4022 6176
184 280 313 332 i997

175 398 420 454 ostendit
459 399 650 454 dicens
693 422 702 452 :

172 495 375 547 testate
425 492 811 562 tenebrarum,
857 502 914 550 et
958 495 1246 550 transtulit
1298 496 1353 550 in
1412 512 1655 567 regnum
1705 497 1803 551 ﬁlii

171 584 459 640 charitatis
506 602 622 641 suae
670 588 904 654 (001033.,
948 604 987 655 ι,
1038 588 1146 655 13).
1197 609 1226 638 ››
1268 588 1569 645 Charitatis
1612 590 1802 661 itaque

171 676 323 733 ﬁlius
371 685 428 734 et
476 680 598 751 ipse
653 681 894 736 charitas
944 688 1057 752 est;
1116 698 1229 736 non
1302 699 1372 737 ex
1423 682 1805 739 accidentibus

168 771 386 828 habens
416 772 775 841 charitatem,
806 775 905 830 sed
930 775 1148 831 habens
1175 792 1300 831 eam
1334 776 1654 832 substantia
1679 794 1798 843 sua,

168 868 318 920 sicut
341 882 586 937 regnum
615 867 687 923 de
714 885 829 940 quo
857 868 991 923 dicit
1021 886 1035 923 :
1068 891 1095 918 ‹‹
1119 870 1236 941 Ego
1263 869 1321 924 in
1351 871 1460 925 hoc
1485 874 1649 925 natus
1675 886 1800 925 sum

167 958 372 1029 (leam,
402 976 551 1027 xvm,
581 960 691 1031 37).
724 983 752 1011 ››

238 1055 328 1107 35.
375 1053 621 1125 Ideoque
664 1053 816 1121 dicit,
864 1057 1220 1124 Egredimini,
1268 1057 1329 1111 id
1377 1062 1481 1124 est,
1532 1057 1679 1112 exite
1727 1059 1796 1112 de

165 1145 638 1202 sollicitudinibus
687 1154 744 1202 et
782 1149 1221 1219 cogitationibus
1250 1151 1439 1206 seaculi
1482 1170 1493 1204 :
1535 1152 1687 1228 exite
1726 1151 1796 1207 de

162 1239 440 1311 angustiis
465 1241 846 1311 corporalibus
874 1259 887 1296 :
924 1243 1068 1297 exite
1099 1243 1169 1298 de
1200 1244 1541 1299 vanitatibus
1573 1245 1793 1313 mundi,

164 1337 223 1387 et
273 1333 464 1388 videte
515 1351 693 1406 quam
740 1351 837 1390 rex
891 1336 1152 1406 pacificus
1201 1339 1260 1392 in
1304 1338 1395 1393 die
1442 1338 1795 1409 sponsalium

159 1441 396 1482 suorum
446 1427 650 1483 habeat
702 1428 1083 1496 charitatem;
1135 1447 1304 1502 quam
1357 1431 1634 1502 gloriosus
1682 1432 1791 1498 sit,

157 1522 296 1592 quia
342 1521 675 1592 corporibus
719 1523 1193 1579 resurrectionem
1245 1524 1421 1594 dedit,
1474 1529 1531 1579 et
1578 1526 1795 1580 animas

157 1612 271 1669 sibi
306 1614 516 1685 junxit.
558 1615 680 1669 Hazc
720 1617 919 1687 magni
949 1620 1033 1671 est
1070 1633 1279 1672 corona
1307 1617 1654 1685 certaminis,
1684 1619 1793 1674 hoc

153 1707 500 1779 praeclarum
534 1724 743 1763 munus
769 1710 1118 1781 sponsalium
1149 1710 1376 1781 Christi,
1409 1711 1639 1783 sanguis
1671 1712 1793 1783 ejus

1194 281 1236 335 E
1276 280 1579 337 SCRIPTIS
1620 284 1673 336 S.
1719 283 2033 339 AMBROSII
2074 283 2484 339 COLLECTUS.

749 421 775 449 ‹‹
809 400 953 465 Quia
997 402 1144 456 Deus
1189 400 1399 473 eripuit
1436 420 1543 458 nos
1585 404 1654 458 de
1698 421 1799 475 po-
1828 410 2045 489 Aturte
2074 409 2287 458 secreta
2330 403 2555 472 divinae,
2591 404 2907 460 rationabili
2941 406 3079 460 lacte
3124 407 3425 477 fulgentes,
3473 410 3530 462 in

3398 288 3533 341 1998

1905 498 2113 569 quibus
2152 514 2267 552 non
2305 496 2376 552 sit
2410 496 2602 569 aliqua
2639 496 2755 553 doli
2796 499 3082 553 maculosa
3118 500 3390 568 confusio,
3432 502 3527 554 sed

1904 589 2175 662 simplicis
2211 588 2442 644 affectus
2484 606 2623 661 pura
2669 594 2727 645 et
2764 592 3132 646 immaculata
3176 592 3526 662 simplicitas.

1904 683 2035 738 ideo
2075 683 2131 737 in
2160 700 2441 755 aquarum
2470 684 2820 739 abundantia
2846 684 2993 740 lotas
3019 685 3120 739 has
3150 685 3443 740 columbas
3474 687 3529 739 in

1902 778 2042 832 lacte
2070 781 2266 847 postea
2294 779 2653 832 memoravit.

1971 873 2024 923 2.
2075 872 2198 924 Jam
2246 875 2455 926 caetera
2502 871 2703 926 dentes
2748 878 2804 927 et
2847 888 3043 943 genas,
3077 878 3131 927 et
3168 872 3314 926 sicut
3360 873 3533 927 cocci-

1902 979 2073 1017 neum
2102 964 2431 1018 resticulum
2470 964 2618 1019 labia
2656 982 2879 1036 sponsa:
2917 965 3292 1035 intelligimus
3323 964 3529 1020 animm

1901 1072 2025 1110 esse
2080 1057 2315 1112 virtutes
2373 1058 2788 1130 doctorumque
2853 1058 3235 1123 diversitates,
3293 1060 3388 1129 qui
3443 1061 3528 1113 vel

1899 1148 2215 1219 spiritalem
2263 1150 2443 1205 menti
2491 1150 2819 1205 alimoniam
2870 1151 3289 1223 dispensatione
3340 1152 3531 1206 sedula

1898 1242 2351 1311 subministrent,
2398 1244 2481 1298 vel
2526 1243 2929 1315 praedicatione
2967 1245 3273 1300 Dominicas
3319 1246 3523 1311 crucis,

1895 1336 2039 1391 sicut
2074 1337 2238 1392 Verbi
2271 1338 2515 1409 quadam
2554 1337 2725 1404 linea,
2758 1337 2997 1409 alligent
3028 1338 3355 1394 audientem
3389 1359 3399 1393 :
3431 1340 3521 1393 vel

1899 1430 2174 1485 modestia
2205 1430 2530 1497 verecundi,
2571 1435 2626 1485 et
2667 1431 2974 1501 juventutis
3011 1432 3149 1487 ﬂore
3189 1433 3522 1503 gratissimi.

1894 1523 2008 1579 Etsi
2037 1541 2069 1577 a
2106 1528 2257 1579 tactu
2292 1523 2509 1595 pudore
2553 1530 2912 1592 revocentur,
2946 1525 3200 1580 redoleat
3231 1529 3421 1581 tamen
3466 1528 3519 1579 in

1895 1617 1982 1672 his
2018 1617 2157 1672 odor
2188 1616 2420 1685 Christi;
2461 1620 2519 1672 et
2554 1618 2697 1672 sicut
2737 1618 2798 1672 in
2839 1634 3036 1688 genas,
3070 1620 3229 1690 quasi
3271 1636 3303 1673 a
3343 1620 3523 1690 capite

1895 1710 2233 1766 sacerdotali
2263 1710 2562 1765 descendat
2589 1716 2971 1782 unguentum,
3004 1713 3082 1767 sic
3114 1719 3171 1767 et
3203 1713 3258 1766 in
3290 1712 3377 1767 his
3405 1714 3520 1767 elu-

158 1804 221 1855 et
275 1800 479 1872 passio.
530 1801 665 1866 Quis
717 1802 870 1857 enim
926 1803 1054 1874 plus
1101 1805 1288 1875 potuit
1338 1804 1495 1872 dare,
1528 1782 1643 1877 qui
1687 1782 2017 1860 sibcheat
2042 1803 2407 1874 pulchritudo
2434 1804 2730 1859 doctrinas.

156 1893 335 1950 etiam
381 1910 500 1950 non
541 1897 811 1967 pepercit,
856 1903 911 1951 et
945 1913 1048 1969 pro
1085 1897 1251 1952 nobis
1281 1897 1337 1952 in
1387 1902 1630 1954 mortem
1678 1900 1791 1954 ani-

155 2004 319 2043 mam
345 2004 507 2043 suam
536 1988 773 2059 posuit?

231 2083 322 2137 36.
364 2081 475 2153 (85)
505 2081 642 2146 Qua;
682 2087 876 2137 autem
916 2099 1125 2139 corona
1161 2086 1360 2155 gloriae
1398 2086 1505 2141 nisi
1549 2086 1794 2155 Ecclesia

153 2190 292 2246 quae
325 2182 497 2247 caput
534 2191 702 2256 suum
738 2176 1027 2232 Christum
1056 2178 1328 2233 coronat?
1363 2178 1501 2243 Quae
1528 2179 1794 2250 jucundi-

153 2272 247 2323 tas
292 2269 574 2324 universae
617 2273 806 2336 terrae,
848 2270 957 2325 nisi
994 2271 1197 2326 domus
1235 2272 1430 2343 populi
1463 2272 1788 2338 Christiani,

152 2362 289 2417 aula
343 2365 692 2431 sanctorum,
746 2363 815 2418 de
865 2363 1070 2435 quibus
1125 2365 1397 2437 scriptum
1459 2372 1543 2421 est
1586 2383 1598 2421 :
1651 2388 1677 2415 ‹‹
1732 2370 1791 2421 In

151 2471 392 2511 omnem
450 2461 661 2511 terram
712 2456 880 2512 exivit
923 2473 1098 2512 sonus
1149 2475 1351 2514 eorum
1403 2460 1573 2529 (Psul.
1627 2476 1788 2528 xvm,

153 2548 251 2617 5)?
296 2571 325 2599 ››
369 2550 520 2622 Ergo
574 2550 711 2621 quia
749 2566 957 2606 corona
1000 2552 1201 2623 gloria).
1240 2557 1323 2607 est
1363 2553 1625 2622 Ecclesia,
1664 2553 1792 2608 ideo

152 2642 367 2697 dicitur
399 2662 413 2697 :
451 2664 477 2692 ‹‹
518 2644 889 2714 Egredimini,
923 2644 1055 2700 ﬁliae
1096 2645 1233 2701 Sion
1277 2651 1335 2700 et
1362 2646 1549 2702 videte
1591 2662 1786 2718 regem

152 2736 553 2805 Salomonem,
593 2735 652 2790 in
700 2753 908 2792 corona
948 2754 1060 2808 qua
1103 2738 1393 2793 coronavit
1435 2755 1569 2793 eum
1614 2743 1792 2794 mater

154 2829 307 2900 ejus,
334 2830 395 2884 in
427 2829 520 2885 die
553 2831 901 2900 sponsalium
940 2832 1081 2899 ejus,
1121 2834 1177 2886 et
1207 2832 1263 2886 in
1307 2832 1399 2887 die
1420 2832 1792 2903 jucunditatis

155 2922 347 2977 cordis
378 2922 521 2994 ejus.
560 2947 589 2973 ››

225 3020 320 3071 37.
346 3016 431 3072 Ad
462 3016 686 3071 animas
714 3017 921 3072 dicitur
953 3021 1013 3072 ut
1041 3034 1071 3072 e
1102 3019 1414 3090 gurgustiis
1444 3024 1502 3073 et
1531 3020 1791 3075 claustris

152 3114 369 3165 exeant
422 3110 842 3181 corporalibus,
896 3116 1057 3166 extra
1108 3110 1365 3182 corporis
1419 3112 1791 3183 cogitationes

150 3207 385 3270 exeant,
418 3203 788 3275 egrediantur
824 3221 857 3258 a
897 3204 1316 3276 cupiditatibus,
1356 3209 1413 3260 et
1454 3222 1487 3259 a
1525 3206 1694 3275 curis,
1735 3210 1792 3261 et

149 3313 185 3350 ι
237 3296 458 3351 caeteris
505 3296 692 3351 carnis
737 3297 899 3352 istius
944 3303 1001 3353 et
1042 3297 1277 3353 affectus
1322 3298 1525 3354 lubrici
1572 3299 1786 3370 passi’o-

151 3389 354 3455 nibus;
396 3405 570 3461 supra
613 3391 895 3446 mundum
936 3391 1269 3458 ascendant,
1311 3392 1382 3446 de
1416 3392 1521 3447 hoc
1568 3392 1788 3448 mundo

150 3487 377 3550 exeant,
429 3482 651 3539 Christo
698 3490 1012 3551 occurrant,
1069 3488 1286 3555 paratis
1337 3486 1526 3540 adsint
1573 3484 1789 3540 facibus

153 3575 496 3632 ardentibus
544 3576 896 3646 relucentes,
950 3578 1111 3648 quasi
1157 3578 1347 3649 angeli
1406 3579 1612 3635 Christi
1664 3579 1787 3634 hac

148 3669 467 3741 loquuntur
513 3687 526 3724 :
574 3670 697 3726 Non
756 3671 989 3742 potestis
1036 3671 1225 3725 videre
1276 3672 1589 3727 claritatem
1628 3673 1784 3742 ejus,

153 3764 400 3836 gloriam
432 3763 575 3834 ejus,
626 3763 729 3817 nisi
774 3763 1150 3835 egrediamini
1194 3765 1459 3819 humana:
1506 3764 1782 3836 fragilita-

155 3857 225 3912 tis
265 3873 464 3924 curas,
509 3857 644 3912 ﬁlim
685 3856 1027 3912 Jerusalem.
1069 3857 1241 3921 Quasi
1287 3857 1480 3912 dicant
1517 3877 1528 3912 :
1567 3880 1593 3911 α
1640 3858 1787 3923 Quid

153 3951 439 4007 viventem
478 3950 631 4005 inter
666 3955 923 4005 mortuos
959 3951 1216 4022 quaeritis
1243 3950 1420 4022 (Luc..
1453 3968 1599 4021 xxw,
1630 3951 1723 4024 5)?
1755 3974 1783 4002 ››

151 4044 277 4099 Non
327 4042 481 4097 intra
520 4043 670 4097 hunc
712 4043 993 4099 mundum
1037 4043 1315 4115 quaeritur
1362 4044 1640 4113 Christus,
1687 4045 1785 4116 qui

149 4152 324 4208 supra
350 4136 631 4191 mundum
663 4152 796 4191 suos
825 4151 944 4191 esse
970 4136 1149 4192 voluit
1175 4137 1496 4209 discipulos.

220 4232 313 4285 38.
344 4229 486 4294 Quae
526 4234 609 4285 est
640 4245 849 4285 corona
887 4246 998 4301 qua
1033 4235 1342 4285 coronatur
1372 4230 1643 4300 Christus,
1675 4233 1785 4286 nisi

150 4340 360 4379 corona
405 4322 642 4394 glorias?
678 4323 892 4394 loseph
938 4340 1206 4379 coronam
1253 4324 1450 4379 habuit
1491 4325 1781 4393 castitatis,

152 4418 357 4473 Paulus
381 4416 639 4486 justitiaa,
676 4418 875 4472 Petrus
913 4416 1068 4472 ﬁdei.
1111 4417 1480 4489 Singularum
1511 4419 1783 4474 virtutum

1966 1900 2018 1951 3.
2058 1898 2167 1968 (87)
2204 1897 2360 1952 Oculi
2401 1900 2484 1951 tui
2527 1900 2666 1951 sicut
2709 1899 2983 1961 columbae,
3030 1904 3187 1954 extra
3233 1901 3520 1954 taciturni-

1894 1996 2060 2046 tatem
2096 1996 2283 2057 tuam;
2319 1990 2466 2061 quod
2505 1994 2563 2044 et
2602 1990 2970 2061 spiritualiter
2997 1991 3204 2055 videat,
3248 1994 3307 2046 et
3352 2008 3521 2045 nove-

1893 2083 1967 2139 rit
1997 2089 2220 2155 tempus
2247 2083 2474 2138 tacendi
2505 2099 2625 2138 esse
2663 2089 2720 2139 et
2750 2090 2980 2155 tempus
3009 2083 3281 2156 loquendi
3306 2102 3322 2152 ;
3364 2089 3429 2137 ut
3464 2085 3520 2138 in

1895 2184 2151 2249 tempore
2195 2193 2522 2232 sermonem
2566 2193 2733 2232 suum
2768 2177 3045 2248 proferat,
3074 2194 3147 2232 ne
3190 2178 3523 2250 importuni-

1894 2276 2009 2327 tate
2039 2270 2311 2341 loquendi
2341 2275 2634 2341 peccatum
2666 2272 2837 2341 possit
2867 2270 3179 2343 incurrere.

1962 2366 2015 2419 4.
2071 2366 2226 2421 Oculi
2278 2366 2362 2418 tui
2411 2368 2553 2418 sicut
2607 2364 2881 2418 columbas.
2938 2364 3035 2419 Hic
3086 2363 3409 2431 columbae,
3468 2364 3519 2418 id

1894 2465 1999 2525 est,
2031 2457 2318 2525 Ecclesiae,
2363 2456 2692 2528 simplicitas
2723 2458 3003 2512 reveletur
3042 2461 3099 2511 et
3147 2456 3347 2528 gratia.
3390 2456 3523 2511 Vide

1891 2552 2082 2622 itaque
2110 2550 2530 2621 simplicitatem
2568 2550 2755 2619 oculi;
2797 2551 2895 2622 qui
2926 2550 3082 2605 enim
3114 2549 3336 2621 justum
3364 2549 3523 2605 videt

1892 2651 1947 2699 et
1991 2644 2218 2715 gaudet,
2271 2643 2445 2697 etiam
2486 2644 2604 2714 ipse
2642 2644 2759 2697 vult
2790 2644 2980 2714 justus
3023 2660 3180 2710 esse;
3212 2643 3517 2712 pulchrum

1892 2743 1974 2793 est
2017 2736 2171 2791 enim
2202 2739 2266 2791 ut
2310 2753 2377 2790 eo
2422 2736 2481 2790 in
2522 2737 2646 2791 aliis
2688 2737 3020 2805 delectetur,
3070 2735 3327 2811 1580
3365 2738 3517 2808 quod

1891 2831 2011 2885 vult
2053 2831 2171 2901 ipse
2220 2830 2276 2883 in
2317 2847 2374 2883 se
2428 2846 2673 2897 servare,
2723 2830 2769 2884 si
2808 2830 3023 2901 possit;
3062 2836 3145 2885 est
3192 2831 3345 2885 enim
3391 2832 3524 2885 insi-

1892 2931 2013 2978 tum
2053 2924 2236 2992 bonis,
2278 2928 2339 2977 ut
2367 2926 2587 2978 castum
2618 2923 2879 2995 pudicus,
2913 2923 3256 2994 prudentem
3292 2925 3521 2997 sapiens

1891 3016 2094 3073 affectu
2145 3017 2235 3087 pio
2277 3016 2493 3087 diligat,
2548 3016 2870 3071 misericors
2916 3017 3227 3087 liberalem,
3273 3019 3515 3073 virtutes

1890 3128 2017 3165 suas
2054 3110 2113 3164 in
2159 3109 2282 3163 aliis
2326 3114 2501 3164 amet.
2532 3109 2824 3181 Plerisque
2868 3110 3038 3165 etiam
3078 3110 3220 3181 justi
3261 3116 3518 3182 aspectus

1891 3203 2205 3259 admonitio
2244 3202 2611 3258 correctionis
2640 3208 2744 3272 est,
2788 3203 3219 3274 perfectioribus
3248 3220 3379 3259 vero
3421 3205 3517 3259 lm-

1889 3297 2031 3352 titia.
2078 3298 2220 3352 Nam
2260 3297 2304 3351 si
2348 3299 2507 3351 tanta
2549 3296 2629 3351 vis
2658 3297 2717 3351 in
2763 3297 3110 3352 naturalibus
3145 3302 3250 3367 est,
3292 3302 3353 3352 ut
3393 3299 3517 3353 ani-

1893 3391 2002 3447 mal
2047 3391 2230 3446 visum
2275 3391 2453 3461 prosit
2501 3389 2761 3459 ictericis,
2806 3392 2886 3445 ita
2929 3395 2992 3445 ut
3034 3392 3248 3447 mortui
3295 3408 3518 3464 quoque

1888 3500 2093 3555 corpus
2140 3485 2262 3555 ejus
2308 3484 2619 3539 animantis
2660 3484 2934 3555 prodesse
2981 3485 3218 3552 dicatur,
3252 3486 3298 3539 si
3346 3485 3519 3541 fuerit

1888 3578 2346 3633 demonstratum
2388 3577 2484 3645 iis,
2522 3577 2620 3648 qui
2663 3577 2992 3647 hujusmodi
3040 3578 3345 3632 inciderint
3388 3596 3515 3650 pas-

1888 3671 2124 3739 sionem,
2156 3670 2413 3725 dubitare
2453 3686 2757 3741 possumus
2787 3670 2940 3741 quod
2965 3670 3107 3740 justi
3135 3677 3295 3725 sanet
3329 3688 3519 3743 aspec-

1886 3770 1997 3831 tus,
2044 3764 2205 3835 cujus
2252 3768 2383 3818 sunt
2425 3763 2575 3818 oculi
2620 3762 2765 3818 sicut
2804 3762 3104 3830 columbae,
3147 3764 3428 3834 simplices
3460 3770 3518 3819 et

1885 3856 2121 3928 pudici?
2160 3858 2311 3927 Ergo
2345 3856 2451 3911 vile
2492 3855 2708 3911 animal
2738 3855 3120 3910 irrationabile
3156 3860 3369 3910 tantam
3403 3859 3513 3910 vir-

1885 3954 2066 4006 tutem
2097 3950 2289 4017 habet,
2321 3955 2384 4004 ut
2421 3965 2623 4004 sanare
2662 3949 2959 4003 hominem
3005 3950 3181 4019 possit
3220 3959 3512 4004 momento

1885 4045 2111 4115 exiguo,
2162 4060 2275 4115 quo
2318 4044 2571 4111 videtur;
2612 4043 2782 4097 homo
2820 4042 3027 4112 justus,
3060 4044 3105 4097 si
3144 4047 3335 4097 tamen
3380 4060 3512 4098 cum

1883 4138 1993 4192 ﬁde
2032 4137 2102 4191 ab
2138 4154 2205 4192 eo
2244 4136 2647 4208 conspiciatur,
2676 4135 2770 4207 qui
2811 4134 3117 4191 utilitatem
3145 4137 3215 4191 ab
3246 4154 3312 4192 eo
3340 4139 3515 4208 perci-

1884 4247 2018 4302 pere
2072 4230 2386 4297 desiderat,
2437 4229 2582 4284 nihil
2631 4229 2929 4285 conferet?
2978 4229 3161 4294 Quam
3212 4231 3513 4303 pulchrum

1883 4324 2060 4396 igitur
2086 4327 2146 4378 ut
2174 4323 2421 4378 videaris
2446 4327 2506 4378 et
2528 4323 2740 4395 prosis!

1955 4422 2006 4472 5.
2045 4416 2147 4487 (88)
2197 4419 2411 4471 Bonum
2455 4432 2592 4487 ergo
2633 4417 2719 4471 vir
2747 4417 2953 4487 justus.
3004 4418 3309 4486 Propterea
3344 4418 3509 4473 deni-

151 4526 378 4566 coronae
408 4516 558 4565 sunt.
600 4509 765 4566 Solus
786 4509 1043 4566 Christus
1069 4511 1238 4566 habet
1259 4528 1536 4568 coronam
1564 4513 1777 4583 gloriae,
1800 4510 1859 4582 Ι)
1882 4525 1993 4581 que
2037 4510 2318 4581 apostolus
2372 4509 2573 4563 Paulus
2624 4509 2877 4563 ascendit
2929 4509 3394 4579 Hierosolymam,
3454 4518 3513 4566 ut

153 4620 263 4675 qua
295 4619 428 4659 eum
461 4603 701 4658 Ecclesia
742 4603 1056 4659 coronavit.
1090 4604 1153 4659 lu
1188 4604 1297 4660 hac
1335 4622 1544 4661 corona
1580 4622 1782 4661 omnes
1875 4604 2057 4673 justos
2085 4603 2338 4670 videret;
2383 4605 2439 4656 et
2479 4618 2609 4656 cum
2652 4603 2815 4656 Petro
2862 4601 3073 4656 mansit
3109 4601 3312 4656 diebus
3350 4603 3510 4675 quin-

151 4711 375 4751 eoronae
404 4700 569 4761 sunt;
599 4697 736 4768 quia
767 4696 949 4768 gloria
983 4713 1097 4751 non
1127 4698 1309 4768 portio
1335 4698 1504 4754 unius
1534 4715 1777 4761 coronae.

154 4791 246 4846 sed
276 4790 583 4861 premium
611 4790 869 4845 omnium
899 4806 1236 4846 coronarum
1268 4797 1371 4847 est.

642 4887 863 4943 CAPUT
916 4887 1273 4951 QUARTUM.

216 4980 270 5031 1.
328 4976 508 5043 (Vers.
578 4978 654 5044 t.)
705 4977 829 5031 Jam
881 4992 1013 5031 vero
1068 4993 1373 5031 conversus
1420 4979 1670 5048 Sponsus
1719 4979 1780 5032 in

149 5068 379 5123 laudem
440 5084 664 5139 sponsae
717 5068 853 5124 dicit
907 5087 919 5124 :
973 5069 1146 5135 Quam
1192 5071 1427 5141 pulchra
1478 5086 1550 5133 es,
1605 5073 1782 5125 amica

151 5177 284 5225 mea,
340 5177 507 5231 quam
553 5162 786 5232 pulchra
837 5165 926 5218 es!
976 5164 1116 5217 oculi
1163 5167 1248 5218 tui
1306 5167 1444 5219 sicut
1505 5165 1776 5229 columba,

153 5261 304 5310 utra
340 5257 789 5311 taciturnitatem.
829 5256 1071 5311 Pulchra
1109 5256 1165 5311 in
1209 5257 1632 5329 praedicatione,
1660 5260 1780 5331 pul—

155 5346 286 5402 chra
331 5347 391 5402 in
435 5348 888 5404 conversatione.
946 5371 972 5397 ‹‹
1022 5350 1181 5405 Oculi
1224 5367 1453 5423 quoque
1501 5352 1642 5422 ejus,
1688 5352 1776 5407 iu-

154 5441 271 5510 quit
311 5442 442 5512 (86),
484 5440 630 5497 sicut
666 5442 965 5498 columbae.
1013 5466 1042 5493 »
1083 5444 1240 5500 Oculi
1280 5452 1414 5501 sunt
1454 5446 1578 5514 viri,
1623 5446 1779 5501 vide-

158 5530 279 5588 licet
325 5534 671 5606 spiritalibus
715 5536 900 5591 ornati
951 5536 1230 5605 sensibus,
1278 5538 1375 5609 qui
1422 5537 1495 5593 ad
1540 5538 1780 5593 videnda

157 5626 419 5697 mysteria
447 5627 561 5683 sint
596 5627 769 5696 acuti,
788 5635 857 5699 et
894 5630 1075 5701 parati
1104 5631 1174 5686 ad
1211 5630 1571 5701 penetranda
1599 5630 1780 5703 Scrip-

214 5748 309 5811 (85)
333 5749 396 5799 In
418 5761 503 5813 ps.
530 5759 727 5812 cxvm,
760 5762 924 5803 serm.
954 5752 1032 5813 l5,
1060 5765 1213 5803 num.
1245 5753 1323 5802 H.

216 5817 307 5881 (ω)
332 5818 545 5871 Ibidem
576 5820 673 5870 ubi
698 5833 882 5888 supra,
914 5836 1064 5872 num.
1100 5823 1175 5874 13.

1882 4698 2085 4763 decim,
2120 4701 2178 4750 ut
2218 4712 2283 4750 ex
2328 4695 2453 4765 ejus
2490 4694 2704 4765 aliquid
2740 4694 3161 4750 cohabitatione
3210 4696 3513 4766 proﬁceret

1884 4791 2110 4860 (Galat.,
2145 4806 2179 4857 ι,
2227 4787 2333 4859 18).
2380 4790 2686 4858 Propterea
2728 4788 2849 4858 ipse
2896 4788 3103 4843 Paulus
3143 4793 3197 4844 et
3230 4788 3511 4843 Barnabas

1882 4900 2009 4938 cum
2050 4882 2493 4952 Hierosolymam
2522 4881 2977 4951 ingrederentur,
3012 4882 3312 4953 magniﬁce
3352 4880 3505 4936 exci-

1880 4975 2180 5047 piebantur
2222 4974 2292 5028 ab
2342 4974 2605 5041 Ecclesia,
2655 4981 2714 5029 et
2760 4974 3054 5046 apostolis,
3099 4980 3155 5029 et
3199 4974 3510 5045 majoribus

1883 5072 2022 5123 natu
2050 5086 2063 5123 :
2099 5084 2229 5123 cum
2259 5072 2450 5122 autem
2474 5065 2630 5122 abire
2660 5068 2890 5136 vellent,
2924 5084 2995 5123 ne
3033 5068 3388 5123 discederent
3422 5084 3509 5122 ro-

1882 5161 2181 5234 gabantur,
2210 5164 2267 5216 et
2291 5163 2355 5214 ut
2384 5164 2578 5231 postea
2606 5160 2676 5216 de
2703 5162 2879 5215 Paulo
2911 5160 3175 5231 legimus,
3205 5160 3355 5232 quod
3378 5177 3507 5215 cum

1880 5254 2141 5327 lacrymis
2195 5253 2603 5309 deducebatur.
2657 5254 2855 5309 Nonne
2906 5254 2991 5309 vel
3055 5254 3160 5325 ipsi
3214 5254 3503 5308 oculorum

1881 5348 2023 5404 radii
2053 5348 2323 5404 virtutem
2355 5347 2661 5419 quamdam
2690 5347 2952 5402 videntur
2977 5346 3280 5401 infundere
3312 5347 3380 5401 iis
3411 5349 3508 5419 qui

1882 5442 2124 5498 ﬁdeliter
2150 5458 2283 5497 eum
2311 5441 2502 5497 videre
2530 5440 2906 5497 desiderant?

1951 5538 2005 5591 6.
2046 5535 2154 5591 Sed
2192 5533 2673 5606 quemadmodum
2709 5534 2897 5604 justus
2933 5533 3185 5588 laetiﬁcat
3214 5550 3313 5589 cor
3348 5535 3509 5590 iuno-

1880 5632 2136 5698 ceutum,
2164 5644 2294 5683 cum
2330 5627 2574 5694 videtur,
2608 5625 2688 5680 ita
2718 5626 2967 5698 improbi
2985 5628 3277 5698 justorum
3308 5630 3502 5701 cogni-

1945 5750 2042 5813 (87)
2068 5750 2132 5800 In
2156 5748 2292 5814 psal.
2320 5758 2520 5811 cxvm,
2549 5760 2713 5799 serm.
2743 5749 2822 5810 t6,
2850 5761 3003 5799 num.
3034 5747 3113 5798 20.

1945 5821 2046 5881 βε)
2077 5820 2137 5869 In
2172 5820 2310 5897 psal.
2343 5830 2546 5882 cxvm,
2576 5832 2741 5870 serm.
2770 5819 2847 5883 10,
2880 5833 3035 5870 num.
3065 5818 3142 5871 23.
