3936 6158
504 255 633 306 1999

1635 251 1979 307 COMMENT.
2025 252 2088 305 IN
2133 248 2416 303 CANTICA
2457 248 2716 302 CANTIC.

3647 263 3742 316 2000

496 374 647 428 tione
680 377 1036 444 torquentur,
1067 374 1199 446 quia
1239 376 1323 429 vel
1371 375 1551 428 tacitis
1589 380 1913 428 sanctorum
1947 373 2122 427 mori-
2151 389 2204 455 Α
2229 371 2376 440 quod
2426 371 2481 423 in
2527 370 2654 423 altis
2691 387 2826 440 grex
2872 371 2974 423 iste
3016 370 3286 440 pascitur,
3319 371 3481 427 audax
3513 375 3560 428 in
3590 387 3747 436 monte.

493 467 598 520 bus
657 473 995 536 arguuntur.
1048 468 1297 538 Torquet
1351 468 1576 522 castitas
1631 468 2123 532 incontinentem,

496 559 794 614 avaritiam
846 559 1194 627 liberalitas,
1253 560 1606 632 impietatem
1668 561 1826 614 fides.
1887 561 1960 614 De
2017 559 2126 613 hoc

501 669 724 723 quoque
753 653 927 723 parile
960 653 1082 707 vilis
1107 654 1418 708 animantis
1457 671 1748 708 sumamus
1775 654 2123 723 exemplum.

500 747 643 800 Nam
671 745 814 800 sicut
838 747 1110 816 prodesse
1140 746 1387 802 diximus
1413 752 1638 801 mutum
1665 747 1874 802 animal
1902 763 2030 800 cum
2053 746 2127 799 vi-

501 839 688 905 detur,
720 839 796 893 ita
835 840 1027 894 obesse
1068 841 1412 912 percipimus
1447 842 1663 911 lupum,
1699 841 1740 893 si
1777 840 2021 911 aliquem
2055 841 2128 892 vi-

499 931 686 986 dendo
719 933 1094 1002 praevenerit;
1129 950 1325 987 vocem
1359 935 1510 988 enim
1548 935 1814 987 feruntur
1842 934 2125 999 amittere,

500 1041 642 1094 quos
695 1026 852 1096 prius
905 1027 1072 1097 lupus
1120 1027 1341 1081 viderit.
1397 1027 1686 1081 Basiliscus
1735 1043 1964 1098 quoque
2015 1026 2127 1094 (hic

499 1123 582 1172 est
629 1119 831 1173 noxius
885 1119 1140 1191 serpens)
1191 1120 1236 1173 si
1289 1121 1670 1192 quodcunque
1716 1120 1921 1174 viderit
1970 1120 2130 1190 prior

497 1212 729 1280 animal,
776 1213 958 1266 fertur
1002 1213 1296 1278 occidere;
1353 1220 1410 1267 et
1458 1214 1738 1284 allegatur
1784 1215 1976 1267 statim
2022 1198 2124 1268 Ine-

501 1307 638 1372 cari,
668 1307 764 1376 qui
795 1306 1046 1376 potuerit
1080 1322 1110 1358 a
1145 1313 1413 1378 serpente
1452 1307 1777 1376 hujusmodi
1813 1307 2126 1377 praevideri.

499 1401 621 1468 Ipse
648 1415 873 1470 quoque
906 1415 1138 1469 serpens
1168 1400 1310 1454 mori
1347 1399 1576 1469 dicitur,
1606 1400 1651 1453 si
1679 1400 1848 1454 fuerit
1874 1401 2128 1454 hominis

501 1498 820 1561 praeventus
855 1496 1103 1561 aspectu.
1141 1494 1285 1563 Ergo
1323 1493 1366 1546 si
1404 1498 1560 1548 tanta
1586 1494 1762 1547 virtus
1791 1494 1877 1547 vel
1908 1495 1962 1547 in
1997 1510 2127 1547 ocu-

501 1587 569 1638 lis
600 1584 892 1655 serpentis,
937 1588 1022 1638 vel
1065 1586 1120 1639 in
1163 1587 1337 1640 oculis
1377 1591 1462 1640 est
1501 1587 1766 1654 hominis,
1811 1591 1871 1640 ut
1903 1587 1947 1640 si
1991 1588 2127 1641 alte-

502 1695 628 1732 rum
692 1679 830 1732 alter
893 1679 1049 1749 prior
1114 1679 1350 1744 viderit,
1417 1680 1594 1750 possit
1656 1681 1945 1745 occidere;
2013 1697 2125 1734 non

2229 467 2421 534 itaque
2449 466 2546 518 ubi
2585 465 2710 517 aliis
2749 462 3080 534 praecipitia,
3120 462 3196 516 ibi
3233 463 3408 534 capris
3445 466 3619 523 nullum
3641 477 3747 541 peri.

2229 559 2419 612 culum
2468 574 2481 611 :
2525 557 2622 610 ubi
2664 557 2784 611 aliis
2825 555 3160 626 periculum,
3204 555 3282 610 ibi
3326 558 3492 627 gregis
3532 561 3652 617 illius
3680 567 3750 620 ali-

2228 657 2505 719 mentum,
2554 651 2630 704 ibi
2686 651 2845 704 cibus
2903 647 3149 722 1581
3228 650 3450 716 dulcior,
3497 652 3561 706 ibi
3597 655 3756 712 fructus

2230 745 2480 800 electior.
2537 744 2913 814 Speculantur
2968 761 3001 798 a
3052 743 3368 813 pastoribus
3421 745 3535 809 suis,
3575 748 3756 806 dumosa

2230 839 2298 892 de
2333 854 2472 908 rupe
2505 839 2835 908 pendentes,
2864 837 2960 890 ubi
3000 837 3268 908 luporum
3300 837 3533 892 incursus
3556 856 3651 895 esse
3677 861 3757 899 non

2230 936 2482 1001 possunt,
2535 930 2615 984 ibi
2671 930 2927 984 fecundae
2974 930 3206 984 arbores
3261 929 3490 984 fructum
3539 933 3760 1005 integrum

2231 1024 2691 1079 subministrant.
2726 1025 2972 1078 Cernere
3006 1023 3138 1078 licet
3183 1021 3340 1076 uberi
3383 1023 3506 1078 lacte
3539 1026 3765 1094 distentas,

2231 1134 2402 1188 super
2432 1120 2686 1172 teneram
2725 1116 2978 1171 sobolem
3024 1120 3281 1170 materna
3315 1116 3510 1187 pietate
3543 1120 3766 1176 sollicitas.

2233 1211 2361 1266 ldeo
2421 1212 2593 1282 elegit
2649 1227 2745 1265 eas
2807 1211 3047 1281 Spiritus
3105 1215 3348 1276 sanctus,
3389 1211 3571 1281 quibus
3611 1215 3773 1269 coitum

2233 1304 2572 1359 venerabilis
2605 1305 2863 1358 Ecclesia:
2893 1309 3268 1374 compararet.

2305 1401 2389 1452 10.
2437 1400 2504 1452 Et
2547 1401 2610 1451 ut
2654 1397 2888 1468 mystice
2938 1397 3156 1464 audias,
3204 1397 3633 1468 capillamentum
3659 1400 3781 1454 Verbi

2233 1497 2317 1545 est
2365 1491 2605 1546 altitudo
2649 1497 2704 1544 et
2750 1490 3066 1544 eminentia
3112 1489 3376 1561 quaedam
3413 1491 3661 1561 justarum
3692 1491 3778 1547 ani-

2235 1601 2491 1650 marum;
2538 1585 2809 1655 quoniam
2851 1600 3051 1638 sensus
3089 1583 3360 1655 sapientis
3392 1584 3447 1638 in
3486 1585 3646 1655 capite
3682 1587 3785 1656 ejus.

2237 1679 2294 1732 In
2323 1677 2626 1732 altitudine
2655 1678 2808 1731 enim
2836 1676 3194 1748 cogitationis
3222 1677 3486 1732 humana:
3513 1683 3699 1733 certum
3725 1686 3783 1732 est

3891 949 3902 1118 ς

503 1778 587 1826 est
625 1772 802 1826 virtus
847 1773 902 1824 in
947 1773 1122 1826 oculis
1159 1773 1318 1842 justi,
1368 1775 1462 1844 qui
1512 1774 1760 1844 repletus
1792 1774 2010 1828 virtutis
2049 1755 2210 1828 estB
2236 1789 2355 1825 esse
2396 1772 2750 1842 sapientiam.
2799 1773 2864 1826 Et
2909 1771 3397 1842 quemadmodum
3429 1771 3703 1825 tondentur
3726 1788 3789 1825 σεο

2235 1882 2370 1935 prae,
2420 1869 2480 1918 ut
2526 1863 2814 1936 superﬂua
2861 1863 3186 1934 deponant,
3238 1864 3316 1917 ita
3356 1864 3518 1918 etiam
3557 1870 3789 1918 tonsarum
3895 1923 3897 1930 ι

2232 1959 2555 2012 animarum
2597 1973 2856 2029 gregem,
2902 1957 3007 2011 hoc
3049 1960 3152 2023 est,
3186 1957 3500 2011 multarum
3537 1957 3793 2011 animarum
3895 1951 3900 1962 ³

507 1866 710 1934 gratia,
753 1881 882 1918 cum
931 1866 1244 1935 praesertim
1284 1871 1504 1920 tantum
1551 1873 1822 1937 operetur
1861 1868 2037 1934 fides;
2074 1874 2133 1921 ut

505 1965 561 2012 et
597 1957 692 2010 illa
732 1975 858 2028 qua:
889 1958 1170 2011 fimbriam
1207 1959 1429 2013 Domini
1467 1960 1674 2030 tetigit,
1717 1965 2044 2022 sanaretur;
2076 1967 2134 2014 et

504 2051 596 2104 ille
648 2051 739 2104 cui
791 2051 1034 2105 intendit
1083 2052 1354 2106 Dominus
1399 2054 1586 2120 Jesus,
1641 2055 1835 2107 statim
1891 2069 1954 2108 ex
2012 2055 2132 2124 ejus

505 2144 679 2198 oculis
739 2143 980 2214 gratiam
1067 2145 1318 2199 sanitatis
1395 2147 1654 2200 hauriret
1717 2148 1973 2212 (Matth,
2043 2165 2128 2214 ix,

505 2237 652 2304 22)?

575 2335 626 2385 7.
666 2331 773 2385 Sed
800 2332 896 2401 qui
927 2332 1079 2386 videt
1102 2333 1340 2403 justum,
1371 2333 1538 2388 debet
1565 2334 1705 2388 scire
1746 2334 1883 2403 quid
1917 2334 2128 2389 videat.

507 2426 626 2478 Non
670 2424 833 2478 illum
884 2425 1030 2479 videt
1078 2425 1137 2478 in
1187 2442 1448 2496 corpore,
1495 2443 1606 2480 non
1654 2427 1711 2480 in
1769 2428 2128 2495 vestimento,

502 2536 618 2575 non
650 2519 707 2572 in
750 2519 1116 2588 patrimonio,
1158 2535 1272 2573 non
1316 2520 1372 2572 in
1412 2520 1607 2587 vultu;
1643 2519 1744 2573 sed
1777 2520 1928 2574 intus
1958 2521 2127 2575 videt.

506 2614 649 2681 Non,
672 2613 928 2683 inquam,
959 2612 1120 2666 illum
1143 2612 1314 2677 videt,
1342 2611 1448 2666 nisi
1476 2613 1598 2682 ejus
1623 2612 1826 2668 viderit
1853 2618 2128 2681 mentem,

504 2706 614 2760 nisi
643 2706 767 2773 ejus
813 2721 1139 2759 sermonem
1183 2705 1510 2770 intenderit,
1557 2706 1664 2759 nisi
1709 2723 1942 2761 sensum
1987 2708 2132 2762 illius

501 2800 749 2870 potuerit
803 2798 1326 2870 comprehendere,
1385 2799 1718 2870 sapientiam
1771 2801 1839 2854 de
1893 2806 2130 2856 tractatu

504 2895 628 2964 ejus
669 2893 917 2963 potuerit
949 2909 1253 2946 assumere.
1291 2893 1444 2946 Tunc
1484 2893 1659 2962 igitur
1691 2893 1974 2948 laetabitur
2003 2911 2131 2948 cum

503 2989 608 3040 ista
662 2985 1049 3056 perspexerit,
1099 3001 1228 3038 cum
1279 2985 1384 3038 ista
1447 2986 1796 3055 cognoverit.
1864 2987 1943 3041 Ita
1994 3004 2131 3058 ergo

2234 2052 2489 2118 virtutes,
2523 2051 2696 2106 habet
2741 2054 2932 2106 sancta
2966 2051 3231 2118 Ecclesia,
3273 2051 3334 2104 in
3380 2067 3487 2122 quo
3517 2066 3671 2121 grege
3695 2049 3795 2104 nihil

2235 2145 2410 2215 possis
2437 2145 2765 2199 insensibile
2807 2144 3078 2215 reperire,
3113 2143 3251 2198 nihil
3293 2143 3666 2215 superﬂuum;
3695 2158 3798 2212 quo-

2233 2239 2386 2293 niam
2433 2238 2568 2292 tides
2609 2238 2896 2308 sapientes
2937 2237 3091 2303 fecit,
3138 2236 3412 2308 spiritalis
3449 2240 3628 2291 autem
3664 2235 3800 2306 gratia
3893 2269 3902 2308 ﬁ.

2235 2333 2305 2386 ab
2337 2333 2490 2387 omni
2523 2332 2939 2402 superﬂuorum
2969 2331 3092 2386 labe
3120 2331 3446 2386 mundavit.

2308 2431 2391 2481 11.
2423 2426 2614 2480 Merito
2646 2425 2824 2496 igitur
2861 2425 3118 2479 revelata:
3159 2431 3294 2480 sunt
3324 2425 3532 2479 animae
3553 2425 3807 2494 justorum,

2235 2524 2290 2574 et
2334 2520 2596 2575 revelata;
2644 2536 2674 2572 a
2724 2525 2918 2574 monte
2961 2518 3192 2585 Galaad,
3239 2518 3353 2573 hoc
3391 2521 3496 2585 est,
3537 2513 3810 2572 atransmi-

2237 2613 2492 2684 gratione
2523 2612 2853 2680 testimonii,
2882 2629 2948 2666 eo
2986 2612 3140 2682 quod
3165 2629 3197 2664 a
3238 2612 3550 2683 Synagoga
3579 2610 3643 2664 ad
3672 2607 3810 2663 Eccle-

2233 2708 2373 2761 siam
2419 2705 2802 2761 testimonium
2834 2707 3056 2760 caeleste
3099 2705 3394 2775 migravit.
3437 2706 3499 2759 In
3530 2704 3632 2758 hoc
3664 2702 3812 2771 itaque

2235 2805 2430 2855 monte
2477 2801 2726 2855 nascitur
2767 2799 3108 2870 thymiama,
3140 2798 3354 2866 resina,
3399 2804 3458 2853 et
3494 2797 3670 2852 cieteri
3710 2793 3814 2849 odo-

2234 2911 2323 2948 res
2363 2910 2506 2965 quos
2553 2894 2936 2965 negotiatores
2980 2893 3072 2947 isti
3122 2892 3458 2959 Ismaelitae,
3501 2898 3562 2946 ut
3598 2888 3749 2945 habes
3777 2887 3818 2938 in

2233 2987 2376 3042 libro
2424 2988 2610 3058 primo
2641 2987 2987 3042 Testamenti
3028 2985 3262 3055 Veteris,
3306 2985 3642 3041 deferebant
3683 2983 3818 3052 (Gem.

504 3085 562 3134 et
593 3095 698 3134 nos
735 3078 912 3132 sicubi
952 3078 1171 3147 justum
1205 3077 1489 3142 audimus,
1537 3079 1871 3133 festinemus
1917 3080 2130 3148 videre,
2154 3121 2208 3194 Ο
2235 3099 2436 3150 xxxvn,
2469 3082 2578 3149 25).
2611 3083 2807 3152 Itaque
2846 3079 2992 3134 sicut
3029 3095 3212 3150 capra!
3249 3079 3421 3133 bonis
3459 3078 3678 3133 refectae
3700 3072 3821 3138 cibit,

508 3173 644 3194 _:-_-L
697 3172 785 3194 ιιι-
847 3171 1053 3194 __.--I:-_
1104 3187 1226 3194 -.-ι-ι
1276 3171 1485 3194 ---ΔΞ-.Ζι
1540 3173 1592 3194 2..
1654 3173 1808 3194 j-_--
1871 3174 2130 3194 _I_-_!_A-3
2245 3182 2284 3194 ,1
2369 3177 2451 3194 ,I',
2506 3176 2670 3194 ,-I_..-
2718 3179 3014 3194 ___-_.__a-_
3089 3173 3359 3194 1----,.ι--..
3407 3173 3462 3194 2..
3515 3171 3737 3194 n--_:_-
3789 3171 3821 3194 nl

505 3173 647 3227 sicut
697 3172 791 3224 illa
847 3171 1053 3225 mulier
1101 3187 1230 3240 quae
1273 3171 1488 3224 audivit
1540 3173 1594 3224 in
1647 3173 1815 3226 domo
1871 3171 2291 3242 pharisasiuet
2329 3177 2460 3230 solis
2497 3176 2678 3230 calore
2718 3179 3049 3238 vernantes,
3088 3173 3360 3228 lavantur
3407 3173 3468 3226 in
3515 3171 3754 3232 ﬂumine,
3788 3171 3827 3219 et
3907 3171 3936 3238 ξ’

505 3263 862 3319 discumbere
910 3263 1215 3317 Dominum
1259 3265 1471 3332 Jesum,
1518 3269 1576 3318 et
1625 3266 1880 3335 ingressa
1925 3273 2028 3333 est,
2078 3275 2136 3322 et

504 3359 624 3428 ejus
669 3358 836 3428 pedes
876 3355 1131 3427 perfudit
1175 3361 1470 3428 unguento
1527 3359 1700 3427 (Luc.,
1747 3375 1838 3425 vn,
1887 3364 1974 3426 37,
2018 3363 2127 3427 38).

507 3451 659 3506 Illius
705 3450 1021 3504 imitatores
1059 3451 1252 3517 simus,
1301 3450 1435 3521 quia
1481 3452 1740 3506 Ecclesiae
1783 3453 1843 3506 in
1879 3453 1973 3507 illa
2005 3470 2130 3508 mu-

507 3545 641 3602 liere
673 3543 916 3614 ﬁguram
955 3561 1077 3597 esse
1112 3543 1241 3614 quis
1271 3543 1532 3599 dubitet?
1559 3545 1744 3600 Sicubi
1777 3563 1914 3616 ergo
1948 3550 2134 3617 justus

503 3637 716 3706 sedeat,
766 3637 942 3692 sicubi
991 3637 1308 3702 accumbat,
1366 3638 1696 3694 festinemus
1737 3639 1930 3694 videre
1976 3657 2128 3696 eum.

506 3731 815 3786 Pretiosum
847 3736 932 3785 est
957 3731 1148 3786 videre
1180 3731 1360 3785 virum
1389 3732 1629 3802 justum,
1672 3738 1734 3787 ut
1764 3732 1955 3787 videas
1997 3751 2128 3788 eum

504 3824 818 3880 secundum
868 3825 1184 3895 imaginem
1245 3825 1360 3879 Dei.
1420 3827 1582 3889 Quod
1638 3827 1776 3880 foris
1830 3831 1931 3892 est,
1988 3828 2132 3883 nihil

507 3919 765 3990 prodest;
798 3918 948 3988 quod
991 3919 1143 3972 intus
1183 3925 1289 3985 est,
1330 3924 1509 3972 sanat.
1556 3919 1704 3975 Sane
1749 3926 1806 3974 et
1849 3921 1907 3974 in
1941 3937 2006 3975 eo
2035 3923 2130 3992 qui

509 4013 640 4065 foris
695 4015 799 4078 est,
854 4011 1011 4065 illum
1070 4012 1165 4082 qui
1215 4012 1367 4065 intus
1415 4019 1518 4081 est,
1564 4013 1892 4084 frequenter
1932 4015 2128 4085 aspici-

509 4121 664 4170 mus;
713 4110 774 4158 ut
818 4105 861 4156 si
910 4105 1222 4158 viderimus
1269 4121 1601 4175 pauperem,
1654 4107 1814 4161 illum
1863 4107 1933 4162 ad
1973 4109 2132 4178 cujus

505 4196 934 4252 similitudinem
981 4197 1158 4251 factus
1203 4203 1306 4263 est,
1355 4199 1706 4253 honoremus
1754 4202 1810 4254 in
1858 4217 2128 4272 paupere,

506 4291 575 4345 de
615 4307 730 4362 quo
757 4291 835 4345 ait
862 4307 875 4344 :
908 4312 934 4338 ‹‹
966 4290 1203 4345 Dedistis
1240 4291 1380 4344 mihi
1412 4291 1779 4360 manducare,
1814 4294 1950 4364 quia
1978 4297 2132 4366 quod

506 4385 601 4440 uni
654 4401 851 4439 eorum
906 4384 1167 4448 dedistis,
1227 4384 1365 4438 mihi
1417 4385 1647 4439 dedistis
1703 4386 1946 4455 (Matth...
2005 4405 2128 4451 xxv,

507 4482 595 4544 35,
625 4480 735 4547 4ο).
769 4499 795 4526 η

576 4573 626 4625 8.
677 4573 1127 4641 Capillamentum
1172 4577 1324 4626 tuum
1372 4577 1432 4626 ut
1481 4588 1614 4639 grex
1666 4579 1966 4636 tonsarum,
2013 4591 2132 4644 qua

502 4665 751 4718 revelata
774 4670 904 4718 sunt
941 4681 976 4716 α
1011 4669 1186 4718 monte
1215 4666 1448 4721 Galaad.
1481 4665 1612 4720 Ideo
1646 4666 2128 4736 capillamentum,

503 4757 636 4828 quia
669 4758 845 4810 virtus
875 4756 1134 4811 omnium
1167 4774 1432 4812 sensuum
1466 4759 1523 4812 in
1557 4760 1736 4829 capite
1763 4764 1882 4813 est:
1917 4781 1944 4808 «
1972 4761 2128 4815 Oculi

503 4852 658 4907 enim
715 4851 988 4921 sapientis
1047 4851 1102 4903 in
1150 4851 1334 4920 capite
1386 4852 1511 4920 ejus
1561 4855 1776 4921 (Eccle.,
1833 4871 1886 4919 ll,
1941 4857 2047 4922 14).
2103 4878 2128 4904 ››

503 4945 789 5000 Profunda
838 4943 1010 5014 igitur
1057 4943 1351 4997 doctorum
1402 4946 1722 5014 prudentia,
1773 4963 1900 5017 quae
1950 4952 2133 5018 potest

505 5055 573 5093 ea
627 5056 754 5110 quae
811 5038 1046 5092 obscura
1102 5041 1233 5090 sunt
1299 5039 1570 5104 revelare,
1637 5046 1690 5093 et
1751 5041 1862 5093 alta
1911 5042 2132 5109 aperire

505 5149 794 5187 sensuum.

574 5229 626 5281 9.
669 5225 840 5297 (Vers.
889 5225 966 5293 2.)
1001 5226 1110 5294 (89)
1147 5228 1333 5280 Dentes
1372 5228 1456 5280 tui
1491 5229 1631 5280 sicut
1663 5242 1794 5295 grew
1831 5234 2131 5289 tonsuram,

501 5336 621 5388 quae
683 5320 1040 5374 ascenderunt
1104 5335 1137 5371 (ι
1195 5319 1430 5381 lavacro,
1487 5335 1608 5387 qua
1670 5335 1847 5373 omnes
1898 5325 2135 5386 geminos

501 5417 706 5474 creant,
739 5419 790 5466 et
829 5413 1126 5480 infecunda
1166 5427 1274 5466 non
1314 5417 1390 5467 est
1425 5415 1481 5465 in
1521 5416 1616 5466 eis.
1647 5414 1807 5475 Quod
1838 5415 2023 5484 specie
2062 5416 2134 5469 de

502 5505 684 5574 capris
722 5506 947 5571 dicitur,
993 5506 1223 5576 mystice
1268 5505 1338 5559 de
1381 5503 1640 5560 Ecclesiae
1687 5521 1859 5577 grege
1889 5508 2135 5562 sentien-

507 5596 668 5652 dum.
701 5597 808 5650 Nec
851 5597 984 5651 vilia
1023 5599 1123 5653 tibi
1168 5599 1467 5653 videantur
1502 5600 1609 5653 ista
1653 5599 1941 5669 animalia,
1985 5602 2134 5656 vides

567 5785 660 5847 (89)
693 5784 750 5831 In
787 5786 918 5846 psal.
952 5797 1150 5848 cxvm,
1187 5801 1348 5838 serm.
1383 5789 1462 5851 16,
1487 5803 1621 5840 num
1647 5789 1711 5840 23
1735 5803 1849 5855 seq.

2236 3269 2574 3323 exsultantes
2605 3267 2832 3322 mundae.
2868 3272 3111 3336 surgunt
3137 3267 3206 3321 de
3247 3267 3521 3333 ﬂumine,
3553 3266 3629 3320 ita
3661 3261 3826 3317 anime

2228 3365 2514 3433 justorum
2543 3362 2857 3417 ascendunt
2881 3361 2950 3414 ab
2979 3360 3218 3431 spiritali
3244 3361 3508 3416 lavacro.

2313 3460 2392 3511 l2.
2433 3458 2556 3510 lstee
2581 3461 2712 3509 sunt
2739 3471 2868 3509 vere
2897 3454 2991 3524 qui
3023 3453 3291 3524 geminos
3325 3459 3550 3520 creant,
3585 3453 3640 3506 in
3668 3447 3831 3522 quibus

2237 3567 2348 3604 non
2380 3555 2462 3604 est
2491 3548 2874 3602 infecunditas
2900 3547 3092 3617 aliqua
3123 3546 3440 3613 virtutum,
3475 3545 3728 3601 sterilitas
3751 3539 3834 3593 ulla
3917 3545 3919 3568 ³

2238 3643 2591 3698 meritorum.
2639 3643 2786 3696 Bene
2833 3641 3088 3712 geminos
3127 3645 3350 3710 creant,
3403 3641 3542 3711 quia
3586 3631 3831 3707 congemi-

2235 3740 2372 3792 nant
2401 3753 2596 3790 sensus
2631 3751 2792 3802 suos;
2839 3734 2990 3788 unde
3023 3733 3200 3788 habes
3234 3735 3297 3788 in
3343 3732 3671 3789 Proverbiis
3699 3728 3837 3795 scrip-

2233 3837 2354 3885 tum
2387 3847 2399 3884 :
2437 3852 2460 3876 α
2503 3831 2567 3883 Et
2608 3832 2666 3882 tu
2703 3827 2886 3882 scribe
2929 3829 3054 3882 haec
3094 3827 3197 3881 tibi
3245 3827 3588 3898 tripliciter,
3633 3825 3687 3878 in
3731 3834 3837 3875 con-

2233 3925 2440 3989 silium,
2476 3928 2533 3977 et
2569 3925 2623 3977 in
2662 3922 3052 3993 cognitionem
3093 3923 3304 3991 (Prov.,
3363 3938 3503 3989 xxii,
3549 3921 3657 3988 20).
3700 3937 3724 3966 ι)
3750 3913 3841 3968 ’l‘ri-

2235 4018 2434 4088 plicem
2504 4017 2776 4088 prie-misit
2826 4015 3232 4086 scriptionem,
3293 4021 3356 4069 et
3424 4015 3545 4068 duo
3601 4006 3840 4065 subdidit,

2233 4111 2534 4166 consilium
2565 4114 2625 4164 et
2650 4109 3056 4180 cognitionem.
3086 4108 3194 4162 Sed
3221 4108 3497 4179 cognitio
3527 4107 3746 4178 gemina
3768 4102 3845 4161 est,

2236 4221 2346 4258 una
2369 4203 2832 4273 incorporalium,
2861 4202 3039 4255 altera
3066 4201 3507 4271 corporalium;
3536 4198 3687 4254 unde
3711 4194 3846 4250 etiam
3934 4201 3936 4205 '

2234 4299 2290 4352 in
2333 4297 2735 4367 posterioribus
2776 4295 2951 4350 habes
3000 4317 3010 4347 :
3059 4297 3177 4348 Duo
3215 4295 3401 4350 ubera
3455 4301 3557 4349 tua.
3603 4295 3733 4348 sicut
3773 4285 3852 4339 duo

2233 4391 2453 4446 hinnuli
2489 4406 2693 4461 capreae
2730 4389 2943 4457 gemelli
2967 4391 3064 4458 qui
3089 4393 3420 4458 pascuntur
3451 4391 3515 4441 in
3549 4387 3694 4442 liliis.
3720 4382 3850 4434 donec

2151 4485 2209 4554 D
2233 4487 2434 4554 aspiret
2463 4484 2599 4546 dies,
2632 4489 2682 4537 et
2711 4483 3046 4536 inclinentur
3071 4482 3286 4537 umbrae
3320 4485 3493 4552 (vers.
3528 4485 3602 4550 5).

2308 4582 2390 4632 13.
2419 4576 2674 4632 Diximus
2700 4577 2770 4629 de
2797 4574 3162 4641 fecunditate,
3193 4574 3475 4630 dicamus
3503 4575 3576 4628 de
3605 4568 3850 4626 dentibus.

2233 4671 2368 4725 Nam
2408 4677 2463 4724 et
2495 4670 2828 4740 navigantes
2859 4668 3134 4739 plerique,
3170 4674 3230 4722 et
3263 4672 3656 4739 properantes
3685 4664 3858 4718 itinere

2235 4770 2494 4829 terreno,
2543 4763 2642 4816 ubi
2692 4761 2935 4816 viderint
2977 4761 3308 4831 speciosum
3359 4762 3620 4831 aliquem
3671 4758 3853 4813 locum.-

2235 4856 2627 4911 delectationis
2676 4856 2855 4927 gratia
2917 4855 3324 4920 demorantur,
3390 4856 3644 4925 pascunt
3703 4846 3861 4905 oculos

2235 4951 2606 5020 animumque
2648 4949 2908 5004 allevant.
2951 4949 3063 5002 Nec
3100 4963 3266 5001 mora
3313 4949 3439 5002 ulla
3483 4950 3716 5018 putatur
3738 4952 3860 4994 com-

2239 5043 2486 5112 meandi,
2523 5043 2620 5097 sed
2659 5043 2860 5112 gratia.
2891 5044 2970 5096 Ita
3002 5046 3060 5096 et
3097 5041 3272 5096 nobis
3303 5040 3730 5112 pulcherrimos
3754 5034 3861 5087 deu-

2241 5144 2322 5191 tes
2365 5137 2646 5207 justarum
2709 5136 3034 5189 animarum
3098 5134 3486 5189 considerare
3550 5131 3702 5186 cordi
3755 5127 3857 5182 est;

2237 5231 2424 5284 docuit
2473 5229 2627 5283 enim
2678 5228 2963 5299 Scriptura
3023 5227 3466 5298 pulcherrimos
3523 5227 3720 5282 dentes
3763 5229 3859 5272 esse

2228 5326 2540 5392 justorum,
2571 5322 2762 5376 dicens
2792 5320 3104 5376 secundum
3133 5320 3407 5375 litteram
3440 5320 3674 5392 quidem
3699 5315 3764 5368 de
3789 5323 3863 5379 pn-

2237 5415 2484 5470 triarcha
2509 5417 2533 5470 J
2544 5416 2670 5483 uda,
2701 5415 3073 5486 spiritualiter
3098 5419 3307 5470 autem
3335 5415 3410 5470 de
3440 5412 3666 5470 Christo
3694 5427 3707 5464 :
3734 5429 3758 5454 ‹‹
3786 5403 3862 5457 Hi-

2239 5511 2383 5564 lares
2421 5509 2563 5564 oculi
2607 5509 2728 5579 ejus
2767 5526 2800 5563 a
2845 5508 2996 5578 vino,
3039 5514 3094 5564 et
3131 5507 3352 5564 dentes
3391 5509 3540 5563 sicut
3589 5507 3669 5558 lac
3715 5501 3862 5570 (Genu

2239 5619 2380 5668 χιιι,
2439 5604 2546 5663 t2).
2604 5623 2629 5652 »
2685 5605 2744 5657 In
2797 5619 2907 5673 quo
2958 5618 3071 5657 non
3117 5601 3336 5673 utique
3388 5599 3581 5656 carnis
3624 5597 3864 5651 humane

3893 2291 3908 2490 l

3893 2489 3912 2890 ἒ

3895 2891 3916 3190 ι
