3936 6158
171 292 268 346 2001

1129 282 1171 335 Ε
1213 283 1447 338 SCRIPT
1454 283 1512 337 IS
1546 283 1600 338 S.
1642 285 1957 341 AMBROSll
1997 287 2402 344 COLLECTUS.

3299 295 3436 348 2002

152 412 311 476 ofﬁcia,
348 407 434 462 sed
466 405 659 460 divina:
698 407 894 475 gratim
929 420 1170 460 munera
1206 406 1545 476 praedicavit.
1593 407 1698 460 Do-
1724 420 1781 491 Α
1806 409 2047 463 Verbum
2087 410 2264 465 dicit:
2306 415 2436 466 Ecce
2471 415 2710 478 formosa
2745 429 2815 476 es,
2861 416 3111 482 proxima
3153 430 3293 479 mea,
3327 431 3436 471 ecce

151 512 217 561 cet
247 502 395 574 igitur
424 499 756 568 exemplum,
797 498 1004 553 dentes
1041 515 1158 553 non
1195 515 1315 552 esse
1351 505 1698 568 praetereun—

151 600 244 663 dos,
274 595 355 649 ubi
375 594 435 648 de
463 590 631 646 oculis
660 591 1047 646 disseruimus.

204 691 268 744 14.
303 687 392 751 Qui
428 687 550 738 sunt
590 684 766 754 igitur
797 685 1084 755 jnstarnm
1137 687 1337 741 dentes
1377 687 1696 741 animarum

145 784 228 838 nisi
259 780 340 852 qui
380 778 664 833 informem
715 794 780 832 ac
827 778 1036 832 durum
1087 779 1428 850 accipientes
1473 780 1694 849 cibum,

144 875 209 930 vel
237 873 473 944 frigidum
501 873 852 942 plerumque,
883 873 970 925 vel
1012 889 1181 943 supra
1225 873 1461 926 modum
1503 875 1694 928 calen-

141 976 230 1024 tem
265 983 392 1021 nunc
436 965 846 1034 comminuunt,
896 982 1048 1019 nunc
1090 966 1317 1034 fovent,
1360 983 1510 1020 nunc
1548 973 1694 1023 tem-

141 1064 308 1132 perant,
356 1061 514 1130 prout
558 1057 806 1129 qualitas
857 1059 1028 1113 fuerit
1070 1058 1511 1114 alimentorum?
1552 1061 1692 1114 Dura

138 1153 486 1217 comminuunt,
518 1168 591 1205 ne
626 1151 900 1222 asperitas
939 1152 1135 1206 litterae
1179 1153 1236 1205 in
1277 1153 1462 1207 Veteri
1502 1155 1692 1208 Testa-

137 1251 285 1302 mento
331 1251 380 1298 et
430 1243 710 1298 saecularis
765 1243 1084 1299 intellectus
1138 1245 1322 1315 rigor,
1377 1245 1482 1299 nisi
1528 1246 1698 1300 fuerit

133 1338 320 1410 spiritali
349 1337 505 1393 dente
541 1338 841 1403 resolutus,
880 1337 1067 1392 vitalia
1104 1339 1228 1408 ipsa
1266 1338 1588 1393 interclusis
1626 1340 1690 1393 li-

131 1432 315 1486 brorum
349 1431 669 1484 salutarium
707 1431 1142 1497 commeatibus,
1184 1435 1240 1486 et
1276 1431 1467 1502 gulam
1504 1449 1695 1502 quam-

129 1524 230 1578 dam
270 1524 452 1578 animae
494 1524 784 1578 incuriosa
828 1524 1106 1579 edacitate
1154 1524 1408 1579 suifocet.
1460 1527 1565 1579 Par
1611 1530 1696 1580 est

128 1617 262 1687 igitur
291 1622 344 1671 ut
373 1617 578 1672 dividas
613 1617 889 1688 primum,
913 1617 958 1671 si
994 1617 1168 1672 solida
1196 1617 1294 1672 tibi
1325 1617 1547 1672 videtur
1572 1634 1693 1673 esca

126 1727 222 1781 quae
250 1711 488 1779 sumitur,
519 1715 577 1765 et
614 1710 927 1781 distinguas
965 1727 1119 1777 eam;
1165 1714 1335 1781 atque
1381 1712 1689 1766 emollitam

1801 517 1852 556 es
1895 504 2167 568 formosa,-
2211 505 2356 558 oculi
2397 508 2481 559 tui
2524 507 2661 560 sicut
2701 506 2976 561 columbae.
3023 510 3156 562 Tota
3201 511 3437 574 formosa

1801 609 1877 657 es,
1902 599 2160 664 proxima
2191 614 2326 658 mea,
2371 604 2420 652 et
2462 600 2797 667 reprehensio
2833 615 2938 653 non
2969 604 3047 652 est
3084 602 3143 653 in
3181 606 3264 665 te;
3300 602 3432 671 quia

1802 689 1969 759 culpa
2011 690 2269 744 demersa
2301 696 2404 746 est.
2434 692 2581 746 Ades
2607 693 2708 745 huc
2742 709 2776 745 a
2813 693 3039 754 Libano,
3067 698 3118 747 et
3153 699 3432 763 pertrans-

1800 782 1901 836 ibis
1929 786 2257 854 aprincipio
2290 785 2450 853 ﬁdei;
2502 801 2571 839 eo
2621 785 2772 855 quod
2820 786 3156 839 renuntians
3197 786 3432 850 mundo,

1798 876 2092 931 transierit
2123 877 2415 942 saeculum,
2449 877 2838 948 pertransierit
2860 877 2927 931 ad
2957 878 3264 933 Christum.

1874 973 1956 1021 l7.
2012 971 2185 1037 (Vers.
2237 970 2308 1038 3.)
2355 972 2463 1037 (91)
2507 972 2656 1026 Sicut
2701 972 2957 1025 resticula
3002 975 3244 1026 coccinea
3285 975 3431 1027 labia

1799 1068 1914 1114 tua.
1961 1063 2018 1115 lu
2057 1078 2219 1116 cocco
2262 1064 2414 1116 enim
2453 1063 2669 1133 species
2707 1063 2886 1134 ignis,
2927 1068 2985 1117 et
3023 1065 3203 1118 crucis
3245 1066 3429 1120 Domi-

1797 1155 1942 1208 nicae
1982 1155 2216 1224 sanguis
2242 1155 2508 1209 irrutilat.
2542 1157 2817 1210 Coccinea
2850 1156 2994 1210 labia
3025 1158 3269 1225 Domini,
3301 1176 3429 1229 qua:

1797 1247 2111 1317 passionem
2148 1249 2435 1319 propriam
2471 1249 2831 1319 loquebatur.
2865 1250 3122 1320 Denique
3148 1253 3207 1305 in
3237 1253 3428 1306 Exodo

1795 1356 2025 1395 coccum
2072 1359 2174 1411 pro
2224 1343 2357 1412 igne
2405 1343 2739 1396 collocatum
2783 1348 2864 1398 est
2909 1344 3124 1411 (Emod.,
3171 1361 3296 1412 xxv,
3350 1347 3424 1414 4).

1797 1434 1919 1487 Non
1961 1435 2114 1487 enim
2155 1450 2221 1488 ex
2254 1451 2419 1489 cocco
2468 1436 2731 1501 mundus,
2778 1436 2875 1490 sed
2919 1453 2985 1489 ex
3028 1443 3272 1507 quatuor
3301 1454 3428 1493 con-

1795 1530 1905 1580 stat
1942 1528 2255 1582 elementis.
2292 1527 2399 1583 Sed
2444 1528 2498 1580 in
2543 1544 2704 1582 cocco
2748 1528 2932 1599 figura
2972 1529 3119 1600 ignis
3164 1547 3424 1601 expressa

1796 1625 1897 1685 est,
1945 1621 2103 1690 cujus
2145 1637 2320 1692 vapor
2368 1622 2474 1675 nisi
2521 1623 2720 1675 coelum
2766 1626 2937 1692 atque
2985 1639 3197 1692 aerem,
3242 1625 3421 1679 maria

1796 1719 2088 1784 terrasque
2126 1718 2471 1784 penetraret,
2514 1715 2700 1768 omnia
2747 1718 3019 1784 tanquam
3067 1716 3246 1771 effetis
3285 1717 3418 1770 viri-

123 1803 214 1858 sine
251 1820 386 1858 noxa
425 1805 616 1876 aliqua
657 1805 862 1859 animae
917 1806 978 1858 in
1025 1805 1218 1859 omnia
1271 1806 1389 1875 ejus
1439 1783 1898 1861 membraBbus
1951 1809 2322 1861 solverentur.
2379 1809 2480 1861 Per
2528 1808 2854 1862 resticulam
2903 1809 3080 1879 igitur
3131 1809 3420 1865 vinculum

121 1897 315 1951 naturali
357 1897 626 1953 divisione
665 1899 1054 1966 transfundas;
1085 1902 1150 1952 ut
1189 1899 1414 1953 vitalem
1461 1915 1689 1953 succum

122 2006 255 2044 omne
307 1992 419 2061 ejus
465 2008 676 2063 corpus
732 1993 1015 2062 epuletur,
1072 1991 1211 2046 nihil
1271 1992 1688 2059 cadaverosum,

120 2083 227 2137 nihil
269 2091 539 2139 mortuum
582 2101 679 2139 ore
727 2091 824 2139 tuo
870 2101 1079 2151 sumas,
1112 2102 1184 2138 ne
1221 2085 1484 2139 dicatur:
1526 2107 1553 2133 «
1586 2085 1688 2140 Se-

117 2178 326 2245 pulcrum
355 2181 550 2248 patens
590 2182 675 2232 est
710 2181 909 2249 guttur
949 2193 1151 2232 eorum
1197 2179 1368 2243 (Psal.
1399 2195 1516 2246 xm,
1550 2181 1624 2247 3).
1661 2203 1686 2228 ››

118 2268 198 2324 Sed
227 2270 389 2326 vivum
423 2271 658 2326 haurias
701 2271 968 2336 verbum,
1017 2276 1076 2324 ut
1117 2271 1174 2324 in
1216 2274 1327 2325 tua:
1369 2272 1574 2326 mentis
1610 2273 1685 2326 vi-

115 2363 311 2417 sceribus
350 2365 521 2435 possit
565 2365 812 2436 operari.
871 2364 932 2418 Hi
979 2364 1178 2418 dentes
1217 2380 1391 2434 super
1429 2365 1511 2418 lac
1561 2381 1690 2418 can-

115 2455 327 2524 didiores,
357 2460 483 2530 quia
511 2459 715 2514 dentes
739 2459 1048 2528 jnstornm.

168 2552 232 2602 l5.
281 2551 529 2622 Denique
575 2568 706 2606 cum
745 2567 942 2605 omnes
981 2551 1040 2604 in
1089 2552 1272 2621 Moyse
1319 2551 1580 2621 baptizati
1628 2551 1686 2604 in

114 2639 226 2695 nube
251 2647 298 2696 et
336 2644 389 2698 in
429 2645 581 2699 mari
621 2647 810 2715 patres
856 2644 1037 2698 nostri
1078 2644 1310 2710 fuerint,
1355 2660 1470 2697 non
1513 2644 1702 2722 otiose.

114 2738 259 2788 tamen
283 2738 552 2808 scriptum
579 2742 664 2792 est
697 2755 708 2792 :
747 2760 774 2786 ‹‹
807 2738 951 2801 Quia
976 2753 1175 2791 omnes
1203 2737 1472 2791 eamdem
1504 2753 1686 2791 escam

111 2827 368 2894 spiritalem
402 2831 907 2895 manducaverunt,
958 2834 1016 2884 et
1043 2846 1241 2885 omnes
1277 2829 1540 2884 eumdem
1584 2846 1683 2899 po-

111 2922 198 2973 tum
234 2923 534 2991 spiritalem
578 2923 844 2978 biberunt
869 2924 911 2994 (l
940 2923 1085 2984 Cor.,
1126 2941 1178 2989 κ,
1207 2927 1258 2989 3,
1289 2924 1371 2991 4);
1418 2947 1445 2973 ››
1479 2926 1538 2976 ut
1568 2923 1688 2976 istis

110 3018 374 3069 sanctorum
413 3017 688 3071 dentibus
729 3017 908 3087 major
945 3015 1175 3087 quidam
1217 3016 1404 3084 fulgor
1449 3016 1684 3070 accede-

107 3110 184 3166 ret.
206 3124 328 3179 quos
356 3115 483 3182 post
522 3110 823 3164 transitum
852 3109 1024 3163 maris
1064 3109 1257 3175 Rubri,
1288 3110 1535 3180 myrrhae
1571 3110 1689 3164 fon-

107 3201 156 3252 tis
175 3205 529 3261 amaritudine
553 3221 654 3276 per
674 3205 813 3276 ligni
843 3205 1086 3275 gratiam
1115 3207 1454 3275 temperata,
1479 3221 1689 3275 cogno—

104 3310 279 3350 acernus
305 3316 419 3354 esse
447 3299 758 3354 mundatus
786 3298 1002 3366 (Brod,
1037 3314 1127 3362 xv,
1157 3299 1246 3366 25)
1279 3315 1292 3351 :
1326 3297 1527 3352 deinde
1556 3298 1687 3352 duo-

103 3387 245 3443 decim
267 3391 505 3447 fontium
541 3396 680 3463 potu
706 3392 886 3460 (Ibid..
917 3392 1031 3460 27),
1057 3395 1346 3461 postremo
1377 3393 1552 3461 petrae
1580 3392 1688 3462 spi-

102 3481 275 3538 ritalem
315 3485 533 3540 undam
584 3485 862 3540 vomentis
904 3484 1122 3554 irriguo
1169 3486 1375 3552 (Num.,
1420 3501 1509 3550 xx,
1562 3486 1684 3553 ll);

105 3595 122 3618 εκ
146 3574 280 3630 Petra
308 3579 456 3633 enim
486 3582 618 3635 erat
644 3578 896 3634 Christus
934 3580 970 3644 (l
1009 3577 1151 3644 Cor.,
1179 3594 1234 3644 x,
1264 3578 1336 3646 4).
1370 3597 1396 3628 ι)

102 3666 198 3720 ldeo
239 3674 291 3724 et
339 3689 565 3727 manna
621 3671 1136 3736 manducaverunt,
1186 3675 1250 3724 ut
1293 3671 1460 3724 toties
1509 3670 1685 3725 abluti

101 3761 454 3819 manducarent
499 3781 733 3836 panem,
765 3769 827 3818 ut
872 3763 1147 3834 scriptum
1194 3768 1297 3829 est,
1348 3764 1685 3833 angelorum

100 3853 224 3907 'Psal.
259 3873 451 3927 Lxxvu,
489 3857 610 3927 25).
650 3859 808 3911 Nunc
843 3872 1068 3927 quoque
1109 3856 1168 3910 in
1200 3856 1492 3926 Evangelii
1528 3872 1681 3927 mys-

99 3947 215 4000 teriis
254 3951 616 4022 recognoscis
664 3950 1006 4021 baptizatos,
1057 3949 1193 4004 licet
1245 3953 1363 4003 toto
1407 3966 1681 4019 corpore,

96 4045 249 4103 postea
286 4047 478 4100 tamen
530 4060 657 4098 esca
687 4042 929 4114 spiritali
967 4047 1219 4114 potuque
1248 4041 1542 4110 mundari;
1589 4043 1683 4096 ille

95 4132 209 4187 enim
248 4140 327 4190 est
363 4155 539 4193 verus
570 4137 831 4192 dentium
871 4136 1081 4207 fulgor,
1127 4136 1223 4190 ubi
1266 4136 1410 4190 bene
1451 4135 1684 4190 conscia:

95 4229 258 4282 mentis
288 4237 521 4287 resonat
551 4247 762 4286 canora
801 4229 1100 4284 confessio.
1141 4230 1237 4284 llle
1273 4229 1521 4283 mundus
1551 4245 1681 4283 ocu-

92 4316 170 4380 lus,
209 4339 373 4392 quem
421 4329 788 4395 peccatorum
837 4324 1096 4394 gravium
1148 4322 1336 4377 trabes
1381 4322 1539 4376 nulla
1581 4321 1683 4376 de-

91 4415 344 4483 presserit,
405 4433 585 4489 quem
637 4421 1152 4487 purgamentorum
1207 4414 1416 4470 levium
1471 4416 1686 4470 festuca

93 4506 212 4560 nulla
234 4509 568 4566 turbaverit.

145 4601 214 4653 l6.
262 4602 364 4672 (90)
417 4608 611 4659 Dentes
667 4606 748 4658 tui
803 4606 944 4658 sicut
1002 4618 1136 4669 gres:
1198 4608 1508 4666 tonsuram,
1567 4617 1687 4670 quae

91 4695 404 4752 urenda-unt
446 4699 515 4752 de
551 4699 788 4760 lavacro,
828 4713 947 4766 quae
985 4711 1161 4751 omnes
1203 4697 1436 4765 geminos
1478 4700 1681 4755 creant,

90 4790 124 4832 “’
145 4787 423 4852 i"fecunda
453 4807 562 4845 non
597 4796 672 4845 est
703 4792 762 4844 in
791 4793 886 4845 eis.
919 4791 1039 4844 Non
1083 4788 1388 4843 mediocris
1425 4788 1534 4841 ista
1565 4789 1681 4841 lau-

89 4875 228 4945 datio,
275 4883 532 4952 primum
574 4890 706 4955 apta
753 4882 1182 4954 comparatione
1231 4885 1554 4946 tonsarum;
1603 4897 1686 4935 ca-

90 4983 188 5034 Pras
222 4975 370 5030 enim
401 4981 464 5032 et
499 4977 558 5031 in
594 4977 719 5031 altis
759 4976 908 5047 pasci
948 4976 1067 5030 sine
1110 4975 1362 5046 periculo
1401 4974 1683 5039 novimus,

88 5071 127 5113 et
159 5066 208 5119 in
230 5072 537 5142 praeruptis
566 5087 789 5125 securas
823 5069 1014 5124 cibum
1042 5085 1288 5135 sumere,
1320 5067 1528 5122 deinde
1556 5084 1685 5121 cum

91 5159 378 5232 tondentur,
407 5164 713 5219 deonerari
738 5163 1055 5234 superﬂuis.
1100 5164 1312 5216 Harum
1340 5161 1506 5233 gregi
1537 5178 1686 5216 com-

86 5258 282 5314 paratur
320 5259 590 5325 Ecclesia,
639 5257 848 5312 multas
900 5257 959 5310 in
1001 5273 1058 5310 se
1100 5255 1323 5309 habens
1363 5255 1685 5310 animarum

90 5342 306 5414 Virtutes,
345 5367 480 5421 quae
523 5367 625 5422 per
665 5352 944 5404 lavacrum
989 5348 1271 5419 superflua
1312 5352 1542 5419 peccata
1583 5347 1682 5402 de-

89 5447 286 5508 ponant,
319 5460 455 5515 quae
498 5445 793 5516 mysticam
829 5443 1000 5498 fidem
1043 5448 1100 5496 et
1126 5443 1400 5496 moralem
1444 5441 1686 5513 gratiam

90 5527 312 5608 deferant
337 5537 585 5604 Christo,
616 5554 744 5608 quae
771 5553 998 5592 crucem
1025 5536 1247 5592 Domini
1283 5537 1414 5590 Jesu
1444 5535 1682 5606 loquan-

87 5607 174 5676 iur.
206 5628 259 5681 In
291 5630 377 5683 his
405 5631 655 5685 formosa
683 5634 768 5685 est
801 5629 1065 5695 Ecclesia,
1098 5628 1248 5683 unde
1281 5631 1351 5682 ad
1390 5644 1514 5682 eam
1543 5630 1686 5683 Deus

133 5830 218 5891 (90)
245 5830 360 5881 Lib.
397 5832 462 5882 de
492 5833 774 5898 Μυσίαι-ἑὼ,
801 5847 920 5898 cap.
951 5835 998 5894 7,
1025 5845 1178 5884 num.
1205 5834 1285 5884 38.

1794 1900 2173 1969 persuasionis
2199 1901 2579 1972 agnoscimus,
2608 1918 2707 1970 per
2734 1917 2962 1956 coccum
2995 1902 3078 1956 vel
3100 1902 3420 1973 cupiditatis

1793 1992 2060 2048 ardorem
2098 1993 2195 2064 qui
2235 1993 2505 2046 scintillat
2551 1995 2602 2047 in
2652 1995 2859 2048 animis
2905 1995 3287 2062 audientium,
3335 1999 3419 2051 vel

1792 2085 2065 2140 incidium
2095 2086 2391 2157 passionis.

1870 2182 1949 2232 18.
1991 2181 2166 2248 (νει-ε.
2203 2181 2281 2249 4.)
2311 2182 2459 2236 Sicut
2499 2183 2666 2235 turris
2709 2182 2883 2237 David
2919 2185 3100 2237 cervia:
3144 2190 3258 2246 tua,
3301 2200 3422 2253 quae

1791 2273 2057 2341 wdiﬁcuta
2103 2279 2180 2327 est
2229 2276 2287 2326 in
2332 2274 2674 2343 Thulphioth,
2714 2276 2861 2329 mille
2901 2276 3076 2345 διῃρθὶ
3106 2277 3340 2345 pendent
3366 2280 3423 2330 in

1789 2381 1872 2426 ea,
1911 2369 2090 2419 omnia
2117 2365 2309 2433 jacula
2341 2370 2666 2434 potentium.
2698 2368 2896 2421 Erecta
2929 2368 3084 2421 enim
3129 2369 3196 2422 ad
3245 2369 3420 2424 Deum

1790 2459 1997 2523 cervix,
2027 2457 2246 2528 etjugo
2283 2457 2488 2513 Christi
2530 2457 2751 2526 habilis,
2791 2476 2917 2530 qua:
2960 2460 3117 2514 nulla
3153 2461 3210 2514 in
3241 2467 3422 2515 terras

1791 2551 2187 2605 illecebrarum
2219 2551 2518 2605 inﬂexione
2566 2557 2858 2620 curvetur;
2902 2553 3046 2606 sicut
3082 2553 3287 2609 Christi
3330 2570 3416 2609 re-

1788 2644 1931 2714 galis
1976 2649 2062 2697 est
2105 2644 2291 2712 turris,
2337 2644 2424 2697 cui
2461 2645 2665 2715 jugum
2700 2662 2864 2698 suum
2910 2646 3423 2702 Nabuchodonosor

1788 2753 1900 2791 non
1942 2737 2116 2807 possit
2153 2737 2470 2807 imponere.
2502 2738 2767 2792 Condidit
2806 2739 2960 2793 enim
3007 2740 3210 2794 turrim
3257 2740 3414 2796 illam

1788 2829 1961 2884 David
1990 2831 2080 2885 ille
2111 2846 2281 2884 manu
2311 2831 2486 2898 fortis,
2515 2837 2573 2885 et
2601 2847 2770 2901 supra
2798 2847 3098 2886 murorum
3127 2832 3420 2888 aediﬁcavit

1787 2923 2025 2990 excelsa,
2067 2927 2127 2977 ut
2155 2923 2406 2978 subsidio
2445 2924 2659 2994 pariter
2695 2927 2753 2977 et
2781 2923 2968 2978 decori
2997 2925 3068 2978 sit
3098 2942 3110 2979 :
3145 2925 3416 2994 subsidio,

1788 3017 1922 3087 quia
1947 3017 2171 3071 hostem
2207 3017 2478 3087 praevidet
2502 3020 2559 3071 et
2584 3017 2816 3087 expellit
2848 3034 2861 3071 :
2893 3017 3104 3084 decori,
3137 3019 3271 3089 quia
3304 3035 3417 3073 non

1787 3110 1974 3166 solum
2001 3109 2151 3164 inter
2178 3109 2434 3176 humilia,
2464 3111 2561 3165 sed
2590 3110 2760 3164 etiam
2797 3111 2949 3166 inter
2977 3112 3199 3166 excelsa
3225 3128 3416 3183 super-

1789 3204 2022 3257 eminet.
2053 3205 2133 3257 lta
2162 3205 2353 3256 tamen
2389 3203 2640 3257 subsidio
2666 3203 2757 3257 vel
2784 3203 2996 3271 decori,
3031 3204 3076 3257 si
3114 3204 3322 3260 habeat
3360 3205 3419 3259 in

1788 3313 1846 3351 se
1879 3296 2031 3350 verbi
2062 3297 2323 3367 dogmata
2354 3296 2512 3351 velut
2538 3297 2804 3368 quaedam
2835 3297 3207 3368 phalerarum
3235 3299 3418 3353 moni-

1786 3389 1862 3443 lia
1896 3407 1908 3443 :
1943 3390 2152 3444 habeat
2180 3390 2355 3444 etiam
2392 3390 2577 3460 jacula
2624 3389 2941 3460 potentium
2985 3391 3417 3461 prophetarum,

1786 3499 1912 3554 quae
1953 3483 2217 3537 adversus
2257 3499 2489 3537 omnem
2533 3483 2898 3537 extollentem
2937 3499 2997 3536 se
3036 3483 3416 3554 altitudinem,

1785 3576 2007 3630 lacertis
2040 3576 2383 3647 quibusdam
2406 3575 2540 3630 ﬁdei
2561 3575 2907 3646 diriguntur.

1860 3672 1944 3724 l9.
1974 3669 2095 3724 Noli
2123 3669 2299 3739 igitur
2330 3668 2388 3722 in
2420 3669 2708 3738 pulverem
2752 3668 2950 3723 mortis
2985 3669 3262 3726 deducere
3292 3673 3416 3725 ani-

1785 3778 1936 3816 mam
1964 3766 2138 3831 tuam,
2171 3762 2259 3816 cui
2302 3762 2472 3816 etiam
2507 3761 2780 3815 Dominus
2814 3763 3127 3815 naturalem
3164 3763 3416 3818 altitudi-

1788 3872 1923 3910 nem
1954 3855 2153 3910 tribuit
2183 3859 2239 3910 et
2266 3855 2540 3926 vigorem,
2571 3871 2684 3925 quo
2719 3871 2780 3908 se
2811 3855 3019 3910 excitet
3050 3859 3108 3908 et
3136 3863 3415 3927 assurgat.

1787 3949 1946 4004 Unde
1979 3949 2153 4002 etiam
2184 3949 2253 4002 de
2282 3948 2383 4002 hac
2411 3948 2817 4018 conjunctione
2851 3949 3054 4002 animae
3081 3955 3139 4003 et
3167 3951 3418 4020 corporis

1787 4043 2000 4096 dictum
2049 4047 2365 4112 opportune
2412 4041 2717 4112 accipitur,
2760 4057 2828 4095 eo
2877 4041 3031 4112 quod
3075 4041 3134 4096 in
3176 4044 3420 4097 naturali

1787 4136 1914 4189 vitae
1942 4140 2150 4189 nostra:
2190 4134 2478 4205 mysterio,
2508 4150 2764 4189 connexa
2793 4135 2988 4189 anima
3018 4135 3239 4206 corpori
3271 4136 3424 4191 velut

1786 4228 1945 4283 humi
1983 4231 2188 4299 reptet,
2217 4235 2274 4281 et
2302 4228 2624 4298 pavimento
2659 4227 2970 4291 adhaereat,
3003 4229 3212 4299 partim
3254 4246 3422 4302 prop-

1786 4328 1872 4378 ter
1896 4324 2001 4378 hoc
2033 4327 2322 4377 terrenum
2356 4323 2772 4392 habitaculum,
2803 4324 3007 4394 partim
3052 4324 3183 4394 quia
3219 4340 3422 4396 corpus

1788 4417 1938 4472 istud
1977 4417 2047 4471 de
2083 4420 2235 4471 terra
2273 4425 2377 4470 est.
2414 4418 2480 4469 Et
2515 4417 2764 4486 regionis
2804 4417 2981 4486 igitur
3019 4416 3414 4486 diversorium,

1706 4511 1764 4582 Ι)
1789 4511 1844 4562 et
1874 4505 2114 4561 materia
2155 4506 2275 4577 ipsa
2314 4505 2565 4576 corporis
2601 4505 2776 4559 nostri
2816 4505 2948 4559 huic
2981 4506 3269 4560 concurrit
3297 4523 3419 4562 seu-

1788 4600 2000 4655 tentiaa.
2032 4599 2280 4671 Ideoque
2311 4599 2542 4670 pulchre
2568 4598 2866 4669 Apostolus
2908 4599 2978 4652 de
3015 4599 3213 4654 mortis
3253 4601 3420 4671 hujus

1789 4710 2025 4765 corpore
2055 4693 2284 4748 liberari
2311 4693 2489 4763 cupit,
2517 4693 2655 4764 quia
2682 4708 2905 4746 carcere
2931 4692 3178 4763 quodam
3207 4693 3417 4748 claudi-

1788 4805 1936 4853 mur,
1972 4787 2111 4841 etin
2142 4785 2393 4856 quodam
2435 4785 2670 4840 luxuriae
2709 4785 3006 4855 gurgustio
3038 4785 3128 4840 siti
3170 4787 3420 4842 tenebris

1789 4880 2130 4936 involvimur
2160 4879 2516 4934 delictorum.

1859 4977 1946 5028 20.
1980 4976 2125 5044 Ergo
2164 4973 2474 5027 secundum
2517 4972 2870 5026 voluntatem
2910 4973 3004 5027 Dei
3041 4972 3418 5032 ambulemus.

1787 5074 1852 5122 ut
1877 5067 2171 5122 adhmrere
2202 5066 2461 5120 dicamur
2493 5067 2626 5120 Deo.
2655 5067 2793 5120 Nam
2826 5065 3141 5119 secundum
3168 5067 3422 5136 corporis

1788 5160 2174 5232 appetentiam
2205 5159 2299 5232 qui
2329 5159 2487 5225 vivit,
2511 5177 2642 5213 caro
2671 5164 2758 5213 est
2781 5175 2792 5212 :
2818 5158 2914 5228 qui
2943 5158 3255 5213 secundum
3281 5175 3423 5229 pra?-

1789 5261 1947 5325 cepta
1988 5254 2101 5321 Dei,
2130 5253 2358 5325 spiritus
2389 5258 2490 5306 est.
2526 5254 2646 5306 Non
2684 5269 2822 5323 ergo
2860 5252 2953 5305 fiat
2995 5252 3191 5305 anima
3231 5256 3422 5306 nostra

1790 5364 1941 5414 caro,
1985 5347 2093 5402 hoc
2131 5350 2231 5413 est,
2281 5352 2340 5400 ut
2383 5347 2640 5400 dicamur
2669 5362 2824 5409 caro;
2867 5345 3010 5398 sicut
3040 5351 3096 5398 et
3133 5344 3211 5398 illi
3237 5346 3331 5416 qui
3365 5346 3417 5398 in

1791 5441 2000 5496 diluvio
2051 5440 2363 5511 perierunt,
2411 5440 2481 5493 de
2529 5439 2734 5510 quibus
2780 5438 2994 5493 dictum
3033 5441 3118 5492 est
3158 5455 3170 5491 :
3216 5438 3421 5502 «Quia

1791 5552 1918 5589 caro
1955 5539 2088 5589 sunt
2119 5535 2348 5602 (Genes.,
2383 5551 2454 5598 γι,
2487 5532 2561 5602 3).
2605 5553 2631 5581 »
2683 5532 2792 5587 Sed
2836 5532 3017 5601 magis
3055 5547 3186 5586 caro
3232 5537 3420 5586 nostra

1793 5628 2066 5682 obediens
2107 5627 2314 5680 animae
2363 5626 2770 5697 gubernaculo,
2819 5625 2918 5678 ﬁat
2964 5625 3179 5692 anima,
3224 5630 3280 5678 et
3319 5624 3423 5677 hoc

1851 5831 1947 5893 (9t)
1979 5831 2042 5882 1n
2068 5830 2202 5894 psal.
2238 5842 2438 5894 cxvxu,
2468 5841 2630 5883 serm.
2661 5832 2745 5898 18,
2774 5844 2929 5886 num.
2957 5828 3020 5880 22
3046 5841 3161 5893 seq.
