4022 6176
536 286 685 347 ’2003

1681 291 2022 347 COMMENT.
2073 291 2137 345 1N
2175 289 2466 347 CANTICA
2504 290 2761 347 CANTIC.

3715 303 3822 355 “2004

546 401 820 486 appellari
857 421 1150 472 mereatur
1185 417 1447 486 nomine;
1478 418 1624 472 sicut
1662 416 1940 489 appellata
1978 420 2062 471 est
2089 416 2170 470 fa-
2199 430 2255 500 Α
2279 415 2483 470 tiarum
2511 413 2924 468 incursionibus
2952 413 3238 485 separavit
3265 429 3278 466 :
3311 413 3500 470 audisti
3532 418 3649 487 quia
3681 419 3820 490 placet

552 507 709 563 milia
733 509 1068 580 patriarchae
1096 511 1287 579 Jacob,
1319 515 1378 566 et
1416 510 1792 583 generationis
1823 511 1943 581 ejus
1983 515 2175 563 sancta

545 603 874 673 posteritas;
905 604 983 658 sic
1022 604 1173 659 enim
1211 605 1487 675 scriptum
1532 611 1617 659 est
1656 622 1668 658 :
1716 626 1743 653 ‹‹
1779 604 1840 658 Hi
1887 604 1987 658 lilii
2030 604 2172 657 Balm

549 712 721 767 quam
759 696 918 750 dedit
956 698 1144 751 Laban
1186 698 1388 753 Rachel
1432 697 1560 751 tiliae
1597 714 1752 751 suae:
1789 697 2012 768 peperit
2053 697 2173 750 haec

544 790 716 844 Iacob
745 790 966 844 animas
996 798 1213 861 septem
1247 791 1418 860 (Gem,
1448 807 1587 856 va1,
1620 790 1731 856 25).
1764 812 1790 838 ››
1821 792 1886 845 Et
1913 790 2127 843 ibidem
2157 807 2169 844 :

552 905 578 930 «
613 883 820 938 Omnes
847 889 1037 938 autem
1073 885 1277 938 animae
1305 901 1428 955 quae
1468 884 1824 938 intraverunt
1852 899 1979 937 cum
2002 883 2171 938 Jacob

545 977 601 1031 in
650 979 992 1049 Egyptum,
1051 994 1176 1048 quae
1233 977 1491 1032 exierunt
1536 978 1604 1032 de
1651 976 1962 1031 femoribus
2016 977 2168 1046 ejus,

543 1076 755 1142 praeter
782 1087 989 1125 uxores
1023 1071 1293 1138 ﬁliorum,
1321 1070 1613 1141 sexaginta
1647 1087 1740 1124 sex
1781 1070 1965 1140 (1bid.,
2000 1074 2064 1124 26
2073 1091 2109 1138 ).
2142 1093 2168 1118 ››

544 1166 610 1220 Et
658 1165 715 1218 in
763 1163 1039 1234 principio
1095 1164 1265 1218 Exodi
1320 1163 1564 1234 legimus
1613 1180 1625 1217 :
1675 1184 1701 1210 «
1758 1166 1928 1218 Erant
1980 1168 2171 1218 autem

544 1274 741 1312 omnes
788 1257 992 1311 animae
1045 1257 1114 1310 de
1167 1257 1358 1322 Jacob,
1411 1256 1661 1327 quinque
1710 1260 1766 1310 et
1811 1257 2169 1327 septuaginta

541 1349 760 1418 (ama,
788 1367 826 1418 1,
857 1349 927 1420 5).
968 1373 994 1400 n

612 1442 869 1516 1583
897 1447 983 1498 21.
1015 1446 1160 1514 Ergo
1186 1444 1264 1499 illi
1292 1444 1389 1515 qui
1415 1443 1750 1499 habitabant
1778 1460 1904 1498 cum
1933 1445 2170 1514 Joseph,

539 1544 596 1592 et
643 1537 712 1592 de
760 1539 999 1609 Egypto
1044 1539 1324 1604 exierunt,
1369 1537 1576 1592 animae
1620 1544 1794 1592 sunt:
1841 1538 1937 1608 qui
1974 1543 2167 1592 autem

538 1647 670 1685 cum
696 1636 884 1686 essent
909 1632 1097 1701 angeli
1129 1632 1249 1697 Dei,
1279 1632 1384 1685 hoc
1410 1633 1513 1699 est,
1537 1632 1664 1684 vitae
1688 1631 1972 1701 probitate
1999 1646 2168 1701 ange-

537 1725 725 1779 lorum
747 1724 1032 1779 imitantes
1057 1725 1300 1794 gratiam
1333 1741 1345 1776 :
1383 1745 1408 1772 «
1446 1724 1547 1788 Qui
1576 1724 1727 1777 enim
1758 1723 1996 1793 (Matth.,
2027 1740 2161 1790 xxn,

538 1818 627 1886 30)
670 1835 784 1872 non
824 1818 1038 1872 ducunt
1071 1792 1302 1884 uxores,
1338 1821 1396 1871 et
1424 1818 1523 1888 qui
1552 1833 1662 1872 non
1707 1792 1949 1883 nubunt,
1998 1792 2241 1871 eruntB

538 1912 682 1966 sicut
720 1911 905 1982 angeli
950 1911 1043 1965 Dei
1089 1911 1146 1964 in
1195 1913 1365 1975 coelo;
1412 1933 1439 1960 ››
1472 1909 1568 1982 qui
1613 1927 1752 1980 ergo
1799 1926 1930 1964 cum
1975 1911 2166 1980 angeli

535 2003 894 2071 viderentur,
950 2006 1098 2075 capti
1150 2010 1282 2058 sunt
1335 2005 1538 2058 decore
1593 2003 1870 2071 femineo,
1929 2003 1986 2056 hi
2039 2019 2165 2058 caro

536 2102 686 2165 sunt,
723 2097 866 2151 sicut
894 2097 1166 2152 Dominus
1198 2099 1345 2151 Deus
1372 2097 1514 2150 dixit
1543 2115 1553 2149 :
1588 2117 1614 2143 ι‹
1648 2098 1768 2150 Non
1803 2096 2166 2166 permanebit

537 2190 765 2262 spiritus
809 2207 968 2244 meus
1012 2191 1068 2244 in
1111 2190 1438 2244 hominibus
1481 2189 1538 2242 in
1585 2195 1886 2256 aeternum,
1931 2196 2164 2260 propter

535 2284 686 2356 quod
721 2300 846 2338 caro
886 2287 1019 2337 sunt
1056 2284 1229 2353 (Gen.,
1266 2301 1335 2350 vr,
1379 2287 1454 2352 3).
1499 2304 1526 2331 ››
1561 2284 1624 2335 Et
1659 2284 1862 2337 merito
1901 2287 2162 2354 expertes

534 2377 802 2444 libidinis,
829 2377 1047 2447 angelis
1072 2381 1502 2447 comparantur;
1527 2393 1656 2431 caro
1684 2377 1837 2432 enim
1869 2393 1982 2431 non
2009 2381 2157 2447 sunt,

533 2471 664 2541 quia
707 2487 824 2524 non
877 2475 1010 2526 sunt
1055 2471 1113 2524 in
1159 2486 1346 2540 carne,
1400 2470 1499 2526 sed
1541 2470 1600 2524 in
1649 2470 1852 2541 spiritu
1902 2487 1914 2524 :
1963 2470 2160 2541 quales

533 2571 699 2619 erant
733 2563 813 2618 illi
858 2564 952 2635 qui
999 2564 1284 2618 doctorem
1321 2565 1717 2635 apostolorum
1754 2563 2156 2634 sequebantur,

533 2657 736 2728 quibus
778 2657 857 2711 ait
896 2675 908 2711 :
958 2679 984 2706 ‹‹
1029 2659 1131 2711 Vos
1160 2662 1355 2712 autem
1387 2674 1502 2712 non
1543 2658 1675 2712 estis
1720 2658 1778 2711 in
1828 2673 2021 2726 carne,
2061 2655 2159 2711 sed

533 2751 588 2804 in
624 2750 831 2821 Spiritu
865 2753 1051 2818 (Rom,
1084 2767 1198 2819 VIII,
1226 2754 1302 2820 9).
1336 2773 1362 2800 ››
1395 2751 1501 2815 Qui
1532 2753 1725 2806 autem
1765 2766 2038 2821 corporea
2075 2750 2154 2804 fe-

532 2843 819 2898 minarum
850 2845 1153 2915 capiuntur
1190 2843 1448 2910 libidine,
1480 2859 1610 2897 caro
1643 2846 1773 2897 sunt
1803 2859 1815 2896 :
1846 2849 2018 2914 atque
2048 2843 2155 2896 uti-

532 2952 666 2990 nam
698 2953 827 2991 caro
858 2941 1099 3006 tantum,
1128 2941 1184 2992 et
1213 2953 1324 2991 non
1355 2937 1528 2991 etiam
1565 2937 1696 3007 equi
1727 2935 2153 2990 adhinnientcsl

534 3052 558 3076 ι(
591 3029 750 3098 Quia,
789 3030 992 3101 inquit,
1036 3030 1095 3084 in
1138 3045 1368 3084 uxorem
1408 3029 1648 3100 proximi
1689 3028 1774 3082 sui
1819 3027 2155 3082 adhiennie-

531 3124 671 3178 bant
696 3124 931 3195 (Jerem.,
967 3140 1019 3189 ν,
1048 3121 1120 3192 8).
1151 3145 1177 3171 υ

601 3220 686 3272 22.
721 3218 894 3285 (Vers.
928 3216 1004 3285 7.)
1037 3215 1143 3286 (92)
1181 3218 1312 3270 Tota
1341 3231 1392 3270 es
1425 3217 1684 3282 formosa,
1726 3218 1976 3286 proxima
2015 3232 2151 3279 mea,

528 3317 578 3362 et
622 3311 954 3380 reprehensio
998 3325 1104 3364 non
1150 3314 1227 3363 est
1269 3311 1327 3362 in
1375 3315 1443 3363 te.
1487 3308 1974 3363 Pulchritudinem
2024 3325 2153 3364 vero

527 3402 651 3473 quis
681 3406 868 3472 potest
905 3403 1186 3473 majorem
1227 3401 1550 3456 existimare
1591 3401 1794 3456 decore
1839 3403 1978 3473 ejus,
2023 3419 2152 3474 quae

528 3498 751 3550 amatur
785 3513 817 3550 a
860 3511 1014 3566 rege,
1061 3495 1331 3566 probatur
1373 3512 1405 3549 a
1443 3495 1657 3566 judice,
1705 3495 1997 3550 dedicatur
2041 3497 2148 3550 Do-

530 3590 706 3657 mino,
744 3594 1103 3644 consecratur
1150 3589 1310 3644 Deo?
1359 3589 1596 3658 Semper
1643 3605 1868 3660 sponsa,
1925 3606 2151 3660 semper

527 3684 783 3754 innupta,
813 3688 1004 3737 utnec
1043 3699 1203 3736 amor
1239 3681 1411 3737 ﬁnem
1449 3681 1679 3749 habeat,
1729 3698 1831 3736 nec
1874 3682 2148 3736 damnum

525 3777 726 3847 pudor.
759 3777 888 3830 Hinc
931 3776 1185 3846 profecto
1217 3792 1351 3830 vera
1389 3775 1750 3846 pulchritudo
1791 3779 1893 3842 est,
1935 3776 2022 3830 cui
2061 3777 2145 3830 ni-

523 3870 604 3925 hil
651 3871 830 3936 deest,
883 3886 1009 3940 quae
1057 3870 1172 3923 sola
1221 3873 1473 3924 meretur
1521 3869 1714 3923 audire
1763 3885 1795 3922 a
1845 3870 2077 3924 Domino
2131 3887 2144 3924 :

530 3966 660 4018 Tota
702 3980 754 4019 es
790 3966 1051 4031 formosa,
1087 3965 1341 4033 prox-ima
1378 3978 1528 4028 mea,
1571 3967 1620 4016 et
1657 3965 1994 4032 reprehensio
2041 3980 2148 4018 non

523 4063 597 4112 est
622 4060 679 4111 in
708 4062 775 4112 te.

593 4153 679 4205 23.
713 4151 885 4219 (Vers.
928 4150 1002 4220 8.)
1047 4151 1187 4206 Veni
1222 4150 1322 4203 huc
1362 4167 1394 4201 a
1433 4149 1658 4209 Libano,
1699 4152 1822 4204 veni
1856 4151 1958 4204 huc
1991 4168 2024 4203 α
2064 4153 2148 4205 Li-

524 4245 662 4298 bano
703 4262 718 4297 :
762 4244 1020 4297 transibis
1055 4248 1105 4297 et
1148 4243 1506 4312 pertransibis
1543 4260 1577 4296 a
1606 4245 1881 4313 principio
1915 4245 2070 4313 ﬁdei,
2113 4261 2144 4295 (ι

518 4339 691 4408 capite
737 4335 901 4392 Sanir
944 4341 994 4391 et
1021 4337 1272 4399 Hermon,
1303 4352 1338 4390 a
1363 4336 1607 4390 latibulis
1653 4337 1882 4400 leonum,
1931 4355 1964 4391 a
2001 4354 2145 4392 mon-

518 4431 657 4486 tibus
680 4430 1000 4500 pardorum.
1035 4428 1249 4493 Quibus
1276 4427 1498 4482 indiciis
1531 4428 1855 4483 ostenditur
1894 4431 2145 4501 perfecta

2177 3155 2228 3226 Ο

2277 509 2326 562 ei
2363 513 2586 562 tuarum
2620 508 2983 579 pulchritudo
3016 507 3309 561 virtutum.

2344 606 2432 656 25.
2478 602 2585 672 (94)
2618 602 2760 657 Ades
2809 603 2909 656 huc
2951 618 2985 655 a
3028 601 3250 664 Libano,
3293 616 3496 670 sponsa,
3543 605 3652 658 ades
3690 607 3771 661 huc
3802 627 3826 662 α

2274 696 2474 751 Libano
2519 713 2534 747 :
2572 695 2849 758 transibis,
2889 701 2939 747 et
2969 693 3330 763 pertransibis
3357 709 3388 747 α
3412 697 3656 766 principio
3686 699 3830 764 fideia

2273 791 2448 857 capite
2491 789 2674 848 Sanir,
2719 792 2769 841 et
2809 789 3158 846 Hermoniim.
3204 803 3238 840 a
3278 787 3533 856 speluncis
3571 789 3769 852 leonum,
3807 811 3829 844 α

2273 883 2543 936 montibus
2579 881 2911 952 pardorum;
2955 880 3066 934 hoc
3106 883 3211 947 est,
3243 879 3506 951 egredere
3533 881 3597 936 de
3625 898 3831 954 corpore,

2273 979 2327 1029 et
2368 979 2542 1028 totam
2594 979 2649 1029 te
2697 991 2859 1028 exue.
2906 975 3028 1028 Non
3067 977 3231 1044 potes
3276 971 3427 1027 enim
3475 974 3604 1028 mihi
3647 975 3831 1044 adesse,

2273 1069 2381 1122 nisi
2429 1074 2558 1123 ante
2603 1067 2984 1139 peregrineris
3024 1085 3056 1120 a
3095 1083 3362 1137 corpore;
3393 1067 3645 1138 quoniam
3679 1069 3761 1139 qui
3792 1070 3838 1124 in

2272 1179 2437 1216 carne
2480 1167 2629 1228 sunt,
2676 1161 3120 1232 peregrinantur
3153 1177 3180 1214 θ
3212 1161 3313 1214 Dei
3360 1176 3547 1230 regno.
3587 1162 3733 1224 Ades,
3769 1162 3834 1217 iu-

2271 1255 2412 1326 quit,
2457 1257 2608 1310 ades.
2637 1256 2785 1309 Bene
2825 1254 3107 1325 repetivit,
3137 1254 3271 1325 quia
3312 1253 3426 1307 sive
3471 1269 3709 1323 praesens,
3747 1254 3837 1310 sive

2273 1349 2494 1418 absens,
2541 1348 2735 1403 adesse
2773 1352 2830 1402 et
2858 1348 3079 1418 placere
3123 1346 3361 1400 Domino
3388 1348 3498 1401 Deo
3539 1351 3631 1402 tuo
3658 1347 3800 1401 debes
3828 1366 3836 1399 :

2271 1443 2464 1498 adesto
2503 1458 2774 1512 praesens,
2811 1441 3009 1495 adesto
3041 1440 3264 1504 absens,
3308 1441 3417 1495 etsi
3457 1440 3631 1494 adhuc
3667 1439 3718 1494 in
3748 1456 3841 1494 cor-

2269 1553 2402 1607 pore
2429 1551 2513 1602 es;
2543 1535 2683 1590 mihi
2713 1534 2865 1590 enim
2895 1550 3097 1590 omnes
3133 1539 3443 1605 praesentes
3472 1539 3614 1602 sunt,
3643 1549 3843 1604 quorum

2267 1629 2409 1683 ﬁdes
2436 1645 2658 1684 mecum
2688 1633 2790 1683 est.
2832 1628 3001 1683 Adest
3034 1628 3179 1682 mihi
3205 1627 3300 1699 qui
3345 1626 3482 1681 exiit
3518 1627 3585 1680 de
3625 1627 3799 1680 saeculo
3833 1642 3842 1679 :

2267 1724 2426 1778 adest
2455 1722 2591 1776 mihi
2618 1723 2716 1794 qui
2744 1738 2834 1776 me
2864 1722 3094 1792 cogitat,
3126 1737 3219 1776 me
3253 1721 3525 1788 intuetur,
3553 1720 3617 1775 de
3646 1735 3728 1774 me
3750 1735 3846 1790 spe~

2267 1819 2375 1882 rat,
2406 1816 2498 1870 cui
2533 1832 2640 1886 ego
2682 1815 2866 1887 portio
2906 1831 3076 1868 sum:
3110 1813 3271 1868 adest
3319 1813 3464 1868 mihi
3514 1812 3607 1884 qui
3649 1811 3847 1866 abfuerit

2266 1910 2414 1964 sibi:
2446 1910 2540 1964 ille
2588 1925 2812 1965 mecum
2857 1913 2959 1976 est,
3011 1908 3109 1980 qui
3155 1908 3302 1962 intra
3348 1924 3408 1962 se
3450 1923 3566 1962 non
3609 1911 3704 1972 est,
3743 1921 3846 1976 quo-

2266 2005 2416 2058 niam
2447 2003 2544 2073 qui
2571 2019 2743 2056 carne
2771 2005 2875 2068 est,
2909 2018 3026 2056 non
3055 2007 3141 2056 est
3167 2001 3226 2056 in
3254 2001 3464 2072 spiritu
3503 2017 3516 2054 :
3547 1999 3638 2054 ille
3665 2013 3848 2054 mecum

2265 2101 2366 2164 est,
2398 2097 2494 2168 qui
2521 2113 2586 2150 ex
2617 2096 2804 2167 seipso
2831 2096 3127 2166 egreditur
3167 2111 3180 2149 :
3215 2094 3312 2150 ille
3344 2095 3504 2164 juxta
3540 2109 3626 2148 me
3662 2095 3752 2158 est,
3776 2091 3848 2161 qui

2265 2192 2426 2244 extra
2466 2206 2523 2243 se
2565 2189 2737 2243 fuerit
2776 2206 2788 2242 :
2822 2190 2916 2243 ille
2958 2188 3099 2243 mihi
3140 2188 3393 2259 integer,
3423 2188 3522 2260 qui
3551 2190 3850 2258 propterme

2263 2283 2574 2355 perdiderit
2635 2283 2889 2337 animam
2942 2298 3142 2351 suam;
3199 2286 3254 2336 et
3318 2281 3466 2348 ideo,
3531 2281 3684 2340 Ades,
3735 2278 3848 2338 ades.

2259 2393 2482 2447 sponsa;
2534 2378 2791 2432 transibis
2839 2382 2889 2431 et
2934 2376 3297 2446 pertransibis
3352 2391 3388 2429 a
3435 2376 3694 2445 principio
3737 2371 3852 2440 fidei.

2260 2472 2482 2525 Transit
2531 2477 2587 2526 et
2637 2469 2941 2541 pertransit
2989 2473 3253 2535 caeteros,
3312 2484 3444 2540 quae
3493 2467 3566 2522 ad
3613 2465 3854 2522 Christum

2264 2565 2513 2635 pervenit
2541 2581 2552 2618 :
2590 2563 2796 2618 transit
2834 2561 2967 2617 ﬁdei
3002 2562 3228 2629 merito,
3257 2568 3311 2616 et
3347 2577 3591 2633 operum
3617 2557 3856 2620 claritate,

2261 2674 2389 2728 quae
2427 2659 2576 2711 lucet
2618 2658 2763 2712 sicut
2805 2657 2974 2712 Sanir
3010 2661 3067 2711 et
3103 2656 3376 2722 Harmon,
3409 2655 3517 2709 hoc
3542 2659 3642 2720 est,
3671 2653 3752 2705 via
3789 2650 3855 2704 lu-

2258 2768 2443 2805 cerna:
2475 2768 2486 2804 :
2518 2751 2716 2805 transit
2757 2749 2992 2805 devictis
3028 2747 3438 2804 tentationibus
3477 2747 3683 2813 saeculi,
3707 2749 3758 2801 et
3786 2761 3858 2798 su-

2261 2845 2468 2914 peratis
2494 2843 2762 2914 nequitiis
2792 2842 3159 2914 spiritalibus,
3203 2842 3460 2913 legitimi
3504 2846 3700 2913 petens
3734 2853 3861 2893 coro-

2258 2955 2391 2992 nam
2419 2938 2768 3006 certaminis,

2327 3035 2414 3086 26.
2469 3031 2640 3099 (Vers.
2695 3032 2768 3101 9.)
2825 3033 2932 3102 (95)
2988 3031 3308 3086 Vulnerasti
3364 3045 3457 3084 cor
3509 3044 3693 3089 meum,
3743 3039 3862 3080 soror

2255 3141 2390 3186 mea,
2436 3140 2653 3195 sponsa,
2696 3126 3005 3180 vulnerasti
3041 3140 3130 3179 cor
3157 3139 3338 3179 meum
3381 3127 3441 3178 in
3479 3138 3590 3178 uno
3630 3120 3863 3176 oculorum

2255 3223 2488 3286 tuorum,
2519 3224 2569 3274 et
2607 3221 2665 3272 in
2695 3234 2800 3274 uno
2828 3222 2974 3274 crine
3015 3218 3143 3273 colli
3171 3220 3271 3273 tui.
3310 3216 3478 3273 Oculi
3509 3216 3664 3272 enim
3690 3213 3863 3269 mentis

2255 3311 2346 3365 isti
2387 3315 2522 3366 sunt
2563 3312 2732 3379 oculi,
2778 3311 2990 3367 scilicet
3032 3310 3325 3365 interioris
3355 3311 3638 3379 hominis,
3682 3324 3783 3363 non
3818 3304 3863 3360 hi

2253 3405 2397 3460 oculi
2436 3406 2534 3476 qui
2572 3405 2884 3461 ministerio
2930 3404 3250 3475 funguntur
3297 3405 3558 3460 obtutus.
3607 3405 3700 3457 Est
3739 3399 3862 3455 enim

2252 3499 2444 3552 oculus
2472 3502 2530 3552 et
2556 3498 2764 3553 mentis
2789 3501 2846 3553 et
2870 3497 3074 3565 carnis,
3101 3497 3198 3552 sed
3227 3496 3327 3553 ille
3357 3514 3548 3553 caecus
3585 3499 3668 3551 est
3703 3492 3865 3550 oculus

2253 3591 2352 3663 qui
2393 3608 2504 3646 non
2542 3591 2694 3647 videt
2722 3608 2848 3663 quae
2895 3590 3085 3646 divina
3127 3592 3280 3657 sunt,
3332 3591 3436 3662 qui
3474 3591 3682 3645 frustra
3707 3591 3862 3643 mente

2251 3685 2437 3740 carnis
2463 3685 2690 3740 inﬂatus
2716 3691 2819 3740 est.
2844 3686 2940 3739 Est
2964 3688 3021 3738 et
3045 3684 3187 3739 alius
3214 3685 3422 3740 oculus
3443 3701 3648 3739 sensus
3672 3677 3862 3740 Christi.

2251 3795 2361 3850 quo
2413 3779 2654 3834 Ecclesia
2703 3778 2859 3832 videt
2912 3777 3220 3844 Christum,
3277 3778 3429 3832 sicut
3481 3778 3603 3848 ipse
3650 3774 3771 3830 dicit
3810 3770 3863 3824 ad

2251 3871 2532 3942 Sponsam
2565 3891 2579 3926 :
2622 3873 2788 3930 Corde
2831 3885 2929 3926 nos
2967 3873 3156 3942 cepisti
3200 3872 3267 3924 ab
3308 3887 3421 3926 uno
3465 3872 3736 3926 oculorum
3769 3872 3864 3920 tuo-

2248 3983 2390 4021 rum.
2420 3965 2615 4020 Merito
2649 3981 2762 4019 uno
2806 3965 2968 4019 oculo
3009 3964 3234 4018 videtur
3282 3964 3572 4032 Christus,
3607 3962 3733 4034 quia
3771 3974 3863 4012 non

2249 4059 2473 4114 videtur
2496 4059 2658 4113 oculo
2685 4057 2924 4127 carnali,
2954 4062 3054 4112 aut
3081 4057 3217 4128 quia
3259 4058 3412 4112 duos
3455 4057 3646 4112 oculos
3682 4054 3869 4110 habens

2248 4152 2512 4219 Ecclesia,
2553 4152 2855 4207 mortalem
2896 4155 2954 4207 et
2996 4151 3325 4223 mysticum,
3375 4150 3517 4206 ﬁdei
3565 4149 3724 4205 oculo
3766 4147 3868 4218 plus

2249 4245 2397 4300 videt
2419 4245 2739 4313 Christum;
2781 4245 3054 4316 mysticus
3095 4244 3251 4300 enim
3285 4245 3494 4299 oculus
3536 4244 3752 4299 acutior
3784 4244 3868 4303 est,

2248 4339 2478 4393 moralis
2509 4338 2750 4393 dulcior.

2317 4436 2401 4486 27.
2461 4433 2526 4486 Et
2578 4432 2815 4486 fortasse
2869 4430 2959 4484 isti
3011 4431 3158 4485 oculi
3211 4435 3370 4500 sunt,
3433 4432 3648 4503 quibus
3695 4427 3870 4483 Paulus

518 4530 574 4578 ct
617 4522 1128 4594 irreprehensibilis
1172 4523 1461 4594 virginalis
1507 4523 1714 4577 anima:
1757 4523 2140 4594 pulchritudo,
2165 4522 2471 4592 Dvidebat
2513 4529 2742 4591 aeterna,
2792 4525 2884 4579 ubi
2925 4524 3093 4594 coepit
3121 4525 3478 4594 temporalia
3519 4540 3638 4578 non
3681 4519 3866 4574 videre.

515 4616 787 4671 altaribus
830 4621 1151 4671 consecrata
1195 4616 1418 4682 divinis,
1469 4616 1618 4671 inter
1649 4632 1912 4671 occursus
1955 4623 2011 4673 et
2058 4618 2139 4672 la-

516 4709 691 4764 tibula
734 4709 1077 4781 spiritalium
1122 4709 1431 4763 bestiarum
1472 4726 1587 4764 non
1638 4709 1846 4764 inﬂexa
1893 4711 2144 4765 mortali~

515 4805 636 4871 bus,
669 4803 762 4858 sed
801 4804 1016 4858 intenta
1054 4802 1335 4873 mysteriis
1371 4803 1496 4869 Dei,
1544 4803 1818 4858 meruisse
1850 4804 2137 4870 dilectum,

513 4898 671 4967 cujus
718 4897 899 4951 ubera
950 4897 1114 4967 plena
1167 4896 1377 4950 laetitiae
1413 4913 1424 4950 :
1461 4895 1653 4950 vinum
1698 4897 1850 4951 enim
1902 4897 2141 4952 laetiﬁcat

512 5008 609 5045 cor
641 4989 906 5046 hominis.

580 5087 667 5139 24.
715 5084 823 5154 (93)
864 5087 932 5138 Et
972 5085 1123 5147 odor,
1167 5083 1369 5154 inquit,
1416 5087 1854 5140 vestimentorum
1905 5090 2132 5147 tuorum,

506 5182 643 5233 sicut
694 5180 825 5232 odor
868 5179 1082 5233 Libani.
1131 5179 1268 5234 Veni
1315 5195 1349 5230 a
1393 5179 1619 5241 Libano,
1671 5194 1889 5248 sponsa,
1941 5183 2062 5234 veni
2103 5197 2135 5233 ιι

506 5274 750 5327 Libano:
780 5272 1034 5327 transibis
1077 5279 1127 5325 et
1168 5272 1531 5340 pertransibis
1576 5289 1607 5324 a
1649 5275 1914 5342 principio
1950 5273 2080 5342 ﬁdei
2118 5290 2134 5324 :

508 5365 766 5420 transibis
819 5365 875 5419 in
925 5365 1193 5418 saeculum
1251 5370 1576 5430 certatura,
1637 5366 2005 5434 pertransibis
2065 5367 2133 5420 ad

503 5458 790 5512 Christum
834 5458 1256 5529 triumphatura
1296 5458 1365 5511 de
1409 5458 1628 5512 saeculo.
1663 5459 1877 5512 Audisti
1909 5459 2040 5529 quia
2081 5465 2132 5512 te

505 5565 536 5599 a
562 5550 789 5603 leonum
827 5555 882 5604 et
916 5551 1243 5620 pardorum,
1277 5551 1337 5604 id
1366 5553 1468 5617 est,
1504 5568 1536 5605 a
1562 5551 1900 5621 spiritalium
1933 5553 2128 5623 ncqui-

569 5753 663 5828 (ρὲξ
836 5757 1198 5828 rdet’irgin,
1225 5775 1342 5825 cap.
1372 5764 1418 5825 7,
1457 5776 1609 5812 num.
1633 5763 1692 5814 37
1721 5777 1834 5828 seq.

569 5819 665 5879 (93)
695 5820 810 5869 Lib.
838 5823 900 5870 de
933 5819 1256 5890 Virginitate,
1283 5819 1415 5897 eapI
1437 5834 1514 5888 is.
1542 5847 1696 5884 num.
1722 5835 1800 5884 69.

2246 4619 2498 4690 Denique
2524 4618 2618 4690 qui
2649 4618 2935 4673 Christum
2964 4634 3082 4672 non
3111 4617 3359 4685 videbat,
3387 4618 3728 4689 priusquam
3754 4629 3868 4668 ocu-

2243 4713 2328 4767 los
2358 4713 2665 4778 amitteret,
2694 4712 2837 4766 vidit
2866 4711 2914 4784 1
2933 4709 3123 4784 584
3153 4727 3284 4766 eum
3322 4715 3704 4784 posteaquam
3743 4705 3866 4761 ami-

2243 4807 2314 4860 sit
2339 4805 2521 4860 visum
2549 4805 2875 4872 oculorum;
2899 4805 3040 4859 vidit
3067 4805 3222 4859 enim
3251 4805 3355 4876 qui
3385 4806 3570 4861 dixit:
3601 4826 3630 4855 «
3655 4801 3781 4868 Quis
3801 4814 3867 4860 es,

2240 4900 2482 4955 Domine
2520 4899 2693 4970 (Act..
2734 4916 2808 4967 Ix,
2848 4900 2940 4968 5)?
2983 4921 3008 4946 »
3052 4897 3284 4953 Videbat
3331 4899 3545 4971 utique
3584 4896 3866 4952 Christum.

2240 5010 2410 5065 quem
2431 4993 2603 5048 etiam
2623 4992 2930 5047 Dominum
2948 4992 3258 5046 fatebatur.
3285 4993 3356 5047 Et
3374 4992 3554 5060 infra,
3581 5013 3609 5040 ι‹
3627 4987 3865 5050 Domine,

2239 5087 2442 5158 inquit,
2482 5085 2618 5157 quid
2661 5102 2750 5140 me
2787 5085 2868 5139 vis
2904 5086 3090 5139 facere
3135 5085 3328 5155 (lbid.,
3367 5085 3468 5155 6)?
3517 5106 3542 5136 ι
3589 5085 3708 5138 Non
3749 5092 3865 5146 ergo

2238 5179 2462 5234 videbat
2498 5195 2647 5245 eum,
2682 5178 2841 5249 cujus
2877 5178 3239 5249 exspectabat
3267 5178 3640 5250 imperium?
3677 5173 3866 5240 Quibus

2235 5273 2411 5344 igitur
2465 5273 2643 5327 oculis
2695 5272 2889 5326 videre
2949 5272 3155 5326 Paulus
3208 5271 3340 5343 plus
3392 5272 3597 5343 capit,
3657 5267 3757 5324 nisi
3809 5264 3864 5318 iis

2237 5383 2379 5436 quos
2424 5365 2588 5420 nobis
2628 5367 2748 5436 ipse
2792 5366 3142 5433 monstravit,
3187 5364 3389 5419 dicens
3423 5383 3437 5420 :
3475 5387 3504 5414 κ
3544 5365 3729 5420 Orabo
3766 5358 3863 5430 spi°

2236 5461 2369 5526 ritu,
2411 5459 2582 5514 orabo
2623 5463 2681 5512 et
2719 5463 2908 5514 mente
2948 5461 2990 5530 (l
3035 5463 3178 5520 Cor.,
3217 5475 3332 5525 xiv,
3387 5459 3516 5529 15)?
3560 5480 3589 5506 ››
3636 5455 3861 5523 Denique

2236 5557 2294 5607 ut
2339 5553 2475 5608 scias
2520 5553 2653 5626 quia
2697 5553 2835 5608 vidit
2874 5553 3092 5607 orando
3127 5570 3138 5608 :
3174 5575 3201 5600 «
3243 5552 3486 5607 Factum
3528 5558 3632 5618 est,
3676 5546 3859 5619 inquit.

2298 5767 2388 5829 (ω)
2419 5766 2538 5816 Lib.
2568 5765 2630 5815 de
2659 5766 2828 5825 Isaac,
2861 5778 2979 5829 cap.
3006 5768 3056 5826 5,
3085 5779 3237 5817 num.
3268 5765 3350 5814 47.

2292 5837 2392 5901 (95)
2420 5837 2478 5886 In
2507 5836 2641 5900 psal.
2672 5847 2872 5898 cxvm,
2906 5849 3064 5888 serm.
3099 5839 3176 5900 ll,
3203 5849 3364 5887 num.
3401 5838 3448 5899 7,
3483 5841 3530 5884 8.
