4022 6176
244 233 379 286 2005

1301 232 1342 286 Ε
1381 232 1682 287 δειιιρτιδ
1719 236 1773 288 S.
1816 234 2130 289 AMBROSH
2170 235 2574 292 CULLECTUS.

3464 243 3602 295 2006

239 355 560 408 revertente
603 367 693 407 me
729 352 788 408 in
823 354 1156 422 Jerusalem,
1185 370 1316 409 cum
1354 371 1581 410 orarem
1624 356 1680 410 in
1722 362 1865 411 tem-
1892 371 1951 442 Α
1972 362 2297 413 coacervata
2329 359 2643 426 dimittens,
2675 374 2780 414 nec
2808 359 2936 415 vitai
2965 366 3080 415 tuas
3115 363 3240 416 usui
3273 364 3466 420 futura
3495 381 3599 421 nec

238 447 353 518 plo,
402 460 671 516 pavorem
714 446 912 516 habui,
965 446 1077 502 vidi
1121 447 1284 502 illum
1333 447 1625 504 dicentem
1671 450 1813 504 mihi
1853 467 1866 505 :

241 539 491 608 Festina,
532 540 619 595 exi
661 539 826 594 citius
865 540 935 594 de
981 541 1325 611 Jerusalem;
1371 557 1489 596 non
1533 541 1688 597 enim
1731 544 1869 597 reci-

239 632 402 702 pient
427 633 822 688 testimonium
850 638 1012 688 tuum
1036 634 1104 689 de
1126 650 1219 688 me
1243 635 1413 705 (Ach,
1437 652 1564 700 χιιι,
1593 640 1679 705 17,
1705 639 1813 702 18).
1840 659 1864 685 ››

308 729 398 782 28.
432 726 541 797 (96)
574 727 662 780 isti
698 743 836 798 ergo
876 727 1026 782 oculi
1063 727 1122 782 in
1161 728 1400 783 verbum
1431 729 1529 785 Dei
1572 729 1864 797 deficiunt,

237 824 296 874 et
342 819 538 874 dicunt
589 843 596 871 :
648 821 876 887 Quando
931 823 1289 876 consolaberis
1331 826 1460 877 me?
1513 823 1638 879 lstis
1693 824 1866 878 oculis

236 912 533 984 prophetas
569 912 903 968 dicebantur
936 913 1213 982 videntes,
1263 915 1394 986 quia
1431 932 1534 986 per
1570 917 1861 971 revelatio-

235 1021 368 1061 nem
425 1021 491 1060 ea
533 1021 660 1077 quae
702 1011 870 1061 erant
913 1007 1244 1062 abscondita
1295 1012 1488 1064 mente
1531 1009 1859 1064 cernebant.

234 1099 343 1154 Sed
371 1099 506 1170 quia
535 1099 725 1153 oculus
755 1099 962 1154 mentis
993 1105 1050 1154 et
1089 1100 1284 1155 oculus
1322 1101 1510 1156 carnis
1554 1119 1698 1157 unus
1725 1119 1859 1156 ocu-

235 1193 321 1246 lus
348 1197 500 1259 sunt,
530 1196 589 1247 et
627 1198 762 1247 tunc
797 1193 975 1248 homo
1019 1193 1408 1249 consolatione
1447 1195 1698 1265 fulcitur,
1729 1212 1860 1250 cum

230 1301 366 1340 caro
404 1291 461 1341 et
485 1302 646 1341 mens
675 1286 899 1342 diversa
931 1303 1044 1342 non
1082 1286 1337 1358 cupiunt,
1368 1287 1469 1342 sed
1511 1305 1684 1343 unum
1715 1289 1858 1343 desi-

230 1379 454 1449 derant,
505 1385 561 1435 et
602 1396 780 1434 unum
821 1381 1148 1452 requirunt;
1194 1381 1322 1437 ideo
1363 1381 1569 1436 intenti
1620 1382 1693 1436 ad
1729 1399 1860 1436 eum

231 1472 332 1545 qui
377 1472 457 1527 ait
496 1491 510 1527 :
557 1495 584 1522 «
622 1473 738 1544 Ego
783 1477 841 1528 et
886 1477 1046 1544 pater
1092 1490 1272 1528 unum
1320 1491 1518 1530 sumus
1555 1476 1758 1545 (10am.
1802 1492 1859 1543 x,

229 1567 341 1634 30).
375 1590 403 1615 ›ι
432 1566 529 1622 lsti
559 1582 785 1638 quoque
822 1567 968 1621 oculi
1011 1584 1190 1622 unum
1234 1584 1356 1622 esse
1395 1585 1454 1623 se
1493 1569 1857 1635 confitentur,

228 1659 368 1731 quia
397 1676 514 1714 uno
542 1665 712 1732 atque
741 1660 939 1716 eodem
969 1660 1254 1716 desiderio
1283 1661 1584 1733 ofﬁcioque
1613 1663 1860 1734 fungun-

235 1757 350 1807 tur.

1972 450 2208 520 meritis,
2263 451 2499 521 rapiaris
2550 469 2638 518 eo,
2685 468 2800 524 quo
2854 453 3183 508 thesaurum
3233 460 3398 511 tuum
3449 457 3599 513 ferre

1969 558 2080 597 non
2114 543 2312 614 possis.
2345 545 2505 599 Dives
2546 545 2721 615 igitur
2759 551 2901 611 esto,
2950 546 3049 600 sed
3087 547 3350 618 pauperi,
3393 554 3458 603 ut
3494 567 3595 604 na-

1968 640 2112 690 turae
2153 637 2454 708 participes
2484 643 2618 705 tuas,
2660 638 2967 709 participes
3007 637 3120 693 sint
3157 639 3329 694 etiam
3363 641 3594 696 faculta-

1970 736 2110 785 tum.

2038 826 2125 878 31.
2167 827 2344 880 Favus
2393 825 2672 880 distillans
2720 826 2870 879 labia.
2921 832 3039 887 tua,
3083 842 3296 896 sponsu.
3346 826 3483 891 Quis
3524 829 3600 884 sit

1968 917 2156 982 favus,
2223 918 2362 972 doce
2425 934 2559 986 nos,
2614 918 2908 983 Salomon.
2972 921 3053 973 Tu
3121 919 3277 975 enim
3339 919 3523 975 dixisti
3581 939 3594 975 :

1971 1033 1996 1056 ‹‹
2040 1009 2214 1064 Favus
2260 1009 2446 1065 mellis
2489 1027 2781 1066 sermones
2820 1012 2958 1067 boni
2997 1012 3202 1082 (Prom,
3245 1029 3356 1077 xvr,
3405 1015 3518 1083 24).
3563 1036 3587 1060 ››

1966 1105 2031 1158 Et
2082 1119 2212 1157 vere
2267 1103 2449 1158 bonus
2500 1103 2679 1171 favus,
2739 1120 2911 1175 quem
2971 1105 3281 1160 manducat
3335 1106 3594 1173 Ecclesia,

1967 1197 2279 1251 multorum
2307 1197 2716 1268 prophetarum
2743 1198 2895 1253 velut
2921 1214 3094 1268 apum
3126 1198 3405 1269 spirituali
3434 1199 3596 1254 uber-

1964 1293 2074 1344 tate
2116 1294 2385 1361 congesta
2428 1292 2599 1345 mella
2644 1291 3008 1345 redolentem.
3059 1292 3169 1345 Hoc
3219 1295 3304 1345 est
3349 1293 3458 1346 mel
3515 1291 3585 1347 de

1961 1399 2074 1454 quo
2123 1384 2200 1437 ait
2245 1405 2254 1434 :
2307 1406 2332 1431 α
2373 1384 2699 1438 Manducavi
2745 1400 2950 1454 panem
2996 1400 3196 1438 meum
3244 1401 3376 1438 cum
3424 1385 3592 1440 melle

1965 1492 2088 1530 meo
2117 1476 2321 1546 (Cant.,
2353 1493 2403 1543 v,
2436 1478 2507 1548 1),
2545 1497 2571 1530 ι)
2603 1477 2830 1533 Stillant
2861 1479 2974 1532 mel
3019 1477 3166 1531 labia
3205 1477 3591 1548 praedicantis,

1964 1570 2192 1639 quando
2253 1570 2450 1625 collisa
2513 1571 2670 1624 duris
2722 1571 2944 1626 casibus
2999 1571 3083 1624 vel
3148 1571 3360 1640 ruinis,
3417 1571 3592 1643 lapsas

1961 1662 2168 1717 animm
2199 1663 2462 1718 membra
2500 1664 2846 1719 refoventur.
2881 1685 2909 1712 ‹‹
2953 1664 3163 1718 Favum
3193 1663 3471 1719 distillant
3509 1665 3588 1719 la-

1884 1733 1937 1804 B
1964 1756 2057 1810 hia
2081 1760 2198 1822 tua,
2227 1773 2448 1827 sponsa,
2481 1757 2592 1810 mel
2619 1761 2678 1811 et
2701 1758 2787 1812 lac
2817 1757 2918 1812 sub
2949 1757 3150 1828 lingua
3181 1760 3314 1824 tua;
3343 1773 3404 1812 os
3431 1758 3586 1813 enim

302 1849 392 1900 29.
449 1847 622 1917 (Vers.
676 1847 780 1916 l0.)
831 1846 944 1918 (97)
986 1848 1307 1903 Pulchriora
1359 1855 1489 1904 sunt
1545 1851 1709 1904 ubera.
1769 1855 1862 1903 tua
1955 1850 2094 1920 justi
2124 1849 2356 1903 distillat
2399 1849 2778 1920 sapientiam;
2813 1850 2882 1904 de
2923 1850 3183 1920 orejusti
3213 1850 3506 1905 suavitatis
3535 1856 3591 1907 et

227 1942 378 2002 vino,
407 1945 458 1994 et
484 1941 616 1995 odor
643 1947 1045 2010 unguentorum
1075 1947 1289 1996 tuorum
1327 1957 1490 2012 super
1525 1944 1708 1997 omnia
1737 1958 1857 1996 aro-

228 2041 405 2088 mata.
453 2035 522 2087 Et
566 2033 710 2088 infra
753 2050 766 2087 :
812 2034 956 2089 Odor
993 2037 1424 2090 vestimentorum
1469 2041 1682 2090 tuorum
1723 2039 1863 2091 sicut

227 2128 450 2183 Libani.
475 2126 609 2181 Vide
635 2143 808 2199 quem
835 2127 998 2182 nobis
1017 2127 1257 2196 tribuas,
1283 2129 1472 2200 Virgo,
1499 2129 1856 2200 processum!

228 2221 457 2275 Primus
481 2221 630 2275 enim
660 2220 801 2275 odor
830 2224 960 2274 tuus
998 2237 1170 2292 super
1198 2222 1394 2276 omnia
1419 2226 1699 2281 aromata.
1731 2238 1860 2293 qua:

228 2315 287 2368 in
342 2314 646 2370 Salvatoris
701 2314 871 2368 missa
921 2320 1050 2368 sunt
1119 2315 1444 2385 sepultura,
1498 2318 1556 2370 et
1601 2322 1860 2370 mortuos
1957 2315 2273 2385 putationis
2308 2313 2668 2383 jucunditate
2711 2315 3017 2381 mulcetur,
3054 2314 3250 2368 dicens
3297 2337 3306 2366 :

226 2408 483 2479 corporis
510 2411 696 2462 motus
726 2407 1239 2480 membrorumque
1269 2409 1488 2463 redolet
1516 2409 1725 2463 obiisse
1755 2409 1856 2463 de-

227 2501 402 2556 licias.
435 2501 728 2556 Secundus
763 2500 904 2555 odor
945 2503 1094 2568 tuus,
1125 2501 1269 2556 sicut
1307 2501 1453 2556 odor
1487 2501 1706 2568 Libani,
1748 2504 1855 2556 Do-

229 2594 429 2649 minici
463 2595 720 2665 corporis
751 2593 1162 2666 integritatem,
1202 2595 1470 2666 virgineae
1503 2595 1701 2650 ﬂorem
1737 2611 1854 2649 cas~

231 2687 407 2742 titatis
471 2687 712 2742 exhalat.
770 2688 981 2741 Favum
1034 2687 1224 2758 itaque
1289 2687 1468 2741 mellis
1530 2693 1626 2741 tua
1685 2703 1856 2758 Opera

1963 1942 2367 1997 misericordiae
2410 1943 2586 1998 mella
2615 1944 2968 2014 procedunt;
2997 1943 3055 1997 in
3099 1959 3198 1998 ore
3233 1943 3374 2013 justi
3405 1943 3592 1998 nullus

1963 2035 2145 2102 dolus,
2179 2035 2331 2090 nulla
2375 2035 2616 2102 fallacia,
2666 2036 2823 2091 nulla
2867 2041 2953 2090 est
2995 2035 3320 2091 amaritudo
3351 2036 3584 2107 peccati.

1963 2129 2132 2183 Audit
2173 2129 2417 2183 Ecclesia
2464 2130 2631 2184 verba
2661 2129 2823 2200 justi,
2868 2128 3026 2183 audit
3065 2129 3228 2200 plebs
3279 2128 3375 2182 Dei
3426 2127 3592 2183 verba

1961 2222 2246 2292 sapientis,
2276 2221 2595 2276 delectatur
2619 2222 2852 2293 alloquii
2885 2221 3182 2287 suavitate,
3214 2221 3448 2276 moralis
3475 2221 3589 2276 dis-

3355 2334 3383 2362 «
3409 2315 3589 2379 Quam

1962 2407 2150 2461 dulcia
2177 2407 2438 2461 faucibus
2460 2407 2602 2461 meis
2628 2407 2799 2462 verba
2827 2410 2945 2472 tua,
2977 2423 3149 2477 super
3176 2408 3292 2461 mel
3319 2411 3376 2460 et
3396 2407 3588 2462 favum

1959 2499 2040 2554 ori
2083 2516 2209 2554 meo
2254 2501 2422 2570 (Psul.
2469 2515 2656 2566 cxvru,
2705 2500 2854 2569 l03)!
2901 2523 2926 2548 ››
2969 2500 3109 2563 Quia
3148 2500 3262 2554 mel
3299 2515 3476 2570 apum
3516 2499 3587 2554 ad

1962 2594 2158 2647 horam
2205 2593 2470 2660 delectat,
2519 2593 2614 2647 sed
2652 2593 2762 2647 cito
2806 2609 2978 2663 sapor
3012 2592 3132 2663 ejus
3164 2590 3419 2665 1585
3458 2609 3586 2648 eva-

1959 2686 2158 2753 nescit,
2188 2689 2246 2740 et
2273 2687 2608 2758 plerumque
2636 2686 2851 2740 viscera
2879 2685 3076 2740 vitiosa
3104 2685 3390 2740 laeduntur
3423 2703 3436 2740 :
3469 2702 3590 2740 ver-

228 2784 598 2851 componant.
647 2781 800 2834 Odor
843 2781 1014 2834 etiam
1062 2779 1532 2835 vestimentorum
1581 2784 1664 2834 est
1715 2781 1859 2835 odor
1957 2779 2162 2834 borum
2203 2783 2392 2834 autem
2435 2780 2738 2834 moralium
2779 2779 2884 2834 etsi
2925 2784 3190 2849 pungunt
3231 2779 3425 2846 mella,
3473 2795 3584 2833 non

227 2879 460 2928 actuum
491 2877 814 2928 nostrorum
842 2875 972 2944 (98).
1010 2874 1262 2928 Admove
1303 2874 1478 2944 igitur
1516 2889 1721 2928 manus
1757 2891 1853 2928 na-

225 2967 386 3022 ribus
414 2967 546 3032 tuis,
579 2972 634 3021 et
673 2967 918 3023 odorem,
947 2972 1177 3021 actuum
1215 2971 1443 3021 tuorum
1478 2967 1761 3021 indefessa
1793 2983 1857 3021 ac

1958 2872 2193 2928 laedunt.

2028 2969 2116 3023 32.
2145 2967 2436 3038 Cognosce
2470 2971 2661 3022 tamen
2687 2967 2776 3020 cui
2807 2967 2907 3021 illa
2931 2965 3276 3034 credantur;
3306 2967 3584 3038 scriptum

227 3059 491 3131 pervigili
519 3060 810 3115 alacritate
841 3060 1050 3114 mentis
1079 3059 1334 3130 explora.
1360 3060 1614 3114 Mulcebit
1636 3063 1691 3114 te
1715 3060 1858 3116 odor
1877 3091 1931 3164 Ο
1957 3064 2043 3115 est
2087 3060 2242 3114 enim
2283 3077 2295 3114 :
2347 3079 2374 3111 α
2402 3062 2462 3114 ln
2504 3076 2700 3115 aurem
2747 3060 3072 3132 insipientis
3110 3059 3251 3114 nihil
3289 3059 3440 3115 dicas
3470 3077 3482 3113 :
3515 3076 3586 3114 ne

228 3154 486 3208 dexterae
538 3160 650 3208 tua;
677 3196 689 3220 ,
751 3158 807 3207 et
859 3154 1230 3224 fragrantiam
1283 3153 1706 3208 resurrectionis
1761 3160 1855 3208 tua
1886 3153 2182 3226 “quando
2229 3153 2465 3208 irrideat
2521 3154 2831 3225 prudentes
2877 3169 3172 3209 sermones
3217 3158 3346 3208 tuos
3385 3153 3584 3223 (Prov.,

229 3247 491 3302 membra
518 3247 872 3316 redolebunt,
909 3247 1206 3318 myrrham
1237 3246 1400 3317 digiti
1433 3247 1513 3300 tui
1544 3246 1852 3314 sudabunt,
1955 3263 2111 3315 χχιιι,
2139 3250 2214 3318 9).
2245 3269 2271 3296 ››
2301 3249 2534 3302 Evomet
2558 3247 2710 3302 enim
2734 3250 2790 3302 et
2819 3247 3036 3318 rejiciet
3062 3262 3391 3302 sermonem
3422 3250 3585 3302 tuum

226 3343 337 3396 hoc
377 3346 481 3409 est,
516 3357 662 3395 vera:
697 3341 830 3395 fidei
867 3340 1107 3411 gratiam
1143 3339 1421 3411 spiritalia
1457 3345 1614 3411 gesta
1649 3340 1851 3411 ﬂagra-
1957 3341 2179 3408 stultus,
2240 3341 2337 3412 qui
2385 3342 2507 3412 ejus
2558 3341 2770 3396 sentire
2822 3357 2941 3395 non
2998 3343 3186 3411 potest
3229 3339 3584 3395 suavitatem.

225 3436 390 3489 bunt.
433 3435 601 3506 Capis
635 3451 792 3505 ergo,
833 3434 1016 3505 virgo,
1063 3451 1133 3488 ex
1175 3433 1446 3488 interiore
1475 3439 1572 3488 tuo
1614 3449 1853 3504 corpore
1954 3433 2253 3498 Quomodo
2281 3436 2513 3505 possunt
2552 3433 2720 3489 verba
2749 3433 2844 3488 Dei
2875 3433 3059 3488 dulcia
3086 3448 3208 3488 esse
3241 3432 3299 3486 in
3326 3433 3585 3488 faucibus

229 3528 600 3598 voluptatem,
634 3529 694 3581 et
731 3527 852 3598 ipsa
889 3526 991 3580 tibi
1029 3525 1229 3593 dulcis,
1267 3525 1392 3597 ipsa
1421 3525 1523 3581 tibi
1559 3525 1743 3580 suavis
1772 3542 1851 3596 es,
1958 3527 2088 3594 tuis,
2120 3527 2179 3580 in
2220 3527 2424 3597 quibus
2463 3533 2547 3580 est
2588 3525 2912 3580 amaritudo
2945 3524 3260 3597 nequitias?
3289 3525 3587 3589 Quomodo

229 3623 351 3692 ipsa
375 3621 477 3675 tibi
508 3621 682 3692 (quod
711 3619 1072 3691 peccantibus
1106 3635 1257 3691 saepe
1287 3619 1589 3690 contingit)
1621 3636 1734 3673 non
1765 3619 1852 3673 in-
1956 3622 2060 3676 mel
2092 3626 2143 3676 et
2179 3621 2262 3674 lac
2304 3620 2401 3676 sub
2435 3621 2624 3689 lingua
2669 3625 2783 3682 tua,
2828 3635 2959 3673 cum
3005 3619 3202 3673 dolum
3247 3619 3447 3690 lingua
3491 3623 3587 3674 tua

227 3715 369 3786 cipis
398 3713 712 3785 displicere.
1956 3717 2265 3785 componat
2301 3730 2314 3767 :
2359 3716 2425 3767 ut
2473 3713 2625 3768 aliud
2666 3718 2896 3784 pectore
2941 3711 3251 3783 concipias,
3295 3711 3452 3766 aliud
3497 3713 3582 3766 fo-

301 3811 391 3862 30.
437 3807 614 3878 (Vers.
670 3808 774 3879 11.)
821 3807 930 3877 (99)
972 3809 1146 3862 Favus
1193 3807 1468 3862 distillans
1523 3807 1672 3861 labia
1727 3813 1853 3869 tua,
1959 3807 2111 3861 rensi
2159 3823 2420 3862 sermone
2465 3806 2808 3877 prastendas,
2850 3810 2911 3860 ut
2961 3805 3210 3877 decipias
3252 3804 3585 3860 incautum?

222 3918 446 3972 sponsa.
478 3901 686 3955 Favum
716 3900 908 3972 itaque
941 3900 1126 3954 mellis
1151 3905 1250 3954 tua
1279 3916 1455 3971 opera
1494 3906 1853 3971 componant,
1958 3901 2101 3956 Cum
2124 3900 2227 3956 tibi
2254 3901 2448 3954 Petrus
2472 3900 2756 3971 apostolus
2783 3899 2950 3967 dicat,
2981 3902 3043 3953 ut
3071 3898 3326 3969 deponas
3349 3914 3582 3953 omnem

225 3996 406 4066 digna
434 3995 589 4048 enim
624 3993 919 4064 virginitas
959 4009 1089 4064 quas
1129 3993 1329 4063 apibus
1368 3997 1751 4065 comparetur,
1780 3993 1856 4048 sic
1957 3993 2253 4061 malitiam,
2298 3997 2353 4047 et
2396 3993 2590 4048 fucum
2633 3991 3010 4048 simulationis
3046 3990 3301 4062 abjicias,
3344 3991 3579 4047 dicens:

225 4087 526 4152 laboriosa,
561 4087 637 4141 sic
679 4087 905 4157 pudica,
936 4087 1013 4140 sic
1052 4086 1392 4140 continens:
1444 4103 1568 4141 rore
1605 4086 1858 4157 pascitur
1961 4109 1988 4136 ‹‹
2029 4087 2185 4143 Sicut
2211 4087 2426 4142 dudum
2463 4086 2640 4158 geniti
2678 4086 2948 4154 infantes,
2979 4084 3344 4141 rationabiles
3372 4088 3431 4139 et
3460 4085 3586 4140 sine

225 4182 372 4254 apis,
405 4180 587 4235 nescit
622 4179 974 4247 concubitus,
1012 4181 1179 4235 mella
1217 4179 1526 4252 componit.
1556 4181 1668 4236 Bos
1712 4196 1854 4252 quo-
1958 4180 2108 4250 dolo,
2153 4182 2235 4235 lac
2277 4180 2660 4252 concupiscite
2704 4180 2743 4250 (l
2780 4183 2948 4243 Petr.,
2984 4195 3043 4246 ιι,
3090 4181 3165 4248 2).
3197 4199 3223 4227 »
3271 4178 3586 4234 Ostendens

224 4291 339 4347 que
381 4273 588 4345 virgini
629 4279 715 4329 est
758 4290 944 4328 sermo
985 4273 1230 4340 divinus,
1275 4273 1410 4345 quia
1448 4273 1590 4328 sicut
1638 4289 1726 4328 ros
1763 4273 1858 4329 Dei
1959 4273 2112 4328 enim
2144 4273 2306 4329 nobis
2336 4274 2473 4346 quid
2504 4274 2575 4328 sit
2612 4274 2724 4328 mel
2754 4279 2810 4328 et
2853 4274 2938 4328 lac
2967 4272 3180 4328 habere
3227 4271 3331 4327 sub
3367 4272 3583 4343 lingua,

224 4368 402 4424 verba
443 4367 822 4423 descendunt.
870 4367 1061 4422 Pudor
1110 4367 1346 4439 virginis
1400 4370 1486 4421 est
1520 4367 1858 4422 intemerata
1958 4368 2120 4422 docet
2148 4373 2206 4421 ut
2232 4384 2346 4422 non
2375 4367 2717 4422 maledicere
2746 4366 3238 4434 maledicentibus,
3268 4365 3366 4420 sed
3406 4365 3582 4419 bene-

225 4464 452 4528 natura,
493 4467 686 4533 partus
726 4460 961 4532 virginis
1000 4464 1087 4516 est
1128 4461 1276 4516 fetus
1319 4460 1624 4526 labiorum,
1656 4453 1935 4532 expersD
1960 4460 2267 4516 dictionem
2336 4459 2546 4514 referre
2601 4458 2962 4525 noverimus;
3017 4458 3339 4512 nesciamus
3401 4457 3584 4512 odisse

223 4554 642 4624 amaritudinis,
689 4555 889 4610 fertilis
933 4554 1224 4610 suavitatis
1271 4571 1283 4608 :
1333 4554 1392 4609 in
1441 4569 1750 4609 commune
1784 4554 1860 4608 la—
1958 4554 2063 4608 nisi
2112 4554 2264 4608 viam
2307 4551 2643 4624 iniquitatis,
2684 4557 2746 4606 ut
2781 4551 2967 4607 facere
3007 4551 3162 4623 quod
3203 4566 3584 4617 exsecramur,

226 4651 351 4718 bor,
386 4648 707 4703 communis
748 4652 834 4704 est
869 4649 1106 4704 fructus.
1148 4649 1328 4712 Quam
1371 4653 1428 4702 te
1469 4647 1639 4701 velim
1680 4646 1858 4702 ﬁliam

227 4742 593 4798 imitatricem
619 4758 738 4797 esse
759 4742 931 4813 hujus
955 4742 1213 4814 apicula},
1247 4741 1408 4812 cujus
1431 4739 1588 4795 cibus
1614 4740 1719 4795 ﬂos
1751 4744 1856 4807 est,

229 4854 325 4892 ore
369 4836 592 4892 soboles
630 4836 857 4908 legitur,
889 4852 986 4890 ore
1017 4835 1398 4906 componitur.
1439 4835 1594 4889 Hanc
1633 4834 1859 4889 imitare

230 4936 308 5000 tu,
339 4930 486 4998 ﬁlia;
516 4929 690 4985 verba
714 4933 811 4984 tua
841 4929 1061 4984 nullum
1091 4928 1206 4984 doli
1234 4927 1854 4996 velamen’oblendant,

227 5025 454 5079 nullum
496 5023 746 5078 habeant
795 5022 1010 5077 fraudis
1054 5022 1446 5090 involucrum;
1493 5024 1555 5074 ut
1600 5026 1656 5076 et
1703 5020 1856 5092 puri-

229 5123 408 5172 tatem
435 5116 702 5184 habeant,
743 5121 801 5171 et
843 5117 1015 5188 plena
1054 5115 1346 5188 gravitatis
1375 5115 1506 5169 sint.
1534 5114 1859 5170 Meritorum

228 5227 460 5284 quoque
514 5213 744 5266 tuorum
801 5209 902 5264 tibi
965 5214 1181 5264 aeterna
1244 5209 1539 5281 posteritas
1600 5212 1697 5264 tuo
1759 5225 1856 5263 ore

229 5305 505 5376 pariatur,
556 5320 660 5359 nec
709 5303 814 5358 soli
868 5303 992 5371 tibi,
1041 5303 1139 5358 sed
1191 5303 1365 5357 etiam
1419 5302 1672 5374 pluribus
1721 5319 1855 5356 con-

234 5413 459 5470 greges,
508 5397 646 5469 quid
691 5398 797 5451 scis
844 5397 999 5450 enim
1048 5395 1279 5468 quando
1329 5413 1362 5449 a
1410 5402 1466 5450 te
1521 5399 1620 5449 tua
1670 5395 1859 5449 anima

233 5496 583 5563 reposcatur,
640 5508 710 5545 ne
764 5489 1119 5562 receptacula
1167 5490 1501 5544 horreorum
1559 5487 1858 5543 frumentis

293 5633 384 5693 (96)
413 5633 477 5681 In
508 5631 645 5696 psal.
676 5641 876 5692 cxvm,
907 5642 1071 5680 serm.
1105 5630 1176 5689 ll,
1210 5642 1361 5678 num.
1398 5628 1471 5676 10.

297 5704 392 5762 (97)
416 5701 535 5753 Lib.
569 5715 586 5750 ι
610 5702 675 5752 de
709 5701 876 5766 νει-9.,
909 5714 1026 5765 cap.
1051 5701 1104 5760 7,
1135 5711 1288 5750 num.
1314 5699 1393 5749 39.

296 5774 389 5832 (98)
414 5772 532 5823 Lib.
561 5773 624 5821 de
657 5771 986 5836 Virginitata,
1008 5783 1127 5838 cap.
1156 5771 1235 5834 12,
1262 5783 1416 5820 num.
1451 5768 1526 5818 73.

1959 4647 2261 4702 reluctanti
2287 4662 2584 4700 caveamus
2613 4645 2836 4700 affectu.

2036 4743 2122 4796 33.
2174 4740 2352 4810 (Vers.
2413 4738 2523 4808 l2.)
2582 4739 2652 4810 (1)
2712 4742 2910 4795 Hortus
2952 4740 3230 4794 conclusus
3282 4754 3433 4794 soror
3471 4754 3586 4794 mea

1959 4849 2174 4904 sponsa,
2215 4834 2401 4888 hortus
2444 4833 2745 4895 conclusus,
2792 4835 2917 4899 fons
2958 4835 3226 4903 signatus.
3269 4834 3587 4886 Emissiones

1962 4933 2084 4989 tum,
2129 4931 2236 4982 etc.
2281 4927 2358 4980 Eo
2399 4926 2549 4998 quod
2601 4926 2661 4980 in
2704 4926 2880 4980 hortis
2924 4925 3203 4996 ejusmodi
3249 4925 3583 4995 impressam

1960 5019 2267 5092 signaculis
2310 5019 2621 5091 imaginem
2671 5018 2789 5086 Dei,
2837 5019 3042 5072 sinceri
3078 5017 3246 5072 fontis
3289 5017 3444 5071 unda
3489 5033 3582 5070 re-

1962 5113 2274 5185 splendeat,
2330 5129 2435 5166 nec
2481 5111 2790 5167 volutabris
2839 5111 3240 5183 spiritualium,
3276 5109 3584 5164 bestiarum

1961 5223 2151 5278 sparsa
2202 5221 2359 5260 emno
2408 5205 2621 5260 fluenta
2663 5205 2990 5259 turbentur.
3042 5203 3183 5258 Hinc
3233 5203 3328 5257 ille
3382 5203 3586 5256 murali

1961 5306 2151 5370 septus
2188 5298 2387 5370 spiritu
2427 5299 2613 5370 pudor
2653 5297 2955 5363 clauditur,
2982 5292 3057 5350 ne
3098 5299 3289 5367 pateat
3326 5295 3396 5349 ad
3440 5295 3584 5366 rapi-

1959 5409 2116 5448 nam.
2146 5395 2340 5465 Itaque
2378 5393 2522 5447 sicut
2559 5392 2761 5446 bortus
2795 5389 3017 5445 furibus
3049 5390 3382 5455 inaccessus,
3416 5389 3586 5443 vitem

1961 5487 2196 5557 redolet,
2235 5485 2444 5558 ﬂagrat
2479 5487 2690 5554 oleam,
2739 5499 2922 5538 rosam
2968 5481 3230 5537 renidet:
3273 5486 3338 5537 ut
3377 5483 3436 5536 in
3477 5482 3586 5536 vite

2020 5629 2122 5690 (99)
2147 5627 2266 5678 Lib.
2295 5641 2310 5677 ι
2341 5625 2403 5676 de
2446 5627 2605 5690 γίνῃ..
2632 5639 2751 5688 cap.
2779 5625 2827 5686 8,
2855 5636 3008 5673 num.
3034 5622 3114 5673 40.

2024 5699 2086 5761 (1)
2119 5697 2233 5749 Lib.
2264 5713 2279 5748 ι
2305 5697 2368 5746 de
2399 5697 2581 5760 Virgin
2609 5735 2620 5754 ,
2648 5709 2768 5761 cap.
2795 5697 2846 5753 8,
2871 5707 3026 5745 num.
3050 5695 3127 5746 45.
