4022 6176
503 312 640 362 2007

1634 304 1986 362 COMMENT.
2031 305 2099 360 ΙΝ
2139 304 2427 360 CANTICA
2464 303 2724 358 CANTIC.

3689 311 3803 364 2008

502 429 728 500 religio,
757 429 816 482 in
847 430 974 484 olea
1001 445 1127 500 pax,
1160 430 1219 484 in
1247 444 1384 484 rosa
1415 430 1602 501 pudor
1628 433 1861 484 sacratae
1889 428 2127 500 virgini-
2154 441 2212 512 Α
2233 444 2344 498 quo
2390 426 2777 498 principaliter
2821 425 3045 497 lignum
3091 425 3222 480 vitae
3261 427 3542 482 constituit
3580 428 3722 495 Deus,
3759 429 3804 483 id

506 523 641 578 tatis
669 521 960 578 inolescat.
988 522 1085 578 Hic
1122 526 1207 577 est
1237 523 1381 577 odor
1417 539 1590 594 quem
1615 523 1782 578 Jacob
1812 522 2133 592 patriarcha

507 615 789 688 ﬂagravit,
823 616 1049 687 quando
1091 617 1301 670 meruit
1339 617 1536 671 audire
1569 633 1582 670 :
1618 636 1646 666 (ι
1681 617 1820 670 Ecce
1865 616 2005 670 odor
2032 615 2132 669 ﬁlii

507 709 644 777 mei,
671 710 815 765 sicut
852 709 993 764 odor
1032 711 1157 780 agri
1194 710 1344 782 pleni
1375 709 1552 780 (Gen.,
1585 726 1751 777 xxvii,
1794 709 1902 780 27).
1940 731 1966 758 ν
1996 710 2132 762 Nam

511 804 642 859 licet
685 804 888 875 plenus
950 804 1218 858 omnibus
1281 804 1400 858 fere
1462 803 1739 858 fructibus
1800 804 2133 873 patriarcha:

512 896 689 952 sancti
717 896 889 952 fuerit
917 912 1074 967 ager,
1103 896 1197 950 ille
1232 902 1421 950 tamen
1457 896 1656 967 fruges
1681 896 1886 966 majori
1915 895 2137 950 virtutis

515 991 709 1045 labore
776 990 1098 1060 generavit,
1155 989 1244 1043 hic
1296 989 1485 1043 ﬂores.
1540 989 1848 1059 Accingere
1909 989 2134 1060 itaque,

515 1084 700 1154 virgo,
741 1086 798 1137 et
839 1083 885 1137 si
923 1083 1005 1136 vis
1047 1082 1380 1153 hujusmodi
1419 1082 1517 1136 tibi
1564 1089 1624 1135 ut
1663 1082 1863 1137 hortus
1905 1083 2134 1153 aspiret,

515 1177 867 1248 propheticis
893 1193 1025 1232 eum
1061 1175 1264 1230 claude
1297 1176 1617 1247 praeceptis.
1645 1177 1796 1230 Pone
1825 1175 2137 1230 custodiam

517 1271 601 1325 ori
635 1275 756 1338 tuo,
801 1275 856 1326 et
894 1269 1100 1324 ostium
1139 1269 1584 1324 circumstantiae
1618 1268 1778 1322 labiis
1812 1269 1944 1325 tuis.
1975 1269 2136 1341 (Psal.

506 1379 639 1430 CXL,
671 1367 746 1433 3).
782 1385 809 1413 ν

591 1459 677 1512 34.
711 1458 778 1526 (2)
823 1461 1026 1513 Hortus
1069 1458 1370 1520 conclusus,
1406 1472 1556 1512 soror
1593 1472 1709 1512 mea
1747 1473 1963 1527 sponsa,
2015 1459 2138 1510 hor-

520 1558 608 1605 tus
632 1551 932 1614 conclusus,
963 1553 1087 1617 fons
1119 1553 1402 1617 signatus;
1431 1552 1735 1606 emissiones
1778 1555 1886 1605 tua:
1905 1550 2140 1620 paradi-

513 1660 604 1700 sus
630 1646 898 1699 malorum
919 1647 1265 1714 punicorum,
1288 1658 1411 1698 cum
1436 1647 1626 1712 fructu
1645 1659 1928 1714 pomorum
1957 1645 2141 1712 Cypri.

2233 526 2336 588 est,
2401 520 2625 590 pietatis
2676 519 2946 574 radicem.
3006 520 3083 573 Ea
3131 523 3217 573 est
3269 519 3418 574 enim
3468 520 3590 576 vita:
3635 528 3810 577 nostra:

2234 613 2568 682 substantia,
2604 613 2649 667 si
2695 613 2932 666 Domino
2963 618 3018 667 et
3057 613 3168 667 Deo
3198 615 3390 667 nostro
3416 611 3656 686 1586
3682 615 3811 669 debi-

2235 712 2322 760 tos
2379 706 2564 760 cultus
2617 705 2960 760 deferamus.
3018 705 3324 761 Constituit
3378 705 3545 760 etiam
3598 707 3813 762 scientiae

2233 800 2372 854 boni
2423 805 2479 854 et
2532 800 2668 854 mali
2718 799 3124 866 seminarium;
3176 799 3346 853 homo
3396 799 3542 854 enim
3589 801 3722 854 solus
3767 801 3815 854 in

2237 894 2457 949 caeteris
2533 892 2922 947 animantibus
2991 892 3266 961 terrenis,
3329 891 3494 946 habet
3558 893 3817 948 scientiam

2237 988 2371 1042 boni
2419 991 2475 1041 et
2518 987 2668 1041 mali.
2717 985 2834 1040 Alia
2880 1001 3106 1057 quoque
3147 985 3260 1040 illic
3303 985 3576 1057 plantaria
3614 985 3817 1051 diversa,

2237 1097 2486 1152 quorum
2534 1081 2753 1135 fructus
2797 1079 3033 1134 virtutes
3083 1083 3233 1134 sunt.
3279 1079 3387 1134 Sed
3438 1079 3570 1150 quia
3607 1079 3822 1134 scientiae

2241 1191 2414 1245 capax
2463 1173 2712 1228 hominis
2755 1172 2985 1227 affectus
3029 1173 3289 1244 cognitus
3341 1177 3427 1227 est
3463 1188 3497 1226 a
3540 1173 3665 1240 Deo,
3697 1173 3822 1244 quod

2241 1267 2404 1323 citius
2430 1268 2500 1322 ad
2526 1266 2798 1322 astutiam
2832 1265 3229 1333 inclinaretur,
3259 1281 3436 1337 quam
3467 1265 3539 1320 ad
3570 1281 3824 1320 summum

2243 1361 2588 1432 prudentiae;
2635 1377 2825 1431 neque
2873 1376 3007 1414 eum
3047 1359 3306 1431 judicem
3358 1358 3457 1430 qui
3499 1359 3634 1413 fines
3671 1364 3826 1414 certos

2244 1454 2302 1508 in
2354 1455 2548 1509 anima
2601 1457 2795 1508 nostra
2846 1452 3172 1519 constituit,
3231 1452 3419 1524 operis
3479 1452 3564 1506 sui
3618 1452 3830 1523 qualitas

2243 1548 2421 1603 latere
2459 1550 2686 1619 poterat
2716 1563 2730 1600 :
2762 1547 3058 1602 eliminare
3093 1546 3270 1601 voluit
3292 1544 3561 1600 astutiam
3591 1545 3659 1600 de
3691 1560 3827 1615 para-

2248 1641 2389 1709 diso,
2423 1641 2582 1712 quasi
2622 1639 2895 1711 providus
2922 1645 3120 1695 auctor
3158 1645 3370 1695 nostra:
3407 1638 3620 1705 salutis,
3645 1643 3699 1693 et
3730 1637 3832 1691 vita

519 1737 804 1793 Laudatur
841 1737 1062 1807 Sponsa
1093 1753 1160 1792 eo
1201 1738 1354 1808 quod
1390 1737 1591 1792 hortus
1633 1739 1724 1806 sit,
1755 1736 1972 1791 habens
2002 1735 2059 1790 in
2088 1753 2147 1791 se
2167 1805 2206 1808 _
2251 1735 2506 1790 studium
2537 1739 2595 1788 et
2621 1733 2983 1805 disciplinam
3008 1733 3237 1805 pietatis
3266 1733 3591 1788 infundere.
3623 1731 3832 1802 ideoque

517 1831 756 1885 odorem
788 1805 910 1901 agri
942 1830 1088 1884 illius
1117 1805 1292 1900 pleni,
1323 1832 1391 1885 de
1416 1846 1529 1902 quo
1551 1830 1686 1884 dicit
1712 1805 1868 1884 lsaac
1898 1846 1911 1883 :
1944 1850 1971 1881 α
1997 1829 2148 1884 Odor
2167 1805 2224 1876 B
2250 1827 2529 1899 praecepit
2565 1827 2809 1895 homini,
2839 1827 2909 1880 ab
2939 1827 3100 1882 omni
3127 1827 3284 1898 ligno
3322 1825 3480 1898 quod
3518 1830 3599 1880 est
3623 1823 3677 1878 in
3702 1839 3837 1896 para-

519 1924 623 1980 ﬁlii
665 1923 799 1990 mei,
857 1926 1128 1993 tanquam
1184 1922 1330 1976 odor
1372 1923 1498 1993 agri
1553 1923 1704 1994 pleni
1751 1925 1924 1992 (Gem,
1978 1939 2144 1989 xxvu,

521 2018 631 2086 27).
666 2039 692 2064 ››
729 2016 882 2070 Bona
911 2031 1050 2086 ergo
1091 2015 1284 2069 anima
1318 2015 1540 2086 fragrat
1568 2015 1773 2070 odores
1792 2015 2048 2086 justitiaa.
2082 2017 2149 2069 Et

521 2110 756 2165 fortasse
798 2124 938 2179 ager
972 2113 1058 2163 est
1091 2108 1432 2178 patriarcha,
1474 2109 1672 2162 hortus
1711 2114 1796 2162 est
1835 2108 2029 2163 anima
2053 2109 2143 2162 in-

524 2201 746 2258 ferioris
796 2200 1062 2272 alicujus,
1123 2201 1283 2272 quasi
1337 2201 1460 2272 agri
1518 2202 1702 2272 portio
1759 2223 1769 2254 :
1825 2209 1883 2256 et
1944 2204 2148 2256 Hortus

521 2296 821 2357 conclusus,
861 2311 932 2348 ne
975 2294 1296 2348 incursetur
1335 2311 1368 2348 a
1403 2294 1640 2349 bestiis:
1684 2298 1742 2349 et
1783 2297 1919 2350 Fons
1960 2298 2145 2364 signa-

524 2394 641 2451 tus,
700 2405 828 2460 quae
887 2387 1214 2458 integritate
1270 2387 1548 2458 signaculi
1616 2389 2150 2459 perseverantiaque

524 2481 656 2538 ﬁdei
685 2480 917 2553 propria
949 2483 1174 2551 peccata
1202 2479 1447 2536 diluerit.
1479 2481 1621 2536 Nam
1656 2482 1754 2553 qui
1799 2481 1869 2536 de
1914 2481 2152 2536 Ecclesia

525 2574 825 2646 acceperit,
862 2574 1036 2629 habet
1072 2574 1227 2644 quod
1269 2574 1341 2629 ad
1380 2573 1721 2643 virginitatis
1767 2575 2014 2646 gratiam
2061 2591 2146 2630 re-

526 2669 676 2723 ferat
719 2685 731 2722 :
789 2683 856 2722 eo
907 2667 1060 2738 quod
1111 2666 1170 2720 in
1221 2667 1483 2737 paradiso
1534 2667 1925 2722 delectationis
1970 2668 2152 2738 posita

529 2761 647 2816 sine
678 2761 871 2815 labore
906 2760 1120 2814 fructus
1165 2759 1354 2831 capiat
1393 2759 1691 2831 spiritales,
1725 2765 1785 2814 ut
1819 2761 1870 2815 ei
1911 2761 2149 2832 patriar-

528 2855 764 2910 charum
810 2853 1017 2908 animae
1045 2852 1218 2907 rurali
1259 2853 1507 2924 quodam
1549 2854 1758 2909 animae
1803 2871 1918 2909 sua:
1957 2855 2152 2910 labore

528 2949 744 3004 fructus
792 2963 924 3002 suos
988 2945 1314 3014 conferant,
1370 2963 1482 3018 quo
1549 2947 1652 3002 ista
1714 2963 1919 3019 capere
1979 2948 2152 3019 possit

531 3043 872 3112 perpetuam
901 3038 1235 3094 suavitatem
1266 3056 1278 3092 :
1319 3055 1447 3110 qua:
1485 3041 1694 3095 merito
1731 3041 1859 3095 fons
1899 3041 2155 3110 signatus

530 3133 756 3201 dicitur,
787 3149 853 3189 eo
891 3132 1040 3204 quod
1073 3132 1261 3202 imago
1298 3131 1357 3186 in
1388 3131 1482 3187 illa
1513 3133 1610 3187 Dei
1641 3133 1934 3189 invisibilis
1967 3133 2152 3204 expri-

533 3230 740 3284 matur.

603 3322 690 3375 35.
722 3318 799 3391 (3)
828 3321 1028 3374 Hortus
1057 3319 1354 3381 conclusus,
1379 3333 1530 3373 soror
1555 3335 1675 3374 mea
1709 3335 1933 3388 sponsa,
1975 3322 2162 3375 hortus

533 3413 831 3475 conclusus,
857 3414 981 3479 fons
1010 3413 1278 3480 signatus.
1305 3412 1517 3466 Omnes
1547 3411 1805 3467 doctores
1841 3420 2163 3484 congruunt

531 3507 592 3562 in
632 3503 916 3578 paradiso,
945 3507 1004 3560 et
1049 3504 1270 3576 lignum
1313 3505 1442 3559 vitae
1483 3505 1794 3560 radicatum
1840 3514 1896 3561 et
1935 3507 2161 3576 lignum

533 3598 802 3666 scientiae,
835 3614 948 3669 quo
985 3597 1266 3653 discernat
1289 3597 1505 3652 bonum
1547 3603 1604 3653 et
1630 3599 1844 3654 malum
1877 3617 1890 3653 :
1925 3606 2157 3655 caetera-

535 3709 645 3765 que
669 3691 830 3762 ligna
853 3691 1021 3762 plena
1047 3690 1277 3762 vigoris,
1307 3691 1479 3762 plena
1504 3691 1914 3760 viviﬁcationis,
1944 3694 2164 3765 spiran-

538 3785 614 3841 tia
654 3790 713 3841 et
750 3784 1133 3840 rationabilia.
1165 3785 1239 3838 Ex
1272 3784 1479 3855 quibus
1516 3785 1800 3856 colligitur
1838 3787 2162 3857 paradisum

537 3881 726 3953 ipsum
762 3883 1053 3933 terrenum
1089 3877 1270 3932 videri
1309 3894 1496 3948 posse,
1539 3894 1656 3933 non
1694 3877 1752 3933 in
1793 3881 1913 3934 solo
1953 3879 2162 3951 aliquo,

538 3973 635 4028 sed
661 3973 722 4026 in
747 3975 944 4026 nostro
980 3970 1301 4042 principali,
1335 3988 1451 4042 quo
1491 3971 1784 4027 animatur
1822 3976 1881 4026 et
1920 3973 2162 4027 viviﬁca-

539 4073 631 4121 tur
673 4064 868 4120 anima
906 4063 1209 4118 virtutibus
1255 4069 1313 4118 et
1355 4064 1640 4119 infusione
1681 4065 1924 4136 Spiritus
1969 4067 2162 4122 sancti.

543 4159 794 4228 Denique
834 4156 1110 4212 Salomon
1151 4157 1212 4210 in
1239 4157 1441 4228 spiritu
1479 4158 1809 4229 paradisum
1845 4160 1902 4214 in
1932 4160 2167 4216 homine

541 4267 662 4307 esse
688 4249 978 4306 evidenter
1003 4249 1327 4304 declaravit.
1353 4252 1417 4305 Et
1443 4251 1578 4322 quia
1605 4252 1868 4322 mysteria
1899 4255 2168 4325 exprimit

541 4345 629 4402 vel
664 4345 871 4400 animm
909 4348 966 4398 et
1007 4343 1196 4411 Verbi,
1239 4343 1323 4397 vel
1357 4344 1563 4400 Christi
1603 4351 1659 4399 et
1695 4346 1994 4401 Ecclesiae:
2038 4347 2168 4404 ideo

540 4438 618 4494 ait
663 4438 734 4493 de
776 4436 998 4509 virgine
1043 4437 1234 4492 anima
1277 4437 1365 4491 vel
1415 4437 1678 4507 Ecclesia,
1725 4455 1896 4510 quam
1944 4441 2171 4496 volebat

2247 1921 2368 1976 diso
2408 1921 2772 1992 gustandum,
2815 1919 2885 1974 de
2922 1921 3080 1991 ligno
3117 1924 3307 1974 autem
3358 1918 3608 1974 scientiae
3641 1917 3763 1972 boni
3791 1922 3837 1970 et

2248 2015 2382 2069 mali
2442 2031 2554 2068 non
2618 2031 2741 2069 esse
2805 2013 3176 2085 gustandum.
3243 2013 3362 2068 Sed
3424 2012 3560 2084 quia
3619 2015 3837 2066 creatura

2250 2107 2434 2162 omnis
2495 2108 2744 2180 passioni
2803 2107 3048 2162 obnoxia
3097 2112 3213 2175 est,
3270 2107 3398 2162 ideo
3451 2105 3734 2161 delectatio
3780 2103 3836 2157 si-

2249 2204 2344 2254 cut
2403 2201 2734 2271 serpentino
2784 2201 2984 2270 illapsu
3046 2200 3320 2255 humanis
3375 2199 3601 2270 irrepsit
3657 2197 3838 2252 affecti-

2250 2294 2377 2348 bus.
2990 2299 2996 2308 ‘

2324 2391 2411 2442 37.
2451 2388 2641 2459 Itaque
2686 2403 2799 2442 non
2835 2387 3126 2442 immerito
3175 2391 3406 2442 sanctus
3445 2387 3655 2458 Moyses
3694 2384 3843 2439 delec-

2254 2481 2528 2537 tationem
2587 2480 2870 2551 serpentis
2924 2480 3192 2552 figuravit
3243 2479 3644 2545 similitudine;
3695 2492 3842 2549 prona

2254 2580 2340 2628 est
2381 2575 2533 2630 enim
2583 2575 2640 2628 in
2684 2579 2944 2629 ventrem
2995 2575 3138 2628 sicut
3181 2590 3438 2645 serpens,
3487 2590 3600 2629 non
3643 2571 3846 2644 pedibus

2253 2668 2543 2736 incedens,
2590 2674 2690 2722 aut
2736 2667 2866 2722 ullis
2923 2668 3139 2722 elevata
3185 2667 3475 2736 cruribus,
3515 2667 3610 2722 sed
3650 2665 3847 2720 sinuoso

2253 2761 2402 2816 flexu
2453 2761 2623 2816 totius
2680 2760 2828 2815 velut
2876 2760 3134 2830 corporis
3185 2759 3272 2814 sui
3333 2759 3572 2815 lubrica.
3613 2758 3674 2813 Ei
3724 2763 3847 2812 terra

2254 2853 2411 2908 cibus
2461 2857 2546 2908 est
2605 2853 2750 2908 sicut
2806 2853 3081 2923 serpenti,
3135 2852 3416 2924 quoniam
3468 2868 3652 2908 escam
3697 2848 3851 2905 nescit

2255 2946 2568 3014 caelestem;
2621 2946 3009 3018 corporalibus
3059 2945 3212 3001 enim
3264 2946 3554 3018 pascitur,
3602 2949 3760 3016 atque
3805 2943 3852 2997 in

2255 3040 2441 3095 varias
2492 3043 2747 3094 mutatur
2795 3039 3010 3110 species
3060 3039 3468 3110 cupiditatum,
3520 3044 3575 3094 et
3619 3037 3850 3093 tortuosis

2261 3134 2570 3203 angulatur
2591 3132 2952 3188 anfractibus.
2982 3133 3276 3186 Venenum
3310 3132 3378 3188 in
3407 3132 3666 3188 dentibus
3689 3130 3850 3192 habet,

2261 3225 2466 3297 quibus
2510 3226 2900 3298 unusquisque
2945 3242 3006 3280 se
3051 3226 3332 3281 eviscerat
3379 3226 3712 3291 luxuriosus,
3753 3221 3852 3278 hel-

2258 3319 2354 3373 luo
2393 3319 2731 3382 internecat,
2774 3318 3114 3390 abliguritor
3147 3318 3403 3389 perimit.
3442 3321 3690 3383 Quantos
3721 3332 3856 3387 rupe-

2260 3415 2396 3466 runt
2457 3412 2604 3479 vina,
2657 3411 2911 3467 dissolvit
2961 3411 3227 3480 ebrietas,
3277 3411 3562 3467 distendit
3612 3409 3851 3466 cruditas!

2260 3507 2420 3560 Nunc
2458 3505 2716 3577 intelligo
2759 3521 2870 3576 qua
2898 3521 3063 3560 causa
3086 3504 3368 3560 Dominus
3409 3508 3555 3562 Deus
3588 3502 3857 3560 insufflavit

2262 3599 2321 3653 in
2373 3599 2575 3654 faciem
2630 3599 2912 3668 hominis;
2961 3598 3041 3653 ibi
3093 3599 3248 3653 enim
3298 3616 3506 3654 sensus
3553 3615 3762 3665 omnes,
3796 3595 3855 3649 ibi

2265 3693 2427 3748 sedes
2469 3697 2639 3764 atque
2686 3691 2954 3747 illecebra
2994 3691 3412 3761 delectationis,
3451 3693 3512 3748 in
3553 3691 3736 3758 oculis,
3775 3705 3854 3743 au-

2265 3786 2442 3853 ribus,
2493 3785 2743 3852 naribus,
2791 3789 2966 3856 atque
3011 3784 3070 3839 in
3114 3801 3211 3840 ore
3257 3809 3267 3838 :
3316 3790 3386 3840 ut
3430 3803 3628 3842 sensus
3668 3789 3858 3840 ηοω-οδ

2266 3879 2534 3934 adversus
2564 3878 3000 3934 delectationem
3041 3878 3305 3934 fortiores
3336 3881 3572 3936 faceret.
3611 3882 3725 3935 Hec
3747 3892 3860 3947 ergo

2266 3972 2430 4026 nobis
2482 3972 2627 4027 sicut
2676 3988 2908 4044 serpens
2956 3973 3223 4028 astutiam
3277 3974 3527 4044 infudit;
3577 3990 3686 4028 non
3734 3971 3859 4026 enim

2267 4065 2586 4134 delectatio,
2638 4067 2733 4122 sed
2765 4066 2939 4138 labor
2982 4071 3040 4122 et
3096 4067 3366 4122 diuturna
3422 4068 3708 4125 meditatio
3755 4081 3861 4120 cum

2268 4159 2368 4214 Dei
2410 4160 2593 4231 gratia
2624 4159 2720 4215 dat
2759 4160 3069 4231 perfectam
3106 4161 3498 4232 prudentiam.
3525 4164 3726 4216 Tamen
3752 4158 3862 4230 quia

2269 4253 2546 4324 serpentis
2601 4253 2900 4308 fraudibus
2952 4255 3203 4309 involuta
3253 4260 3339 4310 est
3389 4256 3619 4311 humani
3671 4252 3864 4326 generis

2268 4346 2607 4415 haereditas,
2662 4346 2721 4400 in
2779 4363 2845 4401 eo
2896 4347 3161 4403 astutiam
3225 4349 3511 4419 serpentis
3564 4361 3862 4420 sequamur.

2270 4444 2338 4495 ut
2383 4445 2550 4510 caput
2596 4445 2854 4494 nostrum
2915 4457 3030 4495 non
3092 4441 3457 4513 projiciamus
3513 4443 3573 4497 in
3627 4440 3862 4513 pericula,

545 4532 823 4605 virginem
851 4536 1063 4587 castam
1087 4531 1376 4603 assignare
1403 4531 1627 4587 Christo
1661 4549 1675 4587 :
1703 4534 2003 4589 Paradisus
2027 4529 2248 4600 clau-D
2273 4535 2368 4589 sed
2425 4549 2542 4604 prie
2582 4534 2825 4588 caeteris
2887 4535 3182 4606 integrum
3233 4537 3619 4591 custodiamus
3663 4553 3675 4588 :
3724 4533 3867 4602 caput

541 4642 652 4688 sus,
679 4641 830 4681 soror
853 4641 973 4680 mea
994 4641 1213 4696 sponsa,
1240 4625 1540 4694 paradisus
1569 4627 1803 4690 clausus,
1832 4629 1960 4695 fons
1987 4630 2170 4696 signu-

546 4727 649 4774 ωε.
691 4718 988 4774 Paradisus
1031 4719 1242 4786 Graece,
1277 4719 1473 4774 Latine
1512 4718 1712 4774 hortus
1749 4720 1975 4776 dicitur.
2005 4723 2166 4777 Deni-

545 4829 657 4883 que
683 4812 942 4868 Susanna
972 4812 1031 4866 in
1059 4811 1326 4883 paradiso
1357 4817 1496 4880 erat,
1527 4815 1586 4866 et
1606 4813 1686 4868 sic
1712 4814 1926 4885 legitur
1950 4816 2168 4882 Latine,

544 4912 599 4962 et
624 4906 800 4962 Adam
827 4905 884 4960 in
919 4905 1185 4976 paradiso
1210 4909 1352 4972 erat,
1384 4910 1440 4960 et
1469 4906 1548 4960 sic
1577 4906 1846 4977 legimus.
1877 4908 2026 4978 Ergo
2055 4925 2170 4963 non

546 5006 600 5055 te
629 5004 850 5055 moveat
882 4999 1036 5071 quod
1064 4998 1162 5053 alii
1191 4999 1413 5054 codices
1453 4999 1638 5054 Latini
1669 5000 1897 5054 hortum
1933 5001 2169 5067 habent,

543 5094 637 5148 alii
665 5092 1016 5165 paradisum.
1045 5092 1128 5148 lbi
1152 5108 1290 5162 ergo
1312 5097 1396 5146 est
1415 5097 1567 5147 casta
1590 5109 1748 5160 uxor,
1784 5093 1876 5147 ubi
1907 5100 1962 5148 et
1989 5094 2169 5165 virgo.

547 5188 696 5241 Licet
733 5187 892 5257 virgo
931 5189 1169 5257 excepta
1206 5185 1418 5241 habeat
1458 5187 1703 5241 claustra
1740 5203 1843 5241 sua
1880 5193 1939 5242 et
1981 5188 2170 5259 signa-

543 5281 692 5350 cula,
724 5279 822 5336 sed
865 5283 1107 5351 utraque
1147 5279 1206 5333 in
1249 5279 1534 5350 paradiso,
1566 5283 1629 5334 ut
1662 5279 1964 5336 adversum
2006 5287 2175 5337 aestus

544 5375 798 5445 corporis
844 5379 898 5426 et
941 5373 1126 5427 carnis
1169 5373 1534 5442 ﬂagrantiam
1575 5373 1948 5444 refrigeretur
1991 5376 2170 5429 virtu-

545 5471 667 5521 tum
705 5467 1064 5522 umbraculis.

617 5563 702 5613 36.
758 5562 908 5631 Ergo
958 5560 1252 5631 paradisus
1314 5561 1372 5614 in
1431 5561 1727 5633 principali
1792 5567 1985 5617 nostro
2052 5567 2171 5631 cst,

546 5648 846 5704 silvesceris
898 5654 1278 5720 plurimarum
1334 5653 1670 5725 opinionum
1723 5655 2054 5724 plantariis,
2115 5657 2170 5710 in

615 5827 677 5887 {2)
707 5828 814 5876 Lib.
845 5830 909 5878 de
938 5831 1104 5886 Isaac.
1134 5849 1256 5900 cap.
1281 5839 1330 5892 5.
1355 5850 1507 5890 num.
1542 5841 1618 5894 48.

2272 4630 2466 4682 autem
2523 4633 2782 4682 nostrum
2825 4627 3080 4685 Christus
3133 4632 3237 4683 est.
3299 4630 3419 4684 Hoc
3469 4638 3698 4684 maneat
3740 4627 3866 4680 inco-

2271 4721 2446 4788 lume,
2487 4726 2548 4775 ut
2591 4721 2870 4792 serpentis
2908 4737 3126 4777 venena
3165 4722 3326 4777 nobis
3370 4740 3492 4778 non
3533 4721 3743 4794 possint
3778 4734 3861 4772 no-

2272 4831 2428 4880 cere;
2459 4815 2613 4870 bona
2644 4815 2802 4870 enim
2847 4819 2934 4870 est
2969 4815 3242 4887 sapientia
3285 4833 3420 4871 cum
3462 4815 3797 4877 hereditate,
3819 4809 3862 4863 id

2275 4913 2378 4978 est,
2420 4924 2546 4963 cum
2589 4908 2731 4977 fide;
2774 4909 3046 4979 quoniam
3087 4916 3174 4964 est
3208 4910 3510 4965 hereditas
3548 4906 3863 4964 credentium

2275 5000 2334 5054 in
2365 5001 2629 5056 Domino.

2345 5097 2431 5151 38.
2469 5095 2631 5159 Quod
2675 5096 2720 5149 si
2766 5096 2988 5166 primus
3019 5097 3214 5163 homo,
3243 5097 3340 5169 qui
3379 5113 3512 5152 cum
3555 5099 3659 5151 Deo
3697 5097 3860 5164 loque-

2273 5188 2443 5243 batur
2477 5188 2534 5243 in
2582 5190 2846 5259 paradiso
2887 5189 3124 5260 positus,
3172 5190 3284 5245 labi
3322 5194 3441 5246 tam
3495 5191 3651 5246 facile
3693 5184 3861 5260 potuit,

2274 5297 2344 5337 ex
2409 5286 2562 5336 terra
2616 5287 2839 5338 creatus
2889 5284 3146 5354 virgine,
3199 5301 3323 5356 quae
3372 5285 3442 5339 ad
3507 5283 3726 5339 verbum
3782 5275 3863 5331 Dei

2274 5376 2520 5430 formata
2561 5381 2620 5430 et
2663 5381 2851 5432 creata
2900 5379 3110 5432 recenti
3156 5379 3341 5433 fuerat
3389 5381 3606 5443 exortu,
3642 5372 3859 5429 nondum

2277 5485 2340 5522 ea
2391 5470 2711 5540 parricidali
2764 5473 3216 5543 caeterorumque
3267 5475 3526 5526 concreta
3587 5464 3858 5537 sanguine,

2274 5563 2506 5634 ﬂagitiis
2534 5569 2588 5619 et
2627 5565 2900 5620 dedecore
2942 5565 3183 5636 polluta,
3223 5565 3475 5620 nondum
3517 5578 3673 5617 carne
3697 5560 3861 5614 nostra

2277 5658 2542 5712 damnata
2593 5659 2892 5713 maledicto
2935 5659 3192 5714 obnoxias
3236 5658 3576 5715 haereditatis
3615 5672 3627 5709 :
3675 5654 3858 5725 quanto

2343 5843 2405 5906 (3)
2434 5841 2602 5907 Epist.
2640 5841 2709 5892 ad
2738 5842 3011 5896 Sabinum.
