3936 6158
188 274 306 329 2009

1180 266 1221 320 E
1258 265 1558 320 SCRIPTIS
1599 267 1651 317 S.
1693 264 2008 320 AMBROSII
2051 265 2462 322 COLLECTUS.

3360 273 3497 326 2010

184 395 366 452 facilius
414 397 612 461 postea,
653 388 872 443 lubrica
911 389 982 444 ad
1023 389 1370 460 peccandum
1418 389 1526 454 via,
1578 387 1762 457 majus
1785 389 1933 470 Atis
1975 389 2218 445 inﬂexus
2264 390 2602 461 emolliatur,
2651 397 2823 463 atque
2866 393 2922 446 in
2968 393 3088 463 ejus
3137 411 3336 449 omnes
3371 412 3488 448 am-

185 486 374 544 advexit
407 486 646 538 humano
679 481 878 552 generi
915 482 1322 554 praecipitium,
1358 498 1488 536 cum
1517 481 1764 536 deterior

183 577 506 638 tolerabiliori
563 592 665 648 per
729 576 878 630 vices
945 574 1336 647 generationis
1401 575 1759 630 successerit!

184 672 375 730 Etenim
419 671 463 725 si
490 672 780 740 magnetes
818 668 964 741 lapis
998 673 1209 725 tantam
1254 672 1474 723 natura:
1509 668 1624 722 vim
1660 669 1757 722 ha-

181 768 259 823 bet
301 770 354 820 ut
392 766 597 820 ferrum
641 765 712 818 ad
754 779 812 817 se
858 763 1064 830 trahat,
1110 766 1168 817 et
1202 763 1558 818 transfundat
1600 778 1657 816 se
1704 763 1762 816 in

180 860 304 917 illius
352 860 620 930 speciem;
666 857 745 911 ita
791 860 854 911 ut
903 857 1185 928 plerisque
1231 857 1485 928 experiri
1534 856 1762 910 volenti-

176 955 278 1020 bus,
304 969 421 1008 cum
458 952 646 1023 plures
687 951 931 1006 annulos
976 950 1188 1006 ferreos
1222 951 1295 1005 ad
1340 966 1472 1005 eum
1513 950 1760 1020 lapidem

174 1045 509 1112 admoverint,
556 1060 750 1099 omnes
797 1045 923 1116 pari
967 1049 1159 1099 teneat
1206 1043 1422 1099 modo:
1467 1043 1674 1098 deinde
1719 1043 1761 1097 si

173 1141 213 1195 ei
257 1139 453 1194 annulo
507 1138 596 1192 cui
643 1137 951 1192 adhaeserit
1005 1137 1176 1208 lapis,
1230 1137 1405 1192 alium
1458 1137 1762 1191 admoveas

171 1233 434 1300 annulum,
473 1236 529 1287 et
572 1247 801 1286 rursum
848 1247 952 1303 per
990 1231 1246 1287 ordinem
1290 1230 1528 1301 singulis
1565 1229 1760 1284 substi-

168 1331 289 1392 tuas,
319 1325 444 1380 licet
482 1325 540 1379 in
571 1341 773 1379 omnes
818 1327 1087 1396 penetret
1113 1340 1216 1395 per
1251 1323 1515 1378 ordinem
1557 1340 1624 1377 ex
1663 1323 1758 1376 illo

167 1419 327 1491 lapide
363 1418 442 1473 vis
472 1423 708 1485 naturae,
751 1424 949 1473 tamen
991 1417 1211 1489 priores
1253 1434 1402 1472 nexu
1449 1417 1756 1470 vehemen-

165 1513 283 1569 tiore
328 1511 686 1583 constringit,
743 1511 1085 1583 posteriores
1132 1511 1482 1578 remissiore,
1541 1513 1760 1582 quanto

167 1607 323 1678 magis
364 1605 602 1661 humani
646 1605 878 1676 generis
924 1604 1174 1660 conditio
1219 1608 1390 1675 atque
1435 1607 1659 1673 natura,
1695 1620 1758 1658 ex

163 1700 363 1771 puriore
391 1701 534 1753 statu
572 1699 632 1753 in
669 1698 1019 1753 deteriorem
1059 1698 1215 1769 lapsa
1253 1703 1359 1766 est,
1403 1703 1617 1768 quanto
1656 1713 1757 1751 ne-

163 1763 392 1865 quiorem
420 1791 644 1864 attigit!
675 1792 814 1846 Nam
844 1791 890 1845 si
915 1808 1020 1862 per
1038 1763 1134 1846 eas
1156 1763 1373 1861 species
1402 1763 1762 1845 imminuitur
1784 1763 1837 1833 B

164 1889 358 1955 natura,
387 1901 512 1957 qum
540 1902 656 1940 non
687 1889 820 1940 sunt
845 1886 1025 1956 culpa:
1051 1901 1302 1955 capaces,
1332 1889 1548 1956 quanto
1580 1883 1760 1954 magis

163 1995 246 2050 per
282 1979 494 2034 animos
541 1983 716 2050 atque
773 1982 928 2033 artus
975 1977 1106 2032 labe
1160 1978 1406 2048 pollutos
1460 1978 1756 2044 scelerum,

164 2073 312 2128 virtus
339 2074 454 2144 ejus
486 2073 823 2129 hebetatur!
855 2071 1012 2128 Unde
1050 2071 1186 2142 quia
1224 2071 1486 2126 vincente
1520 2071 1757 2138 malitia,

161 2165 341 2222 abolita
389 2167 722 2222 innocentia
768 2167 978 2232 fuerat,
1033 2181 1147 2219 non
1210 2168 1332 2219 erat
1391 2165 1490 2236 qui
1548 2167 1761 2220 faceret

160 2259 460 2327 bonitatem,
501 2277 624 2316 non
674 2265 799 2314 erat
838 2275 1017 2332 usque
1057 2259 1127 2313 ad
1171 2274 1369 2313 unum.
1416 2258 1577 2313 Venit
1620 2274 1758 2329 ergo

161 2354 419 2421 Dominus,
449 2354 547 2426 qui
589 2353 926 2409 reformaret
959 2356 1179 2407 natura:
1211 2352 1476 2424 gratiam,
1515 2351 1630 2406 imo
1658 2369 1754 2406 au-

162 2450 320 2516 geret;
351 2451 408 2501 ut
434 2447 529 2502 ubi
560 2446 1050 2518 superabundavit
1076 2451 1393 2517 peccatum,
1415 2445 1761 2517 superabun-

162 2539 296 2594 daret
322 2542 520 2612 gratia.

217 2636 292 2688 39.
335 2634 482 2704 Ergo
527 2635 715 2705 liquet
757 2635 892 2705 quia
941 2639 1140 2688 auctor
1189 2633 1438 2687 hominis
1485 2634 1654 2698 Deus,
1704 2637 1762 2686 et

159 2728 286 2798 quod
332 2745 474 2783 unus
527 2729 701 2795 Deus,
765 2743 881 2782 non
937 2727 1101 2782 multi
1157 2726 1257 2792 dii,
1308 2726 1404 2781 sed
1457 2743 1602 2780 unus
1663 2725 1759 2796 qui

161 2821 407 2876 mundum
435 2823 707 2892 operatus
741 2826 846 2887 est,
879 2824 938 2874 et
974 2836 1176 2886 unum,
1209 2836 1320 2874 non
1357 2819 1563 2874 multos
1593 2835 1756 2872 mun-

160 2915 257 2982 dos,
289 2918 344 2969 ut
381 2915 583 2971 dicunt
623 2914 971 2985 philosophi.
1007 2914 1264 2970 Primum
1303 2929 1440 2984 ergo
1483 2912 1760 2967 mundum

160 3008 367 3074 creavit,
435 3007 650 3064 deinde
711 3007 1091 3062 habitatorem
1155 3005 1392 3072 mundi,
1457 3006 1549 3060 cui
1612 3008 1761 3060 totus

160 3101 374 3157 mundus
418 3102 610 3173 patria
656 3101 803 3156 foret
846 3118 859 3154 :
913 3117 1052 3155 nam
1100 3101 1146 3154 si
1202 3099 1374 3155 hodie
1422 3115 1837 3200 quocunqueC

161 3196 418 3251 accesserit
474 3195 733 3267 sapiens,
789 3194 998 3266 ubique
1054 3193 1190 3248 civis
1244 3199 1348 3260 est,
1408 3193 1615 3265 ubique
1665 3209 1762 3247 sua

159 3287 412 3360 intelligit,
442 3303 734 3359 nusquam
771 3304 829 3341 se
875 3287 1266 3358 peregrinum,
1306 3302 1588 3357 nusquam
1625 3286 1758 3340 hos-

159 3381 304 3450 pitem
343 3381 595 3453 judicat,
651 3386 860 3453 quanto
913 3381 1092 3451 magis
1158 3381 1251 3435 ille
1305 3381 1522 3451 primus
1587 3381 1762 3434 homo

158 3475 304 3529 totius
354 3475 560 3531 mundi
615 3480 736 3530 erat
780 3474 980 3541 incola,
1042 3479 1118 3542 et,
1173 3479 1233 3528 ut
1288 3474 1479 3528 Grece
1532 3473 1759 3536 dicitur,

160 3569 560 3640 cosmopolites,
616 3568 713 3622 Dei
767 3582 964 3621 recens
1021 3564 1273 3639 1587
1335 3565 1760 3632 confabulator,

159 3660 387 3717 assiduus
419 3662 558 3717 civis
588 3660 950 3715 sanctorum!
985 3660 1400 3731 complantatus
1440 3659 1759 3727 virtutibus,

162 3757 463 3825 praepositus
490 3754 762 3810 omnibus
791 3753 1038 3809 terrenis
1065 3753 1475 3819 animantibus,
1506 3752 1760 3819 marinis,

161 3848 466 3918 volatilibus,
526 3851 716 3903 totum
781 3848 1062 3902 mundum
1129 3863 1291 3901 suam
1354 3846 1763 3917 possessionem

160 3941 384 4010 putabat,
427 3958 607 4013 quem
656 3940 925 3996 Dominus
965 3939 1233 3995 tuebatur
1281 3942 1346 3994 ut
1395 3956 1535 4010 opus
1575 3955 1760 4003 suum,

159 4049 319 4105 neque
373 4041 434 4090 ut
487 4036 674 4090 bonus
727 4050 934 4106 parens
982 4037 1154 4105 atque
1200 4039 1398 4089 auctor
1445 4032 1760 4088 deserebat.

159 4125 378 4199 Denique
441 4144 695 4199 eousque
761 4130 1014 4182 creatum
1077 4127 1248 4194 fovit,
1317 4130 1377 4180 ut
1440 4125 1762 4180 abdicatum

161 4221 458 4290 redimeret,
512 4221 880 4277 eliminatum
936 4219 1234 4292 reciperet,
1287 4222 1576 4274 mortuum
1632 4235 1761 4290 pas-

158 4313 290 4370 sione
327 4316 426 4372 ﬁlii
469 4317 558 4371 sui
604 4314 887 4388 unigeniti
929 4313 1308 4370 resuscitaret.
1344 4314 1439 4368 Est
1479 4330 1616 4384 ergo
1660 4312 1761 4366 ho-

161 4407 306 4463 minis
343 4413 540 4464 auctor
573 4412 742 4478 Deus,
782 4412 838 4462 et
879 4407 1070 4479 diligit
1111 4424 1253 4479 opus
1298 4423 1466 4461 suum
1507 4409 1767 4477 operator

1866 483 2061 553 plexus
2090 484 2420 552 resolvatur,
2450 488 2507 539 et
2529 485 2750 540 fontem
2777 485 2899 555 ejus
2925 487 3163 556 aperiat,
3194 489 3292 558 qui
3324 488 3494 543 debet

1863 593 1985 631 esse
2012 578 2234 632 clausus
2263 583 2318 632 et
2345 581 2539 648 septus
2572 578 2910 633 intentionis
2937 579 3124 634 studio
3151 585 3210 634 et
3233 582 3487 637 conside-

1864 671 2080 726 ratione
2105 672 2339 726 rationis
2367 690 2381 726 :
2419 674 2620 727 Hortus
2649 674 2792 726 enim
2815 673 3049 735 clausus,
3075 675 3198 740 fons
3222 676 3488 741 signatus.

1863 763 2156 834 Namque,
2217 765 2461 819 resoluto
2524 765 2734 819 mentis
2795 781 2996 833 sensu,
3053 782 3113 820 se
3176 768 3492 836 corporales

1865 856 2269 912 delectationes
2317 857 2622 913 effundunt
2680 858 3016 930 perniciosa:
3071 859 3262 926 nimis,
3323 865 3379 914 et
3432 861 3490 913 in

1865 951 2253 1020 appetentiam
2303 952 2529 1021 plenam
2583 952 2765 1023 gravis
2819 952 3054 1023 periculi
3107 953 3491 1023 proﬂuentes;

1865 1060 2005 1115 quas
2031 1044 2074 1098 si
2111 1045 2318 1099 mentis
2349 1045 2546 1100 vividae
2577 1045 2932 1101 considerata
2971 1047 3272 1101 mansisset
3299 1049 3488 1103 custo-

1864 1137 1982 1203 dia,
2013 1137 2378 1192 refrenasset.

1933 1232 2020 1284 41.
2064 1231 2239 1300 (Vers.
2283 1236 2335 1298 3,
2383 1232 2454 1301 4.)
2494 1233 2562 1302 (5)
2603 1234 2949 1296 Emissiones,
2991 1233 3195 1304 inquit,
3241 1241 3349 1288 tuae
3383 1250 3488 1303 pa-

1862 1326 2078 1379 radisus
2121 1327 2390 1380 malo-rum
2428 1329 2750 1396 punicorum
2794 1343 2915 1380 cum
2952 1343 3236 1396 pomorum
3281 1330 3489 1395 fructu.

1863 1419 2028 1488 Cypri
2065 1433 2185 1472 cum
2228 1419 2424 1480 nardo,
2472 1420 2679 1474 nardus
2724 1427 2775 1474 et
2820 1435 3022 1481 crocus,
3058 1422 3247 1488 ﬁstula
3289 1426 3340 1474 et
3373 1425 3489 1474 cin-

1863 1527 2172 1566 namomum
2218 1528 2334 1566 cum
2388 1514 2653 1568 universis
2701 1515 2864 1582 lignis
2913 1513 3131 1576 Libani,
3175 1515 3402 1582 myrrha
3443 1522 3491 1568 et

1861 1605 1978 1658 aloe
2043 1620 2161 1658 cum
2229 1606 2472 1660 omnibus
2533 1609 2729 1675 primis
2794 1608 3100 1675 unguentis.
3170 1606 3492 1661 Laudantur

1862 1713 2102 1751 munera
2139 1698 2346 1753 animae
2387 1715 2517 1770 quas
2559 1700 2728 1754 missa
2760 1704 2893 1753 sunt
2935 1717 2965 1752 a
3006 1700 3244 1770 Sponso,
3286 1699 3489 1770 quibus

1863 1791 2054 1844 dotata
2120 1791 2382 1846 veniebat
2448 1793 2581 1862 (Deo
2647 1797 2840 1847 autem
2909 1793 3016 1863 pia:
3080 1793 3289 1848 animae
3357 1793 3492 1848 boni

1861 1883 2057 1938 odores
2097 1889 2269 1955 sunt),
2309 1886 2559 1956 myrrha,
2594 1887 2739 1954 aloe,
2778 1902 2976 1940 crocus
3016 1890 3076 1940 et
3112 1886 3237 1952 alia,
3283 1887 3488 1958 quibus

1860 1978 2035 2048 spirat
2073 1978 2375 2034 hortorum
2415 1979 2619 2050 gratia,
2665 1983 2722 2033 et
2759 1983 3117 2050 peccatorum
3166 1980 3311 2034 fetor
3357 1980 3487 2034 abo-

1861 2071 2026 2124 letur.
2072 2074 2267 2142 Itaque
2313 2076 2469 2127 tanto
2511 2089 2706 2128 secura
2749 2074 3055 2144 praeconio,
3090 2073 3494 2144 conquiescere

1859 2164 2184 2235 aquilonem
2229 2182 2461 2236 gravem
2509 2171 2741 2221 ventum
2789 2166 2948 2237 petit,
2994 2183 3065 2221 ne
3100 2167 3274 2221 ﬂores
3315 2166 3491 2220 discu-

1861 2257 1965 2312 tiat
2009 2274 2020 2312 :
2076 2259 2290 2328 spirare
2337 2264 2628 2325 austrum,
2678 2260 2782 2314 hoc
2835 2265 2949 2328 est,
3009 2261 3163 2314 velut
3219 2261 3492 2331 hyemem

1863 2352 2172 2420 prmterire,
2219 2356 2275 2406 et
2319 2352 2596 2406 mollioris
2634 2353 2804 2406 ﬂatus
2848 2369 3084 2408 vernare
3127 2353 3488 2424 temperiem.

1862 2444 2066 2499 Invitat
2136 2445 2420 2515 Sponsum
2500 2445 2557 2499 in
2634 2446 2866 2500 hortum
2933 2463 3139 2512 suum,
3203 2445 3496 2500 descendit

1861 2553 2118 2609 sponsus,
2168 2543 2225 2592 et
2267 2539 2558 2593 fructuum
2609 2539 2729 2608 ejus
2782 2539 3111 2594 diversitate
3162 2539 3488 2605 delectatus,

1859 2631 2083 2685 laetatur
2111 2632 2262 2702 quod
2295 2631 2581 2686 invenerit
2623 2632 2922 2687 fortiorem
2968 2632 3180 2700 cibum,
3211 2633 3492 2687 invenerit

1861 2725 2035 2780 etiam
2079 2725 2415 2780 dulciorem.
2468 2727 2560 2780 Est
2615 2726 2769 2780 enim
2830 2725 2984 2781 velut
3038 2725 3200 2797 panis
3252 2724 3496 2797 quidam-

1862 2818 2028 2872 Verbi
2073 2823 2129 2873 et
2177 2819 2312 2886 mel,
2358 2818 2501 2874 alius
2549 2820 2964 2887 vehementior,
3014 2821 3159 2874 alius
3207 2819 3492 2874 suasorius

1862 2927 2066 2966 sermo.
2122 2913 2213 2966 Est
2272 2916 2329 2966 et
2389 2912 2530 2967 ﬁdes
2581 2913 2694 2968 alia
2743 2913 3086 2980 ferventior,
3148 2919 3208 2968 ut
3263 2913 3490 2977 vinum,

1861 3005 1974 3060 alia
2029 3006 2290 3070 lucidior,
2347 3012 2410 3060 ut
2458 3022 2656 3060 succus
2715 3010 2803 3060 est
2852 3007 3033 3060 lactis.
3093 3008 3249 3062 Hunc
3298 3006 3490 3060 cibum

1862 3099 2119 3155 Christus
2169 3101 2431 3171 epulatur
2489 3099 2548 3153 in
2606 3099 2790 3166 nobis,
2847 3101 2957 3154 hoc
3011 3101 3284 3171 p0pulum
3328 3099 3492 3164 bibit,

1865 3197 1923 3247 et
1969 3192 2091 3263 ejus
2129 3199 2299 3264 potus
2343 3192 2622 3247 ebrietate
2670 3209 2770 3247 nos
2818 3199 3107 3264 provocat,
3151 3197 3216 3247 ut
3256 3193 3328 3247 ad
3375 3208 3491 3247 me-

1864 3285 2002 3340 liora
2059 3290 2114 3341 et
2164 3287 2379 3357 optima
2431 3286 2500 3340 ab
2553 3286 2919 3341 inferioribus
2976 3287 3247 3342 faciamus
3299 3303 3489 3340 exces-

1865 3395 2013 3433 sum.

1937 3475 2022 3526 42.
2087 3472 2337 3526 Audiens
2404 3473 2522 3526 haec
2585 3473 2777 3527 anima
2843 3473 3024 3528 hausit
3087 3473 3493 3545 mysteriorum

1864 3565 2200 3620 ebrietatem
2231 3565 2561 3632 caelestium,
2603 3571 2660 3620 et
2697 3567 2850 3621 velut
2893 3571 3156 3637 soporata
3193 3584 3225 3621 a
3255 3567 3406 3634 vino,
3439 3571 3495 3620 et

1863 3658 2022 3730 quasi
2068 3659 2127 3712 in
2161 3674 2391 3712 excessu
2433 3659 2518 3712 vel
2559 3664 2787 3729 stupore
2835 3659 3038 3730 posita,
3077 3658 3215 3713 dicit
3256 3677 3268 3712 :
3313 3682 3341 3710 «
3374 3661 3491 3731 Ego

1866 3752 2104 3819 dormio,
2143 3757 2200 3806 et
2243 3768 2339 3805 cor
2385 3767 2576 3806 meum
2617 3752 2813 3824 vigilat
2848 3753 3046 3823 (Cant,
3078 3769 3132 3819 v,
3177 3753 3252 3823 ρ).
3283 3776 3309 3801 ››
3351 3753 3491 3807 Tum

1866 3846 2030 3900 Verbi
2060 3845 2359 3915 prmsentis
2379 3845 2598 3899 lumine
2626 3861 2913 3917 percussa,
2943 3846 3213 3900 excitatur
3234 3862 3267 3899 a
3293 3845 3490 3900 Verbo.

1865 3940 2106 4004 Quartus
2143 3943 2336 3993 autem
2377 3939 2468 3994 hic
2505 3955 2802 4010 processus
2843 3943 2927 3994 est
2967 3939 3190 3994 animai.
3237 3939 3490 3994 Primum

1868 4032 2077 4088 etenim
2121 4033 2410 4088 charitatis
2451 4033 2778 4104 impatiens,
2825 4037 2882 4088 et
2925 4033 3090 4088 Verbi
3141 4049 3330 4087 moras
3380 4050 3492 4088 non

1867 4126 2080 4192 ferens,
2138 4126 2374 4197 rogabat
2425 4131 2488 4181 ut
2535 4126 2727 4181 oscula
2781 4133 3120 4196 mereretur,
3174 4133 3229 4182 et
3286 4127 3496 4181 meruit

1867 4218 2251 4274 desideratum
2296 4220 2507 4275 videre.
2559 4219 2821 4276 Secundo
2872 4221 3191 4276 introducta
3235 4220 3292 4275 in
3338 4221 3492 4275 cubi-

1869 4313 2059 4366 culum
2119 4313 2288 4385 regis,
2347 4331 2476 4368 cum
2535 4317 2735 4368 mutua
2793 4314 3057 4368 misceret
3105 4315 3384 4386 alloquia,
3439 4315 3494 4368 in

1865 4405 2072 4461 umbra
2112 4407 2234 4478 ejus
2273 4406 2573 4477 requievit,
2619 4412 2675 4460 et
2711 4407 2902 4461 subito
2934 4407 2988 4462 ei
3018 4407 3266 4461 Verbum
3305 4407 3493 4462 medio
3583 4480 3589 4489 Ι

160 4500 337 4572 bonus,
378 4520 481 4559 nec
527 4503 874 4574 derelinquit
917 4502 1104 4557 bonus
1151 4507 1333 4572 pater,
1380 4517 1551 4572 quem
1593 4491 1845 4563 etiamD
1869 4515 2137 4554 sermone
2164 4500 2452 4554 discessit:
2486 4500 2764 4571 quaerenti
2792 4503 2984 4554 tamen
3016 4516 3131 4554 non
3165 4499 3259 4554 diu
3292 4501 3494 4567 abfuit,

161 4595 284 4650 sicut
315 4597 469 4653 dives
499 4595 918 4670 paterfamilias
944 4612 1115 4651 censu
1144 4595 1391 4666 proprias
1423 4593 1766 4650 hereditatis

165 4689 398 4746 redemit.

221 4783 298 4838 40.
335 4787 642 4842 Caveamus
687 4800 824 4856 ergo
872 4799 944 4838 ne
987 4783 1284 4838 hominem
1329 4782 1521 4850 istum,
1563 4780 1618 4835 id
1661 4783 1765 4846 est,

161 4881 268 4943 νοῦν,
313 4879 517 4935 mulier
562 4878 681 4946 illa,
726 4877 785 4931 id
830 4879 934 4944 est,
984 4876 1188 4948 passio,
1231 4890 1504 4929 sensuum
1552 4878 1769 4928 nostro-

164 4983 272 5024 rum
296 4971 674 5027 delectatione
701 4972 760 5026 et
794 4969 913 5041 ipsa
943 4968 1182 5040 decepta
1222 4970 1392 5038 atque
1429 4966 1589 5020 illusa
1629 4965 1765 5020 eﬂ'e-

164 5063 339 5132 minet,
371 5069 430 5120 et
457 5063 958 5135 circumscriptum
993 5063 1052 5117 in
1086 5062 1239 5133 leges
1269 5075 1397 5114 suas
1437 5063 1496 5113 et
1528 5063 1766 5114 ‘senten-

166 5153 281 5210 tiam
305 5159 512 5213 trahat.
545 5158 852 5229 Fugiamus
887 5155 1324 5211 delectationem
1361 5153 1506 5208 sicut
1533 5169 1766 5224 serpen-

165 5252 280 5315 tem,
325 5253 539 5306 multas
584 5256 732 5307 artes
775 5250 951 5306 habet
997 5252 1055 5303 et
1107 5248 1350 5304 maxime
1398 5248 1456 5301 in
1509 5246 1766 5302 homine.

168 5340 285 5397 Nam
343 5345 454 5400 alia
528 5345 844 5400 animantia
913 5343 1024 5398 cibi
1093 5341 1358 5397 aviditate
1427 5341 1768 5412 capiuntur,

167 5434 320 5492 homo
357 5439 586 5511 quando
617 5440 809 5510 plures
849 5453 1048 5492 sensus
1086 5436 1382 5492 oculorum
1427 5435 1769 5505 auriumque

171 5526 334 5598 habet,
375 5537 536 5588 tanto
584 5534 805 5604 majora
850 5531 1097 5603 pericula
1135 5528 1228 5601 (4).
1278 5531 1472 5600 Itaque
1516 5545 1651 5583 cave
1697 5545 1768 5583 ne

169 5619 309 5691 vigor
335 5625 542 5681 mentis
569 5629 701 5694 tuae,
729 5625 876 5680 coitu
905 5624 1152 5696 quodam
1184 5637 1471 5692 corporeae
1501 5621 1764 5692 volupta-

223 5744 278 5804 (ι)
308 5745 420 5796 Lib.
443 5746 509 5796 de
531 5749 703 5808 Isaac,
736 5760 860 5812 cap.
894 5748 940 5808 1,
968 5759 1122 5796 num.
1155 5744 1206 5794 2.

1868 4593 1967 4646 sed
1995 4593 2204 4646 saliens
2232 4609 2401 4664 supra
2432 4597 2656 4648 montes
2687 4599 2742 4647 et
2771 4593 3092 4649 transiliens
3128 4610 3304 4665 super
3327 4595 3498 4650 colles

1867 4685 2116 4740 advenit.
2159 4686 2270 4740 Nec
2309 4686 2489 4740 multo
2533 4691 2659 4757 post
2703 4687 2864 4757 quasi
2907 4687 3202 4759 capreolus
3243 4691 3341 4743 aut
3377 4705 3496 4744 cer-

1869 4795 2069 4833 vorum
2111 4777 2460 4845 hinniculus,
2504 4779 2642 4833 dum
2689 4779 2897 4835 affatur
2933 4781 3218 4848 dilectam,
3258 4782 3501 4836 exsilivit

1869 4875 1926 4926 et
1969 4871 2222 4944 reliquit.
2266 4872 2455 4928 Tertio
2507 4889 2637 4927 cum
2683 4873 2742 4927 in
2786 4873 2957 4928 cubili
3002 4878 3058 4928 ct
3112 4874 3392 4941 noctibus,
3440 4875 3495 4929 in

1870 4964 2091 5020 civitate
2135 4971 2190 5020 et
2233 4965 2376 5032 foro,
2416 4965 2474 5020 in
2513 4966 2713 5037 plateis
2761 4967 3063 5039 quaesitum
3113 4985 3226 5022 non
3267 4968 3497 5039 reperit,

1871 5064 1926 5114 et
1951 5058 2254 5130 aliquando
2286 5060 2640 5114 orationibus
2667 5061 2781 5115 suis
2811 5061 2999 5132 gratia
3029 5065 3385 5132 quazrentem
3417 5079 3502 5116 re-

1872 5152 2102 5218 vocavit,
2130 5153 2275 5207 adeo
2314 5153 2488 5207 etiam
2529 5158 2591 5208 ut
2624 5154 2860 5226 propius
2895 5158 3187 5208 vocaretur
3212 5171 3245 5208 a
3273 5172 3500 5226 sponso.

1873 5244 2086 5309 Quarto
2116 5245 2236 5317 ipsa
2256 5247 2382 5316 jam
2413 5246 2703 5302 dormiens
2734 5247 2803 5302 ab
2830 5248 2950 5319 ipso
2980 5248 3280 5315 excitatur,
3311 5266 3502 5321 quam-

1871 5339 1952 5392 vis
1991 5339 2157 5394 corde
2210 5340 2490 5412 vigilaret,
2547 5347 2606 5395 ut
2657 5340 2923 5396 continuo
2975 5358 3177 5397 vocem
3223 5344 3504 5415 pulsantis

1869 5432 2124 5501 audiret;
2175 5434 2270 5488 sed
2312 5450 2536 5489 moram
2582 5450 2760 5506 passa,
2803 5434 2938 5489 dum
2986 5436 3167 5507 surgit
3205 5437 3364 5508 (quia
3410 5454 3500 5492 ve-

1871 5526 2160 5581 locitatem
2207 5527 2370 5582 Verbi
2419 5545 2529 5581 non
2572 5527 2758 5598 potuit
2796 5530 3331 5601 comprehendere),
3368 5532 3504 5586 dum

1871 5619 2060 5691 aperit
2098 5621 2328 5682 ostium,
2373 5621 2632 5675 transivit
2672 5621 2940 5690 Verbum,
2981 5627 3037 5679 et
3079 5623 3199 5698 ipsa
3238 5625 3414 5680 exivit
3446 5626 3502 5682 in

227 5815 280 5875 κδ)
317 5816 425 5866 Lib.
469 5817 534 5868 de
567 5821 738 5880 Isaac,
781 5832 898 5883 cap.
943 5819 991 5880 5,
1026 5829 1181 5870 num.
1224 5817 1304 5877 48,
1338 5817 1418 5878 49,
1469 5820 1520 5868 et
1567 5828 1686 5880 cap.
1719 5816 1770 5879 6,
1807 5826 1961 5864 num.
1993 5813 2070 5862 50.
