3936 6158
497 273 623 327 '20“

1628 284 1968 342 COMMENT.
2013 286 2080 342 IN
2122 287 2408 343 CANTICA
2448 289 2705 346 CANTIC.

3650 310 3751 366 2012

495 393 662 448 verbo
707 397 849 468 ejus,
901 404 955 454 et
1001 417 1100 472 per
1145 403 1380 460 vulnera
1431 407 1804 478 requisitum,
1855 411 1955 465 sed
2001 413 2116 465 vul-
2144 411 2357 496 Aritas
2387 416 2490 483 est,
2523 413 2600 469 ibi
2643 414 2889 486 impetus
2934 432 3178 490 magnus
3222 419 3496 477 descendit
3527 427 3754 488 aLibano.

491 502 630 543 nera
686 491 1005 559 charitatis,
1058 497 1150 551 vix
1205 499 1434 554 tandem
1489 500 1736 569 invenit,
1788 510 1840 557 et
1898 507 2114 574 tenuit,

493 584 553 634 ut
581 590 774 652 postea
804 602 921 641 non
948 590 1258 646 amitteret.
1289 593 1366 648 Ad
1396 610 1678 650 summam
1706 597 1827 650 haec
1854 614 2118 670 compen-

492 673 647 730 dioso
690 693 956 736 sermone
1006 684 1331 755 perstrinxi,
1381 703 1532 742 nunc
1583 689 1949 745 discutiamus
1998 693 2112 748 sin-

497 770 647 837 gula.

563 865 651 918 i3.
691 864 868 934 (Vere.
922 870 1022 939 15.)
1067 872 1140 942 (6)
1188 875 1324 928 Fons
1368 877 1664 940 hortorum,
1705 883 1897 948 puteus
1937 895 2112 951 aqua-

489 971 606 1012 rum
633 960 947 1024 viventium,
977 980 1099 1033 qua:
1132 968 1310 1034 ﬂuunt
1343 970 1546 1039 impetu
1577 971 1642 1025 de
1683 973 1898 1028 Libano.
1932 975 2114 1029 Habes

492 1050 611 1104 haec
666 1053 725 1106 in
773 1055 1103 1125 Salomone,
1149 1061 1276 1130 quia
1332 1062 1631 1118 Proverbia
1681 1065 1803 1136 ejus
1850 1069 2110 1136 moralia,

493 1143 846 1202 Ecclesiastes
883 1151 1178 1217 naturalis,
1212 1153 1267 1206 in
1305 1169 1418 1224 quo
1460 1158 1624 1227 quasi
1654 1158 1925 1216 vanitates
1952 1162 2112 1218 istius

489 1235 732 1309 despicit
768 1242 990 1309 mundi,
1019 1245 1250 1315 mystica
1289 1251 1420 1302 sunt
1445 1250 1565 1320 ejus
1595 1252 1826 1308 Cantica
1853 1253 2110 1330 1588

487 1331 867 1388 canticorum.
922 1336 1102 1391 Habes
1151 1344 1207 1394 et
1249 1340 1307 1395 in
1359 1343 1637 1414 prepheta
1687 1363 1700 1400 :
1753 1367 1779 1394 «
1821 1347 2109 1405 Seminate

489 1423 644 1478 vobis
686 1427 754 1480 ad
797 1428 1101 1497 justitiam,
1152 1433 1502 1491 vindemiate
1551 1438 1621 1492 ad
1670 1439 1919 1496 fructum
1961 1444 2107 1514 vitae,

487 1516 804 1574 illuminate
849 1523 1006 1577 vobis
1047 1525 1245 1581 lumen
1289 1530 1631 1600 cognitionis
1666 1532 1830 1604 (Osee,
1859 1551 1914 1605 x,
1951 1540 2046 1602 l2;
2080 1559 2107 1586 ››

487 1609 592 1664 hoc
639 1617 724 1667 est
759 1614 910 1670 enim
954 1618 1148 1673 lumen
1183 1622 1544 1694 cognitionis,
1575 1625 1788 1682 habere
1819 1628 2111 1686 charitatis

2287 507 2374 560 47.
2417 507 2493 561 Ne
2529 507 2665 578 quid
2703 513 2892 564 autem
2934 515 3182 578 moveat,
3227 512 3374 582 quod
3417 520 3465 568 et
3503 522 3694 588 puteum
3716 533 3757 579 et

2217 598 2433 654 fontem
2487 601 2754 656 eumdem
2807 603 2966 669 dixit,
3017 604 3186 658 etiam
3231 607 3572 678 Evangelium
3609 619 3653 669 te
3694 616 3759 671 in-

2219 696 2416 762 struat,
2451 695 2511 748 in
2554 711 2668 766 quo
2710 699 2982 767 scriptum
3022 704 3148 754 est:
3181 720 3210 748 «
3236 700 3377 764 Quia
3411 704 3549 758 venit
3570 707 3761 766 Jesusin

2216 785 2499 842 civitatem
2538 788 2829 857 Samarite,
2861 807 2990 862 qua:
3027 791 3233 847 dicitur
3260 793 3466 862 Sichar,
3491 797 3629 865 juxta
3649 817 3764 872 prie-

2216 878 2370 933 dium
2416 882 2570 952 quod
2609 882 2764 936 dedit
2792 883 2961 938 Jacob
2995 886 3205 956 Ioseph
3243 886 3358 941 filio
3397 903 3489 942 suo
3517 893 3685 958 (Joan.,
3709 913 3764 960 iv,

2216 972 2288 1042 5).
2321 994 2346 1022 n
2390 974 2523 1027 Erat
2565 978 2754 1030 autem
2804 975 2882 1030 ibi
2922 976 3052 1032 fons
3096 979 3270 1033 Iacob
3313 996 3326 1034 :
3380 1003 3405 1029 α
3434 983 3494 1037 Et
3529 983 3767 1056 fatigatus,

2213 1065 2416 1137 inquit,
2449 1068 2683 1123 sedebat
2718 1069 2795 1123 sic
2821 1085 2990 1142 super
3022 1077 3257 1142 puteum
3301 1075 3478 1140 (Ibid.
3505 1078 3571 1146 6).
3599 1099 3622 1126 ι»
3646 1080 3769 1137 Unde

2213 1159 2282 1213 ad
2313 1161 2604 1230 mysticam
2638 1161 2953 1218 doctrinam
2983 1165 3132 1218 hunc
3163 1167 3363 1222 referri
3395 1173 3607 1238 puteum
3635 1173 3772 1227 etiam

2213 1251 2287 1306 ibi
2318 1248 2735 1324 cegnoscimus,
2781 1256 2914 1327 quia
2957 1256 3034 1311 ibi
3079 1258 3431 1316 Samaritana
3468 1261 3574 1329 illa,
3604 1264 3652 1318 id
3690 1273 3770 1334 est,

2211 1349 2396 1401 custos
2459 1348 2663 1418 (custos
2733 1355 2922 1404 autem
3002 1351 3310 1407 ccelestium
3390 1360 3776 1428 praeceptorum)

2213 1439 2398 1494 hausit
2439 1441 2507 1496 de
2549 1446 2717 1512 puteo
2763 1442 2856 1497 illo
2905 1444 3097 1499 divina
3145 1447 3433 1517 mysteria,
3479 1465 3776 1520 cognoscens

2212 1533 2343 1603 quia
2395 1535 2539 1589 Deus
2590 1535 2817 1606 spiritus
2868 1541 2972 1605 est,
3017 1543 3073 1592 et
3117 1555 3230 1593 non
3269 1539 3327 1593 in
3378 1541 3493 1595 loco
3537 1542 3778 1607 adoratur,

2212 1627 2306 1681 sed
2337 1627 2392 1681 in
2431 1628 2668 1698 Spiritu,
2698 1635 2754 1682 et
2797 1631 2932 1701 quia
2970 1632 3191 1686 Messias
3228 1633 3398 1702 venit,
3439 1635 3530 1706 qui
3573 1636 3782 1691 Christus

485 1704 914 1771 perfectionem.
963 1712 1208 1784 Ideoque
1255 1715 1468 1771 dictum
1519 1722 1605 1773 est
1648 1737 1658 1774 :
1710 1742 1737 1769 ‹‹
1779 1722 1857 1777 Ne
1905 1724 2176 1798 timeas“
2211 1725 2310 1774 est.
2360 1719 2575 1784 Quibus
2619 1722 2825 1777 auditis
2871 1724 3076 1778 mulier
3119 1725 3215 1779 illa
3264 1742 3392 1798 quia
3437 1704 3663 1797 speciem
3705 1729 3780 1782 Ec-

482 1797 683 1862 (Joan.,
725 1817 818 1870 xu,
855 1803 967 1874 l5);
1008 1827 1032 1851 η

484 1888 638 1946 foras
660 1894 697 1961 (l
723 1897 904 1957 Joan.,
931 1913 1003 1964 Iv,
1038 1901 1144 1968 18).

553 1984 641 2039 44.
702 1987 773 2040 Ut
826 2004 1233 2060 cognoscamus
1288 2001 1480 2051 autem
1534 2001 1669 2069 quia
1717 2001 1982 2058 Salomon
2027 2005 2106 2059 ita

480 2077 582 2130 bos
622 2078 1031 2151 interpretatus
1076 2091 1160 2140 est
1203 2092 1317 2142 tres
1367 2094 1593 2160 puteos,
1639 2110 1782 2165 quos
1825 2096 1968 2151 fodit
2013 2101 2102 2153 Ja-

480 2170 581 2223 cob
612 2187 623 2224 :
657 2177 716 2226 ut
756 2173 828 2227 ad
869 2177 1151 2232 moralem
1190 2180 1511 2238 doctrinam
1543 2191 1600 2240 et
1640 2190 1966 2244 naturalem
2010 2208 2100 2246 re-

479 2263 653 2318 ferret
693 2269 750 2320 et
781 2269 1096 2339 mysticam,
1139 2273 1197 2327 in
1236 2275 1472 2347 singulis
1507 2278 1666 2334 libris
1694 2281 1830 2351 suis,
1866 2299 2008 2354 quos
2034 2286 2103 2340 de

477 2357 785 2414 moralibus
822 2367 879 2415 et
914 2367 1261 2421 naturalibus
1293 2370 1379 2423 vel
1422 2372 1669 2442 mysticis
1712 2376 1952 2447 scripsit,
1999 2396 2098 2450 po-

474 2449 586 2503 suit
614 2450 718 2506 hos
755 2459 974 2524 puteos.
1022 2460 1155 2513 Nam
1208 2465 1265 2514 et
1304 2463 1360 2516 in
1405 2465 1741 2534 Proverbiis,
1770 2485 1901 2524 cum
1929 2471 2099 2526 decli-

476 2543 728 2598 nandam
770 2549 1012 2618 speciem
1054 2551 1269 2608 diceret
1312 2558 1594 2612 saecularis
1633 2560 1930 2631 illecebrae,
1975 2564 2096 2620 ait:

477 2654 504 2684 α
546 2637 678 2692 Bibe
708 2655 916 2712 aquam
952 2644 1019 2698 de
1063 2646 1172 2700 tuis
1208 2649 1369 2718 vasis,
1412 2655 1469 2705 et
1510 2652 1578 2706 de
1620 2659 1925 2724 puteorum
1971 2664 2097 2714 tuo-

1073 1807 1317 1862 Charitas
1357 1811 1511 1866 enim
1555 1813 1817 1868 timorem
1861 1789 2184 1873 excluditB
2209 1813 2397 1868 etesiae
2449 1816 2618 1885 gerit,
2664 1815 2811 1886 legis
2850 1821 3204 1872 sacramenta
3247 1789 3509 1889 cognovit
3549 1826 3600 1876 et
3635 1821 3784 1875 credi-

2211 1907 2311 1962 dit.

2277 2001 2363 2054 48.
2396 2000 2470 2070 (7)
2501 2003 2639 2058 Fons
2668 2003 2968 2066 hortorum,
2991 2010 3189 2075 puteus
3216 2021 3488 2076 aquarum
3514 2009 3786 2069 viventium,

2207 2100 2257 2148 et
2287 2097 2514 2164 impetus
2547 2096 2872 2152 descendens
2900 2114 2934 2152 a
2962 2099 3187 2154 Libano.
3221 2099 3332 2154 Hos
3361 2100 3600 2171 impetus
3636 2101 3785 2155 Eccle-

2207 2186 2289 2241 sia
2330 2187 2563 2242 deduxit
2602 2206 2635 2242 a
2675 2189 2910 2258 Libano,
2960 2191 3065 2246 hoc
3103 2192 3322 2262 impetu
3370 2193 3657 2248 diluuntur
3687 2210 3789 2264 pec-

2204 2283 2344 2349 cata,
2374 2281 2480 2336 hoc
2508 2281 2729 2353 impetu
2760 2282 2888 2354 puri
2916 2284 3090 2338 fontis
3115 2285 3364 2357 Spiritus
3389 2286 3567 2340 sancti
3593 2286 3785 2340 adfuita

2205 2373 2416 2428 Libano
2443 2375 2684 2446 Sponsa,
2714 2380 2773 2431 et
2803 2393 2836 2431 a
2874 2377 3155 2449 principio
3185 2377 3322 2433 ﬁdei
3352 2379 3611 2433 transivit
3646 2395 3792 2434 sacu-

2203 2465 2340 2533 lum,
2374 2471 2428 2522 et
2451 2469 2812 2538 pertransivit
2852 2469 2924 2524 ad
2949 2486 3216 2542 regnum.
3247 2471 3392 2526 Aliis
3425 2473 3550 2526 fons
3574 2475 3670 2539 est,
3695 2471 3794 2526 aliis

2201 2565 2402 2631 puteus
2432 2577 2535 2631 pro
2561 2568 2725 2632 captu
2755 2566 2948 2618 nostro
2985 2564 3166 2634 gratia
3191 2564 3466 2635 spiritalis
3499 2582 3512 2619 :
3543 2565 3660 2620 aliis
3685 2565 3796 2619 hor-

2200 2657 2291 2708 tus
2318 2655 2560 2726 clausus,
2586 2656 2713 2710 fons
2747 2656 3019 2727 signatus,
3051 2657 3176 2712 aliis
3203 2657 3516 2714 hortorum
3545 2659 3684 2728 fons,
3722 2658 3796 2729 qui

477 2747 603 2785 rum
653 2733 942 2805 fontibus,
993 2743 1049 2792 et
1101 2743 1457 2813 superﬂuant
1511 2746 1609 2801 tibi
1664 2765 1825 2820 aqua:
1879 2751 1946 2806 de
2003 2757 2098 2809 tuo
2199 2747 2259 2800 in
2291 2748 2547 2802 Ecclesiae
2579 2749 2708 2804 dote
2746 2755 3082 2805 numeratur
3113 2767 3125 2804 :
3162 2751 3287 2805 aliis
3318 2752 3570 2824 impetus
3599 2751 3799 2806 descen-

476 2823 630 2880 fonte
672 2826 876 2897 (Prov.,
919 2847 972 2898 v,
1018 2834 1121 2905 15).
1166 2855 1192 2882 ι)
1237 2837 1302 2890 Et
1343 2838 1531 2894 infra:
1585 2842 1726 2896 Fons
1772 2859 1936 2915 aquae.
1985 2853 2098 2902 tua;
2200 2841 2338 2894 dens
2383 2858 2414 2894 a
2460 2841 2686 2910 Libano,
2716 2848 2773 2897 et
2811 2859 3056 2914 magnus
3096 2843 3346 2915 impetus
3395 2823 3496 2917 qui
3540 2859 3798 2916 nunquam

473 2917 543 2971 git
573 2919 674 2973 tibi
716 2924 996 2994 proprius,
1025 2930 1078 2981 et
1101 2927 1418 2998 jucundam
1462 2950 1590 2987 cum
1634 2951 1812 2990 uxore
1859 2955 1984 3009 quae
2028 2941 2097 2994 ab
2201 2933 2404 2989 deﬁcit.
2441 2935 2560 2989 Non
2601 2936 2755 2990 enim
2798 2936 3067 2991 deﬁciunt
3106 2938 3176 2993 de
3212 2942 3383 3009 petra
3418 2940 3619 3006 ubera,
3649 2952 3802 3009 neque

475 3011 860 3070 adolescentia
907 3024 1004 3072 tua
1050 3021 1235 3087 (Ibid.,
1287 3026 1408 3093 18);
1461 3051 1484 3072 ι»
1529 3044 1594 3080 eo
1643 3031 1794 3099 quod
1834 3031 2098 3087 adversus
2198 3026 2289 3081 nix
2320 3044 2353 3082 a
2381 3028 2611 3095 Libano,
2643 3045 2826 3100 neque
2857 3045 3006 3101 aqua
3049 3047 3177 3100 quas
3219 3032 3411 3088 fertur
3453 3033 3636 3087 valido
3660 3033 3801 3084 vento

472 3108 823 3162 tentamenta
857 3113 1055 3166 mundi
1098 3117 1412 3171 remedium
1454 3120 1617 3174 nobis
1657 3139 1791 3178 vera
1827 3126 2097 3195 sapientia
2119 3149 2173 3220 Ο
2199 3121 2404 3192 virgini
2429 3123 2760 3177 Jerusalem.

475 3197 538 3220 -ll
596 3200 803 3220 ll-_,ls,
1127 3207 1142 3220 ι
1224 3213 1234 3220 .
1279 3209 1289 3219 ο
1575 3214 1586 3220 .
1736 3216 1746 3220 -
2282 3216 2327 3220 _,
2391 3216 2421 3220 _
2620 3216 2658 3220 _-
2730 3216 2740 3220 -

473 3197 560 3251 sit.
595 3200 811 3255 Moralis
836 3220 1065 3276 quoque
1111 3207 1370 3266 doctrina
1399 3228 1528 3283 quae
1572 3214 1886 3286 imaginem
1928 3237 2094 3275 mun-

2272 3216 2360 3269 49.
2391 3216 2687 3270 Descendit
2727 3216 2969 3287 impetus
3008 3233 3040 3272 a
3087 3218 3323 3286 Libano,
3358 3220 3590 3292 quando
3629 3218 3801 3272 collec-

473 3289 636 3346 dauee
669 3294 975 3366 voluptatis
1000 3301 1330 3356 meretriciis
1359 3305 1701 3375 quibusdam
1731 3310 1926 3367 illitam
1957 3313 2098 3369 fucis
2203 3308 2270 3362 tis
2298 3308 2355 3363 in
2389 3325 2561 3363 unum
2595 3310 2862 3380 apostolis
2901 3316 2956 3365 et
2980 3312 3239 3382 pluribus
3282 3289 3679 3379 credentibus,
3711 3310 3803 3364 iac-

474 3381 690 3455 irriguo
743 3404 842 3442 suo
893 3389 1093 3460 diluat,
1145 3397 1200 3447 et
1255 3396 1466 3453 ﬂuento
1523 3402 1607 3455 sui
1663 3403 1829 3459 fontis
1881 3407 2094 3463 abster-
2199 3407 2288 3456 tus
2330 3409 2413 3456 est
2452 3403 2634 3458 subito
2678 3403 2748 3457 de
2788 3405 2928 3459 caelo
2976 3421 3165 3475 sonus,
3197 3409 3482 3479 tanquam
3529 3407 3582 3459 vi
3626 3419 3806 3473 magna

475 3485 587 3548 δεῖ·
2199 3495 2428 3566 spiritus
2476 3496 2751 3562 ferretur,
2808 3500 2865 3551 et
2913 3499 3114 3568 repleti
3177 3503 3316 3554 sunt
3369 3516 3574 3555 omnes
3620 3497 3807 3570 Spiritu

543 3575 629 3628 45.
673 3577 746 3630 De
786 3580 1137 3635 naturalibus
1174 3600 1398 3656 quoque
1445 3587 1617 3642 habes
1664 3590 1721 3645 in
1767 3593 2095 3651 Ecclesiaste
2199 3593 2392 3644 sancto
2427 3590 2778 3644 ἀὶνθΐείῐᾶῐθε
2815 3590 3804 3694 donantejinsuarufn(Act-{1132'

469 3666 658 3737 ipsum
685 3686 696 3722 :
725 3692 750 3719 ‹‹
777 3672 900 3726 Feci
924 3673 1060 3729 mihi
1086 3677 1325 3747 piscinas
1345 3696 1619 3752 aquarum
1647 3684 1716 3739 ad
1739 3685 2096 3758 irrigandum
2196 3683 2270 3753 4).
2323 3684 2503 3738 Bonus
2546 3683 2792 3755 impetus
2832 3685 2932 3754 qui
2979 3684 3186 3740 laedere
3231 3686 3484 3757 nesciat,
3537 3687 3682 3786 norit
3721 3701 3804 3786 un-

474 3776 533 3786 Α..
565 3762 650 3786 L1-
691 3765 884 3786 _-IA_____
945 3785 952 3786 ,
984 3785 1032 3786 κη
1105 3769 1116 3779 ο
1245 3776 1254 3786 .
1393 3775 1456 3786 Ι-
1523 3777 1536 3786 .
1745 3781 1777 3786 _.
1900 3782 1940 3786 __
2235 3778 2249 3786 .
2408 3777 2458 3786 _.
2573 3777 2582 3786 .
2645 3778 2656 3786 .
2706 3777 2737 3786 ..
3051 3779 3061 3786 .
3212 3785 3216 3786 ,

470 3776 534 3815 ex
565 3762 652 3816 his
688 3765 892 3820 saltum
933 3769 1354 3838 germinantem
1388 3775 1606 3845 (Eccle.,
1639 3795 1695 3846 η,
1734 3781 1804 3850 6).
1837 3801 1864 3830 ι)
1899 3782 2092 3853 Neque
2196 3778 2371 3847 plere.
2406 3777 2463 3832 Si
2490 3777 2614 3849 quis
2641 3777 2818 3848 igitur
2856 3794 3008 3833 nunc
3046 3779 3334 3882 impetum
3372 3779 3806 3882 super-venientis

468 3860 521 3911 te
551 3862 775 3913 moveat
805 3861 960 3932 quod
1001 3879 1105 3934 pro
1138 3868 1312 3935 puteo
1356 3868 1596 3939 piscinas
1629 3873 1835 3942 posuit,
1877 3874 2012 3945 quia
2039 3880 2096 3930 et
2196 3887 2224 3924 e
2271 3871 2407 3925 cmlo
2453 3871 2651 3942 gratias
2702 3872 2820 3925 vult
2859 3871 3085 3941 mereri,
3133 3873 3454 3930 descendat
3495 3874 3667 3929 etiam
3709 3873 3805 3944 ipse

466 3949 677 4021 Moyses
703 3957 938 4022 puteum
982 3956 1293 4012 latitudinis
1324 3959 1489 4022 dixit.
1530 3979 1594 4017 eo
1634 3966 1788 4036 quod
1821 3983 1854 4021 a
1881 3967 2089 4023 sollici-
2195 3964 2370 4019 oculis
2414 3963 2472 4019 in
2527 3965 2799 4019 decursus
2849 3982 3146 4035 aquarum.
3203 3968 3312 4032 Qui
3366 3969 3526 4022 hunc
3579 3969 3805 4039 primum

469 4043 659 4098 tudine
702 4047 858 4100 omni
897 4051 953 4102 et
1013 4052 1289 4122 angustiis
1345 4055 1602 4125 solvitur,
1654 4060 1752 4128 qui
1809 4060 2089 4116 mundum
2190 4058 2470 4129 impetum
2515 4058 2744 4127 fuderit,
2785 4059 2946 4113 illum
2988 4060 3318 4115 merebitur.
3364 4061 3668 4158 Descendit
3691 4074 3806 4158 ocu-

466 4135 619 4189 hunc
643 4137 737 4207 pia
770 4145 960 4195 mente
999 4146 1430 4200 transcenderit.
1463 4149 1585 4203 Non
1630 4150 1924 4206 immerito
1953 4171 2090 4226 ergo
2190 4151 2260 4205 lis
2302 4152 2418 4206 suis
2463 4151 2524 4206 in
2563 4152 2662 4205 hos
2711 4152 2914 4206 ductus
2955 4168 3254 4223 aquarum,
3289 4171 3430 4226 quas
3467 4154 3731 4225 lacrymis
3763 4166 3808 4203 in

467 4228 706 4297 piscinas
745 4231 917 4286 habet
954 4235 1334 4306 Ecclesiastes,
1364 4241 1460 4311 qui
1493 4241 1631 4295 vidit
1658 4245 1874 4299 nullam
1905 4247 2086 4302 abun-

463 4319 713 4378 dantiam
749 4341 867 4379 esse
910 4327 1012 4382 sub
1040 4329 1190 4395 sole;
1223 4331 1323 4386 sed
1354 4333 1395 4386 si
1443 4334 1568 4405 quis
1608 4335 1901 4394 abundare
1936 4341 2085 4409 velit,

467 4414 523 4468 in
549 4415 770 4473 Christo
803 4420 1073 4477 abundet.

2191 4245 2491 4316 Evangelio
2528 4244 2732 4316 rigavit
2773 4245 2992 4299 Domini
3043 4247 3216 4317 pedes
3253 4250 3438 4317 (Luc.,
3483 4265 3579 4317 vu,
3624 4246 3728 4315 38),
3763 4247 3811 4343 et

2191 4338 2318 4392 ideo
2358 4338 2489 4393 tidei
2527 4354 2645 4392 suae
2685 4338 2872 4409 pretio
2915 4339 3055 4394 emit
3091 4339 3302 4395 animm
3347 4357 3474 4397 sum
3517 4346 3576 4396 et
3612 4338 3811 4409 corpori

2189 4432 2506 4499 sanitatem,
2540 4431 2665 4502 jam
2708 4448 2821 4486 non
2870 4431 3167 4503 sanguinis
3203 4434 3456 4504 proﬂua,
3491 4434 3592 4489 sed
3637 4429 3807 4504 gratia

534 4512 620 4566 46.
659 4514 731 4567 De
764 4515 1016 4585 mysticis
1051 4520 1106 4572 et
1150 4524 1359 4590 puteus
1401 4527 1660 4594 superest
1697 4525 1879 4593 nobis,
1909 4543 2084 4598 quem
2107 4517 2165 4586 D
2189 4525 2471 4598 spiritalis.

463 4603 634 4659 etiam
692 4606 877 4677 ipsum
925 4610 1244 4680 reperimus
1296 4614 1355 4668 in
1404 4616 1650 4672 Canticis
1695 4619 2081 4691 canticorum,

461 4697 685 4753 dicente
734 4699 1022 4772 Scriptura
1073 4721 1084 4758 :
1143 4708 1277 4760 Fons
1333 4709 1631 4773 hortorum,
1683 4718 1874 4782 puteus
1929 4731 2086 4784 aqua

458 4793 621 4859 vivae,
677 4797 728 4847 et
778 4795 1004 4863 impetus
1047 4797 1366 4855 descendens
1415 4819 1446 4856 ιι
1498 4805 1720 4860 Libano.
1767 4807 1990 4862 Etenim
2037 4808 2082 4862 si

461 4887 862 4956 mysteriorum
909 4889 1273 4946 altitudinem
1316 4899 1694 4968 persequaris,
1739 4906 1942 4970 puteus
1983 4901 2081 4955 tibi

457 4977 684 5034 videtur
711 4984 980 5052 tanquam
1014 4983 1073 5037 in
1115 4986 1397 5055 profundo
1435 4990 1538 5043 sita
1580 4992 1815 5062 mystica
1843 5011 1964 5048 esse
1990 5011 2078 5048 sa-

457 5072 710 5142 pientia;
744 5075 788 5129 si
825 5092 956 5130 vero
999 5077 1226 5134 haurire
1267 5081 1404 5135 velis
1432 5082 1792 5140 afﬂuentiam
1835 5087 2077 5142 charita-

456 5166 544 5234 tis,
577 5185 704 5240 quae
736 5170 916 5240 major
952 5175 1010 5225 et
1049 5172 1280 5228 uberior
1317 5179 1423 5242 est,
1457 5194 1630 5248 quam
1663 5178 1802 5234 ﬁdes
1845 5186 1902 5236 et
1929 5199 2078 5253 spes,

457 5266 589 5315 tunc
635 5262 733 5317 tibi
780 5262 906 5319 fons
948 5271 1050 5321 est.
1088 5267 1372 5324 Exuberat
1415 5271 1568 5326 enim
1609 5273 1878 5341 charitas,
1925 5281 1988 5330 ut
2026 5281 2083 5331 et

453 5353 686 5410 haurire
738 5374 860 5412 eam
909 5360 1195 5426 cominus,
1255 5368 1311 5417 et
1367 5364 1553 5434 rigare
1609 5366 1731 5436 ejus
1785 5367 2082 5423 afﬂuentia

456 5446 688 5503 hortum
729 5455 890 5506 tuum
929 5454 1126 5524 possis,
1169 5455 1516 5526 spiritalibus
1554 5459 1830 5515 fructibus
1868 5462 2077 5516 redun-

455 5539 711 5595 dantem.
778 5545 844 5597 Et
903 5547 1037 5617 quia
1109 5548 1231 5620 ipse
1307 5557 1509 5620 puteus
1580 5552 1895 5608 latitudinis
1961 5559 2078 5622 est,

456 5631 551 5709 qui
599 5633 931 5691 charitatem
972 5640 1144 5696 habet
1185 5660 1196 5696 :
1239 5643 1362 5698 ideo
1413 5644 1574 5712 dixit,
1619 5646 1754 5717 quia
1803 5647 1898 5703 ubi
1945 5649 2078 5703 cha-

521 5814 588 5874 (6)
621 5811 736 5862 Lib.
761 5813 823 5862 de
847 5817 1014 5875 Isaac,
1041 5832 1157 5888 cap.
1190 5825 1240 5884 4,
1275 5840 1424 5876 num.
1460 5830 1520 5882 23
1549 5843 1664 5898 seq.

2259 4619 2306 4691 1
2324 4617 2514 4691 589
2548 4621 2635 4673 50.
2668 4619 2974 4674 Descendit
2994 4635 3132 4690 ergo
3161 4621 3343 4675 David
3371 4621 3671 4694 propheta,
3700 4617 3807 4671 ideo

2188 4712 2258 4767 de
2298 4718 2528 4784 peccato
2572 4713 2816 4784 gratiam
2857 4714 3068 4768 retulit.
3102 4715 3421 4770 Descendit
3461 4716 3521 4769 in
3550 4725 3806 4786 aquarum

2186 4805 2406 4873 ductus,
2435 4807 2541 4860 hoc
2569 4810 2674 4873 est,
2704 4806 3077 4877 replevit'eos,
3106 4811 3161 4862 et
3185 4808 3630 4864 decurrentium
3659 4819 3807 4876 aqua-

2185 4915 2313 4953 rum
2363 4900 2622 4970 lacrymis
2669 4900 2783 4954 suis
2827 4900 3040 4955 ﬂuenta
3089 4902 3434 4970 cumulavit,
3490 4908 3590 4956 aut
3629 4901 3805 4954 inanes

2185 4996 2240 5046 et
2275 5009 2478 5047 vacuos
2518 4992 2719 5048 ductus
2765 4993 2894 5047 solis
2937 4994 3174 5065 replevit
3214 4994 3477 5049 ﬂetibus.
3517 4998 3628 5048 Aut
3673 4988 3802 5063 quod

2184 5085 2517 5141 elocutionis
2559 5086 2788 5141 moralis
2821 5086 3106 5156 quosdam
3148 5103 3355 5142 sensus
3399 5087 3664 5153 ostendit,
3692 5085 3801 5139 des-

2183 5179 2373 5233 cendit
2416 5179 2474 5233 in
2513 5195 2790 5250 aquarum
2841 5179 3058 5246 ductus,
3102 5181 3372 5235 transivit
3420 5197 3542 5235 eos.
3585 5182 3649 5235 Et
3689 5192 3797 5250 pos-

2183 5289 2371 5327 semus
2418 5273 2638 5339 dicere,
2703 5272 3048 5327 transcendit
3099 5289 3229 5339 eos,
3291 5279 3354 5329 et
3421 5285 3797 5346 supergressus

2182 5371 2282 5432 est,
2332 5367 2424 5421 sed
2470 5366 2749 5421 minuitur
2793 5366 2875 5420 vis
2923 5366 3158 5438 eloquii,
3207 5383 3328 5438 quo
3380 5368 3464 5422 vis
3508 5366 3683 5437 major
3726 5362 3792 5416 af-

2182 5460 2431 5516 ﬂuentia:
2474 5459 2887 5526 descendentis,
2923 5476 3096 5530 quam
3138 5461 3514 5516 ascendentis
3555 5456 3795 5530 exprimi-

2181 5558 2296 5608 tur.
2327 5553 2479 5620 Vide,
2512 5569 2670 5626 rogo,
2701 5552 2836 5624 quid
2875 5553 2944 5608 de
2977 5570 3082 5607 usu
3122 5553 3294 5609 verba
3327 5555 3596 5620 habeant,
3627 5553 3791 5622 impe-

2183 5651 2304 5702 tum
2359 5664 2525 5702 suum
2573 5663 2757 5702 sermo
2796 5647 3164 5719 propheticus
3211 5664 3332 5703 non
3385 5649 3624 5712 amittat,
3678 5645 3793 5698 licet

2244 5833 2308 5898 (7)
2336 5833 2478 5883 Psal.
2507 5844 2708 5895 axvm,
2735 5845 2897 5886 serm.
2936 5836 3011 5896 t7,
3043 5848 3194 5887 num.
3221 5833 3282 5885 31
3315 5845 3434 5898 aeq.
