4022 6176
280 303 419 355 2013

1331 304 1370 356 Ε
1412 302 1709 358 SCRIPTIS
1749 305 1802 358 S.
1847 304 2158 360 AMBROSII
2198 303 2604 358 CULLECTUS.

3508 302 3640 355 20M

283 440 412 477 usus
441 423 561 494 ipse
589 423 932 495 scriptorum
963 425 1152 480 sensui
1196 426 1422 493 servire,
1457 427 1677 497 majore
1705 427 1907 482 decore
1933 441 1988 511 Α
2011 432 2309 498 gyrantem
2366 427 2436 480 ad
2497 424 2864 498 Aquilonem,
2923 427 3219 482 Jerusalem
3239 467 3252 487 ,
3304 427 3632 491 Jerusalem;

280 517 653 572 consueverit.

349 614 436 664 5t.
462 610 541 681 (8)
567 613 764 667 Puteus
801 629 1072 682 aquarum
1113 616 1453 670 viventium:
1483 620 1688 686 puteus
1727 616 1904 682 enim,

279 704 324 758 si
365 703 507 759 nihil
539 705 785 772 haurias,
818 706 988 760 inerti
1028 707 1143 762 otio
1183 713 1238 762 et
1281 708 1557 778 degeneri
1595 708 1708 763 situ
1746 708 1906 764 facile

279 799 658 870 corrumpitur
703 816 716 854 :
757 800 1094 856 exercitatus
1137 805 1330 856 autem
1383 802 1605 858 nitescit
1653 803 1727 857 ad
1774 819 1905 874 spe-

275 891 443 959 ciem,
475 893 744 948 dulcescit
772 895 843 948 ad
873 900 1096 965 potum.
1128 896 1207 950 Ita
1233 899 1292 950 et
1318 911 1549 950 acervus
1580 895 1906 951 divitiarum

274 986 504 1040 cumulo
551 1002 850 1054 arenosus,
900 989 1187 1059 speciosus
1236 992 1322 1042 est
1371 1005 1494 1056 usu,
1549 991 1664 1044 otio
1711 993 1907 1045 autem

272 1078 488 1134 inutilis
526 1079 791 1134 habetur.
840 1081 1096 1136 Derivato
1137 1082 1314 1153 igitur
1356 1082 1573 1154 aliquid
1617 1083 1685 1137 de
1734 1089 1904 1155 puteo

273 1171 420 1226 hoc:
456 1193 480 1221 α
519 1173 719 1244 Ignem
765 1174 918 1230 enim
961 1175 1261 1230 ardentem
1300 1176 1601 1248 restinguit
1641 1194 1808 1249 aqua,
1848 1184 1904 1231 et

272 1265 634 1337 eleemosyna
671 1267 874 1323 resistit
906 1269 1146 1338 peccatis
1174 1270 1385 1340 (Eccli.,
1422 1286 1501 1336 ιιι,
1533 1270 1644 1340 33).
1681 1293 1708 1317 η
1746 1273 1906 1342 Aqua

271 1362 465 1413 autem
494 1361 691 1414 stativa
718 1361 828 1416 cito
861 1377 1080 1416 vermes
1106 1363 1242 1417 facit
1273 1379 1285 1416 :
1319 1379 1436 1418 non
1467 1368 1579 1418 stet
1608 1364 1904 1418 thesaurus

270 1457 422 1513 tuus.
477 1469 548 1508 ne
596 1454 748 1525 ignis
803 1459 932 1509 tuus
983 1459 1109 1510 stet.
1164 1456 1351 1512 Stabit
1403 1458 1460 1511 in
1500 1462 1578 1522 te,
1620 1458 1728 1512 nisi
1770 1474 1903 1513 eum

273 1545 542 1615 operibus
571 1550 684 1601 tua:
713 1547 1092 1604 miserationis
1119 1550 1414 1604 averteris.

347 1642 431 1694 52.
470 1642 540 1711 (9)
577 1641 747 1709 (Vers.
791 1644 897 1711 16.)
929 1645 1189 1712 Exsurge,
1229 1645 1451 1714 Aquilo,
1490 1653 1539 1700 et
1575 1648 1719 1708 veni,
1762 1647 1900 1702 Aus-

2008 521 2162 575 venit
2201 521 2399 592 utique
2431 519 2502 574 ad
2546 535 2691 586 eam,
2723 535 2894 590 quam
2926 519 3099 573 etiam
3130 534 3333 573 vocare
3367 517 3636 589 dignatus

2008 621 2124 680 est;
2175 615 2275 669 sed
2320 615 2440 668 haec
2486 614 2794 669 Jerusalem
2841 619 3066 668 terrena
3107 615 3222 679 est,
3266 628 3392 682 qua:
3437 611 3636 666 occidit

2010 709 2338 780 prophetas,
2381 709 2488 762 hoc
2533 712 2634 776 est,
2681 707 2982 778 Synagoga
3024 704 3348 760 Judmorum
3382 721 3394 758 :
3433 725 3460 753 ‹‹
3487 704 3636 768 Quo-

2007 803 2152 867 ties,
2213 802 2432 874 inquit,
2490 801 2642 856 volui
2694 815 3046 872 congregare
3094 797 3241 854 ﬁlios
3294 800 3438 864 tuos,
3495 797 3635 852 sicut

2006 897 2214 969 gallina
2251 896 2434 967 pullos
2477 911 2636 963 suos,
2684 903 2739 949 et
2777 893 3046 950 noluisti?
3086 894 3225 946 Ecce
3281 890 3634 961 relinquetur

2007 991 2208 1045 domus
2238 995 2424 1045 vestra
2461 989 2686 1045 deserta
2725 990 2971 1058 (Matth.,
3005 1003 3153 1050 χχιιι,
3195 987 3282 1052 37,
3315 984 3423 1054 38).
3463 1004 3488 1030 »ι
3523 984 3631 1054 Gy-

2005 1085 2145 1140 ravit
2193 1084 2369 1156 igitur
2423 1084 2490 1139 ad
2548 1089 2739 1154 gentes
2789 1100 2802 1135 :
2857 1081 3110 1153 gyrando
3163 1082 3355 1133 autem
3411 1076 3632 1150 gyravit

2005 1178 2246 1250 Spiritus
2293 1179 2409 1246 Dei,
2469 1183 2526 1232 et
2570 1177 2628 1231 in
2671 1193 2835 1247 gyros
2882 1191 3015 1230 suos
3063 1189 3365 1229 conversus
3415 1174 3521 1236 est,
3567 1172 3631 1224 ut

2005 1271 2168 1326 fieret
2192 1273 2340 1328 Deus
2368 1271 2558 1326 omnia
2584 1271 2642 1325 in
2674 1268 2956 1325 omnibus.

2525 1369 2744 1425 CAPUT
2784 1367 3108 1433 QUINTUM.

2081 1464 2129 1514 1.
2171 1459 2348 1530 (Vers.
2385 1463 2452 1527 1.)
2489 1459 2594 1528 (t2)
2634 1460 2829 1513 Veniat
2869 1457 3100 1511 dilectus
3135 1469 3278 1510 meus
3315 1455 3374 1506 in
3419 1452 3631 1506 hortum

2005 1569 2196 1614 meum,
2239 1559 2289 1608 et
2335 1553 2574 1607 comedat
2618 1554 2859 1619 fructum
2898 1564 3174 1620 pomorum
3214 1561 3451 1602 suorum.
3493 1543 3629 1598 Hinc

2006 1647 2237 1701 hortum
2263 1647 2426 1700 illum
2455 1645 2561 1700 sibi
2589 1645 2740 1700 Plato
2768 1643 3108 1715 composuit,
3133 1657 3305 1713 quem
3331 1631 3632 1694 Jovis'hor-
3671 1698 3676 1702 η

276 1738 383 1794 ter,
454 1736 637 1804 aspira
705 1735 917 1790 hortum
970 1752 1174 1798 meum,
1229 1743 1279 1791 et
1325 1742 1603 1808 per/luant
1655 1743 1903 1792 aromata
1924 1805 1966 1810 ’_
2009 1744 2129 1795 tum
2168 1739 2322 1809 alibi,
2366 1740 2500 1794 alibi
2543 1740 2774 1794 hortum
2818 1737 3025 1792 mentis
3066 1733 3394 1806 appellavit;
3435 1732 3628 1784 Jovem

272 1841 408 1880 mea.
442 1827 680 1893 Audisti,
710 1828 914 1883 Christi
942 1846 1166 1902 sponsa,
1207 1805 1345 1902 quia
1376 1816 1563 1903 placet
1591 1832 1640 1886 ei
1674 1836 1901 1886 tuarum
1924 1805 1980 1875 Β
2006 1833 2158 1888 enim
2185 1837 2242 1888 et
2272 1805 2450 1888 Deum
2482 1838 2540 1888 et
2569 1836 2822 1887 mentem
2853 1830 3012 1886 dixit.
3044 1805 3110 1884 In?
3134 1805 3286 1882 hunc
3316 1823 3629 1880 introivisse

273 1920 632 1989 pulchritudo
672 1922 975 1989 virtutum;
1019 1923 1225 1979 audisti
1259 1924 1392 1996 quia
1436 1929 1902 1980 vestimentorum

274 2016 504 2068 tuorum
534 2019 807 2082 aromata,
837 2016 942 2070 hoc
970 2023 1071 2087 est,
1099 2017 1314 2073 bonum
1343 2018 1580 2073 odorem
1611 2018 1903 2089 integrita-

2004 1928 2282 1994 animam,
2311 1943 2479 1999 quam
2513 1929 2787 1982 Venerem
2816 1927 3132 1994 nuncupat,
3166 1923 3228 1975 ut
3255 1937 3314 1974 se
3340 1917 3630 1973 abundan-

2004 2021 2083 2075 tia
2113 2027 2167 2075 et
2202 2020 2410 2074 divitiis
2449 2020 2600 2074 horti
2644 2018 2909 2090 repleret,
2952 2017 3008 2071 in
3046 2032 3158 2086 quo
3195 2013 3448 2085 repletus
3490 2014 3630 2082 potu

273 2109 342 2161 tis
373 2107 638 2162 omnibus
663 2108 934 2164 odoribus
961 2111 1230 2181 praetulit.
1262 2111 1507 2179 Audisti,
1537 2112 1670 2184 quia
1698 2113 1901 2166 hortus
1995 2115 2232 2185 jaceret,
2275 2119 2413 2184 potu
2457 2114 2555 2184 qui
2591 2117 2788 2168 nectar
2828 2109 3163 2165 effunderet.
3202 2109 3317 2162 Hoc
3346 2105 3521 2176 igitur
3561 2119 3630 2158 ex

273 2219 333 2254 es
372 2201 609 2268 clausus,
651 2203 908 2258 suavium
961 2205 1371 2275 pomiferarum
1423 2207 1666 2260 refertus
1716 2205 1897 2276 frugi-

271 2294 398 2348 bus.
453 2296 587 2349 Pete
633 2294 810 2366 igitur
859 2301 918 2351 ut
969 2297 1183 2368 aspiret
1224 2298 1320 2352 tibi
1369 2299 1609 2370 Spiritus
1652 2305 1898 2366 sanctus,

270 2387 480 2458 aspiret
531 2404 704 2459 supra
762 2388 946 2443 cubile
1008 2396 1203 2455 tuum,
1253 2396 1420 2462 atque
1485 2392 1722 2446 odorem
1791 2392 1900 2462 piae

274 2481 482 2535 mentis
520 2485 576 2535 et
613 2482 813 2552 gratia:
859 2482 1125 2553 spiritalis
1167 2485 1505 2538 accumulet.
1556 2485 1745 2538 Excita
1781 2484 1899 2555 Spi-

275 2576 446 2628 ritum
483 2579 742 2630 sanctum
791 2575 985 2631 dicens
1022 2594 1034 2630 :
1077 2580 1340 2646 Exsurge,
1394 2579 1616 2648 Aquilo,
1664 2585 1715 2633 et
1757 2582 1893 2641 veni,

273 2670 474 2722 Auster
511 2687 526 2722 :
557 2671 742 2739 aspira
782 2669 993 2724 hortum
1035 2685 1224 2732 meum,
1269 2675 1319 2724 et
1354 2673 1629 2740 per/luant
1655 2676 1899 2726 aromata

269 2777 406 2815 mea.
455 2763 747 2816 Descendat
783 2765 1060 2829 fraternus
1098 2779 1244 2817 meus
1280 2766 1338 2817 in
1377 2765 1590 2818 hortum
1630 2780 1807 2827 suum,
1850 2771 1899 2819 et

269 2855 555 2910 manducet
624 2857 864 2922 fructum
935 2859 1327 2927 pomiferarum
1389 2873 1629 2912 suarum.
1698 2859 1898 2912 Hortus

266 2947 434 3002 Verbi
471 2949 674 3003 animae
703 2949 986 3004 vernantis
1014 2949 1246 3005 affectus
1276 2953 1382 3017 est,
1425 2953 1482 3004 et
1513 2951 1570 3004 in
1610 2951 1899 3022 pomiferis

267 3042 493 3096 virtutis
533 3048 619 3096 est
657 3042 894 3097 fruetus.
928 3043 1093 3098 Venit
1128 3059 1286 3115 ergo,
1328 3050 1383 3099 et
1417 3043 1530 3100 sive
1571 3044 1894 3112 manduces,

2002 2207 2147 2262 libro
2180 2208 2549 2264 Canticorum
2593 2205 2946 2277 composuit;
2986 2220 3051 2259 eo
3093 2202 3244 2274 quod
3285 2199 3475 2254 anima
3519 2197 3632 2251 Deo

2001 2302 2299 2356 adhaerens
2326 2301 2383 2356 in
2411 2302 2642 2355 hortum
2673 2298 2883 2354 mentis
2915 2298 3168 2368 ingressa
3193 2296 3285 2361 sit,
3318 2294 3375 2347 in
3403 2308 3516 2364 quo
3547 2306 3629 2344 es-

2001 2398 2084 2450 set
2105 2394 2451 2448 abundantia
2475 2393 2522 2465 1
2542 2391 2731 2465 590
2751 2392 3107 2446 diversarum
3127 2389 3422 2451 virtutum,
3446 2384 3632 2439 ﬂores-

2001 2504 2112 2560 que
2146 2503 2500 2543 sermonum.
2537 2486 2671 2551 Quis
2712 2491 2901 2540 autem
2929 2484 3155 2555 ignorat
3179 2479 3332 2553 quod
3363 2496 3427 2534 ex
3463 2495 3631 2550 paru-

2001 2581 2123 2636 diso
2166 2581 2264 2635 illo
2309 2597 2483 2652 quem
2524 2580 2765 2652 legimus
2810 2579 2869 2632 in
2908 2575 3112 2631 Genesi
3154 2575 3363 2629 habere
3407 2571 3628 2643 lignum

2000 2674 2126 2730 vitae
2150 2681 2206 2730 et
2235 2675 2460 2746 lignum
2494 2673 2743 2728 scientias
2767 2671 2902 2726 boni
2932 2674 2990 2726 et
3016 2669 3143 2724 mali
3176 2668 3356 2738 (Gen.,
3386 2684 3440 2734 ιι,
3471 2667 3543 2737 9),
3573 2671 3629 2719 et

2000 2768 2158 2838 ligna
2177 2771 2406 2835 caetera,
2429 2765 2842 2822 abundantiam
2859 2765 3132 2819 virtutum
3153 2760 3435 2834 putaverit
3452 2765 3628 2814 trans-

2000 2861 2322 2930 ferendam,
2368 2866 2424 2915 et
2469 2861 2524 2915 in
2552 2861 2780 2914 hortum
2812 2858 3020 2913 mentis
3065 2873 3182 2911 esse
3209 2853 3627 2927 plantandum?

2072 2958 2123 3008 2.
2166 2956 2343 3020 Quem
2382 2955 2440 3010 iu
2477 2953 2721 3011 Canticis
2762 2951 3105 3007 canticorum
3145 2950 3376 3004 hortum
3420 2947 3628 3002 anima:

2001 3048 2301 3119 significat,
2340 3049 2426 3103 vel
2469 3048 2654 3120 ipsam
2695 3047 2979 3114 animam;
3031 3045 3108 3099 sic
3153 3043 3306 3099 enim
3351 3040 3625 3113 scriptum

268 3131 405 3190 sive
440 3135 630 3204 bibas,
683 3135 726 3190 si
780 3135 1069 3192 Christum
1121 3137 1374 3207 invocas,
1424 3137 1583 3193 adest
1633 3138 1824 3193 dicens
1880 3154 1892 3192 :
1918 3169 1971 3242 Ο
1998 3146 2083 3198 est
2113 3159 2126 3197 :
2159 3145 2358 3197 Hortus
2385 3143 2616 3204 clausus,
2646 3157 2862 3212 sponsa,
2898 3156 3047 3194 soror
3081 3155 3216 3196 mea.
3259 3138 3442 3192 hortus
3476 3137 3624 3190 clau-

270 3253 297 3276 ‹‹
345 3229 564 3295 Venite,
594 3229 938 3284 manducata
969 3245 1141 3300 panes
1179 3247 1356 3300 meos,
1391 3235 1447 3286 et
1484 3231 1662 3286 bibite
1702 3232 1897 3286 vinum

269 3339 463 3377 meum
492 3323 692 3393 (Prov.,
724 3340 795 3390 ix,
825 3326 899 3393 5).
938 3345 964 3372 »

339 3419 426 3470 53.
456 3417 566 3488 (10)
595 3419 860 3486 Exsurge,
901 3416 1104 3488 inquit,
1147 3418 1363 3487 Aquilo,
1391 3425 1444 3473 et
1476 3421 1616 3481 veni,
1645 3420 1848 3474 Auster
1877 3438 1891 3472 :

263 3512 456 3581 aspira
509 3511 724 3565 hortum
780 3525 975 3578 meum,
1024 3516 1074 3566 et
1119 3513 1398 3580 per/luant
1447 3517 1693 3566 aromata
1752 3529 1891 3567 mea.

268 3605 347 3658 Ex
385 3604 648 3658 omnibus
676 3603 831 3658 enim
864 3603 1118 3675 partibus
1149 3604 1350 3658 mundi
1391 3604 1530 3658 odor
1557 3621 1728 3659 sacrae
1764 3606 1890 3660 reli-

265 3697 447 3768 gionis
485 3697 750 3766 adolevit,
795 3713 908 3768 quo
950 3696 1170 3752 dilecta:
1212 3697 1446 3768 virginis
1482 3698 1744 3753 membra
1781 3701 1892 3754 fra-

264 3795 524 3861 grarunt.
589 3791 743 3846 Unde
810 3794 867 3845 et
933 3790 1175 3846 Ecclesia
1238 3791 1602 3846 altitudinem
1665 3809 1895 3848 servans

261 3885 664 3956 mysteriorum
695 3885 1029 3954 caelestium,
1060 3884 1246 3955 rejicit
1273 3901 1306 3939 a
1336 3901 1395 3939 se
1429 3886 1710 3956 graviores
1742 3888 1892 3942 venti

261 3977 555 4055 procellas,
598 3983 654 4032 et
692 3978 889 4033 invitat
927 3978 1213 4032 vernantis
1257 3979 1459 4050 gratiae
1499 3980 1836 4035 suavitatem
1877 3998 1888 4034 :

260 4077 318 4124 et
361 4071 540 4126 sciens
584 4071 736 4143 quod
783 4076 940 4126 ortus
985 4088 1118 4126 suus
1160 4072 1383 4127 Christo
1429 4073 1729 4144 displicere
1776 4091 1890 4130 non

260 4165 459 4236 possit,
501 4164 738 4220 advocat
769 4165 1055 4236 Sponsum
1102 4181 1266 4220 suum
1313 4183 1324 4219 :
1371 4169 1635 4235 Exsurge,
1682 4168 1889 4239 inquit.

256 4261 482 4330 Aquilo,
516 4263 566 4313 et
600 4262 743 4320 veni,
779 4261 996 4315 Auster.
1029 4259 1142 4330 (11)
1175 4260 1436 4330 Plerique
1475 4260 1596 4315 haec
1627 4260 1707 4315 ita
1746 4263 1889 4316 acci-

257 4353 446 4424 piunt,
478 4352 634 4423 quasi
665 4352 992 4424 projiciatur
1015 4352 1240 4424 Aquilo,
1276 4359 1333 4407 et
1359 4353 1628 4408 invitetur
1659 4357 1884 4410 Auster.

259 4445 421 4510 Quod
465 4445 509 4499 si
552 4445 630 4499 ita
670 4444 980 4515 accipiunt,
1011 4445 1349 4500 exturbatur
1376 4445 1446 4500 ab
1485 4447 1729 4502 Ecclesia
1759 4465 1889 4519 per-

1996 3253 2104 3299 sus,
2161 3241 2286 3303 fons
2341 3239 2587 3305 signatus
2648 3236 2844 3305 (Cant.,
2913 3250 2986 3299 1v,
3048 3237 3132 3300 12,
3198 3233 3301 3302 13).
3360 3233 3424 3286 Et
3481 3229 3628 3283 infra

1995 3331 2072 3386 ait
2097 3329 2296 3385 anima
2323 3347 2335 3384 :
2365 3333 2624 3398 Exsurge,
2665 3330 2884 3398 Aquilo,
2921 3334 2972 3383 et
3009 3330 3146 3390 teni,
3179 3327 3414 3390 Auster;
3454 3325 3627 3394 per/la

1997 3426 2210 3479 hortum
2245 3440 2436 3483 meum.
2469 3429 2517 3478 et
2544 3424 2786 3492 defluant
2822 3428 3100 3491 unguenta
3138 3427 3231 3474 tua
3277 3419 3462 3491 (lbid.,
3507 3417 3623 3487 16);

1996 3518 2280 3572 descendat
2301 3518 2480 3583 frater
2513 3532 2661 3571 meus
2701 3519 2759 3568 in
2796 3517 3011 3569 hortum
3045 3529 3220 3568 suum.
3251 3514 3473 3577 Quanto
3517 3513 3625 3566 hoc

1995 3610 2307 3682 pulchrius,
2360 3610 2512 3681 quod
2563 3610 2754 3664 anima
2799 3611 3001 3662 ornata
3043 3605 3316 3661 virtutum
3370 3605 3622 3672 ﬂoribus,

1997 3703 2196 3758 hortus
2229 3703 2336 3771 sit;
2379 3704 2462 3758 vel
2504 3703 2712 3757 habeat
2742 3703 2800 3756 in
2831 3719 2889 3756 se
2930 3701 3251 3772 paradisum
3295 3699 3622 3771 germinan-

1995 3802 2131 3865 tem,
2166 3797 2224 3850 in
2253 3813 2422 3868 quem
2466 3797 2692 3851 hortum
2732 3795 2928 3850 invitat
2973 3794 3218 3848 Verbum
3256 3793 3351 3847 Dei
3389 3792 3620 3846 descen-

1996 3891 2162 3959 dere;
2197 3897 2262 3946 ut
2302 3891 2494 3945 anima
2534 3891 2630 3944 illa
2675 3888 2836 3944 Verbi
2885 3888 3065 3942 imbre
3106 3886 3363 3954 caelestis,
3408 3890 3462 3940 et
3501 3884 3625 3955 ejus

1996 3985 2172 4055 copiis
2213 3983 2449 4056 irrigata
2485 3983 2815 4039 fructiﬁcetl
2855 3982 3105 4036 Verbum
3147 3985 3339 4034 autem
3379 3978 3477 4034 Dei
3520 3995 3622 4049 pa-

1994 4078 2168 4133 scitur
2203 4079 2408 4132 animai
2445 4077 2765 4145 virtutibus,
2801 4076 3022 4148 quoties
3059 4074 3308 4129 animam
3349 4071 3620 4128 obedien-

1995 4175 2108 4227 tem
2162 4172 2267 4226 sibi
2312 4176 2368 4226 et
2419 4172 2675 4243 opimam
2724 4169 3034 4235 invenerit;
3085 4175 3141 4223 et
3187 4168 3364 4240 carpit
3408 4167 3624 4222 fructus

1994 4265 2137 4337 ejus,
2182 4269 2238 4320 et
2273 4265 2361 4320 his
2399 4267 2727 4320 delectatur.
2762 4266 2905 4319 Cum
2943 4267 3131 4318 autem
3173 4260 3531 4318 descenderit
3564 4261 3622 4313 in

1994 4375 2122 4413 eam
2169 4360 2260 4414 Dei
2313 4358 2578 4427 Verbum,
2625 4359 2882 4414 defluunt
2925 4375 2990 4412 ex
3035 4374 3103 4411 ea
3153 4356 3463 4410 salubrium
3510 4371 3620 4408 uu-

1993 4457 2206 4524 guenta
2247 4452 2570 4519 verborum,
2602 4459 2657 4507 et
2694 4453 3041 4506 diversarum
3080 4450 3324 4521 flagrant
3352 4450 3516 4518 longe
3547 4448 3622 4501 la-

260 4539 414 4593 ﬁdiee
448 4538 704 4610 glacialis
733 4539 1021 4609 asperitas,
1056 4555 1126 4593 ne
1164 4539 1262 4593 ﬁat
1302 4539 1442 4611 fuga
1467 4545 1654 4594 nostra
1687 4535 1968 4613 hyemeD
1995 4551 2163 4617 teque
2218 4545 2533 4600 redolentia
2585 4545 2895 4616 gratiarum
2948 4542 3279 4614 spiramina.
3330 4541 3491 4596 Unde
3544 4541 3623 4594 ait

258 4635 347 4687 vel
399 4631 663 4696 sabbato,
713 4636 770 4686 et
815 4631 1090 4686 invitatur
1137 4632 1397 4686 australis
1452 4649 1628 4687 verna
1681 4637 1895 4706 tempe~

260 4727 393 4781 ries.

331 4821 420 4873 54.
457 4822 567 4873 Aut
589 4823 742 4874 certe
774 4835 786 4872 :
819 4820 1078 4887 Exsurge,
1109 4818 1330 4888 Aquilo,
1361 4820 1467 4874 hoc
1507 4825 1609 4887 est,
1643 4840 1668 4872 «
1697 4838 1884 4894 surge,

259 4913 358 4985 qui
384 4913 617 4980 dormis,
647 4916 702 4967 et
735 4927 976 4983 exsurge
1007 4927 1039 4964 a
1065 4912 1303 4966 mortuis
1349 4913 1584 4984 (Ephes.,
1617 4930 1671 4984 v,
1720 4917 1822 4984 14).
1861 4938 1888 4965 ι)

257 5007 507 5079 Populus
551 5006 851 5061 nationum
891 5004 988 5076 qui
1037 5005 1134 5059 diu
1184 5010 1315 5060 ante
1361 5006 1640 5074 dormisti,
1687 5009 1892 5081 evigila

254 5099 597 5172 aliquando,
652 5104 708 5153 et
755 5099 1038 5153 illucescet
1094 5098 1197 5152 tibi
1257 5099 1533 5155 Christus.
1592 5102 1888 5157 Postremo

255 5209 463 5248 omnes
502 5193 818 5247 invitantur
853 5192 925 5246 ad
957 5191 1284 5257 Ecclesiam,
1329 5195 1388 5246 et
1425 5193 1744 5266 Synagogae
1789 5213 1886 5266 po-

254 5289 428 5359 pulus
482 5292 539 5341 et
592 5285 926 5358 gentilium,
991 5284 1089 5339 sed
1143 5285 1300 5356 prius
1358 5287 1706 5360 Synagogaz,
1760 5290 1889 5361 quia

257 5381 478 5451 priores
537 5397 603 5434 ex
658 5379 864 5434 ludseis
928 5379 1168 5451 apostoli
1227 5378 1626 5448 crediderunt,
1682 5385 1738 5436 et
1788 5399 1890 5454 per

255 5476 408 5545 ipsos
434 5478 627 5546 postea
656 5473 959 5528 nationum
989 5473 1185 5545 populi
1213 5475 1546 5545 congregati
1575 5481 1723 5530 sunt.
1756 5477 1889 5532 Vide

257 5584 398 5639 ergo
426 5567 753 5622 venientem
783 5567 963 5621 solem
995 5571 1254 5622 nostrum
1275 5566 1349 5621 ad
1373 5569 1665 5635 Austrum,
1689 5573 1889 5640 postea

323 5714 386 5773 (8)
418 5711 534 5763 Lib.
564 5711 626 5762 de
654 5710 916 5770 Nabuthe,
945 5724 994 5762 c.
1029 5712 1104 5761 12.

324 5784 387 5845 (9)
415 5783 530 5832 Lib.
563 5782 625 5832 de
657 5782 991 5846 Virginitato,
1023 5795 1141 5846 cap.
1177 5782 1254 5842 10,
1285 5794 1437 5832 num.
1461 5783 1542 5832 51.

319 5854 414 5915 (10)
445 5853 558 5903 Lib.
591 5867 610 5904 ῐ
637 5853 701 5902 de
735 5853 899 5916 Virg,
926 5866 1044 5916 cap.
1081 5854 1129 5913 8,
1159 5865 1311 5902 num.
1339 5853 1416 5903 47.

1994 4639 2244 4710 Sponsus
2290 4639 2556 4710 (Sponsus
2595 4641 2788 4692 autem
2829 4638 3038 4692 anima),
3077 4639 3220 4691 Deus
3258 4636 3504 4692 Verbum
3537 4638 3636 4688 est‘

1993 4732 2084 4786 cui
2115 4732 2305 4786 anima
2329 4731 2588 4804 legitimo
2623 4731 2874 4803 quodam
2903 4731 3174 4787 connubii
3203 4731 3412 4786 foedere
3443 4745 3618 4800 copu-

1992 4824 2160 4895 latur)
2193 4842 2204 4878 :

2063 4922 2113 4973 3.
2163 4919 2332 4988 (Vers.
2380 4922 2428 4987 1,
2478 4920 2554 4989 2.)
2592 4922 2866 4989 Ingressus
2912 4937 3030 4975 sum
3072 4923 3131 4972 in
3169 4921 3381 4974 hortum
3424 4934 3618 4979 meum,

1988 5027 2139 5068 soror
2179 5029 2296 5067 mea
2336 5027 2562 5082 sponsa;
2603 5015 2937 5069 vindemiavi
2977 5014 3252 5084 myrrham
3292 5029 3464 5068 meam
3501 5029 3622 5066 cum

1990 5109 2276 5174 unguentis
2307 5109 2458 5169 meis,
2485 5109 2814 5162 manducavi
2843 5125 3046 5178 panem
3088 5124 3260 5163 meum
3302 5123 3424 5163 cum
3468 5107 3620 5161 melle

1990 5215 2124 5262 meo,
2153 5201 2263 5253 bibi
2284 5202 2469 5255 vinum
2497 5217 2672 5256 meum
2698 5218 2816 5257 cum
2859 5204 2994 5258 lacte
3018 5218 3149 5257 meo.
3178 5203 3356 5264 Edite,
3384 5202 3621 5272 proximi

1989 5295 2111 5356 mei,
2155 5300 2206 5348 et
2249 5294 2411 5349 bibite
2450 5301 2502 5349 et
2538 5297 2903 5358 inebriamini,
2949 5299 3149 5363 fratres
3184 5299 3304 5352 mei.
3340 5299 3449 5365 Ego
3490 5295 3616 5349 dor-

1990 5389 2118 5449 mio,
2153 5393 2202 5442 et
2232 5403 2321 5442 cor
2344 5405 2516 5444 meum
2542 5391 2756 5459 vigilat.
2787 5391 3212 5461 Cognoscamus
3232 5406 3375 5461 quos
3402 5391 3618 5446 fructus

1989 5481 2077 5535 vel
2105 5480 2260 5536 cibos
2298 5483 2560 5552 epuletur
2597 5485 2762 5549 Deus,
2792 5483 2878 5538 vel
2916 5483 3120 5554 quibus
3155 5484 3483 5539 delectetur.
3517 5486 3617 5539 De-

1989 5573 2226 5630 lectatur
2257 5592 2344 5644 eo,
2375 5575 2419 5629 si
2444 5576 2567 5648 quis
2597 5577 2894 5632 mortiﬂcet
2920 5581 3214 5648 peccatum
3245 5594 3431 5645 suum,
3461 5577 3618 5634 oblit-

2051 5721 2148 5780 (tl)
2177 5720 2238 5768 In
2271 5721 2402 5783 psal.
2438 5731 2635 5783 cxvm,
2666 5735 2832 5772 serm.
2865 5723 2943 5784 12,
2980 5735 3134 5773 num.
3160 5724 3241 5774 24.

2053 5788 2149 5850 (12)
2176 5788 2292 5840 Lib.
2331 5791 2401 5840 De
2428 5788 2562 5841 bona
2589 5792 2793 5852 mortis,
2819 5806 2867 5842 c.
2899 5793 2946 5854 5,
2977 5806 3130 5845 num.
3167 5795 3240 5845 19.
