2011 3088
228 142 296 167 2015

800 141 970 168 (ΣΟΜΜΕΝΤ.
993 142 1026 169 ΙΝ
1046 142 1189 169 CANTICA
1208 141 1338 169 CANTIC.

1825 143 1885 170 20115

227 204 300 228 teret
312 202 426 237 culpam
437 210 530 237 suam,
542 202 661 238 sepeliet
670 205 754 237 atque
765 202 932 230 abolefaciat
944 202 1045 238 iniqui-
1058 203 1152 245 Abet,
1173 203 1339 238 radicesque
1363 210 1427 229 suas
1448 210 1518 238 quas
1542 202 1662 229 tinxerat
1682 201 1710 229 in
1729 203 1795 230 sacri
1815 203 1888 231 fontis

228 250 298 275 tates
313 256 393 283 suas;
406 249 523 283 myrrha
539 249 616 276 enim
631 251 673 276 est
688 249 831 284 sepultura
844 251 1023 276 mortuorum
1037 258 1043 276 2

227 298 341 322 mortua
361 296 457 322 autem
478 298 588 330 peccata
608 299 685 328 sunt,
707 304 769 331 quae
794 297 856 323 vitae
879 296 1044 324 suavitatem

227 341 334 368 habere
358 350 416 369 non
444 344 572 377 possunt.
597 343 813 370 Perfunduntnr
837 345 932 370 autem
957 343 1045 370 divini

231 388 371 415 sermonis
397 389 567 424 unguentis,
591 391 620 416 et
647 390 756 416 fortiori
784 390 845 417 cibo
868 390 945 417 verbi
972 390 1045 417 velut

234 443 318 470 pane,
344 438 371 461 et
393 436 515 462 suaviori
539 444 674 463 sermone
698 437 775 463 velut
800 436 884 464 melle
911 439 1047 464 curantur

230 481 365 516 quaedam
385 482 505 509 vulnera
523 483 698 510 delictorum.
721 483 872 511 Sermones
889 485 985 512 autem
1006 484 1042 511 ci-

230 527 280 555 bos
301 536 362 555 esse
385 528 467 556 docet
488 533 516 556 et
539 529 605 556 alibi
627 530 775 563 Salomon,
798 530 894 558 dicens
913 539 920 557 :
942 541 956 556 «
980 531 1044 558 Favi

227 574 321 601 mellis
335 582 481 602 sermones
497 576 564 603 boni
579 577 678 610 (Prom,
693 585 749 610 xvi,
767 578 820 611 24).
836 588 849 601 ν
867 578 897 604 In
912 577 961 604 illo
975 585 1045 613 ergo

227 621 311 648 horto
329 629 476 649 sermones
490 622 557 649 boni
576 624 653 656 sunt,
669 623 741 650 alius
761 624 807 659 qui
828 624 941 659 culpam
962 632 1042 651 coer-

228 670 299 701 ceat,
313 668 385 695 alius
400 669 449 704 qui
464 669 646 704 iniquitatem
661 670 805 705 corripiat,
820 670 891 697 alius
905 670 954 706 qui
970 671 1045 698 mori

228 714 313 741 faciat
335 714 523 749 insolentiam,
546 718 574 743 et
594 716 669 743 velut
692 716 809 751 sepeliet
832 724 904 749 eam,
928 716 1044 752 quando

228 763 375 796 correptus
389 762 489 797 aliquis
505 762 650 790 erroribus
662 763 719 790 suis
732 763 890 790 renuntiat.

264 808 291 834 4.
308 808 354 835 Est
369 808 455 835 etiam
470 817 565 836 sermo
578 809 690 843 fortior,
706 810 754 845 qui
765 810 914 837 conﬁrmat
927 818 976 838 cor
991 811 1042 838 ho-

229 854 312 881 minis
341 855 523 882 validioribus
551 856 702 891 Scripturze
735 857 856 884 caelestis
891 857 1042 885 alimentis.

230 901 337 929 Comedi
349 903 446 935 favum
465 910 525 929 eum
537 904 613 930 meite
627 911 693 934 meo,
706 904 761 930 bibi
774 905 868 931 vinum
887 912 971 931 meum
985 912 1044 931 eum
1055 892 1083 927 Β

230 948 297 975 lacte
316 956 381 975 meo.
399 949 446 975 Est
466 949 542 976 enim
562 957 656 977 sermo
672 951 813 977 suasorias
828 951 918 978 dulcis
933 954 962 977 ut
978 952 1043 985 mel,

229 996 256 1020 et
273 996 367 1021 tamen
389 996 546 1030 peccatoris
564 996 765 1024 conscientiam
785 997 814 1023 in
832 998 894 1032 ipsa
909 997 1044 1025 suavitate

231 1048 436 1076 compungens.
455 1043 501 1069 Est
518 1042 607 1069 etiam
622 1043 800 1070 ferventioris
812 1044 928 1078 spiritus
940 1052 1044 1078 sermo,

231 1086 279 1122 qui
297 1087 419 1115 inebriat
434 1088 507 1115 sicut
521 1089 629 1123 vinum,
653 1092 681 1116 et
701 1098 749 1116 cor
769 1089 894 1117 hominis
911 1090 1044 1118 lmtiticat.

232 1134 279 1161 Est
308 1134 431 1170 denique
458 1136 564 1163 lacteus
591 1144 702 1170 sermo,
729 1144 816 1172 purus
842 1140 870 1163 et
898 1137 1044 1164 candidus.

232 1180 286 1207 Hos
299 1180 375 1208 cibos
386 1181 511 1209 dulcium
526 1182 694 1218 utiliumque
708 1191 873 1210 sermonum
888 1184 1046 1218 epulandos

231 1227 356 1262 Sponsus
379 1229 514 1263 proximis
536 1229 593 1256 suis
615 1229 683 1256 dicit
706 1238 712 1256 :
733 1230 824 1261 Edita,
844 1232 965 1265 proximi
984 1233 1044 1261 mei,

231 1277 256 1301 et
270 1274 361 1306 bibite,
375 1277 401 1302 et
417 1276 600 1307 inebriamini,
614 1278 717 1310 fratres
736 1278 796 1304 mei.
811 1276 934 1304 Proximi
949 1279 1045 1304 autem

232 1323 299 1347 sunt
310 1321 359 1356 qui
374 1329 442 1349 eum
459 1324 629 1357 sequuntur,
646 1325 674 1350 et
693 1323 754 1358 ejus
772 1324 879 1358 nuptiis
894 1323 1044 1350 intersunt.

232 1366 294 1398 Quo
313 1368 375 1395 cibo
395 1371 423 1395 et
443 1371 509 1404 potu
532 1369 613 1403 (bibit
633 1370 711 1397 enim
731 1370 926 1406 unusquisque
946 1370 1045 1404 (Prata,

235 1413 275 1449 15)
296 1422 400 1450 aquam
415 1415 449 1442 de
468 1415 525 1443 suis
546 1416 626 1448 vasis,
647 1419 674 1444 et
697 1417 731 1443 de
754 1420 906 1452 puteorum
931 1425 1046 1444 suorum

231 1460 368 1497 fontibus)
395 1462 503 1497 repleta
528 1463 633 1496 anima,
659 1465 745 1498 atque
770 1463 918 1497 inebriato,
944 1464 1046 1490 saeculo

232 1507 401 1543 dormiebat,
423 1508 554 1544 vigilabat
571 1510 635 1536 Deo.
658 1511 690 1537 Et
711 1510 774 1536 ideo
797 1510 869 1537 sicut
891 1510 1047 1545 posteriora

233 1553 347 1589 docent,
367 1555 470 1590 aperiri
484 1555 537 1582 sibi
553 1556 626 1583 Deus
644 1556 767 1583 Verbum
788 1557 848 1591 ejus
863 1557 983 1591 januam
999 1565 1085 1608 po-C

232 1601 362 1634 stulabat,
378 1604 408 1629 ut
420 1610 482 1629 eam
495 1610 545 1629 suo
558 1603 680 1637 repleret
694 1602 831 1638 ingressu.

268 1649 293 1674 5.
309 1647 380 1674 Hinc
400 1656 468 1683 ergo
483 1649 645 1684 epulatores
662 1649 702 1676 illi
727 1649 871 1684 Platonici,
890 1650 957 1676 hinc
978 1659 1043 1676 uec-

233 1697 276 1720 tar
293 1694 359 1721 illud
375 1702 409 1721 ex
423 1695 488 1721 vino
507 1696 535 1722 et
550 1695 634 1722 melle
653 1696 830 1731 prophetico,
846 1696 912 1723 hinc
933 1705 1046 1724 somnus

232 1739 278 1767 ille
301 1740 451 1768 translatus
477 1744 533 1775 est,
560 1742 625 1769 hinc
647 1742 704 1769 vita
731 1743 777 1769 illa
803 1744 939 1778 perpetua
961 1752 1046 1779 quam

232 1787 299 1814 deos
318 1795 382 1814 suos
396 1787 467 1815 dixit
476 1788 596 1823 epulari,
612 1789 677 1825 quia
689 1789 816 1817 Christus
829 1789 884 1816 vita
898 1792 950 1817 est.
967 1790 1044 1817 ldeo-

232 1842 287 1870 que
304 1833 402 1861 talium
421 1843 586 1862 sermonum
607 1835 774 1870 seminibus,
794 1836 897 1863 animas
918 1837 979 1872 ejus
1000 1845 1043 1863 re-

232 1881 324 1916 pletus
340 1883 383 1908 est
397 1884 505 1915 venter,
519 1884 604 1918 atque
620 1882 683 1918 ipsa
699 1883 786 1910 exivit
804 1883 834 1910 in
854 1883 944 1910 Verbo
960 1893 967 1910 :
983 1892 1046 1919 qua:

231 1929 329 1954 autem
344 1928 402 1955 exit
414 1928 510 1955 anima
522 1937 538 1955 a
551 1928 665 1956 servitio
679 1929 744 1963 isto,
759 1931 788 1956 et
807 1930 898 1957 elevat
910 1937 939 1957 se
953 1938 970 1957 a
983 1938 1045 1957 cor-

231 1982 308 2009 pore,
325 1975 447 2002 Verbum
467 1975 604 2011 sequitur.
624 1976 722 2008 Aliter,
738 1979 768 2003 ut
785 1977 914 2011 superius
937 1977 1045 2012 (Supra,

229 2029 291 2056 cap.
312 2022 350 2056 iv)
370 2022 577 2058 aliquantulum
598 2025 757 2058 repetamus
774 2031 780 2050 :
799 2024 850 2058 (l3)
867 2025 968 2051 Hortus
985 2031 1044 2051 con-

230 2068 321 2095 clusus
338 2076 412 2095 soror
427 2077 495 2100 mea,
515 2076 625 2103 sponsa,
645 2069 737 2097 hortus
749 2070 897 2100 conclusus,
913 2071 976 2103 fons
990 2071 1044 2104 sig-

230 2118 321 2142 natus.
333 2115 393 2147 Quo
408 2115 550 2150 signiﬁcat
570 2116 715 2151 signatum
735 2116 840 2143 debere
859 2116 933 2151 apud
948 2118 975 2143 te
989 2125 1047 2143 ma-

232 2169 299 2188 nere
321 2162 500 2197 mysterium,
516 2170 552 2190 ne
574 2162 695 2189 violetur
717 2163 850 2198 operibus
872 2163 956 2189 malae
972 2163 1044 2197 vitae,

231 2210 316 2244 atque
341 2208 481 2236 adulterio
506 2209 640 2236 castitatis
664 2218 670 2236 :
699 2218 734 2236 ne
761 2209 920 2245 divulgetur
946 2210 1046 2245 quibus

1097 249 1217 285 irriguo,
1232 249 1298 276 etin
1312 249 1401 277 bonos
1420 249 1527 276 fructus
1547 257 1627 276 nova:
1646 248 1817 276 fecunditatis
1833 258 1887 285 ger-

1097 297 1173 323 mine
1187 296 1390 332 pullulaverint
1404 305 1409 322 :
1426 299 1458 323 ut
1471 304 1528 323 non
1540 295 1601 331 jam
1615 295 1776 331 prophetica
1790 296 1886 324 caedan-

1096 343 1269 377 tur-securi,
1294 343 1341 370 sed
1365 342 1527 377 evangelica
1551 342 1682 369 ubertate
1707 342 1889 370 fecundeutur.

1098 390 1222 425 Denique
1237 389 1381 417 fertilitate
1401 397 1499 416 earum
1519 389 1654 416 Dominus
1672 388 1822 416 delectatus
1840 398 1889 417 res-

1096 436 1202 472 pondet
1219 446 1224 463 :

1131 485 1156 510 7.
1182 485 1319 518 Ingressus
1345 491 1404 510 sum
1429 484 1457 509 in
1486 484 1594 509 hortum
1623 490 1722 513 meum,
1748 490 1817 509 soror
1842 491 1892 510 mea

1095 537 1194 565 sponsa
1217 539 1225 556 :
1250 530 1415 557 vindemiant
1434 529 1574 563 myrrham
1592 537 1651 556 cum
1673 531 1810 563 unguentis
1829 531 1892 560 meis,

1095 577 1259 604 manducavi
1278 584 1376 612 panem
1401 584 1488 603 meum
1509 584 1569 603 cum
1588 576 1664 603 melle
1688 584 1759 606 meo,
1784 576 1834 603 bibi
1850 584 1892 611 po-

1097 627 1154 651 tum
1174 632 1260 651 meum
1278 632 1337 650 cum
1357 624 1424 650 lacte
1447 631 1512 650 mea.
1532 623 1624 654 Quare
1645 630 1747 658 panem
1766 625 1793 649 et
1809 623 1894 650 vinum

1096 671 1225 704 dixerim,
1252 670 1348 698 ﬁdeles
1371 669 1544 705 intelligunt.
1568 669 1639 696 Illud
1660 671 1754 696 autem
1778 677 1832 696 non
1852 669 1895 696 du-

1095 717 1185 749 bium,
1202 717 1279 752 quod
1300 717 1381 744 nobis
1397 717 1456 752 ipse
1478 716 1634 743 manducat
1652 718 1681 744 et
1699 716 1780 750 bibit,
1795 716 1862 743 sicut
1872 716 1895 743 in

1098 763 1176 791 nobis
1197 763 1301 799 legisti,
1316 764 1381 799 quia
1402 763 1430 790 in
1449 772 1562 790 carcere
1584 772 1642 790 esse
1663 771 1691 789 se
1706 763 1774 790 dixit
1788 764 1895 797 (Matth,

1095 819 1157 843 xxv,
1173 811 1227 844 36).
1245 810 1324 838 Unde
1344 813 1372 837 et
1387 810 1517 843 Ecclesia,
1538 810 1635 837 videns
1657 812 1766 837 tantam
1780 809 1896 844 gratiam,

1096 858 1225 884 hortatur
1245 857 1314 884 filios
1337 865 1410 891 suos,
1432 857 1564 884 hortatur
1586 856 1741 891 proximos,
1762 859 1793 883 ut
1812 856 1845 883 ad
1863 864 1896 883 sa-

1095 906 1238 932 cramenta
1259 906 1436 938 concurrant,
1461 903 1556 930 dicens
1580 911 1586 930 ε
1609 904 1688 931 Edite
1710 904 1826 938 proximi
1842 904 1896 933 mei,

1096 954 1120 979 ct
1140 952 1230 982 bibite,
1252 953 1276 978 et
1295 951 1477 983 inebriamini,
1498 951 1600 983 fratres
1619 951 1682 977 mei.
1696 950 1767 982 Quid
1781 950 1896 980 edamus,

1096 998 1163 1034 quid
1190 998 1330 1030 bibamus,
1355 997 1421 1024 alibi
1448 997 1498 1024 tibi
1523 1005 1575 1033 per
1597 997 1769 1032 prophetam
1791 996 1898 1032 Spiritus

1097 1048 1207 1072 sanctus
1221 1044 1369 1080 expressit,
1385 1044 1482 1071 dicens
1497 1052 1502 1071 :
1520 1054 1533 1068 «
1548 1044 1674 1076 Gustata,
1691 1045 1719 1071 et
1732 1043 1822 1070 videte
1837 1051 1896 1078 quo-

1096 1091 1173 1119 niam
1190 1090 1282 1118 suavis
1301 1093 1342 1118 est
1357 1091 1503 1124 Dominus;
1520 1090 1618 1117 beatus
1641 1090 1684 1117 vir
1705 1090 1754 1125 qui
1774 1091 1863 1125 sperat
1875 1090 1898 1116 in

1097 1146 1129 1165 eo
1146 1138 1227 1167 (Psal.
1248 1145 1341 1169 χχχιιι,
1364 1138 1399 1171 9).
1424 1148 1437 1161 »ι
1462 1138 1493 1164 1n
1515 1137 1563 1163 illo
1585 1139 1767 1164 sacramento
1787 1136 1899 1163 Christus

1097 1186 1149 1218 est,
1169 1184 1235 1220 quia
1257 1192 1359 1219 corpus
1379 1187 1421 1211 est
1437 1183 1561 1212 Christi:
1583 1192 1641 1211 non
1666 1191 1737 1219 ergo
1761 1182 1899 1218 corporalis

1097 1239 1168 1264 esca,
1185 1231 1234 1257 sed
1247 1230 1382 1266 spiritalis
1402 1232 1455 1257 est.
1480 1230 1556 1257 Unde
1576 1232 1604 1257 et
1623 1230 1776 1265 Apostolus
1795 1229 1828 1256 de
1844 1231 1900 1264 typo

1097 1278 1157 1312 ejus
1179 1277 1218 1304 ait
1240 1286 1246 1304 :
1270 1287 1284 1303 (ι
1305 1277 1377 1309 Quia
1400 1278 1495 1312 patres
1522 1276 1609 1304 nostri
1636 1285 1732 1303 escam
1758 1275 1900 1311 spiritalem

1098 1324 1348 1357 manducaverunt,
1357 1325 1386 1350 et
1392 1326 1457 1359 potu
1463 1331 1490 1350 m
1500 1323 1656 1358 spiritalem
1667 1323 1803 1350 biberunt
1810 1323 1828 1356 (l
1837 1322 1899 1351 Cor..

1098 1379 1125 1404 x,
1149 1372 1175 1404 3,
1196 1371 1232 1405 4).
1248 1381 1261 1394 n
1281 1371 1390 1405 Corpus
1414 1370 1490 1397 enim
1515 1370 1563 1396 Dei
1583 1378 1688 1405 corpus
1713 1371 1755 1396 est
1777 1369 1901 1405 spiritale,

1097 1426 1199 1453 corpus
1212 1417 1316 1444 Christi
1330 1425 1433 1452 corpus
1452 1419 1492 1443 est
1505 1416 1596 1443 divini
1615 1416 1755 1452 Spiritus;
1770 1416 1834 1451 quia
1850 1415 1899 1450 spi-

1098 1465 1168 1492 ritus
1187 1467 1229 1491 est
1248 1464 1385 1497 Christus,
1402 1466 1433 1490 ut
1452 1463 1573 1499 legimus
1589 1471 1595 1490 :
1613 1473 1626 1488 «
1642 1463 1765 1498 Spiritus
1786 1465 1847 1490 ante
1871 1462 1902 1488 fa-

1098 1511 1169 1538 ciem
1192 1512 1316 1537 nostram
1338 1509 1464 1537 Christus
1484 1509 1618 1537 Dominus
1640 1510 1761 1542 (Thren.,
1776 1517 1810 1543 iv,
1824 1509 1873 1543 20).
1890 1521 1900 1531 ιι

1099 1559 1132 1584 Et
1144 1558 1172 1584 in
1189 1557 1262 1585 Petri
1277 1557 1396 1592 epistola
1408 1557 1548 1583 habemus
1564 1565 1570 1583 :
1594 1556 1749 1585 «Christus
1764 1565 1814 1592 pro
1830 1555 1903 1583 nobis

1098 1606 1226 1631 mortuus
1239 1604 1310 1638 est(l
1324 1605 1407 1634 Petr.,
1423 1611 1460 1636 ni,
1479 1604 1530 1638 l8).
1545 1613 1558 1627 ››
1574 1603 1704 1638 Denique
1719 1611 1768 1630 cor
1784 1604 1901 1630 nostrum

1099 1659 1161 1678 esca
1184 1650 1236 1677 ista
1259 1650 1419 1683 confirmat,
1441 1651 1468 1677 et
1491 1652 1574 1684 potus
1593 1650 1644 1676 iste
1663 1650 1787 1677 laetiﬁcat
1802 1657 1848 1677 cor
1861 1649 1903 1676 lio-

1097 1697 1192 1731 minis,
1208 1700 1238 1724 ut
1252 1696 1387 1731 Propheta
1401 1696 1570 1723 memoravit
1583 1696 1670 1731 (PsaI.
1686 1704 1743 1729 Clll,
1761 1697 1813 1726 t5).

1133 1745 1159 1771 8.
1183 1743 1238 1777 (14)
1261 1745 1360 1771 Hortus
1380 1743 1520 1770 conclusus
1543 1751 1619 1770 soror
1637 1751 1697 1770 mea
1719 1751 1825 1778 sponsa,
1849 1742 1901 1769 hor-

1098 1794 1140 1818 tus
1164 1791 1310 1821 conclusus,
1334 1791 1396 1823 fons
1419 1791 1558 1824 signatus;
1582 1797 1618 1816 ne
1646 1790 1729 1817 facile
1754 1789 1860 1824 aperiat
1877 1796 1902 1815 os

1098 1846 1190 1869 suum,
1215 1845 1265 1864 nec
1287 1836 1396 1872 vulgari
1412 1836 1539 1872 resignet
1559 1836 1699 1872 alloquio;
1724 1844 1816 1872 neque
1836 1834 1902 1862 enim

1098 1885 1131 1912 de
1153 1884 1219 1919 ipsis
1240 1883 1342 1910 divinis
1361 1883 1451 1917 decet,
1476 1883 1530 1909 nisi
1554 1883 1640 1910 verbo
1662 1883 1713 1910 Dei
1735 1882 1902 1917 interpellata

1099 1930 1279 1966 respondeas.
1305 1930 1378 1962 Quid
1400 1930 1451 1957 tibi
1476 1938 1541 1957 cum
1564 1930 1695 1957 caeteris?
1719 1929 1775 1957 Soli
1802 1929 1901 1957 Christo

1098 1978 1223 2013 loquere,
1238 1977 1292 2004 soli
1307 1977 1433 2004 fabulare
1448 1976 1570 2004 Christo.
1588 1977 1614 2003 Si
1629 1977 1709 2003 enim
1732 1979 1761 2003 ut
1781 1975 1901 2003 mulieres

1096 2026 1211 2052 taceant
1233 2024 1260 2050 in
1284 2023 1401 2051 ecclesia
1424 2023 1561 2058 scriptum
1581 2025 1624 2049 est
1644 2023 1664 2057 (l
1685 2024 1756 2053 Cor.,
1771 2030 1823 2055 xw,
1838 2022 1877 2056 3b)
1895 2029 1900 2047 :

1098 2073 1208 2106 quanto
1230 2070 1321 2106 magis
1344 2078 1402 2097 non
1424 2070 1505 2097 decet
1526 2071 1622 2104 patere
1644 2069 1764 2105 virginis
1782 2069 1900 2104 januam,

1097 2126 1156 2145 non
1171 2117 1252 2145 decet
1267 2117 1358 2144 viduae
1377 2119 1476 2152 patere
1496 2116 1584 2143 fores!
1605 2116 1666 2144 Cito
1687 2116 1836 2143 insidiator
1857 2122 1900 2149 pu-

1097 2164 1174 2192 doris
1197 2164 1316 2199 obrepit,
1343 2163 1396 2191 cito
1417 2163 1535 2190 verbum
1558 2163 1662 2198 excipit.
1684 2163 1762 2198 quod
1784 2168 1901 2189 revocare

1098 2210 1249 2238 desideres.
1269 2210 1298 2237 Si
1316 2210 1380 2237 Eva;
1401 2210 1495 2236 clausa
1514 2209 1612 2236 fuisset
1628 2209 1730 2244 janua,
1753 2217 1803 2236 nec
1821 2207 1900 2235 Adam

229 2263 288 2282 non
302 2256 443 2289 convenit,
458 2264 493 2282 ne
507 2256 622 2291 garrula
635 2256 805 2292 loquacitate
820 2256 1003 2291 dispergatur
1016 2257 1045 2283 in
1057 2255 1085 2290 D
1099 2257 1234 2292 deceptus
1248 2256 1356 2290 fuisset,
1373 2264 1427 2284 nec
1447 2255 1642 2291 respondisset
1661 2255 1836 2290 interrogata
1849 2261 1900 2280 ser-

231 2302 364 2337 perﬁdos.

266 2352 292 2376 6.
317 2350 394 2377 Bona
413 2350 498 2377 debet
514 2359 582 2386 ergo
605 2350 671 2377 fidei
694 2352 750 2377 tuas
770 2358 831 2377 esse
852 2349 994 2383 custodia,
1018 2352 1047 2376 ut

230 2397 403 2423 intemerata
425 2396 488 2424 vita;
512 2406 543 2424 ac
566 2397 670 2424 silentii
698 2397 848 2432 integritas
875 2399 1045 2431 perseveret.

231 2443 311 2471 Unde
328 2446 355 2471 et
373 2444 505 2477 Ecclesia,
521 2443 700 2471 altitudinem
713 2451 828 2470 servans
843 2443 1045 2478 mysteriorum

229 2490 387 2518 ccelestium
407 2490 501 2525 rejicit
515 2500 530 2517 a
547 2499 576 2517 se
592 2490 735 2525 graviores
757 2490 832 2517 venti
852 2490 998 2526 procellas,
1019 2492 1048 2517 et

229 2538 331 2566 invitat
342 2537 486 2565 vernantis
499 2538 599 2572 gratiae
613 2537 794 2564 suavitatem.
810 2537 843 2564 Et
866 2537 957 2564 sciens
970 2537 1046 2572 quod

229 2585 329 2613 hortus
348 2593 415 2611 suus
437 2585 548 2612 Christo
569 2584 719 2619 displicere
740 2592 798 2611 non
818 2584 915 2619 possit,
931 2584 1046 2611 advocat

231 2632 324 2667 ipsum
346 2640 483 2668 sponsum
503 2631 600 2658 dicens
620 2639 626 2657 :
649 2632 780 2665 Exsurge.
801 2631 912 2666 Aquilo,
933 2634 958 2658 et
975 2632 1045 2662 veni,

232 2678 352 2705 Auster:
364 2680 450 2713 perﬂa
465 2678 573 2705 hortum
588 2686 684 2709 meum,
696 2681 721 2704 et
733 2678 821 2711 ﬂuant
834 2680 975 2711 unguenta
990 2686 1048 2704 mea.

233 2726 335 2757 (Cant.,
358 2733 394 2759 iv,
416 2726 458 2760 16)
476 2733 482 2751 :
500 2724 624 2761 1591
652 2724 797 2752 descendat
817 2725 907 2757 frater
929 2732 1002 2751 meus
1020 2725 1049 2751 in

233 2772 340 2798 hortum
359 2780 444 2804 suum,
461 2774 486 2798 et
499 2772 562 2799 edat
580 2773 702 2805 fructum
718 2772 917 2806 pomiferarum
939 2778 1048 2798 suarum

233 2817 337 2851 (Cant,
352 2825 376 2850 v,
396 2820 436 2852 t);
452 2818 543 2845 bonas
560 2818 637 2845 enim
654 2818 767 2845 arbores
782 2820 810 2845 et
822 2818 984 2845 fructiferas
996 2817 1047 2845 ha—

267 2908 315 2939 (13)
329 2908 387 2932 Lib.
402 2909 433 2933 de
448 2911 586 2941 Λίνδιον-11⁸,
600 2919 659 2944 cap.
676 2913 699 2942 9,
716 2919 791 2938 num.
807 2913 846 2938 55.

1097 2304 1186 2339 penti.
1212 2303 1337 2329 Introivit
1361 2311 1436 2329 mors
1457 2311 1507 2337 per
1527 2303 1691 2335 fenestram,
1715 2302 1769 2329 hoc
1786 2304 1833 2333 est,
1858 2307 1900 2335 per

1097 2351 1161 2378 Evae
1182 2350 1296 2377 ostium.
1312 2349 1474 2384 Ingreditur
1493 2358 1567 2375 mors
1591 2357 1641 2383 per
1663 2350 1767 2375 ostium
1782 2352 1866 2377 tuum,
1880 2345 1898 2371 si

1097 2398 1200 2424 falsum
1216 2397 1349 2431 loquaris,
1365 2396 1386 2422 si
1403 2396 1531 2430 turpiter,
1549 2396 1569 2421 si
1589 2395 1754 2430 procaciter,
1770 2397 1899 2430 postremo

1098 2443 1120 2470 si
1134 2443 1182 2470 ubi
1203 2452 1258 2469 nou
1281 2445 1404 2478 oportet,
1425 2443 1556 2477 loquaris.
1571 2443 1680 2469 Clauszn
1697 2443 1754 2468 sint
1770 2441 1851 2476 igitur
1865 2439 1898 2465 la-

1098 2490 1210 2517 biorum
1232 2493 1346 2516 tuorum
1369 2490 1453 2520 fores,
1470 2492 1497 2515 et
1516 2489 1678 2516 obseratum
1704 2490 1814 2515 maneat
1836 2485 1900 2512 vocis

1098 2537 1278 2569 vestibulum,
1300 2539 1365 2563 tunc
1385 2536 1501 2562 fortasse
1521 2535 1717 2567 reserandum,
1733 2543 1795 2561 cum
1812 2532 1897 2560 audie-

1099 2584 1136 2611 ris
1154 2583 1201 2611 Dei
1218 2592 1323 2614 vocem,
1341 2591 1404 2609 cum
1419 2582 1542 2609 audieris
1561 2583 1608 2609 Dei
1625 2581 1753 2608 verbum.
1769 2581 1840 2607 Tunc
1856 2577 1899 2605 tibi

1100 2630 1217 2665 myrrha
1246 2629 1373 2662 sudabit,
1405 2632 1471 2655 tunc
1498 2629 1548 2655 tibi
1574 2627 1752 2663 baptismatis
1777 2623 1898 2661 aspirabit

1098 2677 1200 2712 gratia,
1225 2680 1254 2702 ut
1280 2676 1314 2702 ab
1338 2676 1487 2702 elementis
1513 2675 1610 2701 mundi
1638 2673 1820 2701 commoriare
1842 2677 1896 2697 cum

1098 2723 1220 2755 Christo,
1245 2726 1273 2749 et
1294 2731 1356 2749 cum
1373 2723 1485 2750 Christo
1510 2730 1649 2756 resurgas.
1677 2732 1689 2744 ιι
1715 2719 1786 2751 Quid
1807 2717 1896 2747 adhuc,

1099 2770 1202 2805 inquit,
1229 2770 1300 2796 velut
1325 2770 1460 2801 viventes,
1483 2769 1516 2795 de
1538 2769 1592 2795 hoc
1615 2767 1720 2794 mundo
1741 2761 1897 2793 decernitis?

1098 2818 1137 2844 Ne
1158 2817 1320 2852 tetigeritis,
1343 2824 1378 2842 ne
1400 2815 1645 2848 attaminaveritis,
1665 2822 1700 2840 ne
1722 2809 1894 2848 gustaverilis»

1129 2912 1177 2945 (14)
1192 2911 1249 2937 Lib.
1266 2911 1296 2936 de
1317 2911 1482 2943 Virginitate,
1496 2917 1556 2943 cap.
1573 2911 1610 2941 13,
1626 2915 1701 2935 num.
1716 2907 1755 2934 80.
