  <div class='ocr_page' id='page_1' title='image "/cluster/home/n/w/nwhite01/storage/ocr_20150623/15/hvd.32044048207278/390.png"; bbox 0 0 4022 6176; ppageno 0'>
   <div class='ocr_carea' id='block_1_1' title="bbox 285 289 424 340">
    <p class='ocr_par' dir='ltr' id='par_1_1' title="bbox 285 289 424 340">
     <span class='ocr_line' id='line_1_1' title="bbox 285 289 424 340; baseline -0.014 0"><span class='ocrx_word' id='word_1_1' title='bbox 285 289 424 340; x_wconf 71' lang='grc'>2017</span> 
     </span>
    </p>
   </div>
   <div class='ocr_carea' id='block_1_2' title="bbox 1334 279 2605 344">
    <p class='ocr_par' dir='ltr' id='par_1_2' title="bbox 1334 279 2605 344">
     <span class='ocr_line' id='line_1_2' title="bbox 1334 279 2605 344; baseline -0.002 0"><span class='ocrx_word' id='word_1_2' title='bbox 1334 291 1372 344; x_wconf 83' lang='grc' dir='ltr'>Ε</span> <span class='ocrx_word' id='word_1_3' title='bbox 1411 289 1710 344; x_wconf 82' lang='lat' dir='ltr'>SCRIPTIS</span> <span class='ocrx_word' id='word_1_4' title='bbox 1748 279 1800 342; x_wconf 37' lang='lat' dir='ltr'>Si</span> <span class='ocrx_word' id='word_1_5' title='bbox 1848 289 2156 344; x_wconf 77' lang='lat' dir='ltr'>AMBROSII</span> <span class='ocrx_word' id='word_1_6' title='bbox 2198 288 2605 343; x_wconf 84' lang='lat' dir='ltr'>COLLECTUS.</span> 
     </span>
    </p>
   </div>
   <div class='ocr_carea' id='block_1_3' title="bbox 3505 298 3648 348">
    <p class='ocr_par' dir='ltr' id='par_1_3' title="bbox 3505 298 3648 348">
     <span class='ocr_line' id='line_1_3' title="bbox 3505 298 3648 348; baseline 0.007 -1"><span class='ocrx_word' id='word_1_7' title='bbox 3505 298 3648 348; x_wconf 81' lang='lat' dir='ltr'>‘20l8</span> 
     </span>
    </p>
   </div>
   <div class='ocr_carea' id='block_1_4' title="bbox 282 412 3640 497">
    <p class='ocr_par' dir='ltr' id='par_1_4' title="bbox 282 412 3640 497">
     <span class='ocr_line' id='line_1_4' title="bbox 282 412 3640 497; baseline 0.002 -32"><span class='ocrx_word' id='word_1_8' title='bbox 282 427 408 481; x_wconf 75' lang='lat' dir='ltr'>quae</span> <span class='ocrx_word' id='word_1_9' title='bbox 449 418 578 464; x_wconf 86' lang='lat' dir='ltr'>sunt</span> <span class='ocrx_word' id='word_1_10' title='bbox 612 412 679 465; x_wconf 85' lang='lat' dir='ltr'>ad</span> <span class='ocrx_word' id='word_1_11' title='bbox 723 413 1142 482; x_wconf 75' lang='lat' dir='ltr'>corruptionem</span> <span class='ocrx_word' id='word_1_12' title='bbox 1176 415 1294 482; x_wconf 89' lang='lat' dir='ltr'>ipso</span> <span class='ocrx_word' id='word_1_13' title='bbox 1325 430 1426 466; x_wconf 85' lang='lat' dir='ltr'>usu</span> <span class='ocrx_word' id='word_1_14' title='bbox 1459 414 1692 474; x_wconf 76' lang='lat'>(001038.,</span> <span class='ocrx_word' id='word_1_15' title='bbox 1731 431 1786 479; x_wconf 80' lang='grc' dir='ltr'>ιι,</span> <span class='ocrx_word' id='word_1_16' title='bbox 1816 416 1910 468; x_wconf 77' lang='lat'>20-</span> <span class='ocrx_word' id='word_1_17' title='bbox 1938 427 1989 497; x_wconf 77' lang='grc' dir='ltr'>Α</span> <span class='ocrx_word' id='word_1_18' title='bbox 2014 412 2084 466; x_wconf 89' lang='lat' dir='ltr'>ad</span> <span class='ocrx_word' id='word_1_19' title='bbox 2114 419 2294 466; x_wconf 87' lang='lat' dir='ltr'>terras</span> <span class='ocrx_word' id='word_1_20' title='bbox 2325 429 2519 466; x_wconf 87' lang='lat' dir='ltr'>aerem</span> <span class='ocrx_word' id='word_1_21' title='bbox 2547 415 2823 484; x_wconf 83' lang='lat' dir='ltr'>praevium</span> <span class='ocrx_word' id='word_1_22' title='bbox 2859 415 3083 481; x_wconf 82' lang='lat' dir='ltr'>sanctis,</span> <span class='ocrx_word' id='word_1_23' title='bbox 3112 418 3504 487; x_wconf 75' lang='lat' dir='ltr'>respicientem</span> <span class='ocrx_word' id='word_1_24' title='bbox 3537 419 3640 471; x_wconf 90' lang='lat' dir='ltr'>Do-</span> 
     </span>
    </p>
   </div>
   <div class='ocr_carea' id='block_1_5' title="bbox 283 507 448 573">
    <p class='ocr_par' dir='ltr' id='par_1_5' title="bbox 283 507 448 573">
     <span class='ocr_line' id='line_1_5' title="bbox 283 507 448 573; baseline 0 -15"><span class='ocrx_word' id='word_1_25' title='bbox 283 507 390 573; x_wconf 72' lang='grc'>22).</span> <span class='ocrx_word' id='word_1_26' title='bbox 423 528 448 553; x_wconf 83' lang='grc'>›)</span> 
     </span>
    </p>
   </div>
   <div class='ocr_carea' id='block_1_6' title="bbox 351 598 1910 668">
    <p class='ocr_par' dir='ltr' id='par_1_6' title="bbox 351 598 1910 668">
     <span class='ocr_line' id='line_1_6' title="bbox 351 598 1910 668; baseline 0.002 -17"><span class='ocrx_word' id='word_1_27' title='bbox 351 600 404 652; x_wconf 86' lang='grc'>9.</span> <span class='ocrx_word' id='word_1_28' title='bbox 439 601 546 668; x_wconf 84' lang='lat'>(15)</span> <span class='ocrx_word' id='word_1_29' title='bbox 576 598 872 654; x_wconf 88' lang='lat' dir='ltr'>Descendat</span> <span class='ocrx_word' id='word_1_30' title='bbox 899 601 1076 665; x_wconf 81' lang='lat' dir='ltr'><strong><em>frater</em></strong></span> <span class='ocrx_word' id='word_1_31' title='bbox 1115 615 1260 654; x_wconf 85' lang='lat' dir='ltr'>meus</span> <span class='ocrx_word' id='word_1_32' title='bbox 1303 603 1358 652; x_wconf 87' lang='lat' dir='ltr'>in</span> <span class='ocrx_word' id='word_1_33' title='bbox 1398 601 1615 655; x_wconf 83' lang='lat' dir='ltr'>hortum</span> <span class='ocrx_word' id='word_1_34' title='bbox 1644 617 1819 662; x_wconf 88' lang='lat' dir='ltr'>suum,</span> <span class='ocrx_word' id='word_1_35' title='bbox 1849 609 1910 654; x_wconf 87' lang='lat' dir='ltr'>ut</span> 
     </span>
    </p>
   </div>
   <div class='ocr_carea' id='block_1_7' title="bbox 278 692 1911 761">
    <p class='ocr_par' dir='ltr' id='par_1_7' title="bbox 278 692 1911 761">
     <span class='ocr_line' id='line_1_7' title="bbox 278 692 1911 761; baseline 0.005 -19"><span class='ocrx_word' id='word_1_36' title='bbox 278 692 518 746; x_wconf 78' lang='lat' dir='ltr'>comedat</span> <span class='ocrx_word' id='word_1_37' title='bbox 565 693 808 757; x_wconf 85' lang='lat' dir='ltr'>fructum</span> <span class='ocrx_word' id='word_1_38' title='bbox 851 695 1248 761; x_wconf 77' lang='lat' dir='ltr'>pomiferarum</span> <span class='ocrx_word' id='word_1_39' title='bbox 1305 711 1549 748; x_wconf 75' lang='lat' dir='ltr'>suarum.</span> <span class='ocrx_word' id='word_1_40' title='bbox 1597 695 1735 758; x_wconf 65' lang='lat' dir='ltr'>Quai</span> <span class='ocrx_word' id='word_1_41' title='bbox 1784 702 1911 750; x_wconf 77' lang='lat' dir='ltr'>sunt</span> 
     </span>
    </p>
   </div>
   <div class='ocr_carea' id='block_1_8' title="bbox 283 785 1906 857">
    <p class='ocr_par' dir='ltr' id='par_1_8' title="bbox 283 785 1906 857">
     <span class='ocr_line' id='line_1_8' title="bbox 283 785 1906 857; baseline 0.002 -19"><span class='ocrx_word' id='word_1_42' title='bbox 283 788 404 839; x_wconf 66' lang='lat' dir='ltr'>istae</span> <span class='ocrx_word' id='word_1_43' title='bbox 431 785 762 855; x_wconf 76' lang='lat' dir='ltr'>pomiferze?</span> <span class='ocrx_word' id='word_1_44' title='bbox 794 786 1036 857; x_wconf 88' lang='lat' dir='ltr'>Lignum</span> <span class='ocrx_word' id='word_1_45' title='bbox 1070 787 1293 841; x_wconf 91' lang='lat' dir='ltr'>aridum</span> <span class='ocrx_word' id='word_1_46' title='bbox 1321 788 1504 842; x_wconf 86' lang='lat' dir='ltr'>factus</span> <span class='ocrx_word' id='word_1_47' title='bbox 1529 805 1590 841; x_wconf 84' lang='lat' dir='ltr'>es</span> <span class='ocrx_word' id='word_1_48' title='bbox 1623 788 1678 840; x_wconf 93' lang='lat' dir='ltr'>in</span> <span class='ocrx_word' id='word_1_49' title='bbox 1709 789 1906 854; x_wconf 87' lang='lat' dir='ltr'>Adam,</span> 
     </span>
    </p>
   </div>
   <div class='ocr_carea' id='block_1_9' title="bbox 282 879 1910 952">
    <p class='ocr_par' dir='ltr' id='par_1_9' title="bbox 282 879 1910 952">
     <span class='ocr_line' id='line_1_9' title="bbox 282 879 1910 952; baseline 0.004 -22"><span class='ocrx_word' id='word_1_50' title='bbox 282 879 379 932; x_wconf 76' lang='lat' dir='ltr'>sed</span> <span class='ocrx_word' id='word_1_51' title='bbox 407 895 556 932; x_wconf 90' lang='lat' dir='ltr'>nunc</span> <span class='ocrx_word' id='word_1_52' title='bbox 583 895 686 950; x_wconf 89' lang='lat' dir='ltr'>per</span> <span class='ocrx_word' id='word_1_53' title='bbox 720 879 960 949; x_wconf 81' lang='lat' dir='ltr'>gratiam</span> <span class='ocrx_word' id='word_1_54' title='bbox 985 879 1193 936; x_wconf 78' lang='lat' dir='ltr'>Christi</span> <span class='ocrx_word' id='word_1_55' title='bbox 1221 881 1500 951; x_wconf 85' lang='lat' dir='ltr'>pomifera</span> <span class='ocrx_word' id='word_1_56' title='bbox 1531 882 1698 935; x_wconf 90' lang='lat' dir='ltr'>arbor</span> <span class='ocrx_word' id='word_1_57' title='bbox 1728 881 1910 952; x_wconf 89' lang='lat' dir='ltr'>pullu-</span> 
     </span>
    </p>
   </div>
   <div class='ocr_carea' id='block_1_10' title="bbox 283 972 1910 1046">
    <p class='ocr_par' dir='ltr' id='par_1_10' title="bbox 283 972 1910 1046">
     <span class='ocr_line' id='line_1_10' title="bbox 283 972 1910 1046; baseline 0.003 -22"><span class='ocrx_word' id='word_1_58' title='bbox 283 972 429 1026; x_wconf 88' lang='lat' dir='ltr'>lasti.</span> <span class='ocrx_word' id='word_1_59' title='bbox 465 972 728 1026; x_wconf 77' lang='lat' dir='ltr'>Libenter</span> <span class='ocrx_word' id='word_1_60' title='bbox 754 972 968 1044; x_wconf 90' lang='lat' dir='ltr'>accepit</span> <span class='ocrx_word' id='word_1_61' title='bbox 997 974 1269 1028; x_wconf 87' lang='lat' dir='ltr'>Dominus</span> <span class='ocrx_word' id='word_1_62' title='bbox 1292 975 1470 1038; x_wconf 84' lang='lat' dir='ltr'>Jesus,</span> <span class='ocrx_word' id='word_1_63' title='bbox 1503 978 1560 1028; x_wconf 87' lang='lat' dir='ltr'>et</span> <span class='ocrx_word' id='word_1_64' title='bbox 1585 975 1910 1046; x_wconf 80' lang='lat' dir='ltr'>dignatione</span> 
     </span>
    </p>
   </div>
   <div class='ocr_carea' id='block_1_11' title="bbox 281 1065 1908 1140">
    <p class='ocr_par' dir='ltr' id='par_1_11' title="bbox 281 1065 1908 1140">
     <span class='ocr_line' id='line_1_11' title="bbox 281 1065 1908 1140; baseline 0.001 -20"><span class='ocrx_word' id='word_1_65' title='bbox 281 1065 492 1120; x_wconf 67' lang='lat' dir='ltr'>«.‘(Blesti</span> <span class='ocrx_word' id='word_1_66' title='bbox 523 1066 814 1135; x_wconf 82' lang='lat' dir='ltr'>respondit</span> <span class='ocrx_word' id='word_1_67' title='bbox 843 1067 1098 1121; x_wconf 74' lang='lat' dir='ltr'>Ecclesiae</span> <span class='ocrx_word' id='word_1_68' title='bbox 1131 1085 1244 1121; x_wconf 75' lang='lat' dir='ltr'>suae</span> <span class='ocrx_word' id='word_1_69' title='bbox 1277 1085 1288 1121; x_wconf 92' lang='lat'>:</span> <span class='ocrx_word' id='word_1_70' title='bbox 1324 1090 1352 1116; x_wconf 83' lang='lat'>«</span> <span class='ocrx_word' id='word_1_71' title='bbox 1383 1068 1672 1135; x_wconf 90' lang='lat' dir='ltr'>Descendi,</span> <span class='ocrx_word' id='word_1_72' title='bbox 1703 1068 1908 1140; x_wconf 81' lang='lat' dir='ltr'>inquit,</span> 
     </span>
    </p>
   </div>
   <div class='ocr_carea' id='block_1_12' title="bbox 281 1160 1906 1232">
    <p class='ocr_par' dir='ltr' id='par_1_12' title="bbox 281 1160 1906 1232">
     <span class='ocr_line' id='line_1_12' title="bbox 281 1160 1906 1232; baseline 0.003 -20"><span class='ocrx_word' id='word_1_73' title='bbox 281 1161 339 1213; x_wconf 90' lang='lat' dir='ltr'>in</span> <span class='ocrx_word' id='word_1_74' title='bbox 381 1160 608 1213; x_wconf 82' lang='lat' dir='ltr'>hortum</span> <span class='ocrx_word' id='word_1_75' title='bbox 653 1176 865 1224; x_wconf 91' lang='lat' dir='ltr'>meum,</span> <span class='ocrx_word' id='word_1_76' title='bbox 909 1160 1254 1215; x_wconf 88' lang='lat' dir='ltr'>vindemiavi</span> <span class='ocrx_word' id='word_1_77' title='bbox 1298 1162 1587 1232; x_wconf 85' lang='lat' dir='ltr'>myrrham</span> <span class='ocrx_word' id='word_1_78' title='bbox 1633 1178 1762 1216; x_wconf 92' lang='lat' dir='ltr'>cum</span> <span class='ocrx_word' id='word_1_79' title='bbox 1808 1179 1906 1216; x_wconf 92' lang='lat' dir='ltr'>un-</span> 
     </span>
    </p>
   </div>
   <div class='ocr_carea' id='block_1_13' title="bbox 281 1253 1911 1325">
    <p class='ocr_par' dir='ltr' id='par_1_13' title="bbox 281 1253 1911 1325">
     <span class='ocr_line' id='line_1_13' title="bbox 281 1253 1911 1325; baseline 0.002 -19"><span class='ocrx_word' id='word_1_80' title='bbox 281 1253 508 1322; x_wconf 84' lang='lat' dir='ltr'>guentis</span> <span class='ocrx_word' id='word_1_81' title='bbox 541 1253 703 1320; x_wconf 84' lang='lat' dir='ltr'>meis,</span> <span class='ocrx_word' id='word_1_82' title='bbox 736 1254 1068 1307; x_wconf 86' lang='lat' dir='ltr'>manducavi</span> <span class='ocrx_word' id='word_1_83' title='bbox 1101 1271 1311 1325; x_wconf 90' lang='lat' dir='ltr'>panem</span> <span class='ocrx_word' id='word_1_84' title='bbox 1351 1272 1544 1310; x_wconf 93' lang='lat' dir='ltr'>meum</span> <span class='ocrx_word' id='word_1_85' title='bbox 1581 1271 1708 1309; x_wconf 90' lang='lat' dir='ltr'>cum</span> <span class='ocrx_word' id='word_1_86' title='bbox 1744 1256 1911 1310; x_wconf 86' lang='lat' dir='ltr'>melle</span> 
     </span>
    </p>
   </div>
   <div class='ocr_carea' id='block_1_14' title="bbox 283 1346 1701 1413">
    <p class='ocr_par' dir='ltr' id='par_1_14' title="bbox 283 1346 1701 1413">
     <span class='ocr_line' id='line_1_14' title="bbox 283 1346 1701 1413; baseline 0 -14"><span class='ocrx_word' id='word_1_87' title='bbox 283 1363 434 1413; x_wconf 89' lang='lat' dir='ltr'>meo,</span> <span class='ocrx_word' id='word_1_88' title='bbox 467 1352 525 1401; x_wconf 89' lang='lat' dir='ltr'>et</span> <span class='ocrx_word' id='word_1_89' title='bbox 552 1346 667 1400; x_wconf 88' lang='lat' dir='ltr'>bibi</span> <span class='ocrx_word' id='word_1_90' title='bbox 694 1347 888 1402; x_wconf 90' lang='lat' dir='ltr'>vinum</span> <span class='ocrx_word' id='word_1_91' title='bbox 921 1364 1114 1401; x_wconf 90' lang='lat' dir='ltr'>meum</span> <span class='ocrx_word' id='word_1_92' title='bbox 1149 1365 1280 1402; x_wconf 91' lang='lat' dir='ltr'>cum</span> <span class='ocrx_word' id='word_1_93' title='bbox 1314 1349 1458 1403; x_wconf 91' lang='lat' dir='ltr'>lacte</span> <span class='ocrx_word' id='word_1_94' title='bbox 1493 1365 1640 1404; x_wconf 92' lang='lat' dir='ltr'>meo.</span> <span class='ocrx_word' id='word_1_95' title='bbox 1675 1375 1701 1399; x_wconf 74' lang='grc' dir='ltr'><strong>ν</strong></span> 
     </span>
    </p>
   </div>
   <div class='ocr_carea' id='block_1_15' title="bbox 357 1439 1906 1511">
    <p class='ocr_par' dir='ltr' id='par_1_15' title="bbox 357 1439 1906 1511">
     <span class='ocr_line' id='line_1_15' title="bbox 357 1439 1906 1511; baseline 0.004 -19"><span class='ocrx_word' id='word_1_96' title='bbox 357 1443 441 1493; x_wconf 90' lang='grc'>10.</span> <span class='ocrx_word' id='word_1_97' title='bbox 493 1439 669 1506; x_wconf 86' lang='lat' dir='ltr'>Edite,</span> <span class='ocrx_word' id='word_1_98' title='bbox 711 1441 916 1511; x_wconf 86' lang='lat' dir='ltr'>inquit,</span> <span class='ocrx_word' id='word_1_99' title='bbox 959 1441 1158 1496; x_wconf 79' lang='lat' dir='ltr'>fratres</span> <span class='ocrx_word' id='word_1_100' title='bbox 1205 1442 1339 1505; x_wconf 88' lang='lat' dir='ltr'>mei,</span> <span class='ocrx_word' id='word_1_101' title='bbox 1383 1447 1440 1496; x_wconf 92' lang='lat' dir='ltr'>et</span> <span class='ocrx_word' id='word_1_102' title='bbox 1485 1442 1846 1498; x_wconf 89' lang='lat' dir='ltr'>inebriamini</span> <span class='ocrx_word' id='word_1_103' title='bbox 1895 1461 1906 1498; x_wconf 89' lang='lat'>:</span> 
     </span>
    </p>
   </div>
   <div class='ocr_carea' id='block_1_16' title="bbox 2017 505 3640 579">
    <p class='ocr_par' dir='ltr' id='par_1_16' title="bbox 2017 505 3640 579">
     <span class='ocr_line' id='line_1_16' title="bbox 2017 505 3640 579; baseline 0.003 -19"><span class='ocrx_word' id='word_1_104' title='bbox 2017 505 2262 573; x_wconf 91' lang='lat' dir='ltr'>minum,</span> <span class='ocrx_word' id='word_1_105' title='bbox 2312 512 2368 559; x_wconf 89' lang='lat' dir='ltr'>et</span> <span class='ocrx_word' id='word_1_106' title='bbox 2414 506 2770 576; x_wconf 82' lang='lat' dir='ltr'>pollicentem</span> <span class='ocrx_word' id='word_1_107' title='bbox 2825 512 2989 560; x_wconf 73' lang='lat' dir='ltr'>terras</span> <span class='ocrx_word' id='word_1_108' title='bbox 3038 508 3160 577; x_wconf 87' lang='lat' dir='ltr'>ejus</span> <span class='ocrx_word' id='word_1_109' title='bbox 3211 511 3640 579; x_wconf 85' lang='lat' dir='ltr'>possessionem.</span> 
     </span>
    </p>
   </div>
   <div class='ocr_carea' id='block_1_17' title="bbox 2015 599 3642 674">
    <p class='ocr_par' dir='ltr' id='par_1_17' title="bbox 2015 599 3642 674">
     <span class='ocr_line' id='line_1_17' title="bbox 2015 599 3642 674; baseline 0.004 -22"><span class='ocrx_word' id='word_1_110' title='bbox 2015 601 2211 669; x_wconf 84' lang='lat' dir='ltr'>Itaque</span> <span class='ocrx_word' id='word_1_111' title='bbox 2269 599 2425 652; x_wconf 84' lang='lat' dir='ltr'>brevi</span> <span class='ocrx_word' id='word_1_112' title='bbox 2484 616 2683 653; x_wconf 89' lang='lat' dir='ltr'>somno</span> <span class='ocrx_word' id='word_1_113' title='bbox 2737 599 3056 666; x_wconf 87' lang='lat' dir='ltr'>dormiens,</span> <span class='ocrx_word' id='word_1_114' title='bbox 3111 601 3437 672; x_wconf 82' lang='lat' dir='ltr'>impetravit</span> <span class='ocrx_word' id='word_1_115' title='bbox 3489 604 3642 674; x_wconf 90' lang='lat' dir='ltr'>quod</span> 
     </span>
    </p>
   </div>
   <div class='ocr_carea' id='block_1_18' title="bbox 2019 693 3642 764">
    <p class='ocr_par' dir='ltr' id='par_1_18' title="bbox 2019 693 3642 764">
     <span class='ocr_line' id='line_1_18' title="bbox 2019 693 3642 764; baseline 0.003 -19"><span class='ocrx_word' id='word_1_116' title='bbox 2019 708 2226 762; x_wconf 87' lang='lat' dir='ltr'>magno</span> <span class='ocrx_word' id='word_1_117' title='bbox 2280 693 2474 747; x_wconf 88' lang='lat' dir='ltr'>labore</span> <span class='ocrx_word' id='word_1_118' title='bbox 2529 698 2727 763; x_wconf 88' lang='lat' dir='ltr'>postea</span> <span class='ocrx_word' id='word_1_119' title='bbox 2781 694 3098 764; x_wconf 84' lang='lat' dir='ltr'>acquisivit,</span> <span class='ocrx_word' id='word_1_120' title='bbox 3145 694 3447 749; x_wconf 80' lang='lat' dir='ltr'>haereditas</span> <span class='ocrx_word' id='word_1_121' title='bbox 3491 697 3642 750; x_wconf 91' lang='lat' dir='ltr'>enim</span> 
     </span>
    </p>
   </div>
   <div class='ocr_carea' id='block_1_19' title="bbox 2017 785 3648 855">
    <p class='ocr_par' dir='ltr' id='par_1_19' title="bbox 2017 785 3648 855">
     <span class='ocr_line' id='line_1_19' title="bbox 2017 785 3648 855; baseline 0.001 -16"><span class='ocrx_word' id='word_1_122' title='bbox 2017 785 2137 855; x_wconf 83' lang='lat' dir='ltr'>ejus</span> <span class='ocrx_word' id='word_1_123' title='bbox 2188 792 2270 839; x_wconf 90' lang='lat' dir='ltr'>est</span> <span class='ocrx_word' id='word_1_124' title='bbox 2316 803 2549 840; x_wconf 89' lang='lat' dir='ltr'>somnus</span> <span class='ocrx_word' id='word_1_125' title='bbox 2594 789 2943 853; x_wconf 87' lang='lat' dir='ltr'>sanctorum,</span> <span class='ocrx_word' id='word_1_126' title='bbox 2989 787 3222 842; x_wconf 88' lang='lat' dir='ltr'>feriatus</span> <span class='ocrx_word' id='word_1_127' title='bbox 3270 787 3341 842; x_wconf 89' lang='lat' dir='ltr'>ab</span> <span class='ocrx_word' id='word_1_128' title='bbox 3383 789 3648 843; x_wconf 85' lang='lat' dir='ltr'>omnibus</span> 
     </span>
    </p>
   </div>
   <div class='ocr_carea' id='block_1_20' title="bbox 2014 879 3646 952">
    <p class='ocr_par' dir='ltr' id='par_1_20' title="bbox 2014 879 3646 952">
     <span class='ocr_line' id='line_1_20' title="bbox 2014 879 3646 952; baseline 0.002 -21"><span class='ocrx_word' id='word_1_129' title='bbox 2014 879 2268 949; x_wconf 87' lang='lat' dir='ltr'>corporis</span> <span class='ocrx_word' id='word_1_130' title='bbox 2326 879 2734 950; x_wconf 81' lang='lat' dir='ltr'>voluptatibus,</span> <span class='ocrx_word' id='word_1_131' title='bbox 2785 880 2856 933; x_wconf 89' lang='lat' dir='ltr'>ab</span> <span class='ocrx_word' id='word_1_132' title='bbox 2906 881 3062 934; x_wconf 90' lang='lat' dir='ltr'>omni</span> <span class='ocrx_word' id='word_1_133' title='bbox 3119 881 3299 935; x_wconf 89' lang='lat' dir='ltr'>animi</span> <span class='ocrx_word' id='word_1_134' title='bbox 3351 881 3646 952; x_wconf 84' lang='lat' dir='ltr'>perturba-</span> 
     </span>
    </p>
   </div>
   <div class='ocr_carea' id='block_1_21' title="bbox 2013 972 3642 1046">
    <p class='ocr_par' dir='ltr' id='par_1_21' title="bbox 2013 972 3642 1046">
     <span class='ocr_line' id='line_1_21' title="bbox 2013 972 3642 1046; baseline 0.001 -21"><span class='ocrx_word' id='word_1_135' title='bbox 2013 972 2189 1039; x_wconf 88' lang='lat' dir='ltr'>tione,</span> <span class='ocrx_word' id='word_1_136' title='bbox 2220 972 2689 1042; x_wconf 75' lang='lat' dir='ltr'>tranquillitatem</span> <span class='ocrx_word' id='word_1_137' title='bbox 2726 973 2902 1027; x_wconf 90' lang='lat' dir='ltr'>menti</span> <span class='ocrx_word' id='word_1_138' title='bbox 2935 973 3228 1040; x_wconf 83' lang='lat' dir='ltr'>invehens,</span> <span class='ocrx_word' id='word_1_139' title='bbox 3258 974 3642 1046; x_wconf 86' lang='lat' dir='ltr'>placiditatem</span> 
     </span>
    </p>
   </div>
   <div class='ocr_carea' id='block_1_22' title="bbox 2013 1065 3645 1138">
    <p class='ocr_par' dir='ltr' id='par_1_22' title="bbox 2013 1065 3645 1138">
     <span class='ocr_line' id='line_1_22' title="bbox 2013 1065 3645 1138; baseline 0.002 -19"><span class='ocrx_word' id='word_1_140' title='bbox 2013 1065 2254 1133; x_wconf 81' lang='lat' dir='ltr'>animae;</span> <span class='ocrx_word' id='word_1_141' title='bbox 2284 1069 2347 1120; x_wconf 87' lang='lat' dir='ltr'>ut</span> <span class='ocrx_word' id='word_1_142' title='bbox 2385 1069 2659 1136; x_wconf 89' lang='lat' dir='ltr'>tanquam</span> <span class='ocrx_word' id='word_1_143' title='bbox 2693 1066 2874 1121; x_wconf 91' lang='lat' dir='ltr'>soluta</span> <span class='ocrx_word' id='word_1_144' title='bbox 2915 1083 3064 1121; x_wconf 81' lang='lat' dir='ltr'>nexu</span> <span class='ocrx_word' id='word_1_145' title='bbox 3105 1068 3361 1138; x_wconf 89' lang='lat' dir='ltr'>corporis</span> <span class='ocrx_word' id='word_1_146' title='bbox 3396 1085 3454 1122; x_wconf 90' lang='lat' dir='ltr'>se</span> <span class='ocrx_word' id='word_1_147' title='bbox 3486 1069 3645 1124; x_wconf 85' lang='lat' dir='ltr'>able-</span> 
     </span>
    </p>
   </div>
   <div class='ocr_carea' id='block_1_23' title="bbox 2013 1159 3651 1222">
    <p class='ocr_par' dir='ltr' id='par_1_23' title="bbox 2013 1159 3651 1222">
     <span class='ocr_line' id='line_1_23' title="bbox 2013 1159 3651 1222; baseline 0.004 -12"><span class='ocrx_word' id='word_1_148' title='bbox 2013 1163 2124 1222; x_wconf 88' lang='lat' dir='ltr'>vet,</span> <span class='ocrx_word' id='word_1_149' title='bbox 2156 1162 2213 1212; x_wconf 90' lang='lat' dir='ltr'>et</span> <span class='ocrx_word' id='word_1_150' title='bbox 2244 1159 2463 1213; x_wconf 88' lang='lat' dir='ltr'>Christo</span> <span class='ocrx_word' id='word_1_151' title='bbox 2491 1159 2796 1214; x_wconf 69' lang='lat' dir='ltr'>adhaereat.</span> <span class='ocrx_word' id='word_1_152' title='bbox 2831 1160 2925 1214; x_wconf 85' lang='lat' dir='ltr'>Hic</span> <span class='ocrx_word' id='word_1_153' title='bbox 2953 1164 3036 1214; x_wconf 89' lang='lat' dir='ltr'>est</span> <span class='ocrx_word' id='word_1_154' title='bbox 3069 1177 3298 1215; x_wconf 89' lang='lat' dir='ltr'>somnus</span> <span class='ocrx_word' id='word_1_155' title='bbox 3328 1162 3459 1217; x_wconf 67' lang='lat' dir='ltr'>vitai</span> <span class='ocrx_word' id='word_1_156' title='bbox 3492 1179 3651 1218; x_wconf 88' lang='lat' dir='ltr'>sanc-</span> 
     </span>
    </p>
   </div>
   <div class='ocr_carea' id='block_1_24' title="bbox 2016 1255 2226 1306">
    <p class='ocr_par' dir='ltr' id='par_1_24' title="bbox 2016 1255 2226 1306">
     <span class='ocr_line' id='line_1_24' title="bbox 2016 1255 2226 1306; baseline 0 -2"><span class='ocrx_word' id='word_1_157' title='bbox 2016 1255 2226 1306; x_wconf 89' lang='lat' dir='ltr'>torum.</span> 
     </span>
    </p>
   </div>
   <div class='ocr_carea' id='block_1_25' title="bbox 2089 1377 3644 1450">
    <p class='ocr_par' dir='ltr' id='par_1_25' title="bbox 2089 1377 3644 1450">
     <span class='ocr_line' id='line_1_25' title="bbox 2089 1377 3644 1450; baseline 0.005 -20"><span class='ocrx_word' id='word_1_158' title='bbox 2089 1379 2170 1430; x_wconf 74' lang='grc'>14.</span> <span class='ocrx_word' id='word_1_159' title='bbox 2219 1377 2332 1442; x_wconf 91' lang='grc'>(18)</span> <span class='ocrx_word' id='word_1_160' title='bbox 2391 1378 2506 1430; x_wconf 71' lang='grc' dir='ltr'>νοω</span> <span class='ocrx_word' id='word_1_161' title='bbox 2551 1377 2734 1432; x_wconf 78' lang='lat' dir='ltr'>dilecti</span> <span class='ocrx_word' id='word_1_162' title='bbox 2784 1381 2887 1431; x_wconf 88' lang='lat' dir='ltr'>mei</span> <span class='ocrx_word' id='word_1_163' title='bbox 2933 1380 3230 1446; x_wconf 73' lang='lat' dir='ltr'>pulsantis,</span> <span class='ocrx_word' id='word_1_164' title='bbox 3282 1385 3439 1450; x_wconf 87' lang='lat' dir='ltr'>aperi</span> <span class='ocrx_word' id='word_1_165' title='bbox 3488 1385 3644 1446; x_wconf 84' lang='lat' dir='ltr'>mihi,</span> 
     </span>
    </p>
   </div>
   <div class='ocr_carea' id='block_1_26' title="bbox 2010 1470 3644 1537">
    <p class='ocr_par' dir='ltr' id='par_1_26' title="bbox 2010 1470 3644 1537">
     <span class='ocr_line' id='line_1_26' title="bbox 2010 1470 3644 1537; baseline 0.005 -15"><span class='ocrx_word' id='word_1_166' title='bbox 2010 1485 2160 1523; x_wconf 88' lang='lat' dir='ltr'>soror</span> <span class='ocrx_word' id='word_1_167' title='bbox 2199 1485 2334 1522; x_wconf 73' lang='lat' dir='ltr'>mea.</span> <span class='ocrx_word' id='word_1_168' title='bbox 2377 1470 2442 1522; x_wconf 85' lang='lat' dir='ltr'>Et</span> <span class='ocrx_word' id='word_1_169' title='bbox 2479 1471 2523 1523; x_wconf 87' lang='lat' dir='ltr'>si</span> <span class='ocrx_word' id='word_1_170' title='bbox 2564 1470 2839 1537; x_wconf 86' lang='lat' dir='ltr'>dormias,</span> <span class='ocrx_word' id='word_1_171' title='bbox 2879 1476 2935 1523; x_wconf 90' lang='lat' dir='ltr'>et</span> <span class='ocrx_word' id='word_1_172' title='bbox 2983 1474 3026 1524; x_wconf 91' lang='lat' dir='ltr'>si</span> <span class='ocrx_word' id='word_1_173' title='bbox 3073 1471 3244 1526; x_wconf 90' lang='lat' dir='ltr'>modo</span> <span class='ocrx_word' id='word_1_174' title='bbox 3286 1473 3644 1530; x_wconf 90' lang='lat' dir='ltr'>devotionem</span> 
     </span>
    </p>
   </div>
   <div class='ocr_carea' id='block_1_27' title="bbox 283 1533 3641 1638">
    <p class='ocr_par' dir='ltr' id='par_1_27' title="bbox 283 1533 3641 1638">
     <span class='ocr_line' id='line_1_27' title="bbox 283 1533 3641 1638; baseline 0.011 -53"><span class='ocrx_word' id='word_1_175' title='bbox 283 1561 307 1578; x_wconf 66' lang='grc' dir='ltr'>ηε</span> <span class='ocrx_word' id='word_1_176' title='bbox 347 1533 692 1638; x_wconf 40' lang='lat' dir='ltr'>vindemiav‘i</span> <span class='ocrx_word' id='word_1_177' title='bbox 717 1535 1005 1638; x_wconf 45' lang='lat' dir='ltr'>mvrrhanm</span> <span class='ocrx_word' id='word_1_178' title='bbox 1034 1551 1163 1588; x_wconf 90' lang='lat' dir='ltr'>cum</span> <span class='ocrx_word' id='word_1_179' title='bbox 1192 1537 1502 1638; x_wconf 41' lang='lat' dir='ltr'>ungit-emis</span> <span class='ocrx_word' id='word_1_180' title='bbox 1529 1536 1688 1590; x_wconf 73' lang='grc' dir='ltr'>ῐηθίεο</span> <span class='ocrx_word' id='word_1_181' title='bbox 1716 1559 1743 1585; x_wconf 64' lang='grc' dir='ltr'>ν)</span> <span class='ocrx_word' id='word_1_182' title='bbox 1773 1536 1910 1600; x_wconf 53' lang='lat' dir='ltr'>Qu“3</span> <span class='ocrx_word' id='word_1_183' title='bbox 2011 1561 2217 1616; x_wconf 71' lang='lat' dir='ltr'>anima:</span> <span class='ocrx_word' id='word_1_184' title='bbox 2260 1569 2369 1616; x_wconf 67' lang='lat' dir='ltr'>tua:</span> <span class='ocrx_word' id='word_1_185' title='bbox 2408 1564 2627 1617; x_wconf 86' lang='lat' dir='ltr'>noverit</span> <span class='ocrx_word' id='word_1_186' title='bbox 2664 1563 2938 1630; x_wconf 89' lang='lat' dir='ltr'>Christus,</span> <span class='ocrx_word' id='word_1_187' title='bbox 2977 1565 3149 1632; x_wconf 87' lang='lat' dir='ltr'>venit,</span> <span class='ocrx_word' id='word_1_188' title='bbox 3191 1569 3245 1618; x_wconf 86' lang='lat' dir='ltr'>et</span> <span class='ocrx_word' id='word_1_189' title='bbox 3286 1568 3474 1636; x_wconf 86' lang='lat' dir='ltr'>pulsat</span> <span class='ocrx_word' id='word_1_190' title='bbox 3518 1569 3641 1638; x_wconf 91' lang='lat' dir='ltr'>ejus</span> 
     </span>
    </p>
   </div>
   <div class='ocr_carea' id='block_1_28' title="bbox 279 1626 1907 1702">
    <p class='ocr_par' dir='ltr' id='par_1_28' title="bbox 279 1626 1907 1702">
     <span class='ocr_line' id='line_1_28' title="bbox 279 1626 1907 1702; baseline 0.003 -23"><span class='ocrx_word' id='word_1_191' title='bbox 279 1631 366 1680; x_wconf 84' lang='lat' dir='ltr'>est</span> <span class='ocrx_word' id='word_1_192' title='bbox 411 1628 513 1681; x_wconf 88' lang='lat' dir='ltr'>ista</span> <span class='ocrx_word' id='word_1_193' title='bbox 553 1626 882 1681; x_wconf 84' lang='lat' dir='ltr'>vindemia?</span> <span class='ocrx_word' id='word_1_194' title='bbox 931 1629 1265 1699; x_wconf 88' lang='lat' dir='ltr'>Cognoscite</span> <span class='ocrx_word' id='word_1_195' title='bbox 1312 1630 1559 1694; x_wconf 87' lang='lat' dir='ltr'>vincam,</span> <span class='ocrx_word' id='word_1_196' title='bbox 1605 1636 1660 1684; x_wconf 91' lang='lat' dir='ltr'>et</span> <span class='ocrx_word' id='word_1_197' title='bbox 1703 1647 1907 1702; x_wconf 85' lang='lat' dir='ltr'>agnos-</span> 
     </span>
    </p>
   </div>
   <div class='ocr_carea' id='block_1_29' title="bbox 280 1720 1908 1794">
    <p class='ocr_par' dir='ltr' id='par_1_29' title="bbox 280 1720 1908 1794">
     <span class='ocr_line' id='line_1_29' title="bbox 280 1720 1908 1794; baseline 0.004 -23"><span class='ocrx_word' id='word_1_198' title='bbox 280 1720 424 1774; x_wconf 75' lang='lat' dir='ltr'>cetis</span> <span class='ocrx_word' id='word_1_199' title='bbox 469 1720 832 1775; x_wconf 86' lang='lat' dir='ltr'>vindemiam.</span> <span class='ocrx_word' id='word_1_200' title='bbox 885 1723 1046 1789; x_wconf 87' lang='lat' dir='ltr'>(Psal.</span> <span class='ocrx_word' id='word_1_201' title='bbox 1082 1739 1256 1788; x_wconf 77' lang='lat' dir='ltr'>LXXIX,</span> <span class='ocrx_word' id='word_1_202' title='bbox 1309 1725 1382 1791; x_wconf 82' lang='lat'>9.)</span> <span class='ocrx_word' id='word_1_203' title='bbox 1428 1724 1668 1785; x_wconf 78' lang='lat' dir='ltr'>Vineam,</span> <span class='ocrx_word' id='word_1_204' title='bbox 1707 1723 1908 1794; x_wconf 86' lang='lat' dir='ltr'>inquit,</span> 
     </span>
    </p>
   </div>
   <div class='ocr_carea' id='block_1_30' title="bbox 281 1787 1990 1886">
    <p class='ocr_par' dir='ltr' id='par_1_30' title="bbox 281 1787 1990 1886">
     <span class='ocr_line' id='line_1_30' title="bbox 281 1787 1990 1886; baseline 0.002 -20"><span class='ocrx_word' id='word_1_205' title='bbox 281 1829 349 1867; x_wconf 74' lang='lat' dir='ltr'>ea:</span> <span class='ocrx_word' id='word_1_206' title='bbox 387 1817 617 1884; x_wconf 70' lang='lat' dir='ltr'>Egypto</span> <span class='ocrx_word' id='word_1_207' title='bbox 657 1787 1007 1878; x_wconf 73' lang='lat' dir='ltr'>transtulisti,</span> <span class='ocrx_word' id='word_1_208' title='bbox 1047 1817 1154 1869; x_wconf 90' lang='lat' dir='ltr'>hoc</span> <span class='ocrx_word' id='word_1_209' title='bbox 1197 1787 1298 1882; x_wconf 88' lang='lat' dir='ltr'>est,</span> <span class='ocrx_word' id='word_1_210' title='bbox 1338 1787 1613 1886; x_wconf 83' lang='lat' dir='ltr'>pOpulum</span> <span class='ocrx_word' id='word_1_211' title='bbox 1660 1787 1990 1870; x_wconf 48' lang='lat' dir='ltr'>Dei.-VosB</span> 
     </span>
    </p>
   </div>
   <div class='ocr_carea' id='block_1_31' title="bbox 281 1907 1913 1981">
    <p class='ocr_par' dir='ltr' id='par_1_31' title="bbox 281 1907 1913 1981">
     <span class='ocr_line' id='line_1_31' title="bbox 281 1907 1913 1981; baseline 0.003 -21"><span class='ocrx_word' id='word_1_212' title='bbox 281 1907 417 1961; x_wconf 78' lang='lat' dir='ltr'>estis</span> <span class='ocrx_word' id='word_1_213' title='bbox 455 1907 639 1976; x_wconf 86' lang='lat' dir='ltr'>vinea,</span> <span class='ocrx_word' id='word_1_214' title='bbox 674 1924 769 1961; x_wconf 90' lang='lat' dir='ltr'>vos</span> <span class='ocrx_word' id='word_1_215' title='bbox 812 1909 946 1962; x_wconf 88' lang='lat' dir='ltr'>estis</span> <span class='ocrx_word' id='word_1_216' title='bbox 993 1909 1300 1977; x_wconf 85' lang='lat' dir='ltr'>vindemia;</span> <span class='ocrx_word' id='word_1_217' title='bbox 1344 1910 1503 1980; x_wconf 88' lang='lat' dir='ltr'>quasi</span> <span class='ocrx_word' id='word_1_218' title='bbox 1547 1911 1710 1964; x_wconf 91' lang='lat' dir='ltr'>vinea</span> <span class='ocrx_word' id='word_1_219' title='bbox 1752 1912 1913 1981; x_wconf 88' lang='lat' dir='ltr'>plan-</span> 
     </span>
    </p>
   </div>
   <div class='ocr_carea' id='block_1_32' title="bbox 285 1999 1914 2070">
    <p class='ocr_par' dir='ltr' id='par_1_32' title="bbox 285 1999 1914 2070">
     <span class='ocr_line' id='line_1_32' title="bbox 285 1999 1914 2070; baseline 0.003 -18"><span class='ocrx_word' id='word_1_220' title='bbox 285 1999 405 2066; x_wconf 89' lang='lat' dir='ltr'>tati,</span> <span class='ocrx_word' id='word_1_221' title='bbox 435 2000 596 2070; x_wconf 90' lang='lat' dir='ltr'>quasi</span> <span class='ocrx_word' id='word_1_222' title='bbox 629 2001 914 2055; x_wconf 88' lang='lat' dir='ltr'>vindemia</span> <span class='ocrx_word' id='word_1_223' title='bbox 943 2001 1192 2056; x_wconf 88' lang='lat' dir='ltr'>fructum</span> <span class='ocrx_word' id='word_1_224' title='bbox 1221 2002 1471 2056; x_wconf 86' lang='lat' dir='ltr'>dedistis.</span> <span class='ocrx_word' id='word_1_225' title='bbox 1506 2024 1531 2050; x_wconf 88' lang='grc'><strong>‹‹</strong></span> <span class='ocrx_word' id='word_1_226' title='bbox 1565 2003 1914 2058; x_wconf 77' lang='lat' dir='ltr'>Vindemiavi</span> 
     </span>
    </p>
   </div>
   <div class='ocr_carea' id='block_1_33' title="bbox 284 2094 1909 2165">
    <p class='ocr_par' dir='ltr' id='par_1_33' title="bbox 284 2094 1909 2165">
     <span class='ocr_line' id='line_1_33' title="bbox 284 2094 1909 2165; baseline 0.004 -20"><span class='ocrx_word' id='word_1_227' title='bbox 284 2094 576 2163; x_wconf 85' lang='lat' dir='ltr'>myrrham</span> <span class='ocrx_word' id='word_1_228' title='bbox 617 2111 747 2148; x_wconf 90' lang='lat' dir='ltr'>cum</span> <span class='ocrx_word' id='word_1_229' title='bbox 792 2095 1097 2165; x_wconf 78' lang='lat' dir='ltr'>unguentis</span> <span class='ocrx_word' id='word_1_230' title='bbox 1141 2095 1302 2162; x_wconf 87' lang='lat' dir='ltr'>meis,</span> <span class='ocrx_word' id='word_1_231' title='bbox 1340 2119 1364 2142; x_wconf 83' lang='grc'>››</span> <span class='ocrx_word' id='word_1_232' title='bbox 1399 2096 1506 2151; x_wconf 91' lang='lat' dir='ltr'>hoc</span> <span class='ocrx_word' id='word_1_233' title='bbox 1537 2100 1638 2163; x_wconf 87' lang='lat' dir='ltr'>est,</span> <span class='ocrx_word' id='word_1_234' title='bbox 1681 2098 1734 2150; x_wconf 90' lang='lat' dir='ltr'>in</span> <span class='ocrx_word' id='word_1_235' title='bbox 1775 2098 1909 2151; x_wconf 92' lang='lat' dir='ltr'>odo-</span> 
     </span>
    </p>
   </div>
   <div class='ocr_carea' id='block_1_34' title="bbox 285 2189 954 2260">
    <p class='ocr_par' dir='ltr' id='par_1_34' title="bbox 285 2189 954 2260">
     <span class='ocr_line' id='line_1_34' title="bbox 285 2189 954 2260; baseline 0.004 -20"><span class='ocrx_word' id='word_1_236' title='bbox 285 2203 405 2241; x_wconf 90' lang='lat' dir='ltr'>rem</span> <span class='ocrx_word' id='word_1_237' title='bbox 438 2204 606 2258; x_wconf 91' lang='lat' dir='ltr'>quem</span> <span class='ocrx_word' id='word_1_238' title='bbox 642 2189 954 2260; x_wconf 91' lang='lat' dir='ltr'>accepistis.</span> 
     </span>
    </p>
   </div>
   <div class='ocr_carea' id='block_1_35' title="bbox 363 2282 1908 2352">
    <p class='ocr_par' dir='ltr' id='par_1_35' title="bbox 363 2282 1908 2352">
     <span class='ocr_line' id='line_1_35' title="bbox 363 2282 1908 2352; baseline 0.003 -18"><span class='ocrx_word' id='word_1_239' title='bbox 363 2285 442 2334; x_wconf 86' lang='lat' dir='ltr'>t1.</span> <span class='ocrx_word' id='word_1_240' title='bbox 491 2282 815 2336; x_wconf 87' lang='lat' dir='ltr'>Manducavi</span> <span class='ocrx_word' id='word_1_241' title='bbox 863 2299 1069 2352; x_wconf 89' lang='lat' dir='ltr'>panem</span> <span class='ocrx_word' id='word_1_242' title='bbox 1127 2299 1316 2337; x_wconf 91' lang='lat' dir='ltr'>meum</span> <span class='ocrx_word' id='word_1_243' title='bbox 1368 2301 1496 2338; x_wconf 89' lang='lat' dir='ltr'>cum</span> <span class='ocrx_word' id='word_1_244' title='bbox 1549 2285 1709 2339; x_wconf 89' lang='lat' dir='ltr'>melle</span> <span class='ocrx_word' id='word_1_245' title='bbox 1761 2301 1908 2340; x_wconf 92' lang='lat' dir='ltr'>meo.</span> 
     </span>
    </p>
   </div>
   <div class='ocr_carea' id='block_1_36' title="bbox 286 2375 1912 2446">
    <p class='ocr_par' dir='ltr' id='par_1_36' title="bbox 286 2375 1912 2446">
     <span class='ocr_line' id='line_1_36' title="bbox 286 2375 1912 2446; baseline 0.004 -20"><span class='ocrx_word' id='word_1_246' title='bbox 286 2375 447 2429; x_wconf 81' lang='lat' dir='ltr'>Vides</span> <span class='ocrx_word' id='word_1_247' title='bbox 485 2375 635 2446; x_wconf 89' lang='lat' dir='ltr'>quod</span> <span class='ocrx_word' id='word_1_248' title='bbox 683 2375 740 2429; x_wconf 93' lang='lat' dir='ltr'>in</span> <span class='ocrx_word' id='word_1_249' title='bbox 783 2376 891 2430; x_wconf 89' lang='lat' dir='ltr'>hoc</span> <span class='ocrx_word' id='word_1_250' title='bbox 935 2393 1080 2446; x_wconf 89' lang='lat' dir='ltr'>pane</span> <span class='ocrx_word' id='word_1_251' title='bbox 1123 2377 1279 2430; x_wconf 89' lang='lat' dir='ltr'>nulla</span> <span class='ocrx_word' id='word_1_252' title='bbox 1321 2377 1395 2430; x_wconf 87' lang='lat' dir='ltr'>sit</span> <span class='ocrx_word' id='word_1_253' title='bbox 1433 2378 1776 2444; x_wconf 85' lang='lat' dir='ltr'>amaritudo,</span> <span class='ocrx_word' id='word_1_254' title='bbox 1815 2380 1912 2432; x_wconf 89' lang='lat' dir='ltr'>sed</span> 
     </span>
    </p>
   </div>
   <div class='ocr_carea' id='block_1_37' title="bbox 281 2468 1908 2534">
    <p class='ocr_par' dir='ltr' id='par_1_37' title="bbox 281 2468 1908 2534">
     <span class='ocr_line' id='line_1_37' title="bbox 281 2468 1908 2534; baseline 0.004 -13"><span class='ocrx_word' id='word_1_255' title='bbox 281 2468 472 2522; x_wconf 90' lang='lat' dir='ltr'>omnis</span> <span class='ocrx_word' id='word_1_256' title='bbox 500 2469 744 2522; x_wconf 81' lang='lat' dir='ltr'>suavitas</span> <span class='ocrx_word' id='word_1_257' title='bbox 777 2469 865 2522; x_wconf 88' lang='lat' dir='ltr'>sit.</span> <span class='ocrx_word' id='word_1_258' title='bbox 900 2471 1021 2525; x_wconf 86' lang='lat' dir='ltr'>Bibi</span> <span class='ocrx_word' id='word_1_259' title='bbox 1042 2473 1227 2524; x_wconf 86' lang='lat' dir='ltr'>vinum</span> <span class='ocrx_word' id='word_1_260' title='bbox 1255 2487 1429 2524; x_wconf 82' lang='lat' dir='ltr'>meum</span> <span class='ocrx_word' id='word_1_261' title='bbox 1459 2488 1576 2526; x_wconf 88' lang='lat' dir='ltr'>cum</span> <span class='ocrx_word' id='word_1_262' title='bbox 1612 2473 1748 2525; x_wconf 77' lang='lat' dir='ltr'>lacte</span> <span class='ocrx_word' id='word_1_263' title='bbox 1778 2488 1908 2534; x_wconf 82' lang='lat' dir='ltr'>meo,</span> 
     </span>
    </p>
   </div>
   <div class='ocr_carea' id='block_1_38' title="bbox 285 2561 1910 2634">
    <p class='ocr_par' dir='ltr' id='par_1_38' title="bbox 285 2561 1910 2634">
     <span class='ocr_line' id='line_1_38' title="bbox 285 2561 1910 2634; baseline 0.002 -21"><span class='ocrx_word' id='word_1_264' title='bbox 285 2561 441 2614; x_wconf 83' lang='lat' dir='ltr'>vides</span> <span class='ocrx_word' id='word_1_265' title='bbox 481 2562 810 2631; x_wconf 89' lang='lat' dir='ltr'>hujusmodi</span> <span class='ocrx_word' id='word_1_266' title='bbox 842 2579 961 2616; x_wconf 90' lang='lat' dir='ltr'>esse</span> <span class='ocrx_word' id='word_1_267' title='bbox 993 2563 1272 2630; x_wconf 67' lang='lat' dir='ltr'>laetitiam,</span> <span class='ocrx_word' id='word_1_268' title='bbox 1302 2581 1428 2634; x_wconf 89' lang='lat' dir='ltr'>quae.</span> <span class='ocrx_word' id='word_1_269' title='bbox 1462 2564 1667 2617; x_wconf 90' lang='lat' dir='ltr'>nullius</span> <span class='ocrx_word' id='word_1_270' title='bbox 1701 2567 1910 2634; x_wconf 85' lang='lat' dir='ltr'>peccati</span> 
     </span>
    </p>
   </div>
   <div class='ocr_carea' id='block_1_39' title="bbox 283 2655 1906 2726">
    <p class='ocr_par' dir='ltr' id='par_1_39' title="bbox 283 2655 1906 2726">
     <span class='ocr_line' id='line_1_39' title="bbox 283 2655 1906 2726; baseline 0.001 -18"><span class='ocrx_word' id='word_1_271' title='bbox 283 2655 547 2708; x_wconf 61' lang='lat' dir='ltr'>sordibus</span> <span class='ocrx_word' id='word_1_272' title='bbox 580 2655 906 2725; x_wconf 88' lang='lat' dir='ltr'>polluatur?</span> <span class='ocrx_word' id='word_1_273' title='bbox 936 2656 1394 2726; x_wconf 87' lang='lat' dir='ltr'>Quotiescunque</span> <span class='ocrx_word' id='word_1_274' title='bbox 1434 2657 1591 2710; x_wconf 93' lang='lat' dir='ltr'>enim</span> <span class='ocrx_word' id='word_1_275' title='bbox 1623 2657 1788 2722; x_wconf 88' lang='lat' dir='ltr'>bibis,</span> <span class='ocrx_word' id='word_1_276' title='bbox 1823 2674 1906 2710; x_wconf 91' lang='lat' dir='ltr'>re-</span> 
     </span>
    </p>
   </div>
   <div class='ocr_carea' id='block_1_40' title="bbox 288 2748 1907 2821">
    <p class='ocr_par' dir='ltr' id='par_1_40' title="bbox 288 2748 1907 2821">
     <span class='ocr_line' id='line_1_40' title="bbox 288 2748 1907 2821; baseline 0.001 -19"><span class='ocrx_word' id='word_1_277' title='bbox 288 2748 613 2802; x_wconf 87' lang='lat' dir='ltr'>missionem</span> <span class='ocrx_word' id='word_1_278' title='bbox 658 2749 863 2819; x_wconf 82' lang='lat' dir='ltr'>accipis</span> <span class='ocrx_word' id='word_1_279' title='bbox 914 2753 1292 2819; x_wconf 85' lang='lat' dir='ltr'>peccatorum,</span> <span class='ocrx_word' id='word_1_280' title='bbox 1341 2756 1398 2803; x_wconf 91' lang='lat' dir='ltr'>et</span> <span class='ocrx_word' id='word_1_281' title='bbox 1449 2750 1748 2804; x_wconf 89' lang='lat' dir='ltr'>inebriaris</span> <span class='ocrx_word' id='word_1_282' title='bbox 1797 2752 1907 2821; x_wconf 91' lang='lat' dir='ltr'>spi-</span> 
     </span>
    </p>
   </div>
   <div class='ocr_carea' id='block_1_41' title="bbox 288 2843 1910 2912">
    <p class='ocr_par' dir='ltr' id='par_1_41' title="bbox 288 2843 1910 2912">
     <span class='ocr_line' id='line_1_41' title="bbox 288 2843 1910 2912; baseline 0.002 -18"><span class='ocrx_word' id='word_1_283' title='bbox 288 2843 420 2894; x_wconf 90' lang='lat' dir='ltr'>ritu.</span> <span class='ocrx_word' id='word_1_284' title='bbox 476 2843 630 2895; x_wconf 89' lang='lat' dir='ltr'>Unde</span> <span class='ocrx_word' id='word_1_285' title='bbox 685 2846 741 2896; x_wconf 90' lang='lat' dir='ltr'>et</span> <span class='ocrx_word' id='word_1_286' title='bbox 796 2843 1090 2912; x_wconf 86' lang='lat' dir='ltr'>Apostolus</span> <span class='ocrx_word' id='word_1_287' title='bbox 1142 2843 1220 2897; x_wconf 89' lang='lat' dir='ltr'>ait</span> <span class='ocrx_word' id='word_1_288' title='bbox 1272 2862 1282 2896; x_wconf 89' lang='lat'><strong>:</strong></span> <span class='ocrx_word' id='word_1_289' title='bbox 1339 2864 1364 2889; x_wconf 83' lang='grc'>‹‹</span> <span class='ocrx_word' id='word_1_290' title='bbox 1413 2844 1592 2898; x_wconf 87' lang='lat' dir='ltr'>Nolite</span> <span class='ocrx_word' id='word_1_291' title='bbox 1642 2844 1910 2898; x_wconf 89' lang='lat' dir='ltr'>inebriari</span> 
     </span>
    </p>
   </div>
   <div class='ocr_carea' id='block_1_42' title="bbox 286 2934 1908 3008">
    <p class='ocr_par' dir='ltr' id='par_1_42' title="bbox 286 2934 1908 3008">
     <span class='ocr_line' id='line_1_42' title="bbox 286 2934 1908 3008; baseline 0.002 -22"><span class='ocrx_word' id='word_1_292' title='bbox 286 2936 535 2989; x_wconf 87' lang='lat' dir='ltr'>vino.....</span> <span class='ocrx_word' id='word_1_293' title='bbox 582 2934 678 2988; x_wconf 92' lang='lat' dir='ltr'>sed</span> <span class='ocrx_word' id='word_1_294' title='bbox 718 2935 1032 3006; x_wconf 89' lang='lat' dir='ltr'>implemini</span> <span class='ocrx_word' id='word_1_295' title='bbox 1080 2936 1288 3006; x_wconf 90' lang='lat' dir='ltr'>Spiritu</span> <span class='ocrx_word' id='word_1_296' title='bbox 1335 2940 1526 2991; x_wconf 90' lang='lat' dir='ltr'>sancto</span> <span class='ocrx_word' id='word_1_297' title='bbox 1570 2938 1809 3008; x_wconf 69' lang='lat' dir='ltr'>(Ephes,</span> <span class='ocrx_word' id='word_1_298' title='bbox 1857 2954 1908 3004; x_wconf 88' lang='lat' dir='ltr'>v,</span> 
     </span>
    </p>
   </div>
   <div class='ocr_carea' id='block_1_43' title="bbox 291 3028 1909 3099">
    <p class='ocr_par' dir='ltr' id='par_1_43' title="bbox 291 3028 1909 3099">
     <span class='ocr_line' id='line_1_43' title="bbox 291 3028 1909 3099; baseline 0.001 -17"><span class='ocrx_word' id='word_1_299' title='bbox 291 3029 398 3096; x_wconf 90' lang='lat'>18).</span> <span class='ocrx_word' id='word_1_300' title='bbox 431 3050 456 3076; x_wconf 73' lang='grc' dir='ltr'><strong>η</strong></span> <span class='ocrx_word' id='word_1_301' title='bbox 492 3028 628 3082; x_wconf 87' lang='lat' dir='ltr'>Vino</span> <span class='ocrx_word' id='word_1_302' title='bbox 661 3028 816 3082; x_wconf 91' lang='lat' dir='ltr'>enim</span> <span class='ocrx_word' id='word_1_303' title='bbox 845 3029 940 3099; x_wconf 88' lang='lat' dir='ltr'>qui</span> <span class='ocrx_word' id='word_1_304' title='bbox 970 3029 1300 3096; x_wconf 78' lang='lat' dir='ltr'>inebriatur,</span> <span class='ocrx_word' id='word_1_305' title='bbox 1332 3030 1548 3084; x_wconf 85' lang='lat' dir='ltr'>vacillat</span> <span class='ocrx_word' id='word_1_306' title='bbox 1579 3035 1636 3084; x_wconf 91' lang='lat' dir='ltr'>et</span> <span class='ocrx_word' id='word_1_307' title='bbox 1664 3030 1909 3085; x_wconf 85' lang='lat' dir='ltr'>titubat:</span> 
     </span>
    </p>
   </div>
   <div class='ocr_carea' id='block_1_44' title="bbox 285 3121 1989 3226">
    <p class='ocr_par' dir='ltr' id='par_1_44' title="bbox 285 3121 1989 3226">
     <span class='ocr_line' id='line_1_44' title="bbox 285 3121 1989 3226; baseline 0.001 -49"><span class='ocrx_word' id='word_1_308' title='bbox 285 3122 499 3192; x_wconf 87' lang='lat' dir='ltr'>Spiritu</span> <span class='ocrx_word' id='word_1_309' title='bbox 538 3122 634 3191; x_wconf 92' lang='lat' dir='ltr'>qui</span> <span class='ocrx_word' id='word_1_310' title='bbox 676 3121 1008 3187; x_wconf 88' lang='lat' dir='ltr'>inebriatur,</span> <span class='ocrx_word' id='word_1_311' title='bbox 1046 3122 1323 3176; x_wconf 88' lang='lat' dir='ltr'>radicatus</span> <span class='ocrx_word' id='word_1_312' title='bbox 1363 3123 1421 3176; x_wconf 92' lang='lat' dir='ltr'>in</span> <span class='ocrx_word' id='word_1_313' title='bbox 1457 3123 1676 3180; x_wconf 85' lang='lat' dir='ltr'>Christo</span> <span class='ocrx_word' id='word_1_314' title='bbox 1710 3127 1815 3190; x_wconf 89' lang='lat' dir='ltr'>est,</span> <span class='ocrx_word' id='word_1_315' title='bbox 1857 3128 1989 3226; x_wconf 79' lang='lat' dir='ltr'>etC</span> 
     </span>
    </p>
   </div>
   <div class='ocr_carea' id='block_1_45' title="bbox 285 3213 1915 3286">
    <p class='ocr_par' dir='ltr' id='par_1_45' title="bbox 285 3213 1915 3286">
     <span class='ocr_line' id='line_1_45' title="bbox 285 3213 1915 3286; baseline 0.001 -18"><span class='ocrx_word' id='word_1_316' title='bbox 285 3215 418 3269; x_wconf 90' lang='lat' dir='ltr'>ideo</span> <span class='ocrx_word' id='word_1_317' title='bbox 469 3213 746 3285; x_wconf 69' lang='lat' dir='ltr'>praeclara</span> <span class='ocrx_word' id='word_1_318' title='bbox 796 3215 1060 3280; x_wconf 88' lang='lat' dir='ltr'>ebrietas,</span> <span class='ocrx_word' id='word_1_319' title='bbox 1115 3233 1239 3286; x_wconf 79' lang='lat' dir='ltr'>quae</span> <span class='ocrx_word' id='word_1_320' title='bbox 1288 3216 1651 3270; x_wconf 86' lang='lat' dir='ltr'>sobrietatem</span> <span class='ocrx_word' id='word_1_321' title='bbox 1710 3217 1915 3271; x_wconf 90' lang='lat' dir='ltr'>mentis</span> 
     </span>
    </p>
   </div>
   <div class='ocr_carea' id='block_1_46' title="bbox 287 3313 577 3378">
    <p class='ocr_par' dir='ltr' id='par_1_46' title="bbox 287 3313 577 3378">
     <span class='ocr_line' id='line_1_46' title="bbox 287 3313 577 3378; baseline 0 -18"><span class='ocrx_word' id='word_1_322' title='bbox 287 3313 577 3378; x_wconf 88' lang='lat' dir='ltr'>operatur.</span> 
     </span>
    </p>
   </div>
   <div class='ocr_carea' id='block_1_47' title="bbox 361 3399 1912 3474">
    <p class='ocr_par' dir='ltr' id='par_1_47' title="bbox 361 3399 1912 3474">
     <span class='ocr_line' id='line_1_47' title="bbox 361 3399 1912 3474; baseline 0 -17"><span class='ocrx_word' id='word_1_323' title='bbox 361 3399 618 3474; x_wconf 76' lang='grc'>1592</span> <span class='ocrx_word' id='word_1_324' title='bbox 663 3404 744 3454; x_wconf 81' lang='grc'>12.</span> <span class='ocrx_word' id='word_1_325' title='bbox 786 3405 891 3472; x_wconf 87' lang='grc'>(16)</span> <span class='ocrx_word' id='word_1_326' title='bbox 922 3403 1096 3463; x_wconf 74' lang='lat' dir='ltr'>Edita,</span> <span class='ocrx_word' id='word_1_327' title='bbox 1139 3402 1343 3472; x_wconf 66' lang='lat' dir='ltr'>inquit,</span> <span class='ocrx_word' id='word_1_328' title='bbox 1388 3405 1550 3456; x_wconf 83' lang='lat' dir='ltr'>amici</span> <span class='ocrx_word' id='word_1_329' title='bbox 1587 3406 1710 3465; x_wconf 80' lang='lat' dir='ltr'>mei,</span> <span class='ocrx_word' id='word_1_330' title='bbox 1742 3409 1791 3456; x_wconf 80' lang='lat' dir='ltr'>et</span> <span class='ocrx_word' id='word_1_331' title='bbox 1832 3406 1912 3458; x_wconf 86' lang='lat' dir='ltr'>bi-</span> 
     </span>
    </p>
   </div>
   <div class='ocr_carea' id='block_1_48' title="bbox 284 3495 1917 3565">
    <p class='ocr_par' dir='ltr' id='par_1_48' title="bbox 284 3495 1917 3565">
     <span class='ocr_line' id='line_1_48' title="bbox 284 3495 1917 3565; baseline 0.001 -17"><span class='ocrx_word' id='word_1_332' title='bbox 284 3497 414 3556; x_wconf 81' lang='lat' dir='ltr'>bite,</span> <span class='ocrx_word' id='word_1_333' title='bbox 443 3501 492 3548; x_wconf 86' lang='lat' dir='ltr'>et</span> <span class='ocrx_word' id='word_1_334' title='bbox 529 3496 897 3549; x_wconf 85' lang='lat' dir='ltr'>inebriamini.</span> <span class='ocrx_word' id='word_1_335' title='bbox 937 3495 1086 3549; x_wconf 89' lang='lat' dir='ltr'>Bona</span> <span class='ocrx_word' id='word_1_336' title='bbox 1128 3496 1374 3549; x_wconf 85' lang='lat' dir='ltr'>ebrietas</span> <span class='ocrx_word' id='word_1_337' title='bbox 1404 3512 1532 3565; x_wconf 57' lang='lat' dir='ltr'>quas</span> <span class='ocrx_word' id='word_1_338' title='bbox 1569 3496 1637 3550; x_wconf 90' lang='lat' dir='ltr'>ad</span> <span class='ocrx_word' id='word_1_339' title='bbox 1681 3498 1917 3550; x_wconf 89' lang='lat' dir='ltr'>meliora</span> 
     </span>
    </p>
   </div>
   <div class='ocr_carea' id='block_1_49' title="bbox 286 3587 1918 3659">
    <p class='ocr_par' dir='ltr' id='par_1_49' title="bbox 286 3587 1918 3659">
     <span class='ocr_line' id='line_1_49' title="bbox 286 3587 1918 3659; baseline 0.001 -17"><span class='ocrx_word' id='word_1_340' title='bbox 286 3595 461 3658; x_wconf 86' lang='lat' dir='ltr'>atque</span> <span class='ocrx_word' id='word_1_341' title='bbox 495 3587 746 3657; x_wconf 89' lang='lat' dir='ltr'>jucunda</span> <span class='ocrx_word' id='word_1_342' title='bbox 774 3588 905 3642; x_wconf 86' lang='lat' dir='ltr'>facit</span> <span class='ocrx_word' id='word_1_343' title='bbox 930 3588 1230 3659; x_wconf 83' lang='lat' dir='ltr'>quemdam</span> <span class='ocrx_word' id='word_1_344' title='bbox 1267 3589 1472 3642; x_wconf 92' lang='lat' dir='ltr'>mentis</span> <span class='ocrx_word' id='word_1_345' title='bbox 1509 3605 1826 3656; x_wconf 83' lang='lat' dir='ltr'>excessum,</span> <span class='ocrx_word' id='word_1_346' title='bbox 1859 3595 1918 3644; x_wconf 89' lang='lat' dir='ltr'>ut</span> 
     </span>
    </p>
   </div>
   <div class='ocr_carea' id='block_1_50' title="bbox 288 3680 1911 3753">
    <p class='ocr_par' dir='ltr' id='par_1_50' title="bbox 288 3680 1911 3753">
     <span class='ocr_line' id='line_1_50' title="bbox 288 3680 1911 3753; baseline 0.001 -18"><span class='ocrx_word' id='word_1_347' title='bbox 288 3684 596 3735; x_wconf 89' lang='lat' dir='ltr'>immemor</span> <span class='ocrx_word' id='word_1_348' title='bbox 630 3680 1072 3736; x_wconf 90' lang='lat' dir='ltr'>sollicitudinem</span> <span class='ocrx_word' id='word_1_349' title='bbox 1121 3682 1344 3735; x_wconf 89' lang='lat' dir='ltr'>animus</span> <span class='ocrx_word' id='word_1_350' title='bbox 1391 3685 1606 3748; x_wconf 91' lang='lat' dir='ltr'>noster,</span> <span class='ocrx_word' id='word_1_351' title='bbox 1653 3683 1780 3737; x_wconf 91' lang='lat' dir='ltr'>vino</span> <span class='ocrx_word' id='word_1_352' title='bbox 1816 3683 1911 3753; x_wconf 88' lang='lat' dir='ltr'>ju-</span> 
     </span>
    </p>
   </div>
   <div class='ocr_carea' id='block_1_51' title="bbox 286 3775 1910 3846">
    <p class='ocr_par' dir='ltr' id='par_1_51' title="bbox 286 3775 1910 3846">
     <span class='ocr_line' id='line_1_51' title="bbox 286 3775 1910 3846; baseline 0.001 -18"><span class='ocrx_word' id='word_1_353' title='bbox 286 3775 589 3829; x_wconf 88' lang='lat' dir='ltr'>cunditatis</span> <span class='ocrx_word' id='word_1_354' title='bbox 629 3775 923 3829; x_wconf 89' lang='lat' dir='ltr'>hilaretur.</span> <span class='ocrx_word' id='word_1_355' title='bbox 971 3776 1123 3828; x_wconf 83' lang='lat' dir='ltr'>Bona</span> <span class='ocrx_word' id='word_1_356' title='bbox 1168 3791 1384 3829; x_wconf 69' lang='lat' dir='ltr'>mensa:</span> <span class='ocrx_word' id='word_1_357' title='bbox 1423 3775 1687 3846; x_wconf 88' lang='lat' dir='ltr'>spiritalis</span> <span class='ocrx_word' id='word_1_358' title='bbox 1727 3777 1910 3830; x_wconf 87' lang='lat' dir='ltr'>ebrie-</span> 
     </span>
    </p>
   </div>
   <div class='ocr_carea' id='block_1_52' title="bbox 287 3868 1915 3940">
    <p class='ocr_par' dir='ltr' id='par_1_52' title="bbox 287 3868 1915 3940">
     <span class='ocr_line' id='line_1_52' title="bbox 287 3868 1915 3940; baseline 0.001 -17"><span class='ocrx_word' id='word_1_359' title='bbox 287 3875 400 3934; x_wconf 84' lang='lat' dir='ltr'>tas;</span> <span class='ocrx_word' id='word_1_360' title='bbox 427 3868 668 3940; x_wconf 91' lang='lat' dir='ltr'>denique</span> <span class='ocrx_word' id='word_1_361' title='bbox 697 3890 723 3916; x_wconf 84' lang='lat'><strong>«</strong></span> <span class='ocrx_word' id='word_1_362' title='bbox 756 3869 1019 3939; x_wconf 91' lang='lat' dir='ltr'>poculum</span> <span class='ocrx_word' id='word_1_363' title='bbox 1053 3869 1337 3923; x_wconf 88' lang='lat' dir='ltr'>inebrians</span> <span class='ocrx_word' id='word_1_364' title='bbox 1369 3885 1543 3938; x_wconf 88' lang='lat' dir='ltr'>quam</span> <span class='ocrx_word' id='word_1_365' title='bbox 1584 3869 1915 3939; x_wconf 60' lang='lat' dir='ltr'>praclarum</span> 
     </span>
    </p>
   </div>
   <div class='ocr_carea' id='block_1_53' title="bbox 290 3962 1912 4032">
    <p class='ocr_par' dir='ltr' id='par_1_53' title="bbox 290 3962 1912 4032">
     <span class='ocr_line' id='line_1_53' title="bbox 290 3962 1912 4032; baseline 0.001 -16"><span class='ocrx_word' id='word_1_366' title='bbox 290 3963 460 4026; x_wconf 86' lang='lat' dir='ltr'>(Psat.</span> <span class='ocrx_word' id='word_1_367' title='bbox 498 3978 623 4025; x_wconf 67' lang='grc' dir='ltr'>χιιι,</span> <span class='ocrx_word' id='word_1_368' title='bbox 661 3962 743 4024; x_wconf 78' lang='lat'>5)!</span> <span class='ocrx_word' id='word_1_369' title='bbox 779 3984 806 4010; x_wconf 84' lang='lat'>»</span> <span class='ocrx_word' id='word_1_370' title='bbox 834 3962 900 4016; x_wconf 84' lang='lat' dir='ltr'>Et</span> <span class='ocrx_word' id='word_1_371' title='bbox 937 3962 1070 4016; x_wconf 89' lang='lat' dir='ltr'>alibi</span> <span class='ocrx_word' id='word_1_372' title='bbox 1110 3963 1322 4016; x_wconf 89' lang='lat' dir='ltr'>habes:</span> <span class='ocrx_word' id='word_1_373' title='bbox 1361 3984 1388 4010; x_wconf 88' lang='grc'><strong>‹‹</strong></span> <span class='ocrx_word' id='word_1_374' title='bbox 1430 3963 1593 4017; x_wconf 79' lang='lat' dir='ltr'>Rivos</span> <span class='ocrx_word' id='word_1_375' title='bbox 1633 3963 1755 4032; x_wconf 90' lang='lat' dir='ltr'>ejus</span> <span class='ocrx_word' id='word_1_376' title='bbox 1794 3964 1912 4017; x_wconf 85' lang='lat' dir='ltr'>ine-</span> 
     </span>
    </p>
   </div>
   <div class='ocr_carea' id='block_1_54' title="bbox 288 4055 1910 4126">
    <p class='ocr_par' dir='ltr' id='par_1_54' title="bbox 288 4055 1910 4126">
     <span class='ocr_line' id='line_1_54' title="bbox 288 4055 1910 4126; baseline 0.002 -18"><span class='ocrx_word' id='word_1_377' title='bbox 288 4055 435 4124; x_wconf 84' lang='lat' dir='ltr'>bria,</span> <span class='ocrx_word' id='word_1_378' title='bbox 461 4055 779 4125; x_wconf 89' lang='lat' dir='ltr'>multiplica</span> <span class='ocrx_word' id='word_1_379' title='bbox 808 4055 1205 4125; x_wconf 82' lang='lat' dir='ltr'>generationes</span> <span class='ocrx_word' id='word_1_380' title='bbox 1233 4056 1354 4126; x_wconf 91' lang='lat' dir='ltr'>ejus</span> <span class='ocrx_word' id='word_1_381' title='bbox 1382 4057 1544 4123; x_wconf 85' lang='lat' dir='ltr'>(Psal.</span> <span class='ocrx_word' id='word_1_382' title='bbox 1577 4072 1714 4123; x_wconf 79' lang='lat' dir='ltr'>wa,</span> <span class='ocrx_word' id='word_1_383' title='bbox 1752 4058 1827 4124; x_wconf 88' lang='grc'>11)</span> <span class='ocrx_word' id='word_1_384' title='bbox 1844 4074 1858 4124; x_wconf 87' lang='grc'><strong>;</strong></span> <span class='ocrx_word' id='word_1_385' title='bbox 1886 4079 1910 4103; x_wconf 88' lang='grc'><strong>››</strong></span> 
     </span>
    </p>
   </div>
   <div class='ocr_carea' id='block_1_55' title="bbox 289 4147 1915 4218">
    <p class='ocr_par' dir='ltr' id='par_1_55' title="bbox 289 4147 1915 4218">
     <span class='ocr_line' id='line_1_55' title="bbox 289 4147 1915 4218; baseline -0.001 -15"><span class='ocrx_word' id='word_1_386' title='bbox 289 4164 355 4204; x_wconf 90' lang='lat' dir='ltr'>eo</span> <span class='ocrx_word' id='word_1_387' title='bbox 402 4147 557 4218; x_wconf 90' lang='lat' dir='ltr'>quod</span> <span class='ocrx_word' id='word_1_388' title='bbox 606 4147 844 4202; x_wconf 83' lang='lat' dir='ltr'>ebrietas</span> <span class='ocrx_word' id='word_1_389' title='bbox 897 4153 1063 4202; x_wconf 81' lang='lat' dir='ltr'>terrae</span> <span class='ocrx_word' id='word_1_390' title='bbox 1108 4165 1234 4203; x_wconf 89' lang='lat' dir='ltr'>cum</span> <span class='ocrx_word' id='word_1_391' title='bbox 1285 4149 1471 4204; x_wconf 81' lang='lat' dir='ltr'>infusa</span> <span class='ocrx_word' id='word_1_392' title='bbox 1521 4149 1694 4203; x_wconf 82' lang='lat' dir='ltr'>fuerit</span> <span class='ocrx_word' id='word_1_393' title='bbox 1734 4149 1915 4203; x_wconf 88' lang='lat' dir='ltr'>imbre</span> 
     </span>
    </p>
   </div>
   <div class='ocr_carea' id='block_1_56' title="bbox 288 4241 1912 4314">
    <p class='ocr_par' dir='ltr' id='par_1_56' title="bbox 288 4241 1912 4314">
     <span class='ocr_line' id='line_1_56' title="bbox 288 4241 1912 4314; baseline 0.001 -17"><span class='ocrx_word' id='word_1_394' title='bbox 288 4243 522 4309; x_wconf 86' lang='lat' dir='ltr'>ccelesti,</span> <span class='ocrx_word' id='word_1_395' title='bbox 554 4242 822 4296; x_wconf 87' lang='lat' dir='ltr'>suscitare</span> <span class='ocrx_word' id='word_1_396' title='bbox 851 4242 1092 4308; x_wconf 87' lang='lat' dir='ltr'>semina,</span> <span class='ocrx_word' id='word_1_397' title='bbox 1119 4241 1334 4296; x_wconf 90' lang='lat' dir='ltr'>fructus</span> <span class='ocrx_word' id='word_1_398' title='bbox 1372 4243 1749 4314; x_wconf 82' lang='lat' dir='ltr'>multiplicare</span> <span class='ocrx_word' id='word_1_399' title='bbox 1781 4259 1912 4298; x_wconf 91' lang='lat' dir='ltr'>con-</span> 
     </span>
    </p>
   </div>
   <div class='ocr_carea' id='block_1_57' title="bbox 291 4335 1918 4407">
    <p class='ocr_par' dir='ltr' id='par_1_57' title="bbox 291 4335 1918 4407">
     <span class='ocr_line' id='line_1_57' title="bbox 291 4335 1918 4407; baseline 0.002 -20"><span class='ocrx_word' id='word_1_400' title='bbox 291 4336 557 4389; x_wconf 83' lang='lat' dir='ltr'>sueverit.</span> <span class='ocrx_word' id='word_1_401' title='bbox 619 4337 810 4405; x_wconf 88' lang='lat' dir='ltr'>Itaque</span> <span class='ocrx_word' id='word_1_402' title='bbox 869 4335 965 4388; x_wconf 91' lang='lat' dir='ltr'>ubi</span> <span class='ocrx_word' id='word_1_403' title='bbox 1025 4335 1266 4390; x_wconf 88' lang='lat' dir='ltr'>Verbum</span> <span class='ocrx_word' id='word_1_404' title='bbox 1325 4337 1477 4407; x_wconf 90' lang='lat' dir='ltr'>quod</span> <span class='ocrx_word' id='word_1_405' title='bbox 1531 4336 1673 4390; x_wconf 83' lang='lat' dir='ltr'>sicut</span> <span class='ocrx_word' id='word_1_406' title='bbox 1731 4338 1918 4406; x_wconf 89' lang='lat' dir='ltr'>pluvia</span> 
     </span>
    </p>
   </div>
   <div class='ocr_carea' id='block_1_58' title="bbox 289 4428 1914 4496">
    <p class='ocr_par' dir='ltr' id='par_1_58' title="bbox 289 4428 1914 4496">
     <span class='ocr_line' id='line_1_58' title="bbox 289 4428 1914 4496; baseline 0.001 -15"><span class='ocrx_word' id='word_1_407' title='bbox 289 4428 581 4483; x_wconf 81' lang='lat' dir='ltr'>descendit</span> <span class='ocrx_word' id='word_1_408' title='bbox 632 4429 699 4482; x_wconf 82' lang='lat' dir='ltr'>de</span> <span class='ocrx_word' id='word_1_409' title='bbox 751 4429 923 4492; x_wconf 67' lang='lat' dir='ltr'>caelo,</span> <span class='ocrx_word' id='word_1_410' title='bbox 982 4444 1152 4482; x_wconf 88' lang='lat' dir='ltr'>venas</span> <span class='ocrx_word' id='word_1_411' title='bbox 1204 4435 1367 4482; x_wconf 67' lang='lat' dir='ltr'>terra:</span> <span class='ocrx_word' id='word_1_412' title='bbox 1417 4435 1648 4496; x_wconf 70' lang='lat' dir='ltr'>nostrae,</span> <span class='ocrx_word' id='word_1_413' title='bbox 1702 4429 1759 4482; x_wconf 89' lang='lat' dir='ltr'>id</span> <span class='ocrx_word' id='word_1_414' title='bbox 1810 4434 1914 4496; x_wconf 91' lang='lat' dir='ltr'>est,</span> 
     </span>
    </p>
   </div>
   <div class='ocr_carea' id='block_1_59' title="bbox 2007 1656 3642 1726">
    <p class='ocr_par' dir='ltr' id='par_1_59' title="bbox 2007 1656 3642 1726">
     <span class='ocr_line' id='line_1_59' title="bbox 2007 1656 3642 1726; baseline 0.006 -20"><span class='ocrx_word' id='word_1_415' title='bbox 2007 1657 2262 1725; x_wconf 87' lang='lat' dir='ltr'>januam,</span> <span class='ocrx_word' id='word_1_416' title='bbox 2293 1660 2350 1709; x_wconf 89' lang='lat' dir='ltr'>et</span> <span class='ocrx_word' id='word_1_417' title='bbox 2378 1656 2512 1710; x_wconf 90' lang='lat' dir='ltr'>dicit</span> <span class='ocrx_word' id='word_1_418' title='bbox 2538 1673 2550 1709; x_wconf 91' lang='lat'>:</span> <span class='ocrx_word' id='word_1_419' title='bbox 2579 1659 2746 1726; x_wconf 82' lang='lat' dir='ltr'>Aperi</span> <span class='ocrx_word' id='word_1_420' title='bbox 2768 1658 2921 1719; x_wconf 81' lang='lat' dir='ltr'>mihi,</span> <span class='ocrx_word' id='word_1_421' title='bbox 2949 1674 3098 1712; x_wconf 79' lang='lat' dir='ltr'>soror</span> <span class='ocrx_word' id='word_1_422' title='bbox 3127 1675 3264 1712; x_wconf 83' lang='lat' dir='ltr'>mea.</span> <span class='ocrx_word' id='word_1_423' title='bbox 3292 1660 3439 1713; x_wconf 86' lang='lat' dir='ltr'>Bene</span> <span class='ocrx_word' id='word_1_424' title='bbox 3471 1677 3642 1722; x_wconf 84' lang='lat' dir='ltr'>soror,</span> 
     </span>
    </p>
   </div>
   <div class='ocr_carea' id='block_1_60' title="bbox 2013 1749 3641 1823">
    <p class='ocr_par' dir='ltr' id='par_1_60' title="bbox 2013 1749 3641 1823">
     <span class='ocr_line' id='line_1_60' title="bbox 2013 1749 3641 1823; baseline 0.004 -21"><span class='ocrx_word' id='word_1_425' title='bbox 2013 1750 2143 1819; x_wconf 86' lang='lat' dir='ltr'>quia</span> <span class='ocrx_word' id='word_1_426' title='bbox 2194 1751 2407 1820; x_wconf 60' lang='lat' dir='ltr'>nuptiae</span> <span class='ocrx_word' id='word_1_427' title='bbox 2461 1749 2740 1820; x_wconf 87' lang='lat' dir='ltr'>spiritales</span> <span class='ocrx_word' id='word_1_428' title='bbox 2788 1757 2919 1804; x_wconf 90' lang='lat' dir='ltr'>sunt</span> <span class='ocrx_word' id='word_1_429' title='bbox 2965 1752 3124 1805; x_wconf 86' lang='lat' dir='ltr'>Verbi</span> <span class='ocrx_word' id='word_1_430' title='bbox 3171 1757 3340 1823; x_wconf 86' lang='lat' dir='ltr'>atque</span> <span class='ocrx_word' id='word_1_431' title='bbox 3396 1755 3641 1820; x_wconf 64' lang='lat' dir='ltr'>animas;</span> 
     </span>
    </p>
   </div>
   <div class='ocr_carea' id='block_1_61' title="bbox 2017 1843 3646 1916">
    <p class='ocr_par' dir='ltr' id='par_1_61' title="bbox 2017 1843 3646 1916">
     <span class='ocr_line' id='line_1_61' title="bbox 2017 1843 3646 1916; baseline 0.005 -21"><span class='ocrx_word' id='word_1_432' title='bbox 2017 1859 2205 1912; x_wconf 90' lang='lat' dir='ltr'>neque</span> <span class='ocrx_word' id='word_1_433' title='bbox 2236 1844 2391 1897; x_wconf 91' lang='lat' dir='ltr'>enim</span> <span class='ocrx_word' id='word_1_434' title='bbox 2421 1843 2627 1897; x_wconf 66' lang='lat' dir='ltr'>animm</span> <span class='ocrx_word' id='word_1_435' title='bbox 2657 1849 2868 1897; x_wconf 93' lang='lat' dir='ltr'>norunt</span> <span class='ocrx_word' id='word_1_436' title='bbox 2899 1845 3298 1916; x_wconf 86' lang='lat' dir='ltr'>conjugiorum</span> <span class='ocrx_word' id='word_1_437' title='bbox 3329 1847 3560 1913; x_wconf 74' lang='lat' dir='ltr'>foedera,</span> <span class='ocrx_word' id='word_1_438' title='bbox 3589 1856 3646 1904; x_wconf 88' lang='lat' dir='ltr'>et</span> 
     </span>
    </p>
   </div>
   <div class='ocr_carea' id='block_1_62' title="bbox 2015 1936 3648 2010">
    <p class='ocr_par' dir='ltr' id='par_1_62' title="bbox 2015 1936 3648 2010">
     <span class='ocr_line' id='line_1_62' title="bbox 2015 1936 3648 2010; baseline 0.004 -21"><span class='ocrx_word' id='word_1_439' title='bbox 2015 1951 2150 1989; x_wconf 91' lang='lat' dir='ltr'>usus</span> <span class='ocrx_word' id='word_1_440' title='bbox 2192 1937 2405 2006; x_wconf 60' lang='lat' dir='ltr'>copula!</span> <span class='ocrx_word' id='word_1_441' title='bbox 2449 1936 2781 2006; x_wconf 90' lang='lat' dir='ltr'>corporalis,</span> <span class='ocrx_word' id='word_1_442' title='bbox 2821 1936 2919 1990; x_wconf 90' lang='lat' dir='ltr'>sed</span> <span class='ocrx_word' id='word_1_443' title='bbox 2965 1945 3094 1991; x_wconf 90' lang='lat' dir='ltr'>sunt</span> <span class='ocrx_word' id='word_1_444' title='bbox 3136 1938 3280 1992; x_wconf 90' lang='lat' dir='ltr'>sicut</span> <span class='ocrx_word' id='word_1_445' title='bbox 3313 1939 3504 2010; x_wconf 85' lang='lat' dir='ltr'>angeli</span> <span class='ocrx_word' id='word_1_446' title='bbox 3547 1941 3648 1996; x_wconf 88' lang='lat' dir='ltr'>Dei</span> 
     </span>
    </p>
   </div>
   <div class='ocr_carea' id='block_1_63' title="bbox 2018 2029 3640 2100">
    <p class='ocr_par' dir='ltr' id='par_1_63' title="bbox 2018 2029 3640 2100">
     <span class='ocr_line' id='line_1_63' title="bbox 2018 2029 3640 2100; baseline 0.003 -18"><span class='ocrx_word' id='word_1_447' title='bbox 2018 2029 2072 2082; x_wconf 91' lang='lat' dir='ltr'>in</span> <span class='ocrx_word' id='word_1_448' title='bbox 2111 2029 2270 2083; x_wconf 73' lang='lat' dir='ltr'>coelo.</span> <span class='ocrx_word' id='word_1_449' title='bbox 2305 2031 2496 2098; x_wconf 83' lang='lat' dir='ltr'>Aperi,</span> <span class='ocrx_word' id='word_1_450' title='bbox 2535 2029 2740 2100; x_wconf 89' lang='lat' dir='ltr'>inquit,</span> <span class='ocrx_word' id='word_1_451' title='bbox 2772 2031 2924 2092; x_wconf 83' lang='lat' dir='ltr'>mihi,</span> <span class='ocrx_word' id='word_1_452' title='bbox 2970 2030 3067 2083; x_wconf 92' lang='lat' dir='ltr'>sed</span> <span class='ocrx_word' id='word_1_453' title='bbox 3102 2032 3388 2086; x_wconf 83' lang='lat' dir='ltr'>extraneis</span> <span class='ocrx_word' id='word_1_454' title='bbox 3420 2033 3640 2089; x_wconf 81' lang='lat' dir='ltr'>claude.</span> 
     </span>
    </p>
   </div>
   <div class='ocr_carea' id='block_1_64' title="bbox 2015 2121 3646 2195">
    <p class='ocr_par' dir='ltr' id='par_1_64' title="bbox 2015 2121 3646 2195">
     <span class='ocr_line' id='line_1_64' title="bbox 2015 2121 3646 2195; baseline 0.004 -19"><span class='ocrx_word' id='word_1_455' title='bbox 2015 2121 2225 2176; x_wconf 86' lang='lat' dir='ltr'>Claude</span> <span class='ocrx_word' id='word_1_456' title='bbox 2255 2123 2478 2188; x_wconf 86' lang='lat' dir='ltr'>saeculo,</span> <span class='ocrx_word' id='word_1_457' title='bbox 2508 2123 2706 2176; x_wconf 90' lang='lat' dir='ltr'>claude</span> <span class='ocrx_word' id='word_1_458' title='bbox 2748 2123 2980 2177; x_wconf 92' lang='lat' dir='ltr'>mundo.</span> <span class='ocrx_word' id='word_1_459' title='bbox 3013 2125 3204 2195; x_wconf 79' lang='lat' dir='ltr'>Neque</span> <span class='ocrx_word' id='word_1_460' title='bbox 3242 2125 3356 2195; x_wconf 89' lang='lat' dir='ltr'>ipse</span> <span class='ocrx_word' id='word_1_461' title='bbox 3392 2126 3546 2180; x_wconf 84' lang='lat' dir='ltr'>foras</span> <span class='ocrx_word' id='word_1_462' title='bbox 3575 2127 3646 2182; x_wconf 83' lang='lat' dir='ltr'>ad</span> 
     </span>
    </p>
   </div>
   <div class='ocr_carea' id='block_1_65' title="bbox 2018 2215 3647 2291">
    <p class='ocr_par' dir='ltr' id='par_1_65' title="bbox 2018 2215 3647 2291">
     <span class='ocr_line' id='line_1_65' title="bbox 2018 2215 3647 2291; baseline 0.004 -23"><span class='ocrx_word' id='word_1_463' title='bbox 2018 2215 2112 2268; x_wconf 89' lang='lat' dir='ltr'>illa</span> <span class='ocrx_word' id='word_1_464' title='bbox 2169 2215 2486 2269; x_wconf 89' lang='lat' dir='ltr'>materialia</span> <span class='ocrx_word' id='word_1_465' title='bbox 2539 2216 2807 2286; x_wconf 89' lang='lat' dir='ltr'>prodeas,</span> <span class='ocrx_word' id='word_1_466' title='bbox 2861 2233 3048 2287; x_wconf 91' lang='lat' dir='ltr'>neque</span> <span class='ocrx_word' id='word_1_467' title='bbox 3104 2223 3263 2271; x_wconf 92' lang='lat' dir='ltr'>tuum</span> <span class='ocrx_word' id='word_1_468' title='bbox 3319 2220 3647 2291; x_wconf 90' lang='lat' dir='ltr'>relinquens</span> 
     </span>
    </p>
   </div>
   <div class='ocr_carea' id='block_1_66' title="bbox 2017 2309 3647 2380">
    <p class='ocr_par' dir='ltr' id='par_1_66' title="bbox 2017 2309 3647 2380">
     <span class='ocr_line' id='line_1_66' title="bbox 2017 2309 3647 2380; baseline 0.004 -19"><span class='ocrx_word' id='word_1_469' title='bbox 2017 2309 2233 2376; x_wconf 88' lang='lat' dir='ltr'>lumen,</span> <span class='ocrx_word' id='word_1_470' title='bbox 2283 2310 2531 2362; x_wconf 91' lang='lat' dir='ltr'>alienum</span> <span class='ocrx_word' id='word_1_471' title='bbox 2591 2309 2868 2380; x_wconf 87' lang='lat' dir='ltr'>requiras,</span> <span class='ocrx_word' id='word_1_472' title='bbox 2923 2311 3055 2380; x_wconf 89' lang='lat' dir='ltr'>quia</span> <span class='ocrx_word' id='word_1_473' title='bbox 3111 2312 3402 2366; x_wconf 89' lang='lat' dir='ltr'>materiale</span> <span class='ocrx_word' id='word_1_474' title='bbox 3451 2314 3647 2369; x_wconf 89' lang='lat' dir='ltr'>lumen</span> 
     </span>
    </p>
   </div>
   <div class='ocr_carea' id='block_1_67' title="bbox 2017 2401 3648 2472">
    <p class='ocr_par' dir='ltr' id='par_1_67' title="bbox 2017 2401 3648 2472">
     <span class='ocr_line' id='line_1_67' title="bbox 2017 2401 3648 2472; baseline 0.004 -18"><span class='ocrx_word' id='word_1_475' title='bbox 2017 2401 2373 2454; x_wconf 81' lang='lat' dir='ltr'>tenebrosam</span> <span class='ocrx_word' id='word_1_476' title='bbox 2430 2401 2684 2455; x_wconf 86' lang='lat' dir='ltr'>infundit</span> <span class='ocrx_word' id='word_1_477' title='bbox 2731 2401 3058 2472; x_wconf 89' lang='lat' dir='ltr'>caliginem,</span> <span class='ocrx_word' id='word_1_478' title='bbox 3110 2409 3173 2456; x_wconf 90' lang='lat' dir='ltr'>ut</span> <span class='ocrx_word' id='word_1_479' title='bbox 3221 2421 3334 2458; x_wconf 89' lang='lat' dir='ltr'>non</span> <span class='ocrx_word' id='word_1_480' title='bbox 3390 2405 3648 2461; x_wconf 88' lang='lat' dir='ltr'>videatur</span> 
     </span>
    </p>
   </div>
   <div class='ocr_carea' id='block_1_68' title="bbox 2017 2494 3645 2568">
    <p class='ocr_par' dir='ltr' id='par_1_68' title="bbox 2017 2494 3645 2568">
     <span class='ocr_line' id='line_1_68' title="bbox 2017 2494 3645 2568; baseline 0.004 -22"><span class='ocrx_word' id='word_1_481' title='bbox 2017 2495 2207 2547; x_wconf 90' lang='lat' dir='ltr'>lumen</span> <span class='ocrx_word' id='word_1_482' title='bbox 2237 2511 2382 2547; x_wconf 66' lang='lat' dir='ltr'>verm</span> <span class='ocrx_word' id='word_1_483' title='bbox 2414 2494 2630 2565; x_wconf 66' lang='lat' dir='ltr'>glorias.</span> <span class='ocrx_word' id='word_1_484' title='bbox 2661 2497 2831 2565; x_wconf 80' lang='lat' dir='ltr'>Aperi</span> <span class='ocrx_word' id='word_1_485' title='bbox 2861 2511 2984 2561; x_wconf 85' lang='lat' dir='ltr'>ergo</span> <span class='ocrx_word' id='word_1_486' title='bbox 3018 2497 3171 2557; x_wconf 81' lang='lat' dir='ltr'>mihi,</span> <span class='ocrx_word' id='word_1_487' title='bbox 3200 2498 3318 2550; x_wconf 92' lang='lat' dir='ltr'>noli</span> <span class='ocrx_word' id='word_1_488' title='bbox 3351 2500 3645 2568; x_wconf 84' lang='lat' dir='ltr'>coarctari,</span> 
     </span>
    </p>
   </div>
   <div class='ocr_carea' id='block_1_69' title="bbox 2016 2587 3647 2658">
    <p class='ocr_par' dir='ltr' id='par_1_69' title="bbox 2016 2587 3647 2658">
     <span class='ocr_line' id='line_1_69' title="bbox 2016 2587 3647 2658; baseline 0.004 -18"><span class='ocrx_word' id='word_1_489' title='bbox 2016 2587 2109 2640; x_wconf 90' lang='lat' dir='ltr'>sed</span> <span class='ocrx_word' id='word_1_490' title='bbox 2141 2587 2314 2641; x_wconf 90' lang='lat' dir='ltr'>dilata</span> <span class='ocrx_word' id='word_1_491' title='bbox 2342 2592 2415 2655; x_wconf 90' lang='lat' dir='ltr'>te,</span> <span class='ocrx_word' id='word_1_492' title='bbox 2446 2593 2501 2641; x_wconf 91' lang='lat' dir='ltr'>et</span> <span class='ocrx_word' id='word_1_493' title='bbox 2526 2587 2855 2658; x_wconf 90' lang='lat' dir='ltr'>adimplebo</span> <span class='ocrx_word' id='word_1_494' title='bbox 2885 2591 2959 2641; x_wconf 91' lang='lat' dir='ltr'>te.</span> <span class='ocrx_word' id='word_1_495' title='bbox 2993 2589 3055 2642; x_wconf 80' lang='lat' dir='ltr'>Et</span> <span class='ocrx_word' id='word_1_496' title='bbox 3086 2590 3216 2658; x_wconf 88' lang='lat' dir='ltr'>quia</span> <span class='ocrx_word' id='word_1_497' title='bbox 3242 2591 3480 2645; x_wconf 90' lang='lat' dir='ltr'>decurso</span> <span class='ocrx_word' id='word_1_498' title='bbox 3511 2594 3647 2648; x_wconf 91' lang='lat' dir='ltr'>orbe</span> 
     </span>
    </p>
   </div>
   <div class='ocr_carea' id='block_1_70' title="bbox 2014 2680 3645 2756">
    <p class='ocr_par' dir='ltr' id='par_1_70' title="bbox 2014 2680 3645 2756">
     <span class='ocr_line' id='line_1_70' title="bbox 2014 2680 3645 2756; baseline 0.004 -24"><span class='ocrx_word' id='word_1_499' title='bbox 2014 2685 2317 2746; x_wconf 88' lang='lat' dir='ltr'>terrarum,</span> <span class='ocrx_word' id='word_1_500' title='bbox 2358 2681 2482 2750; x_wconf 92' lang='lat' dir='ltr'>plus</span> <span class='ocrx_word' id='word_1_501' title='bbox 2528 2680 2916 2734; x_wconf 87' lang='lat' dir='ltr'>molestiarum</span> <span class='ocrx_word' id='word_1_502' title='bbox 2963 2685 3018 2734; x_wconf 92' lang='lat' dir='ltr'>et</span> <span class='ocrx_word' id='word_1_503' title='bbox 3061 2681 3391 2737; x_wconf 79' lang='lat' dir='ltr'>offensionis</span> <span class='ocrx_word' id='word_1_504' title='bbox 3435 2686 3645 2756; x_wconf 88' lang='lat' dir='ltr'>reperi,</span> 
     </span>
    </p>
   </div>
   <div class='ocr_carea' id='block_1_71' title="bbox 2014 2773 3645 2848">
    <p class='ocr_par' dir='ltr' id='par_1_71' title="bbox 2014 2773 3645 2848">
     <span class='ocr_line' id='line_1_71' title="bbox 2014 2773 3645 2848; baseline 0.004 -22"><span class='ocrx_word' id='word_1_505' title='bbox 2014 2790 2118 2827; x_wconf 93' lang='lat' dir='ltr'>nec</span> <span class='ocrx_word' id='word_1_506' title='bbox 2153 2773 2316 2827; x_wconf 88' lang='lat' dir='ltr'>facile</span> <span class='ocrx_word' id='word_1_507' title='bbox 2357 2773 2531 2827; x_wconf 88' lang='lat' dir='ltr'>habui</span> <span class='ocrx_word' id='word_1_508' title='bbox 2572 2773 2668 2826; x_wconf 89' lang='lat' dir='ltr'>ubi</span> <span class='ocrx_word' id='word_1_509' title='bbox 2714 2774 3158 2844; x_wconf 84' lang='lat' dir='ltr'>requiescerem;</span> <span class='ocrx_word' id='word_1_510' title='bbox 3194 2775 3320 2830; x_wconf 91' lang='lat' dir='ltr'>ideo</span> <span class='ocrx_word' id='word_1_511' title='bbox 3365 2781 3424 2830; x_wconf 92' lang='lat' dir='ltr'>tu</span> <span class='ocrx_word' id='word_1_512' title='bbox 3466 2779 3645 2848; x_wconf 88' lang='lat' dir='ltr'>aperi,</span> 
     </span>
    </p>
   </div>
   <div class='ocr_carea' id='block_1_72' title="bbox 2013 2865 3646 2938">
    <p class='ocr_par' dir='ltr' id='par_1_72' title="bbox 2013 2865 3646 2938">
     <span class='ocr_line' id='line_1_72' title="bbox 2013 2865 3646 2938; baseline 0.004 -20"><span class='ocrx_word' id='word_1_513' title='bbox 2013 2870 2077 2919; x_wconf 88' lang='lat' dir='ltr'>ut</span> <span class='ocrx_word' id='word_1_514' title='bbox 2114 2867 2172 2920; x_wconf 91' lang='lat' dir='ltr'>in</span> <span class='ocrx_word' id='word_1_515' title='bbox 2216 2869 2268 2920; x_wconf 89' lang='lat' dir='ltr'>te</span> <span class='ocrx_word' id='word_1_516' title='bbox 2308 2866 2455 2919; x_wconf 84' lang='lat' dir='ltr'>tilius</span> <span class='ocrx_word' id='word_1_517' title='bbox 2490 2865 2737 2920; x_wconf 89' lang='lat' dir='ltr'>hominis</span> <span class='ocrx_word' id='word_1_518' title='bbox 2776 2866 3016 2920; x_wconf 89' lang='lat' dir='ltr'>reclinet</span> <span class='ocrx_word' id='word_1_519' title='bbox 3045 2874 3232 2938; x_wconf 90' lang='lat' dir='ltr'>caput,</span> <span class='ocrx_word' id='word_1_520' title='bbox 3273 2870 3364 2923; x_wconf 90' lang='lat' dir='ltr'>cui</span> <span class='ocrx_word' id='word_1_521' title='bbox 3405 2885 3518 2924; x_wconf 93' lang='lat' dir='ltr'>non</span> <span class='ocrx_word' id='word_1_522' title='bbox 3563 2877 3646 2926; x_wconf 90' lang='lat' dir='ltr'>est</span> 
     </span>
    </p>
   </div>
   <div class='ocr_carea' id='block_1_73' title="bbox 2015 2959 3381 3030">
    <p class='ocr_par' dir='ltr' id='par_1_73' title="bbox 2015 2959 3381 3030">
     <span class='ocr_line' id='line_1_73' title="bbox 2015 2959 3381 3030; baseline 0.001 -16"><span class='ocrx_word' id='word_1_523' title='bbox 2015 2960 2237 3030; x_wconf 86' lang='lat' dir='ltr'>requies</span> <span class='ocrx_word' id='word_1_524' title='bbox 2266 2959 2372 3012; x_wconf 91' lang='lat' dir='ltr'>nisi</span> <span class='ocrx_word' id='word_1_525' title='bbox 2404 2975 2575 3028; x_wconf 89' lang='lat' dir='ltr'>super</span> <span class='ocrx_word' id='word_1_526' title='bbox 2600 2959 2879 3013; x_wconf 86' lang='lat' dir='ltr'>humilem</span> <span class='ocrx_word' id='word_1_527' title='bbox 2909 2966 2965 3014; x_wconf 92' lang='lat' dir='ltr'>et</span> <span class='ocrx_word' id='word_1_528' title='bbox 2997 2968 3381 3016; x_wconf 88' lang='lat' dir='ltr'>mansuetum.</span> 
     </span>
    </p>
   </div>
   <div class='ocr_carea' id='block_1_74' title="bbox 2093 3084 3652 3158">
    <p class='ocr_par' dir='ltr' id='par_1_74' title="bbox 2093 3084 3652 3158">
     <span class='ocr_line' id='line_1_74' title="bbox 2093 3084 3652 3158; baseline 0.004 -20"><span class='ocrx_word' id='word_1_529' title='bbox 2093 3087 2172 3138; x_wconf 82' lang='lat'>15.</span> <span class='ocrx_word' id='word_1_530' title='bbox 2229 3087 2334 3153; x_wconf 61' lang='lat'>(19,</span> <span class='ocrx_word' id='word_1_531' title='bbox 2382 3084 2553 3154; x_wconf 82' lang='lat' dir='ltr'>Aperi</span> <span class='ocrx_word' id='word_1_532' title='bbox 2599 3085 2753 3147; x_wconf 87' lang='lat' dir='ltr'>mihi,</span> <span class='ocrx_word' id='word_1_533' title='bbox 2802 3099 2954 3138; x_wconf 84' lang='lat' dir='ltr'>soror</span> <span class='ocrx_word' id='word_1_534' title='bbox 2997 3101 3134 3154; x_wconf 88' lang='lat' dir='ltr'>mea,</span> <span class='ocrx_word' id='word_1_535' title='bbox 3183 3101 3358 3156; x_wconf 85' lang='lat' dir='ltr'>surge,</span> <span class='ocrx_word' id='word_1_536' title='bbox 3397 3091 3652 3158; x_wconf 67' lang='lat' dir='ltr'>proxima.</span> 
     </span>
    </p>
   </div>
   <div class='ocr_carea' id='block_1_75' title="bbox 2015 3178 3646 3252">
    <p class='ocr_par' dir='ltr' id='par_1_75' title="bbox 2015 3178 3646 3252">
     <span class='ocr_line' id='line_1_75' title="bbox 2015 3178 3646 3252; baseline 0.004 -21"><span class='ocrx_word' id='word_1_537' title='bbox 2015 3193 2152 3238; x_wconf 71' lang='lat' dir='ltr'>mea,</span> <span class='ocrx_word' id='word_1_538' title='bbox 2183 3178 2429 3232; x_wconf 84' lang='lat' dir='ltr'>columba</span> <span class='ocrx_word' id='word_1_539' title='bbox 2455 3193 2594 3240; x_wconf 82' lang='lat' dir='ltr'>mea,</span> <span class='ocrx_word' id='word_1_540' title='bbox 2621 3179 2862 3246; x_wconf 79' lang='lat' dir='ltr'>perfecta</span> <span class='ocrx_word' id='word_1_541' title='bbox 2890 3194 3026 3233; x_wconf 82' lang='lat' dir='ltr'>mea.</span> <span class='ocrx_word' id='word_1_542' title='bbox 3055 3180 3338 3234; x_wconf 88' lang='lat' dir='ltr'>Charitate</span> <span class='ocrx_word' id='word_1_543' title='bbox 3369 3181 3646 3252; x_wconf 84' lang='lat' dir='ltr'>proxima,</span> 
     </span>
    </p>
   </div>
   <div class='ocr_carea' id='block_1_76' title="bbox 2016 3269 3648 3345">
    <p class='ocr_par' dir='ltr' id='par_1_76' title="bbox 2016 3269 3648 3345">
     <span class='ocr_line' id='line_1_76' title="bbox 2016 3269 3648 3345; baseline 0.003 -21"><span class='ocrx_word' id='word_1_544' title='bbox 2016 3270 2280 3325; x_wconf 89' lang='lat' dir='ltr'>columba</span> <span class='ocrx_word' id='word_1_545' title='bbox 2319 3269 2700 3340; x_wconf 87' lang='lat' dir='ltr'>simplicitate,</span> <span class='ocrx_word' id='word_1_546' title='bbox 2744 3271 2950 3326; x_wconf 87' lang='lat' dir='ltr'>virtute</span> <span class='ocrx_word' id='word_1_547' title='bbox 2993 3273 3264 3342; x_wconf 86' lang='lat' dir='ltr'>perfecta.</span> <span class='ocrx_word' id='word_1_548' title='bbox 3305 3273 3446 3339; x_wconf 84' lang='lat' dir='ltr'>Quia</span> <span class='ocrx_word' id='word_1_549' title='bbox 3485 3282 3648 3345; x_wconf 84' lang='lat' dir='ltr'>caput</span> 
     </span>
    </p>
   </div>
   <div class='ocr_carea' id='block_1_77' title="bbox 2013 3364 3649 3434">
    <p class='ocr_par' dir='ltr' id='par_1_77' title="bbox 2013 3364 3649 3434">
     <span class='ocr_line' id='line_1_77' title="bbox 2013 3364 3649 3434; baseline 0.004 -16"><span class='ocrx_word' id='word_1_550' title='bbox 2013 3365 2232 3434; x_wconf 79' lang='lat' dir='ltr'>plenum</span> <span class='ocrx_word' id='word_1_551' title='bbox 2287 3369 2364 3418; x_wconf 86' lang='lat' dir='ltr'>est</span> <span class='ocrx_word' id='word_1_552' title='bbox 2419 3380 2567 3429; x_wconf 87' lang='lat' dir='ltr'>rore;</span> <span class='ocrx_word' id='word_1_553' title='bbox 2617 3364 2760 3418; x_wconf 87' lang='lat' dir='ltr'>sicut</span> <span class='ocrx_word' id='word_1_554' title='bbox 2815 3365 2969 3419; x_wconf 89' lang='lat' dir='ltr'>enim</span> <span class='ocrx_word' id='word_1_555' title='bbox 3022 3382 3115 3420; x_wconf 91' lang='lat' dir='ltr'>ros</span> <span class='ocrx_word' id='word_1_556' title='bbox 3165 3367 3289 3421; x_wconf 67' lang='lat' dir='ltr'>caeli</span> <span class='ocrx_word' id='word_1_557' title='bbox 3344 3374 3649 3424; x_wconf 89' lang='lat' dir='ltr'>nocturnas</span> 
     </span>
    </p>
   </div>
   <div class='ocr_carea' id='block_1_78' title="bbox 2016 3456 3651 3523">
    <p class='ocr_par' dir='ltr' id='par_1_78' title="bbox 2016 3456 3651 3523">
     <span class='ocr_line' id='line_1_78' title="bbox 2016 3456 3651 3523; baseline 0.005 -14"><span class='ocrx_word' id='word_1_558' title='bbox 2016 3460 2240 3510; x_wconf 89' lang='lat' dir='ltr'>amovet</span> <span class='ocrx_word' id='word_1_559' title='bbox 2266 3456 2563 3523; x_wconf 90' lang='lat' dir='ltr'>siccitates,</span> <span class='ocrx_word' id='word_1_560' title='bbox 2595 3457 2671 3510; x_wconf 84' lang='lat' dir='ltr'>ita</span> <span class='ocrx_word' id='word_1_561' title='bbox 2699 3474 2790 3510; x_wconf 92' lang='lat' dir='ltr'>ros</span> <span class='ocrx_word' id='word_1_562' title='bbox 2816 3458 3043 3512; x_wconf 89' lang='lat' dir='ltr'>Domini</span> <span class='ocrx_word' id='word_1_563' title='bbox 3074 3459 3248 3512; x_wconf 91' lang='lat' dir='ltr'>nostri</span> <span class='ocrx_word' id='word_1_564' title='bbox 3279 3462 3411 3514; x_wconf 84' lang='lat' dir='ltr'>Jesu</span> <span class='ocrx_word' id='word_1_565' title='bbox 3443 3462 3651 3518; x_wconf 85' lang='lat' dir='ltr'>Christi</span> 
     </span>
    </p>
   </div>
   <div class='ocr_carea' id='block_1_79' title="bbox 2017 3549 3646 3610">
    <p class='ocr_par' dir='ltr' id='par_1_79' title="bbox 2017 3549 3646 3610">
     <span class='ocr_line' id='line_1_79' title="bbox 2017 3549 3646 3610; baseline 0.004 -8"><span class='ocrx_word' id='word_1_566' title='bbox 2017 3549 2306 3604; x_wconf 87' lang='lat' dir='ltr'>nocturnis</span> <span class='ocrx_word' id='word_1_567' title='bbox 2341 3555 2396 3603; x_wconf 91' lang='lat' dir='ltr'>et</span> <span class='ocrx_word' id='word_1_568' title='bbox 2431 3549 2793 3603; x_wconf 69' lang='lat' dir='ltr'>stecularibus</span> <span class='ocrx_word' id='word_1_569' title='bbox 2824 3550 3070 3604; x_wconf 83' lang='lat' dir='ltr'>tenebris</span> <span class='ocrx_word' id='word_1_570' title='bbox 3097 3557 3326 3606; x_wconf 62' lang='lat' dir='ltr'>aeternae.</span> <span class='ocrx_word' id='word_1_571' title='bbox 3360 3554 3488 3608; x_wconf 65' lang='lat' dir='ltr'>vitae</span> <span class='ocrx_word' id='word_1_572' title='bbox 3525 3555 3646 3610; x_wconf 84' lang='lat' dir='ltr'>stil-</span> 
     </span>
    </p>
   </div>
   <div class='ocr_carea' id='block_1_80' title="bbox 2017 3642 3649 3714">
    <p class='ocr_par' dir='ltr' id='par_1_80' title="bbox 2017 3642 3649 3714">
     <span class='ocr_line' id='line_1_80' title="bbox 2017 3642 3649 3714; baseline 0.004 -19"><span class='ocrx_word' id='word_1_573' title='bbox 2017 3642 2153 3695; x_wconf 89' lang='lat' dir='ltr'>lavit</span> <span class='ocrx_word' id='word_1_574' title='bbox 2197 3642 2520 3695; x_wconf 90' lang='lat' dir='ltr'>humorem.</span> <span class='ocrx_word' id='word_1_575' title='bbox 2570 3644 2681 3696; x_wconf 92' lang='lat' dir='ltr'>Hoc</span> <span class='ocrx_word' id='word_1_576' title='bbox 2727 3647 2811 3696; x_wconf 84' lang='lat' dir='ltr'>est</span> <span class='ocrx_word' id='word_1_577' title='bbox 2853 3651 3026 3714; x_wconf 89' lang='lat' dir='ltr'>caput</span> <span class='ocrx_word' id='word_1_578' title='bbox 3068 3646 3217 3714; x_wconf 85' lang='lat' dir='ltr'>quod</span> <span class='ocrx_word' id='word_1_579' title='bbox 3264 3653 3401 3700; x_wconf 77' lang='lat' dir='ltr'>aestu</span> <span class='ocrx_word' id='word_1_580' title='bbox 3449 3649 3649 3702; x_wconf 89' lang='lat' dir='ltr'>mundi</span> 
     </span>
    </p>
   </div>
   <div class='ocr_carea' id='block_1_81' title="bbox 2018 3735 3648 3802">
    <p class='ocr_par' dir='ltr' id='par_1_81' title="bbox 2018 3735 3648 3802">
     <span class='ocr_line' id='line_1_81' title="bbox 2018 3735 3648 3802; baseline 0.004 -13"><span class='ocrx_word' id='word_1_581' title='bbox 2018 3735 2254 3789; x_wconf 89' lang='lat' dir='ltr'>nescivit</span> <span class='ocrx_word' id='word_1_582' title='bbox 2296 3751 2572 3802; x_wconf 89' lang='lat' dir='ltr'>arescere,</span> <span class='ocrx_word' id='word_1_583' title='bbox 2609 3736 2757 3789; x_wconf 88' lang='lat' dir='ltr'>unde</span> <span class='ocrx_word' id='word_1_584' title='bbox 2802 3736 2879 3789; x_wconf 90' lang='lat' dir='ltr'>ait</span> <span class='ocrx_word' id='word_1_585' title='bbox 2921 3753 2934 3789; x_wconf 89' lang='lat'>:</span> <span class='ocrx_word' id='word_1_586' title='bbox 2978 3758 3003 3784; x_wconf 83' lang='grc'><em>‹‹</em></span> <span class='ocrx_word' id='word_1_587' title='bbox 3045 3736 3186 3800; x_wconf 87' lang='lat' dir='ltr'>Quia</span> <span class='ocrx_word' id='word_1_588' title='bbox 3226 3739 3270 3791; x_wconf 90' lang='lat' dir='ltr'>si</span> <span class='ocrx_word' id='word_1_589' title='bbox 3314 3739 3373 3792; x_wconf 92' lang='lat' dir='ltr'>in</span> <span class='ocrx_word' id='word_1_590' title='bbox 3415 3739 3648 3795; x_wconf 90' lang='lat' dir='ltr'>humido</span> 
     </span>
    </p>
   </div>
   <div class='ocr_carea' id='block_1_82' title="bbox 2019 3828 3646 3901">
    <p class='ocr_par' dir='ltr' id='par_1_82' title="bbox 2019 3828 3646 3901">
     <span class='ocr_line' id='line_1_82' title="bbox 2019 3828 3646 3901; baseline 0.004 -19"><span class='ocrx_word' id='word_1_591' title='bbox 2019 3830 2139 3882; x_wconf 65' lang='lat' dir='ltr'>haec</span> <span class='ocrx_word' id='word_1_592' title='bbox 2196 3828 2429 3895; x_wconf 88' lang='lat' dir='ltr'>faciunt,</span> <span class='ocrx_word' id='word_1_593' title='bbox 2487 3829 2543 3880; x_wconf 91' lang='lat' dir='ltr'>in</span> <span class='ocrx_word' id='word_1_594' title='bbox 2601 3828 2763 3882; x_wconf 89' lang='lat' dir='ltr'>arido</span> <span class='ocrx_word' id='word_1_595' title='bbox 2817 3829 2954 3900; x_wconf 90' lang='lat' dir='ltr'>quid</span> <span class='ocrx_word' id='word_1_596' title='bbox 3005 3829 3216 3885; x_wconf 85' lang='lat' dir='ltr'>facient</span> <span class='ocrx_word' id='word_1_597' title='bbox 3269 3831 3435 3899; x_wconf 87' lang='lat' dir='ltr'>(Luc.,</span> <span class='ocrx_word' id='word_1_598' title='bbox 3497 3850 3646 3901; x_wconf 84' lang='lat' dir='ltr'>xxni,</span> 
     </span>
    </p>
   </div>
   <div class='ocr_carea' id='block_1_83' title="bbox 2017 3919 3646 3992">
    <p class='ocr_par' dir='ltr' id='par_1_83' title="bbox 2017 3919 3646 3992">
     <span class='ocr_line' id='line_1_83' title="bbox 2017 3919 3646 3992; baseline 0.002 -16"><span class='ocrx_word' id='word_1_599' title='bbox 2017 3923 2144 3992; x_wconf 81' lang='lat'>31)?</span> <span class='ocrx_word' id='word_1_600' title='bbox 2191 3943 2216 3971; x_wconf 90' lang='grc'><strong>››</strong></span> <span class='ocrx_word' id='word_1_601' title='bbox 2263 3922 2374 3975; x_wconf 86' lang='lat' dir='ltr'>Hoc</span> <span class='ocrx_word' id='word_1_602' title='bbox 2419 3919 2596 3991; x_wconf 88' lang='lat' dir='ltr'>igitur</span> <span class='ocrx_word' id='word_1_603' title='bbox 2636 3927 2804 3992; x_wconf 91' lang='lat' dir='ltr'>caput</span> <span class='ocrx_word' id='word_1_604' title='bbox 2845 3928 3002 3976; x_wconf 88' lang='lat' dir='ltr'>rorat</span> <span class='ocrx_word' id='word_1_605' title='bbox 3041 3923 3182 3990; x_wconf 90' lang='lat' dir='ltr'>aliis,</span> <span class='ocrx_word' id='word_1_606' title='bbox 3226 3923 3331 3977; x_wconf 89' lang='lat' dir='ltr'>sibi</span> <span class='ocrx_word' id='word_1_607' title='bbox 3373 3925 3646 3982; x_wconf 87' lang='lat' dir='ltr'>abundat.</span> 
     </span>
    </p>
   </div>
   <div class='ocr_carea' id='block_1_84' title="bbox 2017 4013 3648 4089">
    <p class='ocr_par' dir='ltr' id='par_1_84' title="bbox 2017 4013 3648 4089">
     <span class='ocr_line' id='line_1_84' title="bbox 2017 4013 3648 4089; baseline 0.003 -21"><span class='ocrx_word' id='word_1_608' title='bbox 2017 4016 2086 4068; x_wconf 88' lang='lat' dir='ltr'>Et</span> <span class='ocrx_word' id='word_1_609' title='bbox 2133 4015 2278 4069; x_wconf 88' lang='lat' dir='ltr'>bene</span> <span class='ocrx_word' id='word_1_610' title='bbox 2326 4013 2578 4070; x_wconf 87' lang='lat' dir='ltr'>abundat</span> <span class='ocrx_word' id='word_1_611' title='bbox 2617 4019 2785 4086; x_wconf 88' lang='lat' dir='ltr'>caput</span> <span class='ocrx_word' id='word_1_612' title='bbox 2833 4016 3068 4082; x_wconf 86' lang='lat' dir='ltr'>Christi;</span> <span class='ocrx_word' id='word_1_613' title='bbox 3109 4017 3238 4087; x_wconf 88' lang='lat' dir='ltr'>quia</span> <span class='ocrx_word' id='word_1_614' title='bbox 3279 4023 3446 4089; x_wconf 88' lang='lat' dir='ltr'>caput</span> <span class='ocrx_word' id='word_1_615' title='bbox 3485 4022 3648 4074; x_wconf 89' lang='lat' dir='ltr'>tuum</span> 
     </span>
    </p>
   </div>
   <div class='ocr_carea' id='block_1_85' title="bbox 2017 4109 3643 4180">
    <p class='ocr_par' dir='ltr' id='par_1_85' title="bbox 2017 4109 3643 4180">
     <span class='ocr_line' id='line_1_85' title="bbox 2017 4109 3643 4180; baseline 0.002 -16"><span class='ocrx_word' id='word_1_616' title='bbox 2017 4109 2270 4165; x_wconf 90' lang='lat' dir='ltr'>Christus</span> <span class='ocrx_word' id='word_1_617' title='bbox 2317 4115 2422 4174; x_wconf 90' lang='lat' dir='ltr'>est,</span> <span class='ocrx_word' id='word_1_618' title='bbox 2467 4109 2563 4180; x_wconf 92' lang='lat' dir='ltr'>qui</span> <span class='ocrx_word' id='word_1_619' title='bbox 2613 4109 2812 4180; x_wconf 89' lang='lat' dir='ltr'>plenus</span> <span class='ocrx_word' id='word_1_620' title='bbox 2867 4113 2952 4163; x_wconf 90' lang='lat' dir='ltr'>est</span> <span class='ocrx_word' id='word_1_621' title='bbox 2998 4126 3242 4180; x_wconf 88' lang='lat' dir='ltr'>semper,</span> <span class='ocrx_word' id='word_1_622' title='bbox 3288 4127 3388 4166; x_wconf 89' lang='lat' dir='ltr'>nec</span> <span class='ocrx_word' id='word_1_623' title='bbox 3439 4111 3643 4167; x_wconf 89' lang='lat' dir='ltr'>libera-</span> 
     </span>
    </p>
   </div>
   <div class='ocr_carea' id='block_1_86' title="bbox 2019 4202 3646 4278">
    <p class='ocr_par' dir='ltr' id='par_1_86' title="bbox 2019 4202 3646 4278">
     <span class='ocr_line' id='line_1_86' title="bbox 2019 4202 3646 4278; baseline 0.003 -22"><span class='ocrx_word' id='word_1_624' title='bbox 2019 4202 2267 4256; x_wconf 89' lang='lat' dir='ltr'>litatibus</span> <span class='ocrx_word' id='word_1_625' title='bbox 2317 4203 2578 4256; x_wconf 87' lang='lat' dir='ltr'>hauritur</span> <span class='ocrx_word' id='word_1_626' title='bbox 2629 4203 2764 4269; x_wconf 88' lang='lat' dir='ltr'>suis,</span> <span class='ocrx_word' id='word_1_627' title='bbox 2818 4207 2916 4256; x_wconf 89' lang='lat' dir='ltr'>aut</span> <span class='ocrx_word' id='word_1_628' title='bbox 2965 4203 3187 4258; x_wconf 88' lang='lat' dir='ltr'>diutina</span> <span class='ocrx_word' id='word_1_629' title='bbox 3237 4205 3428 4260; x_wconf 82' lang='lat' dir='ltr'>deficit</span> <span class='ocrx_word' id='word_1_630' title='bbox 3473 4207 3646 4278; x_wconf 83' lang='lat' dir='ltr'>largi-</span> 
     </span>
    </p>
   </div>
   <div class='ocr_carea' id='block_1_87' title="bbox 2019 4296 3652 4370">
    <p class='ocr_par' dir='ltr' id='par_1_87' title="bbox 2019 4296 3652 4370">
     <span class='ocr_line' id='line_1_87' title="bbox 2019 4296 3652 4370; baseline 0.003 -20"><span class='ocrx_word' id='word_1_631' title='bbox 2019 4300 2151 4350; x_wconf 89' lang='lat' dir='ltr'>tate.</span> <span class='ocrx_word' id='word_1_632' title='bbox 2190 4297 2247 4350; x_wconf 91' lang='lat' dir='ltr'>ln</span> <span class='ocrx_word' id='word_1_633' title='bbox 2290 4297 2396 4350; x_wconf 93' lang='lat' dir='ltr'>hoc</span> <span class='ocrx_word' id='word_1_634' title='bbox 2440 4303 2612 4367; x_wconf 88' lang='lat' dir='ltr'>caput</span> <span class='ocrx_word' id='word_1_635' title='bbox 2653 4296 2869 4350; x_wconf 85' lang='lat' dir='ltr'>ferrum</span> <span class='ocrx_word' id='word_1_636' title='bbox 2908 4313 3024 4352; x_wconf 89' lang='lat' dir='ltr'>non</span> <span class='ocrx_word' id='word_1_637' title='bbox 3068 4300 3340 4364; x_wconf 88' lang='lat' dir='ltr'>ascendit,</span> <span class='ocrx_word' id='word_1_638' title='bbox 3372 4301 3523 4370; x_wconf 90' lang='lat' dir='ltr'>quod</span> <span class='ocrx_word' id='word_1_639' title='bbox 3567 4307 3652 4354; x_wconf 88' lang='lat' dir='ltr'>est</span> 
     </span>
    </p>
   </div>
   <div class='ocr_carea' id='block_1_88' title="bbox 2016 4389 3646 4463">
    <p class='ocr_par' dir='ltr' id='par_1_88' title="bbox 2016 4389 3646 4463">
     <span class='ocr_line' id='line_1_88' title="bbox 2016 4389 3646 4463; baseline 0.002 -20"><span class='ocrx_word' id='word_1_640' title='bbox 2016 4391 2459 4444; x_wconf 88' lang='lat' dir='ltr'>instrumentum</span> <span class='ocrx_word' id='word_1_641' title='bbox 2489 4389 2638 4455; x_wconf 89' lang='lat' dir='ltr'>belli,</span> <span class='ocrx_word' id='word_1_642' title='bbox 2663 4391 2884 4460; x_wconf 91' lang='lat' dir='ltr'>insigne</span> <span class='ocrx_word' id='word_1_643' title='bbox 2912 4391 3227 4445; x_wconf 69' lang='lat' dir='ltr'>discordiae.</span> <span class='ocrx_word' id='word_1_644' title='bbox 3254 4393 3410 4446; x_wconf 82' lang='lat' dir='ltr'>Nunc</span> <span class='ocrx_word' id='word_1_645' title='bbox 3439 4399 3646 4463; x_wconf 84' lang='lat' dir='ltr'>specta,</span> 
     </span>
    </p>
   </div>
   <div class='ocr_carea' id='block_1_89' title="bbox 291 4487 3651 4593">
    <p class='ocr_par' dir='ltr' id='par_1_89' title="bbox 291 4487 3651 4593">
     <span class='ocr_line' id='line_1_89' title="bbox 291 4487 3651 4593; baseline 0.002 -19"><span class='ocrx_word' id='word_1_646' title='bbox 291 4523 498 4576; x_wconf 65' lang='lat' dir='ltr'>animae</span> <span class='ocrx_word' id='word_1_647' title='bbox 541 4537 606 4575; x_wconf 89' lang='lat' dir='ltr'>ac</span> <span class='ocrx_word' id='word_1_648' title='bbox 649 4521 874 4586; x_wconf 88' lang='lat' dir='ltr'>mentis,</span> <span class='ocrx_word' id='word_1_649' title='bbox 919 4521 1216 4575; x_wconf 86' lang='lat' dir='ltr'>inebriavit</span> <span class='ocrx_word' id='word_1_650' title='bbox 1261 4522 1662 4593; x_wconf 67' lang='lat' dir='ltr'>praedicatione</span> <span class='ocrx_word' id='word_1_651' title='bbox 1705 4493 2071 4593; x_wconf 47' lang='lat' dir='ltr'>divina,D?t</span> <span class='ocrx_word' id='word_1_652' title='bbox 2127 4488 2248 4590; x_wconf 48' lang='lat' dir='ltr'>v&#39;d‘?</span> <span class='ocrx_word' id='word_1_653' title='bbox 2303 4503 2390 4540; x_wconf 67' lang='lat' dir='ltr'>ms</span> <span class='ocrx_word' id='word_1_654' title='bbox 2440 4487 2532 4540; x_wconf 69' lang='lat' dir='ltr'>me</span> <span class='ocrx_word' id='word_1_655' title='bbox 2585 4487 2769 4558; x_wconf 60' lang='lat' dir='ltr'>quam</span> <span class='ocrx_word' id='word_1_656' title='bbox 2824 4493 2912 4550; x_wconf 54' lang='grc' dir='ltr'>ω’</span> <span class='ocrx_word' id='word_1_657' title='bbox 2968 4488 3181 4541; x_wconf 53' lang='grc' dir='ltr'>δωὴοθι</span> <span class='ocrx_word' id='word_1_658' title='bbox 3237 4505 3347 4542; x_wconf 70' lang='lat' dir='ltr'>non</span> <span class='ocrx_word' id='word_1_659' title='bbox 3407 4491 3651 4558; x_wconf 57' lang='lat' dir='ltr'>vulgar”</span> 
     </span>
    </p>
   </div>
   <div class='ocr_carea' id='block_1_90' title="bbox 294 4615 1923 4688">
    <p class='ocr_par' dir='ltr' id='par_1_90' title="bbox 294 4615 1923 4688">
     <span class='ocr_line' id='line_1_90' title="bbox 294 4615 1923 4688; baseline 0.002 -20"><span class='ocrx_word' id='word_1_660' title='bbox 294 4617 617 4670; x_wconf 81' lang='lat' dir='ltr'>excitantur</span> <span class='ocrx_word' id='word_1_661' title='bbox 651 4615 927 4669; x_wconf 87' lang='lat' dir='ltr'>virtutum</span> <span class='ocrx_word' id='word_1_662' title='bbox 967 4615 1154 4669; x_wconf 88' lang='lat' dir='ltr'>studia</span> <span class='ocrx_word' id='word_1_663' title='bbox 1196 4616 1562 4682; x_wconf 86' lang='lat' dir='ltr'>diversarum,</span> <span class='ocrx_word' id='word_1_664' title='bbox 1599 4616 1923 4688; x_wconf 82' lang='lat' dir='ltr'>fructusque</span> 
     </span>
    </p>
   </div>
   <div class='ocr_carea' id='block_1_91' title="bbox 294 4709 1921 4781">
    <p class='ocr_par' dir='ltr' id='par_1_91' title="bbox 294 4709 1921 4781">
     <span class='ocr_line' id='line_1_91' title="bbox 294 4709 1921 4781; baseline 0.001 -19"><span class='ocrx_word' id='word_1_665' title='bbox 294 4709 447 4775; x_wconf 84' lang='lat' dir='ltr'>ﬁdei,</span> <span class='ocrx_word' id='word_1_666' title='bbox 492 4715 548 4763; x_wconf 89' lang='lat' dir='ltr'>et</span> <span class='ocrx_word' id='word_1_667' title='bbox 593 4715 761 4763; x_wconf 67' lang='lat' dir='ltr'>castae</span> <span class='ocrx_word' id='word_1_668' title='bbox 807 4709 1124 4764; x_wconf 85' lang='lat' dir='ltr'>devotionis</span> <span class='ocrx_word' id='word_1_669' title='bbox 1171 4709 1464 4775; x_wconf 87' lang='lat' dir='ltr'>adolescit,</span> <span class='ocrx_word' id='word_1_670' title='bbox 1511 4710 1827 4781; x_wconf 86' lang='lat' dir='ltr'>meritoque</span> <span class='ocrx_word' id='word_1_671' title='bbox 1874 4711 1921 4765; x_wconf 90' lang='lat' dir='ltr'>ei</span> 
     </span>
    </p>
   </div>
   <div class='ocr_carea' id='block_1_92' title="bbox 295 4802 1921 4868">
    <p class='ocr_par' dir='ltr' id='par_1_92' title="bbox 295 4802 1921 4868">
     <span class='ocr_line' id='line_1_92' title="bbox 295 4802 1921 4868; baseline 0 -10"><span class='ocrx_word' id='word_1_672' title='bbox 295 4804 503 4858; x_wconf 86' lang='lat' dir='ltr'>dicitur</span> <span class='ocrx_word' id='word_1_673' title='bbox 537 4819 548 4856; x_wconf 92' lang='lat'>:</span> <span class='ocrx_word' id='word_1_674' title='bbox 586 4826 612 4850; x_wconf 83' lang='grc'><em>‹‹</em></span> <span class='ocrx_word' id='word_1_675' title='bbox 643 4802 881 4856; x_wconf 87' lang='lat' dir='ltr'>Visitasti</span> <span class='ocrx_word' id='word_1_676' title='bbox 915 4809 1148 4868; x_wconf 88' lang='lat' dir='ltr'>terram,</span> <span class='ocrx_word' id='word_1_677' title='bbox 1178 4808 1234 4856; x_wconf 83' lang='lat' dir='ltr'>et</span> <span class='ocrx_word' id='word_1_678' title='bbox 1261 4803 1550 4858; x_wconf 88' lang='lat' dir='ltr'>inebriasti</span> <span class='ocrx_word' id='word_1_679' title='bbox 1579 4820 1704 4858; x_wconf 87' lang='lat' dir='ltr'>eam</span> <span class='ocrx_word' id='word_1_680' title='bbox 1741 4804 1921 4866; x_wconf 73' lang='lat' dir='ltr'>(lbid.,</span> 
     </span>
    </p>
   </div>
   <div class='ocr_carea' id='block_1_93' title="bbox 303 4895 1925 4967">
    <p class='ocr_par' dir='ltr' id='par_1_93' title="bbox 303 4895 1925 4967">
     <span class='ocr_line' id='line_1_93' title="bbox 303 4895 1925 4967; baseline 0 -17"><span class='ocrx_word' id='word_1_681' title='bbox 303 4898 404 4963; x_wconf 86' lang='lat'>10).</span> <span class='ocrx_word' id='word_1_682' title='bbox 440 4919 466 4945; x_wconf 87' lang='grc'>››</span> <span class='ocrx_word' id='word_1_683' title='bbox 495 4895 855 4967; x_wconf 88' lang='lat' dir='ltr'>Susceptione</span> <span class='ocrx_word' id='word_1_684' title='bbox 885 4897 1094 4950; x_wconf 89' lang='lat' dir='ltr'>etenim</span> <span class='ocrx_word' id='word_1_685' title='bbox 1121 4896 1370 4967; x_wconf 87' lang='lat' dir='ltr'>corporis</span> <span class='ocrx_word' id='word_1_686' title='bbox 1398 4897 1652 4962; x_wconf 87' lang='lat' dir='ltr'>visitavit,</span> <span class='ocrx_word' id='word_1_687' title='bbox 1684 4903 1745 4950; x_wconf 89' lang='lat' dir='ltr'>ut</span> <span class='ocrx_word' id='word_1_688' title='bbox 1773 4913 1925 4951; x_wconf 88' lang='lat' dir='ltr'>sana-</span> 
     </span>
    </p>
   </div>
   <div class='ocr_carea' id='block_1_94' title="bbox 301 4989 1926 5060">
    <p class='ocr_par' dir='ltr' id='par_1_94' title="bbox 301 4989 1926 5060">
     <span class='ocr_line' id='line_1_94' title="bbox 301 4989 1926 5060; baseline 0 -16"><span class='ocrx_word' id='word_1_689' title='bbox 301 4993 385 5044; x_wconf 88' lang='lat' dir='ltr'>ret</span> <span class='ocrx_word' id='word_1_690' title='bbox 428 4991 720 5055; x_wconf 86' lang='lat' dir='ltr'>intirmos;</span> <span class='ocrx_word' id='word_1_691' title='bbox 761 4989 1057 5044; x_wconf 88' lang='lat' dir='ltr'>inebriavit</span> <span class='ocrx_word' id='word_1_692' title='bbox 1098 4990 1280 5059; x_wconf 84' lang='lat' dir='ltr'>gratia</span> <span class='ocrx_word' id='word_1_693' title='bbox 1324 4990 1580 5060; x_wconf 86' lang='lat' dir='ltr'>spiritali,</span> <span class='ocrx_word' id='word_1_694' title='bbox 1623 4996 1682 5043; x_wconf 89' lang='lat' dir='ltr'>ut</span> <span class='ocrx_word' id='word_1_695' title='bbox 1727 4991 1926 5045; x_wconf 85' lang='lat' dir='ltr'>anxios</span> 
     </span>
    </p>
   </div>
   <div class='ocr_carea' id='block_1_95' title="bbox 293 5083 980 5152">
    <p class='ocr_par' dir='ltr' id='par_1_95' title="bbox 293 5083 980 5152">
     <span class='ocr_line' id='line_1_95' title="bbox 293 5083 980 5152; baseline 0 -14"><span class='ocrx_word' id='word_1_696' title='bbox 293 5083 651 5152; x_wconf 85' lang='lat' dir='ltr'>jucundilate</span> <span class='ocrx_word' id='word_1_697' title='bbox 685 5083 980 5138; x_wconf 89' lang='lat' dir='ltr'>mulceret.</span> 
     </span>
    </p>
   </div>
   <div class='ocr_carea' id='block_1_96' title="bbox 374 5177 1928 5247">
    <p class='ocr_par' dir='ltr' id='par_1_96' title="bbox 374 5177 1928 5247">
     <span class='ocr_line' id='line_1_96' title="bbox 374 5177 1928 5247; baseline -0.001 -16"><span class='ocrx_word' id='word_1_698' title='bbox 374 5179 460 5232; x_wconf 86' lang='lat'>13.</span> <span class='ocrx_word' id='word_1_699' title='bbox 489 5177 596 5244; x_wconf 83' lang='grc'>(17)</span> <span class='ocrx_word' id='word_1_700' title='bbox 630 5180 740 5246; x_wconf 89' lang='lat' dir='ltr'>Ego</span> <span class='ocrx_word' id='word_1_701' title='bbox 767 5177 990 5241; x_wconf 85' lang='lat' dir='ltr'>dormio,</span> <span class='ocrx_word' id='word_1_702' title='bbox 1022 5183 1070 5232; x_wconf 85' lang='lat' dir='ltr'>et</span> <span class='ocrx_word' id='word_1_703' title='bbox 1095 5193 1186 5231; x_wconf 87' lang='lat' dir='ltr'>cor</span> <span class='ocrx_word' id='word_1_704' title='bbox 1210 5194 1380 5232; x_wconf 83' lang='lat' dir='ltr'>meum</span> <span class='ocrx_word' id='word_1_705' title='bbox 1409 5178 1622 5247; x_wconf 78' lang='lat' dir='ltr'>vigilat.</span> <span class='ocrx_word' id='word_1_706' title='bbox 1655 5179 1744 5231; x_wconf 83' lang='lat' dir='ltr'>Est</span> <span class='ocrx_word' id='word_1_707' title='bbox 1777 5194 1928 5231; x_wconf 88' lang='lat' dir='ltr'>sanc-</span> 
     </span>
    </p>
   </div>
   <div class='ocr_carea' id='block_1_97' title="bbox 303 5270 1927 5341">
    <p class='ocr_par' dir='ltr' id='par_1_97' title="bbox 303 5270 1927 5341">
     <span class='ocr_line' id='line_1_97' title="bbox 303 5270 1927 5341; baseline 0.001 -17"><span class='ocrx_word' id='word_1_708' title='bbox 303 5277 489 5325; x_wconf 89' lang='lat' dir='ltr'>torum</span> <span class='ocrx_word' id='word_1_709' title='bbox 537 5286 772 5324; x_wconf 83' lang='lat' dir='ltr'>somnus</span> <span class='ocrx_word' id='word_1_710' title='bbox 823 5271 999 5324; x_wconf 85' lang='lat' dir='ltr'>etiam</span> <span class='ocrx_word' id='word_1_711' title='bbox 1046 5271 1358 5341; x_wconf 83' lang='lat' dir='ltr'>operarius,</span> <span class='ocrx_word' id='word_1_712' title='bbox 1407 5271 1718 5326; x_wconf 85' lang='lat' dir='ltr'>secundum</span> <span class='ocrx_word' id='word_1_713' title='bbox 1773 5270 1927 5341; x_wconf 90' lang='lat' dir='ltr'>quod</span> 
     </span>
    </p>
   </div>
   <div class='ocr_carea' id='block_1_98' title="bbox 304 5364 1932 5434">
    <p class='ocr_par' dir='ltr' id='par_1_98' title="bbox 304 5364 1932 5434">
     <span class='ocr_line' id='line_1_98' title="bbox 304 5364 1932 5434; baseline 0.001 -18"><span class='ocrx_word' id='word_1_714' title='bbox 304 5364 575 5434; x_wconf 86' lang='lat' dir='ltr'>scriptum</span> <span class='ocrx_word' id='word_1_715' title='bbox 616 5369 700 5417; x_wconf 91' lang='lat' dir='ltr'>est</span> <span class='ocrx_word' id='word_1_716' title='bbox 737 5379 749 5416; x_wconf 90' lang='lat'><strong>:</strong></span> <span class='ocrx_word' id='word_1_717' title='bbox 793 5366 900 5433; x_wconf 87' lang='lat' dir='ltr'>Ego</span> <span class='ocrx_word' id='word_1_718' title='bbox 941 5364 1166 5426; x_wconf 81' lang='lat' dir='ltr'>dormio,</span> <span class='ocrx_word' id='word_1_719' title='bbox 1207 5371 1259 5418; x_wconf 86' lang='lat' dir='ltr'>et</span> <span class='ocrx_word' id='word_1_720' title='bbox 1297 5380 1384 5419; x_wconf 86' lang='lat' dir='ltr'>cor</span> <span class='ocrx_word' id='word_1_721' title='bbox 1417 5381 1588 5418; x_wconf 83' lang='lat' dir='ltr'>meum</span> <span class='ocrx_word' id='word_1_722' title='bbox 1616 5365 1832 5433; x_wconf 77' lang='lat' dir='ltr'>vigilat.</span> <span class='ocrx_word' id='word_1_723' title='bbox 1866 5366 1932 5420; x_wconf 85' lang='lat' dir='ltr'>Et</span> 
     </span>
    </p>
   </div>
   <div class='ocr_carea' id='block_1_99' title="bbox 305 5457 1926 5528">
    <p class='ocr_par' dir='ltr' id='par_1_99' title="bbox 305 5457 1926 5528">
     <span class='ocr_line' id='line_1_99' title="bbox 305 5457 1926 5528; baseline 0.001 -19"><span class='ocrx_word' id='word_1_724' title='bbox 305 5457 615 5511; x_wconf 89' lang='lat' dir='ltr'>secundum</span> <span class='ocrx_word' id='word_1_725' title='bbox 657 5457 805 5528; x_wconf 91' lang='lat' dir='ltr'>quod</span> <span class='ocrx_word' id='word_1_726' title='bbox 843 5457 1010 5511; x_wconf 80' lang='lat' dir='ltr'>Jacob</span> <span class='ocrx_word' id='word_1_727' title='bbox 1045 5460 1270 5511; x_wconf 89' lang='lat' dir='ltr'>sanctus</span> <span class='ocrx_word' id='word_1_728' title='bbox 1301 5458 1492 5512; x_wconf 87' lang='lat' dir='ltr'>divina</span> <span class='ocrx_word' id='word_1_729' title='bbox 1521 5458 1808 5512; x_wconf 90' lang='lat' dir='ltr'>dormiens</span> <span class='ocrx_word' id='word_1_730' title='bbox 1849 5458 1926 5511; x_wconf 85' lang='lat' dir='ltr'>vi-</span> 
     </span>
    </p>
   </div>
   <div class='ocr_carea' id='block_1_100' title="bbox 308 5550 1930 5622">
    <p class='ocr_par' dir='ltr' id='par_1_100' title="bbox 308 5550 1930 5622">
     <span class='ocr_line' id='line_1_100' title="bbox 308 5550 1930 5622; baseline 0 -18"><span class='ocrx_word' id='word_1_731' title='bbox 308 5550 472 5604; x_wconf 85' lang='lat' dir='ltr'>debat</span> <span class='ocrx_word' id='word_1_732' title='bbox 507 5551 800 5621; x_wconf 89' lang='lat' dir='ltr'>mysteria,</span> <span class='ocrx_word' id='word_1_733' title='bbox 830 5567 958 5622; x_wconf 69' lang='lat' dir='ltr'>quae</span> <span class='ocrx_word' id='word_1_734' title='bbox 987 5551 1222 5621; x_wconf 87' lang='lat' dir='ltr'>vigilans</span> <span class='ocrx_word' id='word_1_735' title='bbox 1251 5567 1363 5605; x_wconf 93' lang='lat' dir='ltr'>non</span> <span class='ocrx_word' id='word_1_736' title='bbox 1407 5551 1655 5610; x_wconf 87' lang='lat' dir='ltr'>viderat;</span> <span class='ocrx_word' id='word_1_737' title='bbox 1685 5551 1753 5605; x_wconf 90' lang='lat' dir='ltr'>de</span> <span class='ocrx_word' id='word_1_738' title='bbox 1791 5552 1930 5605; x_wconf 86' lang='lat' dir='ltr'>coelo</span> 
     </span>
    </p>
   </div>
   <div class='ocr_carea' id='block_1_101' title="bbox 368 5689 1509 5752">
    <p class='ocr_par' dir='ltr' id='par_1_101' title="bbox 368 5689 1509 5752">
     <span class='ocr_line' id='line_1_101' title="bbox 368 5689 1509 5752; baseline -0.001 -10"><span class='ocrx_word' id='word_1_739' title='bbox 368 5692 471 5752; x_wconf 83' lang='grc'>(15)</span> <span class='ocrx_word' id='word_1_740' title='bbox 497 5689 612 5741; x_wconf 87' lang='lat' dir='ltr'>Lib.</span> <span class='ocrx_word' id='word_1_741' title='bbox 643 5703 678 5741; x_wconf 83' lang='grc' dir='ltr'><strong>ν</strong></span> <span class='ocrx_word' id='word_1_742' title='bbox 703 5691 766 5740; x_wconf 72' lang='lat' dir='ltr'>de</span> <span class='ocrx_word' id='word_1_743' title='bbox 793 5691 1054 5750; x_wconf 65' lang='lat' dir='ltr'>Sacram,</span> <span class='ocrx_word' id='word_1_744' title='bbox 1087 5707 1133 5741; x_wconf 91' lang='lat' dir='ltr'>c.</span> <span class='ocrx_word' id='word_1_745' title='bbox 1167 5693 1213 5752; x_wconf 88' lang='grc'>3,</span> <span class='ocrx_word' id='word_1_746' title='bbox 1244 5705 1397 5741; x_wconf 90' lang='lat' dir='ltr'>num.</span> <span class='ocrx_word' id='word_1_747' title='bbox 1431 5693 1509 5741; x_wconf 79' lang='grc'>14.</span> 
     </span>
    </p>
   </div>
   <div class='ocr_carea' id='block_1_102' title="bbox 373 5760 1508 5827">
    <p class='ocr_par' dir='ltr' id='par_1_102' title="bbox 373 5760 1508 5827">
     <span class='ocr_line' id='line_1_102' title="bbox 373 5760 1508 5827; baseline -0.002 -16"><span class='ocrx_word' id='word_1_748' title='bbox 373 5761 465 5820; x_wconf 82' lang='grc'>(16)</span> <span class='ocrx_word' id='word_1_749' title='bbox 493 5761 554 5811; x_wconf 89' lang='lat' dir='ltr'>In</span> <span class='ocrx_word' id='word_1_750' title='bbox 579 5760 715 5827; x_wconf 86' lang='lat' dir='ltr'>psal.</span> <span class='ocrx_word' id='word_1_751' title='bbox 749 5772 947 5824; x_wconf 82' lang='lat' dir='ltr'>cxvm,</span> <span class='ocrx_word' id='word_1_752' title='bbox 978 5775 1141 5814; x_wconf 86' lang='lat' dir='ltr'>serm.</span> <span class='ocrx_word' id='word_1_753' title='bbox 1170 5763 1218 5823; x_wconf 89' lang='lat'>8,</span> <span class='ocrx_word' id='word_1_754' title='bbox 1250 5775 1401 5812; x_wconf 87' lang='lat' dir='ltr'>num.</span> <span class='ocrx_word' id='word_1_755' title='bbox 1436 5763 1508 5812; x_wconf 83' lang='lat'>13.</span> 
     </span>
    </p>
   </div>
   <div class='ocr_carea' id='block_1_103' title="bbox 374 5831 1360 5898">
    <p class='ocr_par' dir='ltr' id='par_1_103' title="bbox 374 5831 1360 5898">
     <span class='ocr_line' id='line_1_103' title="bbox 374 5831 1360 5898; baseline 0.001 -17"><span class='ocrx_word' id='word_1_756' title='bbox 374 5833 465 5896; x_wconf 82' lang='grc'>(17·</span> <span class='ocrx_word' id='word_1_757' title='bbox 498 5831 666 5896; x_wconf 84' lang='lat' dir='ltr'>Epist.</span> <span class='ocrx_word' id='word_1_758' title='bbox 701 5834 771 5884; x_wconf 87' lang='lat' dir='ltr'>ad</span> <span class='ocrx_word' id='word_1_759' title='bbox 798 5835 1068 5898; x_wconf 72' lang='lat' dir='ltr'>Anym’um.</span> <span class='ocrx_word' id='word_1_760' title='bbox 1099 5846 1248 5884; x_wconf 87' lang='lat' dir='ltr'>num.</span> <span class='ocrx_word' id='word_1_761' title='bbox 1280 5831 1360 5884; x_wconf 81' lang='grc'>34.</span> 
     </span>
    </p>
   </div>
   <div class='ocr_carea' id='block_1_104' title="bbox 2025 4581 2298 4634">
    <p class='ocr_par' dir='ltr' id='par_1_104' title="bbox 2025 4581 2298 4634">
     <span class='ocr_line' id='line_1_104' title="bbox 2025 4581 2298 4634; baseline -0.004 -1"><span class='ocrx_word' id='word_1_762' title='bbox 2025 4581 2298 4634; x_wconf 89' lang='lat' dir='ltr'>humoris.</span> 
     </span>
    </p>
   </div>
   <div class='ocr_carea' id='block_1_105' title="bbox 2101 4707 3650 4774">
    <p class='ocr_par' dir='ltr' id='par_1_105' title="bbox 2101 4707 3650 4774">
     <span class='ocr_line' id='line_1_105' title="bbox 2101 4707 3650 4774; baseline 0.001 -13"><span class='ocrx_word' id='word_1_763' title='bbox 2101 4712 2182 4761; x_wconf 89' lang='grc'>16.</span> <span class='ocrx_word' id='word_1_764' title='bbox 2246 4709 2491 4760; x_wconf 85' lang='lat' dir='ltr'>(.‘incinni</span> <span class='ocrx_word' id='word_1_765' title='bbox 2543 4712 2719 4758; x_wconf 77' lang='lat' dir='ltr'>autem</span> <span class='ocrx_word' id='word_1_766' title='bbox 2778 4707 2882 4760; x_wconf 86' lang='lat' dir='ltr'>mei</span> <span class='ocrx_word' id='word_1_767' title='bbox 2930 4711 3208 4772; x_wconf 87' lang='lat' dir='ltr'>guttarum</span> <span class='ocrx_word' id='word_1_768' title='bbox 3261 4710 3449 4762; x_wconf 86' lang='lat' dir='ltr'>noctis.</span> <span class='ocrx_word' id='word_1_769' title='bbox 3508 4709 3650 4774; x_wconf 76' lang='lat' dir='ltr'>Noli,</span> 
     </span>
    </p>
   </div>
   <div class='ocr_carea' id='block_1_106' title="bbox 2025 4798 3648 4871">
    <p class='ocr_par' dir='ltr' id='par_1_106' title="bbox 2025 4798 3648 4871">
     <span class='ocr_line' id='line_1_106' title="bbox 2025 4798 3648 4871; baseline 0.004 -21"><span class='ocrx_word' id='word_1_770' title='bbox 2025 4802 2277 4871; x_wconf 80' lang='lat' dir='ltr'>proxima</span> <span class='ocrx_word' id='word_1_771' title='bbox 2322 4816 2468 4865; x_wconf 88' lang='lat' dir='ltr'>mea,</span> <span class='ocrx_word' id='word_1_772' title='bbox 2511 4799 2768 4870; x_wconf 88' lang='lat' dir='ltr'>accipere</span> <span class='ocrx_word' id='word_1_773' title='bbox 2805 4798 3100 4854; x_wconf 90' lang='lat' dir='ltr'>cincinnos</span> <span class='ocrx_word' id='word_1_774' title='bbox 3138 4800 3514 4870; x_wconf 87' lang='lat' dir='ltr'>corporalium</span> <span class='ocrx_word' id='word_1_775' title='bbox 3559 4819 3648 4856; x_wconf 83' lang='lat' dir='ltr'>ca-</span> 
     </span>
    </p>
   </div>
   <div class='ocr_carea' id='block_1_107' title="bbox 2025 4893 3649 4965">
    <p class='ocr_par' dir='ltr' id='par_1_107' title="bbox 2025 4893 3649 4965">
     <span class='ocr_line' id='line_1_107' title="bbox 2025 4893 3649 4965; baseline 0 -17"><span class='ocrx_word' id='word_1_776' title='bbox 2025 4893 2323 4965; x_wconf 85' lang='lat' dir='ltr'>pillorum;</span> <span class='ocrx_word' id='word_1_777' title='bbox 2367 4910 2482 4947; x_wconf 89' lang='lat' dir='ltr'>non</span> <span class='ocrx_word' id='word_1_778' title='bbox 2523 4893 2617 4946; x_wconf 89' lang='lat' dir='ltr'>illa</span> <span class='ocrx_word' id='word_1_779' title='bbox 2657 4899 3016 4959; x_wconf 88' lang='lat' dir='ltr'>ornamenta,</span> <span class='ocrx_word' id='word_1_780' title='bbox 3057 4895 3152 4947; x_wconf 90' lang='lat' dir='ltr'>sed</span> <span class='ocrx_word' id='word_1_781' title='bbox 3191 4893 3428 4946; x_wconf 90' lang='lat' dir='ltr'>crimina</span> <span class='ocrx_word' id='word_1_782' title='bbox 3468 4902 3595 4948; x_wconf 90' lang='lat' dir='ltr'>sunt</span> <span class='ocrx_word' id='word_1_783' title='bbox 3637 4911 3649 4948; x_wconf 88' lang='lat'><strong><em>:</em></strong></span> 
     </span>
    </p>
   </div>
   <div class='ocr_carea' id='block_1_108' title="bbox 2028 4987 3651 5058">
    <p class='ocr_par' dir='ltr' id='par_1_108' title="bbox 2028 4987 3651 5058">
     <span class='ocr_line' id='line_1_108' title="bbox 2028 4987 3651 5058; baseline 0.001 -17"><span class='ocrx_word' id='word_1_784' title='bbox 2028 4987 2308 5042; x_wconf 90' lang='lat' dir='ltr'>lenocinia</span> <span class='ocrx_word' id='word_1_785' title='bbox 2347 4987 2566 5052; x_wconf 70' lang='lat' dir='ltr'>formae,</span> <span class='ocrx_word' id='word_1_786' title='bbox 2608 5003 2720 5040; x_wconf 91' lang='lat' dir='ltr'>non</span> <span class='ocrx_word' id='word_1_787' title='bbox 2765 4993 3046 5058; x_wconf 61' lang='lat' dir='ltr'>praecepta</span> <span class='ocrx_word' id='word_1_788' title='bbox 3075 4987 3314 5040; x_wconf 89' lang='lat' dir='ltr'>virtutis.</span> <span class='ocrx_word' id='word_1_789' title='bbox 3343 4987 3494 5042; x_wconf 83' lang='lat' dir='ltr'>Alios</span> <span class='ocrx_word' id='word_1_790' title='bbox 3532 4989 3651 5042; x_wconf 89' lang='lat' dir='ltr'>cin-</span> 
     </span>
    </p>
   </div>
   <div class='ocr_carea' id='block_1_109' title="bbox 2027 5080 3653 5150">
    <p class='ocr_par' dir='ltr' id='par_1_109' title="bbox 2027 5080 3653 5150">
     <span class='ocr_line' id='line_1_109' title="bbox 2027 5080 3653 5150; baseline 0 -16"><span class='ocrx_word' id='word_1_791' title='bbox 2027 5081 2224 5135; x_wconf 90' lang='lat' dir='ltr'>cinnos</span> <span class='ocrx_word' id='word_1_792' title='bbox 2280 5081 2572 5134; x_wconf 71' lang='lat' dir='ltr'>Nazaraaus</span> <span class='ocrx_word' id='word_1_793' title='bbox 2626 5080 2830 5147; x_wconf 86' lang='lat' dir='ltr'>habet,</span> <span class='ocrx_word' id='word_1_794' title='bbox 2890 5082 2944 5134; x_wconf 89' lang='lat' dir='ltr'>in</span> <span class='ocrx_word' id='word_1_795' title='bbox 3003 5080 3208 5150; x_wconf 89' lang='lat' dir='ltr'>quibus</span> <span class='ocrx_word' id='word_1_796' title='bbox 3265 5082 3479 5135; x_wconf 87' lang='lat' dir='ltr'>ferrum</span> <span class='ocrx_word' id='word_1_797' title='bbox 3534 5098 3653 5134; x_wconf 91' lang='lat' dir='ltr'>non</span> 
     </span>
    </p>
   </div>
   <div class='ocr_carea' id='block_1_110' title="bbox 2026 5173 3656 5244">
    <p class='ocr_par' dir='ltr' id='par_1_110' title="bbox 2026 5173 3656 5244">
     <span class='ocr_line' id='line_1_110' title="bbox 2026 5173 3656 5244; baseline -0.001 -16"><span class='ocrx_word' id='word_1_798' title='bbox 2026 5174 2297 5240; x_wconf 89' lang='lat' dir='ltr'>ascendit,</span> <span class='ocrx_word' id='word_1_799' title='bbox 2335 5191 2476 5244; x_wconf 87' lang='lat' dir='ltr'>quos</span> <span class='ocrx_word' id='word_1_800' title='bbox 2517 5191 2685 5228; x_wconf 79' lang='lat' dir='ltr'>nemo</span> <span class='ocrx_word' id='word_1_801' title='bbox 2729 5173 3005 5242; x_wconf 66' lang='lat' dir='ltr'>prmcidit;</span> <span class='ocrx_word' id='word_1_802' title='bbox 3042 5174 3139 5243; x_wconf 89' lang='lat' dir='ltr'>qui</span> <span class='ocrx_word' id='word_1_803' title='bbox 3173 5190 3286 5227; x_wconf 92' lang='lat' dir='ltr'>non</span> <span class='ocrx_word' id='word_1_804' title='bbox 3319 5173 3656 5228; x_wconf 87' lang='lat' dir='ltr'>calamistris</span> 
     </span>
    </p>
   </div>
   <div class='ocr_carea' id='block_1_111' title="bbox 2029 5265 3657 5338">
    <p class='ocr_par' dir='ltr' id='par_1_111' title="bbox 2029 5265 3657 5338">
     <span class='ocr_line' id='line_1_111' title="bbox 2029 5265 3657 5338; baseline -0.001 -16"><span class='ocrx_word' id='word_1_805' title='bbox 2029 5267 2330 5338; x_wconf 88' lang='lat' dir='ltr'>compositi</span> <span class='ocrx_word' id='word_1_806' title='bbox 2353 5271 2451 5320; x_wconf 86' lang='lat' dir='ltr'>aut</span> <span class='ocrx_word' id='word_1_807' title='bbox 2478 5273 2596 5322; x_wconf 80' lang='lat' dir='ltr'>arte.</span> <span class='ocrx_word' id='word_1_808' title='bbox 2626 5267 2850 5333; x_wconf 83' lang='lat' dir='ltr'>digesti,</span> <span class='ocrx_word' id='word_1_809' title='bbox 2879 5266 2978 5318; x_wconf 82' lang='lat' dir='ltr'>sed</span> <span class='ocrx_word' id='word_1_810' title='bbox 3016 5265 3310 5337; x_wconf 89' lang='lat' dir='ltr'>multiplici</span> <span class='ocrx_word' id='word_1_811' title='bbox 3342 5266 3657 5337; x_wconf 87' lang='lat' dir='ltr'>crispantes</span> 
     </span>
    </p>
   </div>
   <div class='ocr_carea' id='block_1_112' title="bbox 2031 5358 3658 5429">
    <p class='ocr_par' dir='ltr' id='par_1_112' title="bbox 2031 5358 3658 5429">
     <span class='ocr_line' id='line_1_112' title="bbox 2031 5358 3658 5429; baseline 0.001 -17"><span class='ocrx_word' id='word_1_812' title='bbox 2031 5361 2307 5415; x_wconf 91' lang='lat' dir='ltr'>virtutum</span> <span class='ocrx_word' id='word_1_813' title='bbox 2365 5360 2672 5415; x_wconf 87' lang='lat' dir='ltr'>nitentium</span> <span class='ocrx_word' id='word_1_814' title='bbox 2728 5359 2908 5429; x_wconf 77' lang='lat' dir='ltr'>gratia</span> <span class='ocrx_word' id='word_1_815' title='bbox 2963 5359 3327 5412; x_wconf 82' lang='lat' dir='ltr'>refulserunt.</span> <span class='ocrx_word' id='word_1_816' title='bbox 3385 5358 3543 5413; x_wconf 89' lang='lat' dir='ltr'>Disce</span> <span class='ocrx_word' id='word_1_817' title='bbox 3599 5361 3658 5414; x_wconf 92' lang='lat' dir='ltr'>in</span> 
     </span>
    </p>
   </div>
   <div class='ocr_carea' id='block_1_113' title="bbox 2032 5451 3659 5525">
    <p class='ocr_par' dir='ltr' id='par_1_113' title="bbox 2032 5451 3659 5525">
     <span class='ocr_line' id='line_1_113' title="bbox 2032 5451 3659 5525; baseline 0 -17"><span class='ocrx_word' id='word_1_818' title='bbox 2032 5455 2265 5508; x_wconf 86' lang='lat' dir='ltr'>historia</span> <span class='ocrx_word' id='word_1_819' title='bbox 2311 5455 2511 5525; x_wconf 87' lang='lat' dir='ltr'>quales</span> <span class='ocrx_word' id='word_1_820' title='bbox 2566 5455 2861 5506; x_wconf 66' lang='lat' dir='ltr'>Nazaraaus</span> <span class='ocrx_word' id='word_1_821' title='bbox 2906 5451 3194 5504; x_wconf 82' lang='lat' dir='ltr'>cincinnos</span> <span class='ocrx_word' id='word_1_822' title='bbox 3249 5451 3468 5518; x_wconf 87' lang='lat' dir='ltr'>habeat,</span> <span class='ocrx_word' id='word_1_823' title='bbox 3516 5469 3659 5524; x_wconf 90' lang='lat' dir='ltr'>quos</span> 
     </span>
    </p>
   </div>
   <div class='ocr_carea' id='block_1_114' title="bbox 2033 5545 3659 5619">
    <p class='ocr_par' dir='ltr' id='par_1_114' title="bbox 2033 5545 3659 5619">
     <span class='ocr_line' id='line_1_114' title="bbox 2033 5545 3659 5619; baseline -0.001 -17"><span class='ocrx_word' id='word_1_824' title='bbox 2033 5548 2285 5619; x_wconf 89' lang='lat' dir='ltr'>quandiu</span> <span class='ocrx_word' id='word_1_825' title='bbox 2333 5547 2570 5603; x_wconf 88' lang='lat' dir='ltr'>Samson</span> <span class='ocrx_word' id='word_1_826' title='bbox 2619 5545 2818 5600; x_wconf 86' lang='lat' dir='ltr'>habuit</span> <span class='ocrx_word' id='word_1_827' title='bbox 2865 5545 3121 5610; x_wconf 87' lang='lat' dir='ltr'>intactos,</span> <span class='ocrx_word' id='word_1_828' title='bbox 3165 5560 3460 5615; x_wconf 90' lang='lat' dir='ltr'>nunquam</span> <span class='ocrx_word' id='word_1_829' title='bbox 3514 5545 3659 5601; x_wconf 86' lang='lat' dir='ltr'>vinci</span> 
     </span>
    </p>
   </div>
   <div class='ocr_carea' id='block_1_115' title="bbox 2097 5687 3146 5752">
    <p class='ocr_par' dir='ltr' id='par_1_115' title="bbox 2097 5687 3146 5752">
     <span class='ocr_line' id='line_1_115' title="bbox 2097 5687 3146 5752; baseline -0.006 -12"><span class='ocrx_word' id='word_1_830' title='bbox 2097 5692 2194 5752; x_wconf 89' lang='grc'>(18)</span> <span class='ocrx_word' id='word_1_831' title='bbox 2224 5689 2340 5740; x_wconf 87' lang='lat' dir='ltr'>Lib.</span> <span class='ocrx_word' id='word_1_832' title='bbox 2367 5689 2431 5738; x_wconf 75' lang='lat' dir='ltr'>de</span> <span class='ocrx_word' id='word_1_833' title='bbox 2457 5690 2628 5742; x_wconf 86' lang='lat' dir='ltr'>Isaac,</span> <span class='ocrx_word' id='word_1_834' title='bbox 2655 5699 2772 5750; x_wconf 84' lang='lat' dir='ltr'>cap.</span> <span class='ocrx_word' id='word_1_835' title='bbox 2801 5687 2850 5747; x_wconf 80' lang='grc'>5,</span> <span class='ocrx_word' id='word_1_836' title='bbox 2883 5698 3035 5734; x_wconf 90' lang='lat' dir='ltr'>num.</span> <span class='ocrx_word' id='word_1_837' title='bbox 3067 5687 3146 5735; x_wconf 79' lang='lat'>51.</span> 
     </span>
    </p>
   </div>
   <div class='ocr_carea' id='block_1_116' title="bbox 2098 5756 3482 5823">
    <p class='ocr_par' dir='ltr' id='par_1_116' title="bbox 2098 5756 3482 5823">
     <span class='ocr_line' id='line_1_116' title="bbox 2098 5756 3482 5823; baseline -0.003 -12"><span class='ocrx_word' id='word_1_838' title='bbox 2098 5761 2191 5823; x_wconf 85' lang='grc'>(19)</span> <span class='ocrx_word' id='word_1_839' title='bbox 2218 5759 2333 5810; x_wconf 85' lang='lat' dir='ltr'>Lib.</span> <span class='ocrx_word' id='word_1_840' title='bbox 2365 5758 2428 5809; x_wconf 82' lang='lat' dir='ltr'>de</span> <span class='ocrx_word' id='word_1_841' title='bbox 2464 5758 2798 5823; x_wconf 81' lang='lat' dir='ltr'>Virginitate,</span> <span class='ocrx_word' id='word_1_842' title='bbox 2829 5770 2950 5822; x_wconf 81' lang='lat' dir='ltr'>cap.</span> <span class='ocrx_word' id='word_1_843' title='bbox 2988 5756 3064 5819; x_wconf 66' lang='lat'>1%,</span> <span class='ocrx_word' id='word_1_844' title='bbox 3095 5770 3249 5808; x_wconf 89' lang='lat' dir='ltr'>num.</span> <span class='ocrx_word' id='word_1_845' title='bbox 3282 5757 3343 5807; x_wconf 89' lang='lat'>70</span> <span class='ocrx_word' id='word_1_846' title='bbox 3365 5769 3482 5823; x_wconf 70' lang='lat' dir='ltr'>seq.</span> 
     </span>
    </p>
   </div>
  </div>
