4022 6176
454 261 596 310 2019
1593 255 1936 309 (ΣΟΜΜΕΝΤ.
1982 255 2048 307 ΙΝ

2182 254 2370 308 NTIL‘A
2411 256 2670 309 (JANTIC.
3645 263 3757 314 2020

449 377 651 448 potuit.
679 379 981 432 Cincinnos
1013 379 1277 449 perdidit,
1311 383 1365 433 et
1394 377 1663 432 meritum
1697 375 1918 430 virtutis
1949 375 2084 430 ami—
2109 389 2165 459 Α
2187 379 2306 440 tur,
2363 393 2430 429 ne
2495 377 2618 446 quis
2682 378 2826 430 forte
2891 376 3220 430 succumbat
3281 376 3449 430 victus
3506 382 3760 434 aerumnis.

452 471 523 524 sit
551 472 719 539 (Jud.,
745 486 856 540 xv1,
890 475 995 540 ιτ).

524 568 608 618 17.
658 566 832 632 (Vers.
886 566 963 636 3.)
1013 565 1223 620 Audita
1271 567 1448 638 igitur
1496 582 1630 620 voce
1679 563 1860 628 Verbi,
1908 578 2082 634 quam

449 674 682 713 exueras
724 658 971 713 tunicam
1015 664 1201 727 nocte,
1242 677 1314 714 ne
1363 658 1660 732 quaesieris
1705 655 2078 728 quemadmo-

451 751 590 806 dum
630 751 832 806 induas
872 768 1030 818 eam;
1073 753 1392 808 ostenditur
1433 753 1610 818 enim,
1656 754 1712 804 et
1752 750 2082 820 frequenter

451 845 684 900 offertur
717 861 818 916 per
857 845 1172 917 nequitiam
1216 846 1529 918 spiritalem
1569 842 2078 917 quemadmodum,

449 939 710 1010 inquam,
745 937 945 993 induas
985 956 1136 1008 eam,
1175 939 1524 994 obliviscaris
1559 942 1617 993 et
1653 937 1890 1004 nescias,
1922 935 2079 1006 quasi

442 1033 567 1102 jam
606 1033 876 1087 Dominus
907 1032 1148 1100 assistat,
1187 1049 1381 1088 exsors
1414 1031 1793 1103 corporalium
1825 1029 2076 1084 vinculo-

448 1140 581 1180 rum
611 1125 836 1180 turbata
864 1141 1192 1196 consurgas,
1227 1127 1515 1180 internam
1545 1123 1901 1179 orationibus
1929 1138 2076 1194 pras-

447 1234 614 1288 pares
663 1224 935 1287 mentem,
983 1217 1120 1272 dum
1168 1218 1372 1289 surgis,
1421 1224 1484 1272 ut
1526 1234 1593 1273 ex
1640 1216 1956 1271 humilibus
2009 1216 2077 1270 ad

448 1327 696 1382 superna
725 1311 1056 1377 contendas,
1085 1314 1142 1364 et
1169 1311 1400 1366 studeas
1424 1312 1575 1365 fores
1606 1311 1685 1364 tui
1723 1309 1908 1364 cordis
1937 1325 2075 1380 ape-

449 1404 581 1458 rire.
616 1406 755 1459 Dum
785 1403 1041 1478 1593
1071 1422 1270 1459 manus
1299 1410 1423 1458 tuas
1460 1404 1644 1459 tendis
1670 1403 1738 1458 ad
1767 1403 2076 1471 Christum,

447 1497 674 1552 ﬁdelem
700 1503 799 1552 tua
831 1502 990 1568 gesta
1014 1499 1315 1570 spirabunt
1341 1499 1594 1554 odorem.

522 1595 602 1645 18.
649 1590 758 1662 (20)
787 1592 961 1661 Aperi
993 1593 1146 1655 mihi,
1183 1608 1337 1647 soror
1377 1608 1514 1647 mea.
1555 1592 1753 1647 Nonne
1803 1607 1933 1646 cum
1976 1591 2072 1644 ali-

445 1700 614 1756 quem
645 1685 714 1738 de
743 1683 1028 1755 primariis
1055 1685 1189 1739 viris
1217 1684 1506 1740 desideras
1533 1685 1861 1751 convenire,
1891 1684 2077 1755 primo

2187 469 2457 540 Repletur
2497 486 2635 541 ergo
2676 475 2844 540 caput
2883 470 3006 540 ejus
3052 485 3180 524 rore
3225 472 3307 524 vel
3349 471 3530 540 guttis,
3565 474 3765 543 quando

2185 578 2389 634 corpus
2417 563 2539 633 ejus
2565 562 2800 618 laborat.
2829 564 2980 618 Tunc
3012 579 3150 634 ergo
3177 563 3542 634 vigilandum,
3569 581 3631 620 ne
3655 582 3764 621 cum

2183 657 2402 711 venerit
2425 657 2693 728 Sponsus,
2719 657 2946 712 recedat
2971 657 3249 712 exclusus.
3280 657 3333 712 Si
3362 657 3508 711 enim
3531 658 3764 726 dormias,

2184 756 2238 803 et
2275 767 2370 804 cor
2402 753 2563 804 tuum
2598 767 2714 805 non
2742 750 2956 822 vigilet,
2985 750 3224 805 discedit
3249 753 3550 822 antequam
3578 752 3764 822 pulset;

2183 844 2226 898 si
2264 860 2359 897 cor
2397 849 2558 898 tuum
2598 843 2814 915 vigilet,
2849 844 3053 915 pulsat,
3081 851 3135 898 et
3177 843 3384 915 aperiri
3420 843 3519 898 sibi
3553 844 3764 913 januam

2181 936 2376 1006 poscit.

2250 1032 2338 1085 22.
2373 1030 2659 1085 Habemus
2696 1046 2834 1101 ergo
2865 1030 3072 1085 animas
3108 1035 3316 1086 nostra;
3342 1031 3588 1100 januam,
3615 1030 3766 1085 habe-

2181 1139 2308 1178 mus
2329 1128 2384 1178 et
2409 1126 2598 1194 portas
2619 1124 2690 1178 de
2713 1124 2917 1194 quibus
2939 1124 3155 1178 dictum
3181 1127 3299 1178 est:
3329 1145 3357 1173 ‹‹
3378 1123 3566 1178 Tollite
3589 1126 3769 1194 portas,

2180 1217 2482 1288 principes,
2524 1223 2760 1285 vestras,
2801 1221 2856 1270 et
2899 1217 3220 1285 elevamini,
3264 1223 3443 1288 portae
3487 1216 3770 1285 eternales,

2179 1314 2237 1366 et
2277 1311 2538 1366 introibit
2581 1312 2697 1365 Rex
2739 1311 2931 1381 glorias
2958 1311 3126 1381 (Psal.
3161 1327 3310 1378 χχιιι,
3345 1314 3418 1379 7).
3461 1332 3487 1360 »ι
3530 1311 3618 1364 Est
3654 1325 3772 1380 ergo

2183 1408 2238 1459 et
2276 1404 2478 1458 coelum
2521 1404 2579 1458 in
2621 1404 2708 1458 his
2751 1404 2806 1458 in
2853 1404 3058 1476 quibus
3098 1411 3228 1457 sunt
3269 1409 3447 1475 porta:
3489 1403 3770 1475 eternales.

2180 1497 2232 1554 Si
2274 1498 2373 1551 has
2412 1497 2543 1551 fidei
2586 1500 2700 1551 tua).
2740 1503 2930 1568 portas
2972 1497 3105 1552 velis
3145 1497 3426 1564 attollere,
3457 1495 3679 1550 intrabit
3712 1496 3772 1550 ad

2179 1596 2232 1646 te
2277 1592 2395 1645 Rex
2442 1590 2654 1662 gloriae,
2694 1589 3053 1662 triumphum
3098 1596 3334 1662 portans
3384 1589 3622 1661 proprias
3663 1604 3770 1659 pas-

2181 1684 2370 1738 sionis.
2415 1683 2591 1738 Habet
2629 1683 2784 1738 enim
2817 1684 3040 1754 justitia
3083 1689 3299 1756 portas;
3345 1699 3477 1737 nam
3518 1683 3679 1736 etiam
3714 1681 3774 1735 de

447 1749 514 1832 ad
543 1779 664 1848 ejus
691 1749 930 1832 domum
956 1779 1379 1850 appropinquas
1410 1795 1422 1833 :
1456 1784 1647 1849 postea
1675 1749 1880 1848 quaeris
1895 1749 2078 1832 Iinfor-
2099 1749 2156 1821 B
2178 1777 2268 1832 his
2320 1777 2560 1848 legimus
2608 1749 2900 1847 scriptum,
2959 1749 3182 1832 dicente
3237 1749 3477 1830 Domino
3521 1775 3642 1830 Jesu
3690 1790 3776 1846 per

446 1872 588 1926 mari
633 1877 802 1943 atque
851 1871 1072 1937 instrui,
1120 1877 1181 1927 ut
1222 1888 1536 1944 cognoscas
1585 1877 1836 1926 mentem
1882 1872 2077 1942 patris-

448 1965 720 2033 familias;
765 1964 967 2018 deinde
1013 1971 1073 2019 ut
1119 1965 1240 2036 ejus
1283 1965 1515 2020 domum
1562 1964 1922 2036 ingrediaris,
1968 1965 2070 2018 im-

447 2060 654 2130 ploras,
690 2074 760 2112 ne
797 2058 921 2128 quis
958 2064 1012 2111 te
1057 2057 1282 2128 abjiciat
1316 2063 1372 2112 et
1413 2057 1688 2112 excludat.
1731 2058 1894 2112 Pulsa
1939 2074 2075 2128 ergo

449 2155 504 2206 et
529 2156 592 2206 tu
621 2151 838 2221 regiam
871 2151 1025 2204 illam
1060 2152 1363 2221 caelestem,
1391 2152 1554 2222 pulsa
1581 2167 1696 2205 non
1738 2167 1914 2205 manu
1951 2167 2071 2205 cor-

447 2245 624 2316 poris,
657 2245 752 2299 sed
785 2243 1031 2315 quadam
1066 2244 1342 2299 orationis
1372 2248 1484 2298 tum
1518 2243 1766 2299 dextera.
1796 2245 1915 2298 Non
1957 2246 2075 2299 sola

448 2353 654 2393 manus
695 2338 950 2409 corporis
1000 2337 1207 2408 pulsat,
1263 2338 1446 2408 pulsat
1502 2341 1559 2391 et
1613 2354 1746 2404 vox;
1799 2338 2073 2409 scriptum

448 2437 534 2486 est
562 2431 717 2485 enim
750 2447 763 2484 :
801 2433 918 2487 νοω
957 2432 1157 2498 fratris
1196 2434 1300 2486 mei
1332 2432 1517 2500 pulsat
1557 2431 1631 2485 (td
1653 2431 1909 2500 januam.
1944 2432 2071 2486 ραι.-

448 2541 637 2578 samus
676 2527 732 2579 et
770 2524 966 2594 digito.
1001 2524 1254 2596 Denique
1286 2528 1344 2578 et
1371 2525 1615 2578 Thomas
1655 2524 1833 2596 digito
1867 2524 2076 2579 meruit

442 2619 678 2688 januam
718 2617 1147 2672 resurrectionis
1181 2619 1435 2688 aperire;
1469 2622 1526 2672 ct
1565 2617 1666 2673 tibi
1705 2618 1836 2672 dicit
1872 2620 2028 2672 Jesus
2060 2636 2070 2671 :

453 2732 481 2760 ιι
515 2709 660 2764 lnfer
689 2709 932 2781 digitum
968 2713 1131 2764 tuum
1166 2710 1294 2780 huc,
1328 2717 1385 2765 et
1412 2711 1575 2765 mitte
1607 2711 1666 2765 in
1695 2727 1895 2766 manus
1922 2727 2076 2766 meas

448 2807 505 2860 et
539 2803 681 2858 latus
713 2819 926 2872 meum,
961 2809 1017 2858 et
1054 2804 1170 2858 noli
1205 2821 1324 2859 esse
1367 2804 1708 2871 incredulus,
1751 2805 1847 2859 sed
1893 2804 2076 2858 ﬁdelis

453 2897 650 2966 (Joan.,
695 2913 782 2962 xx,
826 2899 933 2965 27).
979 2918 1006 2945 n
1049 2898 1214 2952 Pulsa
1253 2913 1391 2969 ergo
1429 2897 1626 2968 digito,
1671 2897 1714 2950 si
1758 2913 1870 2952 non
1914 2901 2076 2967 potes

449 2993 571 3045 tota
611 3006 804 3056 manu,
847 2991 1007 3060 pulsa
1044 2990 1302 3060 januam.
1347 2990 1601 3045 Christus
1639 2996 1722 3045 est
1755 2990 1931 3060 janua
1977 2990 2071 3060 qui

2177 1871 2518 1941 Prophetam
2559 1886 2725 1924 suum
2769 1887 2781 1923 :
2823 1891 2850 1919 ‹‹
2890 1871 3116 1941 Aperite
3165 1869 3305 1924 mihi
3347 1872 3537 1941 portas
3569 1867 3776 1939 justitie

2181 1965 2343 2033 (Psai.
2385 1979 2544 2029 cxvn,
2594 1965 2698 2032 19).
2748 1985 2774 2011 ››
2822 1965 2889 2018 Et
2931 1963 3079 2018 intra
3122 1963 3203 2017 ait
3241 1963 3526 2034 Propheta
3567 1959 3725 2016 David
3766 1982 3773 2010 :

2180 2079 2206 2106 ‹‹
2250 2059 2452 2126 Lauda,
2482 2058 2810 2125 Jerusalem,
2851 2057 3176 2126 Dominum,
3207 2056 3381 2111 lauda
3411 2057 3584 2110 Deum
3615 2058 3776 2116 tuum,

2178 2152 2338 2216 Sion,
2371 2151 2644 2222 quoniam
2679 2150 3018 2206 confortavit
3043 2166 3198 2205 seras
3225 2154 3521 2221 portarum
3555 2153 3776 2211 tuarum,

2181 2247 2340 2310 (Psal.
2370 2261 2568 2313 cnvn,
2607 2249 2690 2314 l2,
2725 2246 2830 2314 13).
2866 2267 2892 2293 ››

2243 2342 2333 2393 23.
2368 2340 2458 2392 Est
2490 2354 2627 2408 ergo
2666 2338 2862 2393 anima
2896 2353 3024 2409 quae
3066 2336 3237 2392 habet
3265 2338 3532 2408 januam,
3560 2341 3639 2390 est
3669 2350 3780 2405 quae

2179 2433 2346 2487 habet
2386 2438 2595 2503 portas.
2641 2430 2726 2485 Ad
2772 2432 2916 2485 hanc
2954 2432 3194 2501 januam
3241 2430 3398 2485 venit
3437 2429 3695 2494 Christus,
3735 2430 3780 2480 et

2176 2527 2409 2598 pulsat:
2445 2527 2631 2597 pulsat
2671 2529 2728 2580 et
2771 2530 2985 2596 portas.
3027 2524 3194 2596 Aperi
3235 2540 3377 2595 ergo
3420 2523 3520 2591 illi,
3561 2523 3671 2576 vult
3705 2521 3777 2574 in-

2177 2619 2369 2689 troire,
2401 2620 2518 2673 vult
2546 2621 2820 2690 Sponsam
2848 2618 3104 2673 invenire
3133 2618 3483 2689 vigilantem.
3515 2616 3633 2670 Noli
3663 2629 3780 2684 ergo

2176 2713 2328 2768 bono
2380 2713 2621 2767 amatori
2676 2712 2864 2766 facere
2922 2727 3127 2780 moras,
3180 2711 3291 2765 cito
3349 2708 3589 2778 recedit;
3637 2713 3689 2762 et
3731 2712 3779 2759 tu

2178 2823 2382 2862 somno
2431 2806 2684 2876 corporis
2731 2805 2816 2859 tui
2863 2804 3068 2859 videris
3113 2803 3418 2860 exclusisse
3467 2803 3778 2874 pulsantem.

2178 2899 2438 2954 Excludis
2467 2899 2638 2967 enim,
2668 2914 2798 2953 cum
2835 2897 3151 2953 desidiosus
3176 2914 3255 2965 es,
3285 2913 3421 2952 cum
3460 2896 3638 2967 piger,
3665 2907 3779 2947 cum

2176 2993 2577 3048 somnolentus.
2615 2993 2710 3046 His
2754 2991 3040 3062 repagulis
3076 2991 3330 3047 Christus
3373 2989 3718 3044 excluditur:
3745 2984 3782 3038 si

448 3083 571 3137 ait:
607 3104 635 3131 «
675 3083 778 3138 Per
816 3098 908 3136 me
951 3083 998 3136 si
1037 3083 1161 3153 quis
1203 3082 1504 3146 introierit,
1539 3081 1845 3137 salvabitur
1872 3084 2074 3151 (Joan.,
2098 3117 2152 3190 Ο
2178 3089 2360 3140 castus
2414 3091 2470 3140 et
2522 3086 2567 3140 si
2621 3085 2838 3140 sobrius
2891 3084 2981 3153 sis,
3038 3101 3172 3140 cave
3230 3100 3300 3138 ne
3358 3082 3656 3154 negligens
3701 3078 3782 3133 sis.

451 3194 508 3243 x,
539 3177 613 3247 9).
643 3200 670 3225 υ

524 3271 607 3323 19.
639 3271 779 3324 Cum
809 3268 950 3321 hanc
979 3267 1152 3338 igitur
1170 3268 1408 3337 januam
1433 3268 1760 3338 pulsaveris,
1793 3269 1914 3324 vide
1943 3285 2076 3339 quo-

450 3361 624 3417 modo
661 3359 1022 3431 ingrediaris,
1057 3376 1130 3415 ne
1174 3361 1321 3415 forte
1365 3361 1536 3416 etiam
1577 3361 1883 3433 ingressus,
1917 3365 2076 3417 extra

448 3457 811 3526 conspectum
856 3453 1006 3525 regis
1054 3453 1150 3508 sis.
1198 3454 1355 3508 Multi
1400 3455 1805 3526 ingrediuntur
1848 3457 2072 3526 palatia,

451 3553 509 3603 et
545 3563 658 3601 non
696 3546 886 3601 statim
927 3563 1124 3619 regem
1166 3547 1336 3602 istum
1377 3550 1546 3602 terrae
1577 3549 1788 3614 vident,
1823 3549 1922 3603 sed
1962 3551 2070 3603 fre-

449 3644 694 3712 quenter
719 3639 1040 3707 observant,
1069 3646 1130 3694 ut
1156 3639 1463 3712 aliquando
1497 3640 1688 3696 videre
1725 3648 2071 3697 mereantur.

447 3733 558 3789 Nec
595 3741 946 3805 presumunt
991 3733 1217 3788 videndi
1255 3733 1496 3806 copiam,
1529 3733 1628 3789 sed
1659 3735 1822 3806 jussu
1864 3752 2071 3806 reprae-

447 3830 759 3892 sentantur,
790 3829 845 3881 et
869 3843 1097 3896 precem
1124 3827 1392 3896 fundunt,
1425 3831 1487 3881 ut
1511 3843 1640 3882 cum
1675 3828 2075 3884 benevolentia

446 3919 846 3991 suscipiantur,
879 3925 1139 3975 caventes
1166 3921 1380 3991 primos
1410 3922 1498 3976 sui
1530 3921 1812 3976 sermonis
1850 3922 2071 3993 ingres-

447 4027 560 4079 sus,
606 4028 676 4067 ne
731 4013 865 4083 quid
916 4013 1140 4081 titubet,
1189 4031 1261 4068 ne
1311 4014 1450 4085 quid
1499 4013 1752 4069 offendat
1798 4033 1810 4069 :
1861 4023 2073 4086 quanto

447 4107 634 4176 magis
674 4105 960 4175 rogandus
999 4113 1084 4161 est
1121 4109 1285 4173 Deus,
1326 4111 1388 4161 ut
1423 4108 1631 4162 ostium
1672 4108 2072 4164 misericordia:

445 4212 564 4252 suae
590 4205 782 4253 nostra
811 4198 1171 4269 ingrediatur
1196 4199 1404 4254 oratio!

518 4293 604 4345 20.
652 4291 759 4361 (21)
808 4293 925 4348 νοω
963 4293 1164 4358 fratris
1209 4295 1314 4346 mei
1351 4294 1540 4363 pulsat
1581 4295 1656 4350 ad
1689 4296 1944 4364 januam.
1977 4297 2069 4351 Ja-

446 4400 618 4440 nuam
653 4400 881 4456 quoque
924 4389 1085 4439 tuam
1131 4384 1301 4454 disce,
1337 4402 1370 4440 o
1411 4403 1613 4458 sponsa
1652 4387 1877 4455 Christi,
1921 4393 2070 4442 tem-

2179 3180 2443 3250 Majorem
2490 3177 2710 3234 Christo
2752 3179 2887 3234 facit
2933 3177 3218 3248 injuriam,
3266 3177 3367 3248 qui
3413 3175 3783 3232 advenientem

2179 3273 2420 3343 repellit.

2247 3366 2337 3420 24.
2384 3365 2498 3436 (23)
2536 3367 2713 3435 Aperi
2763 3367 2913 3430 mihi,
2969 3379 3118 3419 soror
3163 3379 3304 3427 mea,
3353 3365 3605 3433 proxima
3653 3375 3781 3422 mea;

2177 3459 2365 3530 pulsat
2402 3458 2473 3512 ad
2505 3459 2745 3529 januam
2774 3458 2945 3512 etiam
2985 3457 3211 3529 quando
3241 3462 3302 3511 tu
3333 3456 3550 3512 dormis
3582 3471 3593 3508 :
3626 3453 3670 3507 si
3703 3458 3778 3506 ta-

2179 3568 2310 3606 men
2344 3551 2430 3606 vel
2459 3551 2737 3606 excitatus
2770 3551 3027 3622 evigiles,
3059 3551 3143 3605 vel
3185 3555 3414 3605 vocatus
3445 3550 3678 3620 januam
3714 3543 3782 3598 tui

2175 3645 2422 3716 pectoris
2462 3645 2706 3716 aperias,
2750 3643 3026 3699 introibit.
3076 3643 3240 3708 Quod
3285 3643 3331 3697 si
3377 3643 3562 3715 fugias
3603 3638 3777 3694 lectio-

2178 3755 2311 3794 nem
2351 3739 2763 3810 propheticam,
2805 3739 2850 3792 si
2891 3738 3049 3793 domi
3091 3753 3208 3792 non
3252 3738 3429 3808 legas,
3462 3736 3518 3790 iu
3559 3731 3781 3789 Ecclesia

2177 3833 2372 3888 audire
2415 3833 2578 3899 nolis,
2621 3848 2808 3886 nonne
2853 3831 2997 3886 sicut
3033 3831 3126 3886 ille
3170 3830 3267 3901 qui
3306 3845 3504 3885 averso
3542 3826 3781 3883 connivet

2175 3926 2395 3994 obtutu,
2431 3942 2500 3980 ne
2531 3925 2725 3980 videat
2748 3925 2895 3996 quod
2924 3925 3100 3996 possit
3127 3923 3344 3992 videre,
3377 3921 3587 3978 claudit
3614 3919 3781 3976 oculos

2175 4036 2246 4075 ne
2283 4019 2536 4091 aspiciat,
2577 4019 2669 4074 cui
2711 4023 2958 4089 potestas
2997 4017 3224 4073 videndi
3263 4022 3391 4072 est:
3427 4021 3525 4071 aut
3565 4015 3699 4070 sicut
3731 4012 3780 4064 in

2174 4114 2367 4168 furore
2397 4112 2654 4184 plerique
2680 4111 2917 4182 injicere
2947 4128 3149 4166 manus
3177 4111 3355 4165 oculis
3389 4111 3522 4177 suis,
3555 4110 3631 4162 ita
3654 4111 3705 4160 et
3731 4109 3780 4159 tu

2176 4207 2363 4277 primo
2409 4207 2678 4262 averteris
2725 4205 3053 4260 conniventi
3099 4205 3283 4276 magis
3326 4200 3778 4260 dissimulatione.

2176 4316 2349 4370 quam
2388 4300 2770 4370 refragatione
2807 4304 3118 4370 praerupta.
3157 4299 3297 4352 Nam
3337 4313 3470 4353 cum
3503 4295 3573 4350 ad
3613 4292 3777 4349 Eccle-

2173 4394 2316 4448 siam
2347 4393 2506 4448 venis
2537 4397 2595 4447 et
2621 4399 2675 4448 te
2711 4393 3095 4448 Christianum
3125 4389 3383 4464 1594
3421 4406 3542 4445 esse
3576 4384 3776 4446 asseris,

443 4478 678 4550 poribus
735 4477 995 4534 obserere
1047 4480 1374 4547 nocturnis,
1432 4496 1501 4535 ne
1556 4480 1716 4536 facile
1772 4482 2343 4554 quisquamDsanus
2381 4486 2610 4554 videris,
2643 4486 2830 4558 aperis
2872 4485 3068 4540 oculos
3107 4485 3314 4556 quibus
3353 4485 3536 4555 possis
3574 4481 3774 4543 videre;

444 4575 734 4642 patentem
770 4571 1035 4642 reperiat.
1071 4572 1318 4643 Sponsus
1345 4573 1465 4644 ipse
1495 4575 1612 4628 vult
1647 4575 1893 4629 clausam
1930 4593 2069 4644 esse,

443 4680 574 4720 cum
613 4665 816 4735 pulsat.
857 4666 1037 4720 Janua
1077 4669 1268 4720 nostra
1308 4684 1368 4721 os
1407 4671 1664 4722 nostrum
1709 4673 1814 4736 est,
1847 4669 2070 4725 Christo

441 4757 857 4829 propemodum
895 4759 997 4811 soli
1034 4758 1201 4814 debet
1229 4761 1459 4830 aperiri,
1497 4778 1595 4816 uec
1638 4763 1922 4833 aperiatur
1960 4764 2068 4818 nisi

442 4855 572 4906 ante
618 4852 857 4922 pulsarit
893 4852 990 4906 Dei
1034 4851 1298 4907 Verbum.
1351 4856 1467 4910 νοω
1508 4856 1705 4921 fratris
1746 4858 1850 4910 mei
1883 4858 2073 4927 pulsat

441 4945 518 5000 ad
540 4945 795 5014 januam.
826 4944 967 4999 Audi
1009 4946 1356 5017 pulsantem,
1389 4947 1522 5002 audi
1559 4949 1796 5004 introire
1833 4951 2066 5022 cupien-

441 5041 580 5094 tem.

512 5133 600 5188 21.
636 5132 813 5200 (Vers.
844 5133 921 5202 2.)
959 5133 1068 5205 (22)
1107 5134 1283 5204 Aperi
1316 5136 1468 5197 mihi,
1501 5151 1649 5192 soror
1684 5154 1819 5202 mea,
1851 5156 2067 5210 sponsu,

439 5225 685 5281 columba
707 5242 845 5289 mea,
869 5228 1110 5295 perfecta
1135 5244 1274 5291 mea,
1301 5232 1434 5299 quia
1458 5238 1620 5301 caput
1653 5248 1821 5287 meum
1845 5234 2068 5302 plenum

439 5325 519 5374 est
541 5335 681 5383 rore,
705 5326 758 5374 et
781 5322 952 5374 crines
979 5323 1084 5375 mei
1104 5324 1272 5391 guttis
1298 5327 1484 5378 noctis.
1506 5325 1811 5381 Considera
1839 5328 2068 5398 quando

441 5412 687 5467 maxime
731 5413 915 5484 pulsat
949 5413 1186 5484 januam
1234 5419 1392 5471 tuam
1439 5419 1584 5472 Deus
1630 5419 1895 5488 Verbum,
1937 5438 2065 5476 cum

440 5504 720 5574 repletum
755 5512 838 5561 est
866 5510 1038 5578 caput
1063 5509 1186 5578 ejus
1224 5526 1354 5564 rore
1397 5516 1692 5568 nocturno.
1731 5514 1791 5567 In
1823 5513 2062 5570 tribula-

443 5593 595 5649 tione
627 5598 782 5651 enim
811 5605 866 5652 et
897 5601 1302 5656 tentationibus
1340 5605 1552 5674 positos
1595 5606 1816 5662 visitare
1859 5608 2060 5679 digna-

504 5711 601 5786 (gl)
630 5713 847 5786 ξιξ-νεῷ.
883 5728 1080 5780 cxvm,
1101 5734 1262 5773 serm.
1291 5723 1372 5786 22,
1408 5739 1562 5776 num.
1597 5727 1673 5786 12,
1706 5730 1850 5782 med.

503 5779 603 5841 (21)
635 5779 749 5829 Lib.
783 5783 844 5832 de
881 5779 1205 5851 Virginitate,
1233 5779 1369 5858 θερί
1397 5797 1467 5860 12,
1499 5779 1756 5850 ιιιιῐιιίΘΟ.

2174 4581 2272 4635 sed
2313 4581 2447 4635 dum
2492 4580 2690 4635 audire
2730 4579 3052 4634 dissimulas
3093 4595 3221 4650 quae
3261 4578 3555 4649 leguntur,
3585 4569 3777 4628 claudis

2174 4691 2245 4728 ne
2291 4673 2484 4729 videas
2528 4675 2652 4741 tibi,
2699 4678 2756 4728 et
2801 4675 2846 4726 si
2893 4673 3014 4727 aliis
3061 4673 3252 4727 videre
3297 4671 3560 4726 videaris.
3611 4664 3776 4736 lnjicis

2173 4768 2342 4823 etiam
2385 4767 2661 4838 quaedam
2706 4766 2956 4836 perﬁdiae
2996 4770 3053 4819 et
3097 4762 3549 4835 intemperantia:
3591 4772 3773 4814 manus

2174 4862 2348 4916 oculis
2391 4862 2596 4915 anima:
2645 4867 2776 4927 tuas,
2821 4865 2877 4914 et
2921 4860 3233 4914 caecitatem
3277 4857 3448 4912 infers
3497 4852 3648 4909 cordi
3685 4856 3771 4904 tuo

2173 4957 2344 5027 (quod
2410 4961 2493 5010 est
2544 4953 2788 5025 gravius)
2842 4953 3250 5020 voluntariam,
3305 4955 3369 5006 ut
3426 4949 3618 5004 videns
3668 4957 3769 4996 non

2173 5049 2381 5119 videas,
2409 5048 2644 5104 audiens
2675 5064 2791 5104 non
2825 5047 3038 5102 audias.

2242 5147 2328 5198 25.
2370 5145 2533 5199 Putas
2578 5147 2630 5196 te
2671 5143 2855 5196 solum
2898 5158 3018 5196 esse
3057 5157 3188 5195 cum
3227 5138 3539 5202 foruicaris,
3575 5142 3627 5188 et
3669 5144 3769 5184 non

2170 5235 2483 5290 recordaris
2521 5235 2652 5306 quia
2689 5235 2836 5289 oculi
2875 5233 3104 5289 Domini
3139 5233 3333 5288 vident
3372 5229 3568 5286 orbem
3605 5231 3764 5280 terra-

2168 5328 2337 5384 rum?
2375 5329 2495 5383 Non
2538 5328 2699 5382 audis
2739 5328 3022 5382 dicentem
3061 5344 3071 5381 :
3117 5348 3146 5374 «
3183 5327 3319 5380 Ecce
3356 5323 3509 5378 venit
3547 5321 3679 5375 hora
3714 5318 3764 5367 ut

2169 5423 2587 5494 dispergamini
2642 5422 3032 5493 unusquisque
3083 5421 3141 5474 in
3192 5435 3314 5487 sua,
3359 5421 3416 5472 et
3468 5431 3555 5470 me
3600 5411 3761 5466 solum

2169 5516 2532 5587 relinquatis;
2566 5515 2662 5571 sed
2691 5532 2804 5570 non
2836 5531 2962 5570 sum
2998 5515 3170 5580 solus,
3203 5513 3333 5584 quia
3371 5511 3527 5564 Pater
3558 5514 3761 5561 mecum

2168 5615 2254 5665 est
2303 5611 2505 5681 (Joan.,
2564 5626 2680 5676 xv1,
2733 5612 2845 5678 32).
2903 5631 2929 5658 ››
2981 5608 3150 5663 Adest
3201 5622 3336 5678 ergo
3385 5605 3568 5662 Pater,
3615 5595 3757 5651 adest

2233 5731 2326 5793 (22)
2357 5732 2414 5780 In
2448 5730 2581 5794 psal.
2611 5740 2810 5790 cxvnt,
2844 5743 3005 5782 serm.
3039 5731 3116 5790 12,
3142 5742 3294 5778 num.
3325 5727 3398 5776 11.

2233 5803 2326 5867 (23)
2355 5805 2412 5854 In
2439 5793 2570 5868 psal.
2607 5815 2805 5866 cxvm,
2835 5815 3000 5856 serm.
3035 5802 3079 5864 1,
3115 5814 3266 5851 num.
3299 5799 3347 5850 11
3379 5799 3430 5847 et
3458 5793 3531 5846 12.
