4022 6176
265 257 388 308 2021

1292 257 1329 310 Ε
1368 257 1672 311 SCRIPTIS
1709 260 1760 309 ὃ.
1805 253 2120 310 AMBROSII
2163 253 2569 306 COLLECTUS.

3479 259 3615 310 2022

261 384 315 430 et
365 377 533 431 Filius
584 379 700 444 Dei,
751 379 958 434 adsunt
1006 379 1274 445 ministri,
1325 380 1534 434 adsunt
1580 379 2106 461 CherubimAnon
2159 376 2483 430 induamus.
2536 375 2822 444 Scriptum
2881 380 2965 428 est
3017 376 3170 429 enim
3221 378 3277 429 in
3325 378 3609 432 (,Janticis:

260 473 316 524 et
343 469 663 540 Seraphim,
697 472 792 542 qui
821 471 1016 526 dicunt
1049 495 1058 524 :
1093 493 1119 522 (ι
1150 472 1409 540 Sanctus,
1441 474 1692 538 Sanctus,
1717 473 1883 527 Sanc-

259 566 370 629 tus,
412 563 584 634 plena
625 567 713 618 est
751 568 902 620 terra
943 565 1252 635 maiestatis
1293 572 1402 620 tua:
1437 568 1582 634 (Isa.,
1626 583 1698 632 γι,
1739 567 1810 636 3).
1853 589 1880 616 ››

257 656 461 711 Plenus
485 662 570 712 est
603 657 758 712 enim
797 658 1048 713 mundus
1077 659 1374 726 virtutum,
1407 659 1540 730 quia
1570 661 1771 730 plenus
1799 663 1884 712 est

258 749 640 820 nequitiarum
677 768 689 805 :
725 751 928 822 plenus
957 755 1042 806 est
1077 751 1232 807 orbis
1272 757 1551 807 terrarum
1591 753 1879 818 remediis,

257 844 392 913 quia
418 843 620 914 plenus
645 847 729 898 est
758 844 993 916 laqueis.

329 939 415 990 26.
445 938 619 1006 (Vers.
639 938 692 1006 3)
721 937 832 1007 (24)
861 940 1008 994 Eami
1033 942 1273 994 tunicam
1297 955 1483 1004 meam,
1511 940 1773 1009 quomodo
1800 941 1880 994 in-

253 1031 425 1083 duam
456 1030 655 1084 illam?
684 1032 908 1086 Etenim
939 1032 996 1086 in
1031 1032 1136 1087 hac
1175 1031 1363 1086 saeculi
1396 1035 1561 1087 nocte
1593 1031 1747 1103 prius
1781 1033 1881 1086 tibi

252 1123 565 1194 corporalis
595 1125 722 1178 vitae
757 1124 997 1179 amictus
1040 1127 1125 1180 est
1162 1125 1487 1193 exuendus;
1530 1125 1686 1180 exuit
1725 1125 1880 1181 enim

253 1234 312 1270 se
345 1233 575 1272 carnem
620 1219 914 1284 Dominus,
952 1225 1014 1272 ut
1058 1235 1159 1289 pro
1202 1222 1255 1273 te
1293 1219 1361 1274 de
1398 1219 1881 1274 dominationibus

249 1315 309 1363 et
345 1309 712 1380 potestatibus
746 1311 944 1366 mundi
977 1311 1145 1381 hujus
1174 1311 1576 1383 triumpharet.
1605 1313 1880 1380 Quomodo

247 1404 485 1457 induam
508 1403 703 1457 illam?
729 1403 889 1470 Vide,
919 1405 1113 1458 anima
1143 1405 1252 1459 Deo
1283 1405 1508 1472 devota,
1539 1404 1671 1477 quid
1707 1406 1875 1460 dicat.

247 1497 343 1552 Sic
375 1513 435 1550 se
467 1501 624 1551 actus
668 1498 920 1568 corporis
963 1504 1018 1552 et
1059 1503 1316 1553 terrenas
1361 1500 1515 1552 exuit
1562 1515 1772 1566 mores,
1821 1503 1881 1553 ut

245 1589 467 1644 nesciat
492 1589 782 1660 quomodo
814 1591 1038 1644 etiamsi
1073 1591 1221 1660 velit,
1255 1607 1451 1645 rursus
1481 1592 1716 1646 induere
1747 1610 1877 1663 pos-

244 1683 344 1737 sit.
385 1684 656 1750 Quomodo
701 1685 925 1739 induam
962 1685 1156 1739 illam?
1193 1685 1295 1740 hoc
1328 1689 1430 1755 est,
1464 1701 1578 1756 qua
1606 1702 1874 1740 verecun-

245 1777 378 1840 dia,
426 1793 538 1848 quo
583 1777 833 1847 pudore,
883 1794 995 1849 qua
1036 1783 1329 1850 postremo
1379 1780 1693 1834 memoria?
1735 1755 1956 1836 Con-B

246 1869 498 1924 suctudo
534 1870 688 1924 enim
719 1870 871 1938 boni,
911 1888 1073 1925 usum
1113 1873 1319 1926 veteris
1352 1873 1638 1943 pravitatis
1668 1874 1875 1928 amisit.

323 1965 412 2016 27.
447 1963 557 2032 ('25)
603 1962 850 2018 Audiens
887 1964 1102 2030 anima,
1142 1967 1309 2034 Aperi
1350 1966 1501 2028 mihi,
1541 1972 1711 2036 caput
1739 1966 1880 2020 roris

241 2057 486 2128 plenum
513 2055 750 2123 habens,
779 2057 888 2111 hoc
925 2061 1030 2124 est,
1058 2058 1469 2112 tentationibus
1499 2059 1876 2124 saecularibus,

241 2147 442 2203 subito
487 2149 733 2218 turbata,
788 2156 841 2203 et
891 2151 1048 2221 quasi
1102 2157 1423 2205 surrectura
1473 2168 1600 2222 quas
1646 2168 1879 2222 surgere

235 2241 576 2312 jubebatur,
627 2242 705 2296 ait
743 2260 870 2297 cum
920 2244 1104 2298 aloem
1157 2244 1439 2299 redoleret
1488 2251 1541 2299 et
1584 2246 1877 2315 myrrham

243 2335 479 2406 insigne
521 2336 824 2406 sepultura:
863 2354 874 2390 :
914 2338 1061 2391 Εωυί
1103 2339 1343 2392 tunicam
1384 2355 1576 2400 meam,
1620 2341 1878 2408 quomodo

241 2428 476 2482 induam
521 2429 718 2482 illam?
749 2430 862 2483 lavi
897 2431 1056 2500 pedes
1094 2446 1252 2493 meos,
1295 2432 1555 2501 quomodo
1584 2433 1880 2500 inquinabo

241 2522 417 2576 illos?
443 2522 673 2576 Veretur
699 2523 852 2576 enim
891 2539 964 2577 ne
994 2523 1201 2578 iterum
1231 2525 1289 2578 in
1320 2525 1663 2579 tentationes
1695 2541 1876 2578 resur-

244 2620 369 2687 gat,
415 2631 484 2668 ne
529 2616 735 2670 iterum
775 2617 832 2669 in
871 2617 1100 2687 culpam
1134 2617 1326 2672 redeat
1359 2623 1528 2688 atque
1561 2624 1877 2688 peccatum,

244 2713 304 2762 et
363 2724 624 2780 egressus
675 2725 806 2763 suos
857 2710 1243 2781 virtutumque
1303 2711 1588 2780 profectus
1643 2712 1881 2766 terrenis

243 2801 487 2872 incipiat
516 2801 766 2872 vestigiis
796 2802 1120 2874 inquinare.

318 2897 409 2950 28.
449 2897 611 2948 Certe
649 2896 755 2950 hoc
793 2895 966 2950 modo
1000 2897 1172 2950 etiam
1206 2897 1618 2968 perfectionem
1658 2899 1881 2953 virtutis

242 3005 366 3043 sum
395 2988 626 3055 indicat,
666 3005 791 3058 quin
819 2993 1040 3044 tantam
1073 2990 1276 3045 Christi
1321 2991 1595 3044 meruerit
1631 2991 1872 3046 charita—

239 3089 387 3147 tem,
425 3085 484 3135 ut
521 3082 589 3136 ad
634 3099 758 3136 eam
795 3082 1000 3149 veniat,
1043 3088 1100 3138 et
1141 3085 1326 3154 pulset
1361 3084 1600 3153 januam
1643 3085 1784 3155 ejus,
1826 3090 1955 3184 etC

237 3175 439 3230 veniat
473 3192 601 3230 cum
633 3177 812 3242 Patre,
844 3179 903 3230 et
939 3181 1126 3231 coenet
1161 3193 1290 3232 cum
1332 3177 1532 3232 eadem
1577 3177 1790 3244 anima,
1825 3183 1880 3232 et

246 3270 376 3340 ipsa
405 3285 537 3322 cum
566 3285 657 3337 eo,
681 3269 824 3323 sicut
858 3270 916 3323 in
945 3270 1274 3341 Apocalypsi
1303 3270 1445 3326 dixit
1469 3273 1709 3325 Joannes
1737 3288 1877 3342 apo-

239 3363 430 3417 stolus
457 3363 664 3432 (Apoc.,
712 3379 789 3429 ιιι,
834 3365 945 3428 20).
984 3364 1202 3417 Etenim
1229 3380 1358 3418 cum
1395 3366 1451 3418 in
1492 3365 1881 3435 superioribus

240 3455 499 3509 audisset
537 3471 550 3508 :
595 3456 742 3509 Ades
783 3456 887 3509 huc
933 3473 963 3507 ιι
1007 3458 1248 3522 Libano;
1291 3460 1347 3512 et
1389 3473 1521 3510 cum
1563 3457 1881 3511 adverteret

242 3551 305 3603 in
338 3563 510 3602 carne
542 3564 599 3602 se
627 3547 848 3602 Christo
878 3548 1072 3602 adesse
1112 3566 1225 3604 non
1263 3565 1448 3620 posse,
1479 3549 1578 3604 sed
1616 3557 1750 3604 tunc
1780 3550 1878 3603 ad-

247 3657 372 3696 esse
416 3641 463 3694 si
511 3641 732 3695 adesset
773 3641 831 3695 in
873 3643 1099 3712 spiritu,
1141 3642 1502 3697 conformans
1541 3659 1598 3696 se
1643 3642 1713 3696 ad
1759 3643 1882 3712 ejus

245 3736 631 3801 voluntatem,
689 3738 753 3788 ut
805 3741 953 3789 esset
1003 3739 1059 3790 et
1107 3735 1230 3805 ipsa
1280 3736 1589 3790 conformis
1642 3735 1880 3805 imagini

244 3828 479 3894 Christi,
513 3829 637 3898 jam
679 3845 794 3884 non
841 3830 1010 3883 sentit
1051 3829 1234 3884 carnis
1278 3829 1526 3896 exuvias,
1554 3829 1677 3900 jam
1717 3829 1881 3900 quasi

248 3922 484 3993 spiritus
543 3937 754 3977 exuens
822 3939 882 3975 se
949 3923 1205 3992 corporis
1267 3923 1699 3992 conjunctione,
1757 3923 1882 3992 jam

247 4015 412 4086 quasi
449 4015 644 4081 oblita,
683 4021 737 4070 et
777 4031 902 4086 quae
943 4017 987 4070 si
1025 4016 1180 4084 velit,
1226 4016 1445 4086 copula
1483 4015 1631 4069 illius
1673 4016 1878 4070 memi-

242 4109 400 4163 nisse
430 4124 548 4162 non
583 4109 778 4178 possit,
805 4109 884 4162 ait
911 4126 925 4161 :
959 4110 1102 4162 Eccui
1130 4111 1373 4163 tunicam
1400 4125 1588 4168 meam,
1623 4109 1883 4178 quomodo

242 4202 478 4256 induam
507 4203 668 4256 eam?
704 4202 845 4256 Exui
885 4202 1040 4256 enim
1075 4203 1324 4256 tunicam
1365 4201 1519 4256 illam
1561 4201 1880 4272 pelliceam,

245 4312 420 4367 quam
453 4302 795 4366 acceperunt
824 4295 1004 4349 Adam
1042 4302 1097 4349 et
1138 4297 1247 4349 Eva
1289 4302 1414 4366 post
1453 4296 1697 4365 culpam,
1735 4295 1879 4348 tuni-

247 4405 372 4444 cam
432 4388 794 4459 corruptelae,
853 4389 1101 4443 tunicam
1153 4389 1482 4460 passionum
1541 4405 1554 4441 :
1611 4389 1882 4456 Quomodo

1985 473 2131 526 Ercui
2177 473 2413 524 tunicam
2465 484 2672 529 meam,
2722 469 2982 536 quomodo
3027 469 3250 522 induam
3300 475 3464 525 eam?
3503 472 3613 526 lari

1978 565 2143 634 pedes
2203 579 2370 625 meos,
2431 561 2694 631 quomodo
2749 561 3045 630 inquinabo
3106 563 3229 615 eos?
3289 563 3612 618 Mortificate

1986 657 2165 726 igitur
2219 660 2353 710 sunt
2395 654 2650 726 corporis
2701 653 2979 721 membra,
3029 670 3131 708 cur
3174 654 3295 725 ejus
3341 657 3612 726 pullulant

1982 750 2154 804 vitia?
2201 750 2334 804 Ideo
2381 766 2497 803 non
2540 748 2837 820 praevaluit
2885 749 2995 815 lex,
3045 748 3179 820 quia
3222 765 3450 804 carnem
3498 767 3611 805 non

1983 843 2380 910 mortiﬁcavit;
2441 843 2569 897 ideo
2632 843 2788 912 quasi
2857 841 3054 895 umbra
3119 841 3420 913 preleriit,
3484 844 3614 914 quia

1982 953 2099 991 non
2153 936 2526 1000 decoloravit;
2575 935 2816 1007 ideoque
2863 935 3220 990 obumbravit
3270 952 3373 990 nos
3420 954 3452 990 a
3497 937 3613 992 sole

1977 1030 2241 1099 justitite,
2275 1030 2408 1100 quia
2434 1029 2783 1083 coacervavit
2808 1028 3067 1083 crimina.

2054 1155 2140 1207 30.
2192 1151 2514 1224 Aliquando
2569 1151 2784 1205 nudum
2841 1167 2998 1216 esse,
3054 1151 3277 1205 virtutis
3332 1151 3607 1206 indicium

1982 1250 2084 1314 est,
2128 1246 2264 1317 quia
2302 1245 2576 1315 scriptum
2615 1250 2699 1298 est
2732 1263 2742 1297 ε
2787 1246 2933 1298 Exui
2972 1247 3210 1298 tunicam
3254 1261 3444 1307 meam,
3475 1262 3606 1315 quo-

1979 1339 2135 1394 modo
2170 1339 2396 1393 induam
2425 1341 2585 1392 eam?
2614 1339 2728 1391 lavi
2759 1337 2918 1407 pedes
2948 1353 3103 1399 meos,
3137 1339 3396 1406 quomodo
3423 1342 3605 1408 inqui-

1978 1434 2116 1486 nabo
2164 1435 2288 1488 eos?
2337 1432 2518 1496 Quam
2572 1431 2745 1501 igitur
2790 1431 3039 1484 tunicam
3093 1431 3335 1495 exuerit,
3388 1439 3445 1486 et
3489 1448 3603 1486 non

1983 1525 2265 1580 invenerit
2283 1523 2768 1596 quemadmodum
2794 1523 2986 1577 induat
3010 1539 3161 1590 eam,
3187 1523 3257 1577 de
3283 1524 3606 1594 Scripturis,

1979 1618 2021 1672 si
2061 1635 2382 1690 possumus,
2424 1618 2761 1672 revelemus.
2796 1618 2890 1670 Est
2920 1616 3074 1670 enim
3105 1616 3375 1687 quaedam
3414 1617 3607 1672 tunica

1979 1713 2307 1783 corporalis,
2340 1716 2471 1766 sunt
2495 1710 2874 1782 cupiditatum
2904 1709 3171 1780 quaedam
3203 1711 3420 1765 intexta
3448 1711 3599 1765 vela-

1980 1806 2164 1873 mina;
2217 1811 2274 1859 et
2321 1805 2448 1859 ideo
2503 1803 2791 1859 interdum
2840 1804 3040 1858 melius
3089 1806 3174 1858 est
3219 1804 3440 1858 nudum
3487 1821 3607 1859 esse

1980 1915 2238 1970 corpore,
2276 1915 2448 1970 quam
2488 1897 2659 1954 corde
2696 1897 2968 1952 velatum.
3003 1897 3162 1951 Unde
3194 1896 3364 1951 etiam
3404 1899 3609 1952 Paulus

1981 2009 2084 2046 nos
2110 1992 2406 2058 admonet,
2437 1989 2692 2064 1595
2723 1991 3014 2061 exspoliari
3049 1991 3228 2045 multo
3255 1991 3460 2045 melius
3488 2008 3608 2046 esse

1979 2103 2155 2157 quam
2208 2084 2593 2156 supervestiri,
2651 2084 2840 2148 dicens
2899 2083 3029 2138 alibi
3084 2102 3095 2137 :
3151 2107 3176 2131 ‹‹
3230 2084 3612 2155 Exspoliantes

1981 2197 2075 2233 vos
2123 2185 2373 2233 veterem
2429 2179 2723 2232 hominem
2775 2193 2903 2231 cum
2949 2177 3166 2231 actibus
3208 2177 3342 2245 suis,
3391 2178 3609 2233 induite

1979 2289 2188 2327 novum
2241 2273 2336 2343 qui
2393 2277 2701 2326 renovatur
2752 2272 2807 2324 in
2860 2270 3241 2341 agnitionem,
3295 2272 3610 2326 secundum

1981 2366 2295 2437 imaginem
2325 2365 2448 2434 ejus
2475 2365 2571 2434 qui
2597 2363 2811 2418 creavit
2839 2379 2972 2417 eum
2998 2363 3244 2432 (σοιοεευ
3269 2379 3345 2430 ιιι,
3369 2367 3421 2430 9,
3451 2367 3558 2434 10).
3583 2388 3609 2412 ››

1983 2460 2131 2529 Ergo
2168 2471 2296 2530 quae
2324 2459 2640 2528 exspoliata
2681 2461 2786 2523 est,
2822 2463 2878 2510 et
2921 2457 3088 2527 pedes
3121 2457 3260 2510 lotos
3291 2457 3477 2522 habet,
3510 2473 3609 2512 ne-

1982 2553 2081 2607 scit
2107 2551 2592 2624 quemadmodum
2623 2549 2908 2621 inquinari
2932 2565 3044 2603 non
3082 2550 3287 2620 possit;
3330 2549 3606 2604 oblivisci-

1982 2649 2078 2700 tur
2104 2645 2260 2699 enim
2289 2661 2392 2716 per
2417 2644 2684 2715 gratiam,
2719 2642 2872 2714 quod
2899 2642 3164 2697 hauserat
3189 2659 3293 2713 per
3323 2647 3606 2697 naturam.

2054 2773 2111 2824 3t
2129 2811 2141 2823 .
2173 2769 2283 2838 ('27)
2313 2769 2448 2823 Lavi
2464 2767 2630 2836 pedes
2655 2781 2812 2827 meos,
2843 2765 3106 2835 quomodo
3131 2767 3427 2835 inquinabo
3452 2767 3612 2821 illos?

1986 2861 2235 2916 Didicisti
2287 2861 2344 2914 in
2402 2859 2742 2930 Evangelio,
2803 2859 2958 2930 quod
3020 2859 3195 2929 pedes
3249 2860 3432 2914 lavare
3483 2859 3612 2914 ﬁdei

1983 2955 2348 3025 mysterium,
2416 2952 2751 3006 humilitatis
2799 2952 3024 3023 insigne
3077 2953 3180 3016 sit,
3229 2953 3395 3022 juxta
3457 2953 3609 3024 quod

1983 3048 2256 3118 scriptum
2286 3054 2370 3102 est
2398 3064 2410 3100 :
2443 3067 2470 3094 ‹‹
2503 3047 2564 3100 Si
2601 3061 2708 3115 ego
2739 3045 2843 3099 lavi
2885 3045 3052 3115 pedes
3090 3052 3306 3101 vestros
3338 3047 3612 3101 Dominus

1981 3145 2038 3196 et
2065 3141 2357 3211 magister,
2386 3143 2599 3212 quanto
2635 3139 2813 3209 magis
2844 3155 2943 3193 vos
2977 3138 3194 3194 debetis
3219 3140 3361 3194 alter
3385 3139 3612 3194 alterius

1982 3236 2154 3306 pedes
2185 3235 2375 3289 lavare
2407 3236 2612 3304 (Joan.,
2646 3247 2759 3300 xui,
2797 3232 2903 3300 14)!
2936 3253 2962 3286 »
2994 3232 3107 3287 Sed
3143 3233 3248 3288 hoc
3279 3232 3352 3287 ad
3380 3232 3609 3286 humili-

1981 3334 2158 3383 tatem
2181 3327 2448 3398 pertinet.
2478 3328 2767 3390 Quantum
2789 3342 2926 3380 vero
2953 3325 3027 3379 ad
3056 3326 3411 3396 mysterium,
3436 3325 3614 3396 pedes

1982 3422 2148 3476 debet
2193 3421 2382 3476 lavare
2434 3437 2592 3487 suos,
2641 3419 2737 3490 qui
2789 3419 2904 3472 vult
2955 3423 3175 3489 partem
3221 3419 3430 3474 habere
3480 3435 3611 3473 cum

1983 3514 2205 3569 Christo
2237 3532 2249 3568 :
2286 3535 2312 3563 (ι
2359 3514 2414 3568 Si
2449 3515 2604 3568 enim
2641 3529 2752 3566 non
2792 3512 3000 3578 lavero,
3038 3512 3244 3582 inquit,
3278 3512 3378 3565 tibi
3419 3512 3612 3582 pedes,

1982 3624 2094 3662 non
2131 3606 2365 3660 habebis
2405 3610 2622 3676 partem
2673 3621 2897 3658 mecum
2930 3605 3108 3668 (Ibid.,
3153 3605 3227 3668 8).
3270 3627 3295 3653 ››
3323 3607 3465 3660 Cum
3505 3604 3615 3659 hoc

1983 3703 2146 3754 Petro
2202 3699 2426 3764 dicitur,
2479 3699 2614 3768 quid
2660 3698 2728 3751 de
2779 3696 2938 3750 nobis
2978 3697 3282 3750 censetur?
3327 3697 3434 3760 Qui
3481 3696 3615 3751 lavit

1984 3793 2161 3863 igitur
2198 3792 2392 3863 pedes,
2429 3807 2542 3845 non
2587 3805 2816 3845 necesse
2845 3789 3021 3844 habet
3059 3790 3264 3843 iterum
3303 3790 3524 3856 lavare;
3559 3795 3615 3842 et

1982 3885 2112 3940 ideo
2142 3887 2341 3939 caveat
2370 3901 2442 3938 ne
2475 3882 2735 3954 inquinet
2763 3898 2880 3937 eos.

2055 4011 2140 4063 32.
2198 4009 2263 4061 Et
2314 4007 2459 4062 bene
2515 4010 2709 4059 sancta
2749 4006 2999 4059 Ecclesia
3045 4005 3179 4058 dicit
3219 4021 3232 4057 :
3274 4005 3409 4058 Lavi
3453 4003 3610 4073 pedes

1984 4117 2155 4166 meos;
2197 4117 2308 4154 non
2349 4099 2502 4167 dicit,
2542 4097 2834 4168 quomodo
2876 4097 3083 4151 iterum
3119 4096 3318 4150 lavabo
3365 4111 3484 4164 eos,
3515 4096 3610 4149 sed

1984 4194 2246 4265 quomodo
2290 4195 2489 4246 iterum
2536 4190 2837 4260 inquinabo
2881 4191 3014 4244 eos?
3059 4189 3229 4253 Quasi
3279 4188 3450 4242 oblita
3496 4203 3613 4242 ma-

1984 4289 2124 4342 culae
2165 4287 2389 4352 veteris,
2431 4284 2604 4339 oblita
2637 4283 2905 4354 contagii,
2935 4282 3210 4337 admonet
3247 4281 3532 4352 quomodo
3559 4283 3622 4336 in

1987 4381 2305 4434 ministerio
2361 4377 2642 4449 corporali
2692 4375 2979 4447 spirituale
3025 4375 3337 4430 debeamus
3385 4380 3613 4427 actuum

247 4483 482 4537 induam
529 4483 728 4536 illam?
782 4483 902 4536 Non
961 4482 1199 4553 requirit
1253 4485 1316 4535 ut
1367 4481 1596 4548 induat;
1654 4482 1749 4535 sed
1808 4476 2306 4548 itaDnostrorum
2365 4473 2585 4528 diluere
2639 4469 2961 4541 vestigium.
3017 4471 3212 4539 Itaque
3264 4469 3437 4541 pedes
3484 4485 3614 4524 cum

251 4577 537 4647 signiﬁcat
581 4577 885 4646 abjectam,
939 4580 1004 4630 ut
1047 4576 1172 4646 jam
1222 4575 1558 4630 indumento
1605 4576 1708 4629 sibi
1764 4591 1884 4628 esse

256 4687 367 4724 non
403 4674 618 4740 posset.

325 4767 412 4819 29.
466 4765 634 4829 (Vers.
684 4766 760 4831 3.)
802 4765 935 4819 Lavi
973 4764 1136 4833 pedes
1184 4778 1344 4824 meos,
1396 4763 1656 4830 quomodo
1700 4765 1882 4831 inqui-

253 4859 391 4912 nabo
437 4857 601 4911 illos?
644 4858 755 4911 Hoc
787 4862 889 4920 est,
932 4857 1167 4928 vestigia
1207 4872 1328 4910 mea
1374 4856 1506 4921 lavi,
1539 4855 1674 4910 dum
1721 4871 1882 4926 egre-

256 4951 445 5018 derer,
475 4967 540 5004 ac
567 4966 657 5004 me
684 4951 969 5005 elevarem
1005 4950 1074 5004 de
1107 4949 1356 5020 corporis
1387 4948 1785 5016 contubernio,
1817 4948 1886 5001 de

255 5045 345 5099 illa
383 5044 743 5099 connexione
778 5049 834 5099 et
860 5043 1249 5098 familiaritate
1289 5041 1528 5097 carnalis
1554 5043 1882 5112 amplexus;

259 5138 544 5207 quomodo
581 5138 893 5209 inquinabo
935 5153 1018 5204 ea,
1060 5144 1124 5192 ut
1167 5137 1228 5192 in
1259 5137 1509 5208 corporis
1551 5137 1884 5203 claustrum,

261 5237 313 5286 et
349 5232 516 5285 illum
547 5231 918 5286 tenebrosum
955 5232 1284 5302 passionum
1316 5232 1437 5301 ejus
1471 5245 1759 5285 carcerem
1791 5246 1884 5283 re-

262 5327 483 5381 vertar?
523 5325 615 5381 Sic
659 5326 948 5396 passiones
991 5326 1324 5397 sepelimus,
1357 5325 1401 5378 si
1447 5341 1674 5378 crucem
1719 5322 1888 5394 hujus

262 5420 509 5491 corporis
542 5435 659 5474 non
703 5419 1068 5487 resolvamus,
1113 5420 1157 5474 si
1195 5419 1645 5490 chirographum
1673 5417 1889 5488 peccati

263 5515 407 5583 quod
451 5513 703 5568 deletum
749 5517 862 5583 est,
901 5513 957 5568 in
1003 5529 1170 5568 cruce
1214 5513 1424 5568 Christi
1462 5527 1575 5566 non
1620 5509 1892 5564 rescriba-

267 5622 403 5674 mus,
438 5607 482 5660 si
529 5606 732 5662 veteris
777 5607 1024 5662 hominis
1069 5606 1340 5661 amictum
1388 5621 1560 5676 quem
1606 5603 1886 5669 exuimus,

323 5731 417 5791 724)
447 5730 562 5780 Lib.
595 5730 657 5780 de
692 5730 1024 5795 Virginitate,
1054 5743 1174 5794 cap.
1209 5731 1286 5790 t0,
1313 5741 1467 5778 num.
1497 5729 1574 5778 55.

320 5802 419 5862 (25)
451 5800 562 5850 Lib.
603 5800 664 5851 de
696 5803 861 5862 Isaac,
895 5813 1012 5864 cap.
1037 5802 1086 5860 6,
1115 5813 1268 5850 num.
1297 5799 1376 5850 52.

1985 4568 2160 4622 semel
2225 4567 2423 4621 laveris
2485 4565 2683 4620 interni
2736 4563 2906 4617 fontis
2956 4563 3196 4632 irriguo,
3249 4567 3305 4616 et
3358 4563 3614 4632 mysterii

1986 4661 2348 4716 mundaveris
2403 4660 2791 4721 sacramento,
2848 4671 2984 4710 cave
3046 4655 3253 4710 iterum
3321 4671 3613 4726 corporea-

1985 4753 2314 4827 cupiditatis
2370 4753 2650 4819 illuviem,
2709 4767 2781 4804 ne
2846 4749 3104 4804 lutulenti
3162 4753 3321 4804 actus
3371 4749 3617 4803 terrenis

1986 4848 2246 4903 sordibus
2291 4847 2687 4916 inquinentur.
2740 4844 2834 4898 Isti
2873 4848 3008 4897 sunt
3043 4844 3221 4913 pedes
3263 4859 3407 4914 quos
3447 4841 3615 4896 David

1987 4941 2118 4996 lavit
2159 4941 2215 4994 in
2261 4939 2486 5010 spiritu,
2534 4937 2633 5009 qui
2685 4942 2737 4991 te
2783 4937 2948 4991 docet
2990 4935 3477 5007 quemadmodum
3521 4948 3617 4988 eos

1987 5034 2289 5106 inquinare
2316 5049 2427 5086 non
2455 5032 2654 5103 possis,
2685 5031 2880 5084 dicens
2907 5047 2919 5084 :
2954 5050 2974 5080 ι
3009 5031 3231 5084 Stantes
3260 5032 3420 5082 erant
3445 5026 3617 5097 pedes

1989 5129 2188 5194 nostri,
2238 5127 2296 5180 in
2349 5127 2508 5180 atriis
2556 5125 2666 5178 tuis
2704 5124 3012 5178 Jerusalem
3055 5123 3220 5190 (Psal.
3272 5135 3416 5187 cxxn,
3465 5122 3532 5184 '2).
3590 5145 3612 5165 η

1987 5223 2193 5292 Utique
2224 5221 2314 5274 hic
2344 5236 2455 5273 non
2482 5218 2755 5288 corporis,
2785 5216 2882 5269 sed
2916 5215 3095 5269 animi
3125 5213 3383 5284 intellige
3411 5213 3613 5284 pedes;

1987 5313 2284 5388 quomodo
2317 5313 2472 5366 enim
2501 5318 2759 5366 terrenus
2787 5310 2962 5363 homo
2991 5309 3046 5362 in
3073 5307 3212 5361 coelo
3241 5305 3478 5361 haberet
3498 5320 3617 5360 cor-

1989 5409 2140 5481 poris
2173 5406 2386 5479 pedes?
2423 5406 2756 5468 Jerusalem,
2803 5403 2945 5457 sicut
2985 5402 3190 5456 Paulus
3231 5404 3284 5454 te
3319 5399 3527 5465 docuit,
3560 5400 3620 5454 in

1990 5504 2130 5558 caelo
2159 5505 2274 5568 est;
2304 5505 2362 5556 et
2391 5499 2546 5554 idem
2575 5505 2629 5550 te
2657 5497 2852 5552 docuit
2880 5493 3366 5566 quemadmodum
3395 5492 3453 5545 in
3480 5490 3621 5547 calo

1991 5601 2138 5652 stare
2167 5595 2364 5667 possis,
2393 5610 2522 5649 cum
2551 5592 2687 5646 dicit
2717 5607 2729 5644 :
2765 5612 2789 5641 α
2824 5590 3023 5644 Nostra
3051 5590 3241 5642 autem
3271 5585 3620 5640 conversatio

2051 5719 2150 5781 (26)
2175 5716 2326 5783 Apol.
2353 5715 2387 5766 2
2412 5713 2608 5770 David,
2637 5725 2758 5776 cap.
2789 5713 2842 5770 9,
2869 5724 3020 5761 num.
3053 5711 3116 5761 45
3137 5709 3193 5760 in
3358 5711 3410 5758 et
3434 5705 3515 5760 46.

2053 5779 2152 5854 (27)
2177 5779 2295 5841 Lib.
2321 5787 2385 5840 de
2419 5785 2753 5850 Virginitate,
2781 5797 2901 5848 cap.
2938 5783 3008 5846 ιο,
3036 5793 3190 5832 num.
3213 5779 3290 5831 57.
