4000 6166
174 251 277 308 2025

173 380 258 441 tur,
298 385 413 424 cum
449 367 535 422 diu
579 364 797 419 dormis
842 383 854 419 :

170 464 376 519 oratione
412 477 557 516 vacas
593 476 606 514 :
640 459 862 515 tardare
910 459 1154 527 videtur,
1203 477 1331 516 cum
1375 476 1565 515 vocem
1616 476 1729 514 non

169 558 341 613 excites
358 554 584 627 psalmis.
608 552 896 608 Primitias
915 553 1240 625 vigiliarum
1265 561 1490 609 tuarum
1509 555 1729 611 Christo

168 652 331 718 dicato,
367 647 627 720 primitias
670 652 898 702 actuum
946 653 1177 703 tuorum
1215 647 1436 703 Christo
1475 648 1727 703 immota.

218 746 288 800 to.
314 742 466 814 (Vere.
495 741 564 812 5.)
589 740 698 811 (34)
722 740 956 797 Sui-remi
989 758 1083 812 ego
1124 745 1336 813 aperire
1374 744 1550 810 fratri
1580 758 1728 807 meo;

161 852 315 892 manus
331 852 443 890 mea
460 836 865 891 distillaverunt
883 837 1181 906 myrrham,
1201 837 1366 904 digiti
1386 839 1491 891 mei
1508 838 1733 905 myrrha

157 932 280 1001 pleni
304 935 416 984 sunt
447 944 598 999 super
632 945 824 985 manus
861 931 1148 985 cluusurze.
1182 929 1328 993 Quid
1365 929 1471 984 hoc
1508 929 1729 1001 signiﬁ-

159 1027 242 1089 cet,
272 1022 685 1077 consideremus.
725 1023 980 1077 Primum
1023 1024 1290 1094 operibus
1332 1024 1447 1077 suis
1491 1024 1728 1090 videtur,

160 1124 205 1171 ut
232 1118 347 1177 dixi,
381 1118 514 1171 Deus
544 1117 777 1171 verbum
822 1125 1090 1188 tanquam
1126 1134 1228 1188 per
1256 1134 1580 1185 cavernam,
1616 1134 1731 1172 non

159 1214 290 1281 plene
335 1215 493 1281 atque
548 1212 829 1281 perfecte;
887 1210 1096 1265 deinde
1154 1215 1400 1281 augetur
1450 1228 1613 1265 amor
1674 1218 1731 1264 et

157 1309 438 1375 conspectus
475 1304 763 1369 adolescit,
793 1310 965 1376 atque
994 1321 1063 1359 ex
1096 1305 1409 1359 seminibus
1446 1305 1567 1375 ejus
1604 1321 1731 1376 quia

153 1399 360 1469 quodam
398 1401 553 1452 utero
588 1398 925 1469 intelligibili
960 1400 1274 1469 susceperit
1311 1398 1521 1464 anima,
1555 1403 1728 1453 totam

154 1491 515 1560 plenitudinem
547 1491 856 1546 divinitatis
886 1492 1005 1561 ejus
1036 1491 1393 1547 habitantem
1422 1491 1479 1545 in
1513 1508 1580 1546 eo
1609 1509 1727 1545 cor-

152 1584 393 1655 poraliter,
425 1590 481 1639 ut
516 1585 782 1656 legimus,
810 1585 1002 1640 videre
1034 1585 1339 1641 desiderat.
1378 1586 1635 1641 Surrexit
1672 1590 1734 1639 ut

151 1678 340 1750 propius
374 1678 506 1733 illud
554 1678 654 1734 Dei
702 1679 947 1734 Verbum
988 1678 1227 1746 videret,
1267 1685 1323 1733 et
1364 1679 1426 1733 in
1461 1680 1569 1734 hoc
1612 1680 1731 1750 ipso

1135 244 1177 298 Ε
1216 242 1517 299 SCRIPTIS
1660 244 1975 299 AMBROSII
2016 244 2428 300 C(lldiECTUS.

904 366 1134 421 tardare
1183 368 1424 435 videtur,
1478 383 1605 420 cum
1658 368 1728 421 ab
1756 384 1810 451 Α
1834 365 1957 435 ejus
1998 383 2111 421 non
2148 374 2311 421 erant
2345 367 2495 422 vitiis
2536 373 2591 423 et
2621 369 2964 423 confusione.
2997 371 3137 424 Nam
3170 372 3462 441 quomodo

3328 250 3466 303 2026

1833 463 1995 513 erant
2027 460 2082 514 in
2111 461 2204 514 illa
2225 460 2557 517 confusione
2585 461 2876 529 vitiorum,
2903 461 3001 539 qui
3030 460 3243 518 flebant
3268 481 3463 539 geren-

1832 557 1915 608 tes
1951 554 2373 624 poenitentiam,
2401 556 2554 626 quod
2597 555 2666 610 de
2708 571 2836 610 arca
2873 555 3187 611 devotionis
3216 573 3281 611 ac
3310 558 3463 625 ﬁdei,

1835 650 1892 700 et
1923 647 2141 702 virtutis
2170 653 2420 719 paterna;
2446 648 2669 703 meritis
2701 649 3079 705 excidissent?
3111 650 3248 714 Quae
3276 654 3466 707 autem

1836 742 1889 794 iu
1923 741 2094 795 verbo
2124 742 2238 797 exit
2264 743 2478 811 anima,
2513 743 2759 797 Verbum
2796 743 3061 816 requirit;
3095 743 3243 799 unde
3274 750 3330 799 et
3366 745 3471 800 ista

1835 833 1973 889 dum
2002 841 2308 907 quareret,
2342 836 2541 891 incidit
2579 837 2636 891 in
2674 837 2940 892 custodes
2982 838 3079 909 qui
3119 838 3473 893 circumeunt

1833 927 2148 983 civitatem.

1912 1023 1991 1076 t3.
2027 1024 2199 1089 (Vers.
2236 1028 2311 1091 7.)
2340 1024 2447 1093 (35)
2478 1026 2809 1079 Invenerunt
2836 1042 2918 1080 me
2948 1027 3194 1081 custodes
3225 1029 3321 1096 qui
3360 1030 3467 1079 cir-

1832 1123 2086 1170 cumeunt
2115 1118 2409 1180 civitatem,
2440 1125 2821 1187 percusserunt
2846 1136 2946 1182 me,
2976 1126 3025 1174 et
3050 1122 3471 1175 vulneraverunt

1833 1225 1940 1275 me,
1975 1216 2024 1263 et
2064 1211 2305 1265 tulerunt
2339 1212 2573 1281 pallium
2622 1228 2799 1267 meum
2828 1231 2861 1267 α
2894 1229 2974 1268 me
3013 1215 3252 1269 custodes
3288 1230 3468 1268 muro-
3547 1222 3550 1224 ‘

1832 1319 1970 1357 rum.
2002 1304 2147 1358 Bene
2179 1304 2412 1375 quidem
2453 1306 2613 1377 quasi
2651 1322 2853 1376 sponsa
2883 1308 3145 1361 veniebat
3182 1325 3309 1361 cum
3346 1310 3466 1378 pal-

1838 1397 1932 1462 lio,
1960 1413 2073 1468 quo
2102 1398 2425 1452 obnuberet
2451 1404 2618 1470 caput
2642 1416 2828 1466 suum,
2857 1416 2986 1453 cum
3020 1418 3257 1471 sponsus
3282 1418 3469 1455 occur-

1834 1496 2021 1559 reret;
2052 1491 2196 1545 sicut
2236 1491 2507 1558 Rebecca,
2547 1508 2673 1562 quae
2712 1494 2943 1563 cognito
2986 1494 3142 1563 quod
3173 1496 3325 1549 Isaac
3364 1496 3466 1549 sibi

1836 1584 2049 1638 veniret
2092 1584 2309 1647 obvius,
2353 1585 2643 1641 descendit
2686 1586 2754 1640 de
2805 1586 3039 1654 camelo,
3087 1592 3144 1642 et
3187 1587 3358 1659 pallio
3411 1606 3468 1642 se

1835 1679 2087 1748 operuit;
2123 1679 2194 1732 ita
2228 1682 2281 1731 et
2317 1680 2433 1733 haec
2470 1680 2681 1747 anima,
2715 1680 2985 1751 nuptialis
3018 1680 3184 1734 vestis
3218 1682 3467 1751 premit-

149 1787 402 1842 processus
433 1773 555 1843 ejus
585 1772 956 1844 signiﬁcatur,
987 1773 1140 1844 quod
1177 1774 1420 1827 surrexit
1444 1789 1546 1844 per
1575 1773 1731 1843 vigo-
1754 1749 1812 1819 Β
1839 1770 1995 1825 tebat
2043 1771 2305 1842 insignia,
2358 1789 2425 1826 ne
2468 1773 2613 1827 forte
2662 1773 2993 1844 rejiceretur
3041 1776 3202 1845 quasi
3252 1779 3463 1829 vestem

152 1881 243 1918 rem
276 1871 436 1936 atque
476 1865 772 1933 virtutem;
805 1866 1109 1937 praesentia
1150 1864 1302 1920 enim
1346 1866 1511 1921 Verbi
1550 1866 1735 1920 hausit

144 1958 313 2011 animae
341 1958 631 2026 virtutem,
662 1959 805 2014 sicut
841 1959 1149 2029 praesentia
1187 1959 1372 2014 Mariae
1409 1974 1539 2013 cum
1576 1964 1741 2012 utero‘

148 2050 294 2119 gravis
329 2055 490 2118 esset,
533 2051 783 2107 erudivit
824 2052 1109 2107 Joannem
1148 2052 1204 2105 in
1252 2055 1416 2106 utero
1460 2052 1732 2106 constitu-

145 2149 267 2213 tam;
314 2143 451 2198 adeo
507 2149 571 2199 ut
629 2145 883 2200 exsiliret
933 2162 1003 2200 ex
1069 2148 1232 2200 utero
1287 2150 1339 2197 et
1399 2145 1733 2211 exsultaret,

146 2236 328 2291 Domini
356 2238 719 2309 praesentiam
762 2254 1199 2310 recognoscens.

193 2331 268 2385 41.
295 2333 541 2387 Surrexit
572 2332 820 2402 aperire,
850 2339 906 2386 et
933 2349 1108 2402 opera
1140 2333 1263 2403 ejus
1301 2338 1354 2386 et.
1392 2332 1541 2387 facta
1580 2349 1733 2387 mor-

144 2422 312 2478 tiﬁcata
345 2432 474 2482 sunt
504 2425 744 2480 mundo.
778 2426 926 2480 Talis
966 2426 1117 2481 enim
1159 2425 1328 2481 debet
1371 2442 1492 2481 esse
1523 2426 1734 2491 anima,

140 2531 240 2587 quae
269 2517 496 2573 Verbum
533 2523 625 2574 est
657 2523 974 2590 receptura,
1008 2523 1069 2572 ut
1107 2518 1385 2574 moriatur
1415 2518 1650 2585 mundo,
1683 2524 1735 2573 et

141 2611 513 2682 consepeliatur
560 2613 620 2667 in
664 2612 917 2679 Christo;
963 2613 1041 2666 sic
1090 2613 1245 2683 enim
1285 2613 1537 2667 Christus
1581 2613 1733 2666 inve-

141 2703 277 2770 nitur,
317 2711 371 2761 et
418 2708 527 2760 tale
575 2705 685 2761 sibi
733 2706 936 2778 quaerit
983 2706 1311 2777 hospitium.
1366 2706 1575 2761 Deinde
1621 2706 1739 2777 ipsa

138 2797 403 2854 ministeria
448 2799 877 2871 operationum,
927 2800 983 2855 id
1042 2802 1148 2861 est,
1195 2816 1399 2854 manus
1448 2806 1501 2853 et
1550 2799 1734 2871 digiti,

138 2891 306 2961 quibus
352 2894 875 2967 comprehenditur
927 2893 1211 2962 Christus,
1258 2893 1676 2948 mortiﬁcantnr
1721 2910 1733 2947 :

134 3001 243 3055 quos
280 2987 481 3060 digitos
524 2989 691 3043 velut
735 2987 1046 3042 eminentia
1090 2987 1370 3042 factorum
1413 2990 1737 3042 nostrorum

1838 1880 1953 1920 non
1978 1865 2197 1919 habens
2221 1866 2568 1937 nuptialem;
2598 1868 2678 1922 vel
2713 1872 2775 1923 ut
2800 1871 2969 1938 caput
2996 1868 3207 1921 velaret
3238 1875 3471 1939 propter

1838 1960 2089 2029 angelos.
2121 1958 2232 2013 Sed
2267 1958 2343 2013 illi
2374 1964 2775 2030 percusserunt
2802 1976 2947 2029 eam,
2982 1966 3041 2015 ut
3067 1961 3316 2033 amplius
3348 1978 3476 2033 pro-

1837 2051 2095 2119 baretur;
2158 2058 2501 2107 exercentur
2558 2053 2712 2109 enim
2769 2054 2979 2109 animm
3038 2055 3475 2111 tentationibus.

1836 2146 2113 2200 Tulerunt
2148 2147 2198 2201 ei
2231 2147 2485 2217 pallium,
2521 2153 2839 2218 quaerentes
2882 2147 2926 2202 si
2964 2164 3164 2203 verum
3203 2150 3474 2205 decorem

1838 2239 2006 2293 nudae
2050 2239 2269 2294 virtutis
2316 2240 2563 2308 afferret,
2609 2242 2690 2295 vel
2738 2241 2873 2312 quia
2915 2241 3038 2296 sine
3074 2242 3473 2314 integumento

1837 2334 1964 2403 quis
2006 2333 2065 2387 in
2108 2334 2261 2387 illam
2306 2334 2606 2389 ccclestem'
2637 2334 2925 2390 civitatem
2971 2334 3174 2391 debeat
3213 2336 3474 2401 introire,

1842 2426 1995 2480 nulla
2043 2428 2301 2482 deferens
2352 2443 2543 2482 secum
2598 2429 2957 2499 operimenta
3008 2428 3285 2484 fucorum.
3331 2430 3474 2484 Sunt

1839 2519 2008 2575 etiam
2047 2521 2144 2592 qui
2185 2520 2493 2592 requirant,
2534 2537 2603 2574 ne
2638 2537 2753 2592 qua
2793 2521 2982 2575 anima
3019 2522 3246 2576 exuvias
3280 2538 3473 2578 secum

1837 2613 2003 2668 vehat
2034 2613 2273 2668 carnalis
2309 2614 2611 2681 illecebrte,
2640 2619 2696 2669 et
2720 2614 3232 2685 concupiscentiam
3269 2632 3473 2687 corpo-

1841 2707 2035 2761 ralem.
2074 2707 2330 2762 Nudatur
2365 2708 2555 2778 pallio,
2589 2723 2720 2762 cum
2748 2708 2870 2779 ejus
2900 2708 3252 2763 conscientia
3285 2712 3473 2766 mani-

1838 2801 2090 2855 festatur.
2117 2800 2222 2856 Sed
2253 2806 2337 2855 est
2363 2818 2489 2873 quae
2518 2801 2660 2855 bene
2688 2801 2954 2868 nudatur,
2983 2801 3070 2856 cui
3100 2803 3229 2857 licet
3256 2803 3473 2858 imitari

1840 2893 2120 2948 dicentem
2160 2912 2171 2948 :
2208 2916 2234 2942 ‹‹
2268 2896 2429 2949 Venit
2465 2894 2620 2949 enim
2655 2894 2921 2965 princeps
2957 2896 3126 2966 hujus
3167 2896 3386 2965 mundi,
3418 2902 3481 2952 et

1840 2988 1897 3043 in
1938 3004 2030 3043 me
2066 2988 2281 3043 invenit
2305 2988 2450 3043 nihil
2484 2990 2683 3059 (luam,
2720 3005 2828 3055 xlv,
2858 2989 2969 3059 30),
3007 3012 3032 3037 ››
3064 2991 3199 3061 quia
3227 2994 3382 3045 certe
3411 2991 3473 3045 in

136 3093 274 3148 opera
310 3079 573 3155 1597
622 3097 921 3153 possumus
958 3080 1265 3135 aestimare.
1296 3081 1488 3151 Itaque
1528 3080 1678 3136 velut
1707 3098 1737 3136 e
1759 3114 1814 3187 Ο
1842 3082 1940 3137 illo
1968 3083 2087 3137 solo
2118 3082 2259 3136 nihil
2291 3082 2528 3150 invenit,
2556 3082 2652 3155 qui
2686 3087 2978 3152 peccatum
3008 3100 3123 3139 non
3153 3085 3309 3139 fecit.

132 3175 383 3245 complexu
433 3192 543 3231 suo
607 3192 736 3229 cum
792 3176 911 3245 jam
962 3174 1294 3229 extenderet
1355 3174 1739 3245 intelligibiles

132 3280 299 3321 manus
325 3285 451 3324 suas
476 3274 545 3324 et
578 3268 805 3340 digitos,
834 3275 896 3323 ut
926 3266 1441 3339 comprehenderet
1469 3267 1737 3335 Verbum,

26 3378 29 3379 ν
130 3361 354 3417 transisse
390 3361 506 3419 sibi
553 3362 714 3430 illud,
754 3377 867 3416 non
906 3367 1099 3416 tamen
1142 3360 1332 3415 adhuc
1370 3361 1739 3433 pertransisse

26 3458 29 3459 '
132 3454 290 3507 anima
314 3456 405 3527 pia
432 3457 603 3512 dicit.
638 3456 704 3510 Et
731 3455 884 3510 hunc
920 3471 1248 3526 processum
1287 3454 1476 3523 habet,
1506 3455 1738 3527 quando

132 3549 297 3603 transit
354 3554 411 3605 et
468 3549 786 3622 pertransit
836 3548 1087 3603 animam
1140 3547 1383 3602 Verbum
1439 3548 1554 3615 Dei,
1606 3548 1739 3620 quia

132 3640 363 3713 scriptum
401 3649 539 3699 est:
578 3666 604 3691 ‹‹
634 3644 701 3698 Et
730 3649 886 3697 tuam
925 3643 1102 3713 ipsius
1140 3642 1391 3697 animam
1431 3643 1736 3713 pertransi-

126 3730 191 3787 bit
219 3736 453 3807 gladius,
486 3744 564 3792 ut
592 3737 917 3792 revelantur
948 3737 1263 3791 multorum
1299 3735 1550 3790 cordium
1584 3737 1737 3806 cogi-

130 3828 335 3884 tationes
373 3834 561 3900 (Luc..
607 3847 664 3896 n,
698 3834 808 3901 35).
844 3853 870 3879 ››
904 3829 1041 3885 Hinc
1077 3831 1261 3885 adhuc
1303 3830 1593 3897 transitur,
1624 3845 1740 3885 non

127 3926 507 3995 pertransitur;
580 3928 641 3978 ut
695 3924 750 3979 in
802 3924 971 3979 Maria
1026 3925 1081 3977 in
1135 3923 1541 3995 posterioribus
1593 3925 1740 3980 forte

126 4019 495 4087 pertransitur,
538 4018 639 4073 ubi
685 4022 961 4088 tanquam
1010 4018 1366 4088 signaculum
1411 4016 1645 4088 ponitur
1684 4019 1742 4073 in

125 4109 282 4164 medio
312 4114 439 4183 ejus
464 4111 749 4167 Dominus
773 4112 954 4167 Jesus.

186 4205 255 4258 i2.
299 4206 573 4279 Denique
625 4205 818 4260 statim
873 4204 1015 4259 alius
1062 4204 1346 4275 profectus
1396 4206 1559 4260 Verbi
1615 4222 1738 4277 per-

125 4302 469 4371 transeuntis,
502 4301 647 4373 quia
681 4299 855 4356 exivit
893 4298 1083 4353 anima
1123 4298 1181 4353 in
1223 4299 1405 4354 Verbo
1445 4299 1596 4371 ejus;
1636 4300 1743 4355 hoc

127 4394 212 4454 est,
237 4393 487 4449 Verbum
528 4394 653 4465 ejus
685 4396 877 4449 secuta
917 4392 1087 4447 exivit
1118 4393 1187 4448 de
1223 4408 1479 4464 corpore,
1515 4394 1744 4449 elevans

1910 3176 1997 3231 44.
2031 3177 2200 3230 Beata
2236 3180 2293 3229 et
2328 3177 2425 3231 illa
2454 3180 2539 3231 est
2577 3176 2634 3231 in
2662 3192 2774 3248 qua
2804 3192 2917 3231 non
2950 3178 3140 3248 gravia
3166 3184 3267 3233 aut
3296 3180 3475 3235 multa

1839 3269 2073 3339 invenit,
2103 3271 2200 3325 sed
2239 3269 2449 3325 invenit
2484 3270 2543 3324 in
2582 3287 2647 3325 ea
2685 3271 2954 3325 amictum
2995 3270 3121 3326 lidei
3165 3277 3221 3326 et
3250 3274 3472 3344 sapien-

1842 3364 1930 3419 tia:
1969 3363 2352 3435 disciplinam.
2384 3365 2577 3436 Itaque
2617 3364 2736 3419 sine
2779 3364 3075 3435 dispendio
3109 3365 3193 3419 sui
3225 3365 3383 3437 (quia
3421 3374 3479 3422 et

1842 3458 1884 3512 si
1915 3458 2065 3513 volet
2098 3458 2246 3529 quis,
2276 3474 2391 3512 non
2433 3460 2620 3528 potest
2642 3458 2867 3513 auferre
2896 3474 3088 3512 veram
3115 3458 3477 3529 sapientiam)

1841 3552 1940 3606 etsi
1987 3550 2343 3605 adversarius
2378 3550 2687 3621 obstrepat,
2718 3550 2815 3605 ubi
2849 3554 3038 3606 tamen
3072 3567 3203 3605 vera
3227 3552 3478 3609 innoxie

1842 3644 2284 3700 conversationis
2315 3644 2497 3699 elucet
2535 3643 2857 3714 integritas,
2898 3645 3157 3699 transivit
3193 3647 3473 3715 custodes,

1843 3746 1899 3793 et
1934 3738 2155 3794 filiabus
2191 3738 2341 3793 illius
2378 3737 2620 3792 caelestis
2659 3737 2900 3791 civitatis
2938 3737 3200 3803 admista,
3232 3739 3475 3794 Verbum

1844 3832 2101 3904 requirit,
2129 3837 2181 3887 et
2212 3831 2522 3903 quaerendo
2553 3832 2675 3902 ejus
2702 3831 2757 3884 in
2791 3848 2849 3886 se
2883 3830 3090 3886 excitat
3116 3831 3473 3898 charitatem,

1842 3933 1901 3982 et
1940 3926 2037 3981 ubi
2081 3926 2327 3980 Verbum
2372 3929 2605 3996 quaerat,
2641 3924 2917 3996 agnoscit.
2954 3924 3064 3995 (36)
3106 3925 3221 3979 Νοη
3267 3925 3488 3997 injuria,

1844 4020 2243 4076 tantummodo
2288 4022 2372 4075 est
2407 4035 2523 4075 non
2563 4019 2848 4073 invenisse
2889 4035 3060 4089 quem
3098 4034 3337 4089 quazras,
3376 4020 3477 4073 sed

1845 4115 2012 4169 etiam
2070 4115 2403 4185 plerumque
2450 4112 2544 4166 ubi
2590 4128 2705 4166 non
2748 4115 2990 4183 oportet,
3037 4112 3301 4183 quaesisse
3348 4112 3473 4167 vul-

1844 4225 1951 4263 nus
2000 4212 2085 4262 est
2132 4227 2145 4261 :
2194 4206 2464 4278 qtuesisse
2516 4207 2573 4259 in
2620 4205 2885 4260 domibus
2928 4206 3179 4261 virorum
3224 4207 3321 4278 qui
3369 4206 3477 4262 sibi

1846 4302 1982 4356 falso
2026 4317 2237 4356 nomen
2281 4301 2577 4355 doctorum
2621 4303 2936 4367 assumunt,
2969 4300 3238 4371 quesisse
3280 4316 3475 4371 proca-

1844 4396 1962 4451 cius
2007 4411 2181 4466 quam
2228 4392 2621 4449 verecundius.
2672 4394 2820 4464 Ergo
2865 4408 3167 4448 caveamus
3208 4396 3477 4463 exemplo

123 4499 169 4536 se
194 4484 258 4540 de
286 4488 414 4559 ejus
456 4488 813 4553 habitaculo,
842 4492 899 4541 et
935 4485 1300 4559 peregrinam
1339 4504 1397 4542 se
1436 4487 1647 4542 faciens
1671 4485 1823 4558 ei,D
1848 4489 2015 4559 illius,
2059 4506 2130 4543 ne
2176 4504 2277 4542 nos
2322 4486 2583 4542 custodes
2632 4486 2926 4541 inveniant
2973 4486 3072 4557 qui
3120 4485 3481 4542 circumeunt

128 4582 174 4630 ut
215 4581 435 4638 adesset
493 4584 632 4649 Deo,
680 4588 734 4636 et
791 4586 935 4637 esset
986 4580 1120 4635 civis
1171 4585 1517 4637 sanctorum.
1569 4582 1742 4637 Simul

121 4672 250 4728 enim
277 4680 332 4731 et
359 4677 563 4732 carnis
590 4674 886 4730 domestici
914 4681 970 4729 et
995 4675 1096 4729 Dei
1127 4690 1246 4729 esse
1273 4692 1385 4730 non
1423 4693 1742 4748 possumus.

124 4764 249 4837 Ergo
279 4769 336 4823 in
383 4771 503 4825 hoc
539 4771 662 4824 loco
698 4769 855 4825 exire
892 4768 1264 4839 signiﬁcatur,
1299 4772 1360 4823 ut
1389 4769 1528 4837 dixi,
1556 4770 1746 4824 anima

121 4861 327 4929 quando
356 4862 602 4919 abducit
625 4880 683 4919 se
713 4880 746 4917 a
775 4861 1028 4934 corporis
1055 4862 1463 4933 voluptatibus.
1498 4864 1746 4934 Denique

121 4954 374 5025 scriptum
417 4962 513 5012 est
548 4975 562 5011 :
597 4978 623 5004 ‹‹
655 4957 756 5011 Exi
798 4956 867 5011 de
913 4955 1215 5027 Babylone,
1251 4956 1478 5028 fugiens
1513 4974 1544 5010 a
1581 4957 1744 5013 Chal-

120 5043 235 5104 daeis
276 5053 440 5121 (130.,
489 5067 679 5117 XLVIII,
725 5051 831 5121 20).
884 5072 911 5099 »
959 5050 1080 5105 Non
1130 5051 1325 5122 utique
1373 5057 1431 5104 ut
1484 5051 1750 5122 regiones

122 5138 403 5213 Babylonis
438 5145 715 5200 Hebraeus
739 5143 940 5214 fugiat,
968 5144 1068 5199 sed
1095 5160 1302 5212 mores,
1332 5148 1393 5199 ut
1420 5143 1751 5215 prophetico

122 5232 458 5295 admonetur
488 5238 776 5311 alloquio;
803 5237 1086 5309 siquidem
1118 5238 1229 5293 sint
1253 5239 1351 5310 qui
1379 5238 1438 5292 in
1468 5238 1748 5311 Babylone

123 5334 237 5383 sunt
257 5332 512 5401 Bebrmi,
535 5338 590 5387 et
615 5332 684 5388 de
712 5332 992 5403 Babylone
1014 5332 1191 5387 exisse
1214 5332 1464 5387 moribus
1486 5332 1745 5389 doceant.

122 5417 245 5479 Nam
292 5430 351 5481 et
392 5426 485 5483 illi
532 5425 599 5481 de
639 5427 847 5499 quibus
886 5426 1019 5482 dicit
1054 5427 1360 5497 Propheta,
1394 5428 1544 5498 quod
1586 5426 1750 5483 sede-

121 5512 241 5571 bant
280 5536 463 5591 super
506 5519 744 5575 ﬂumina
793 5519 1095 5591 Babylonis
1133 5519 1300 5590 (Psal.
1344 5536 1556 5588 cxxxvi,
1604 5521 1676 5593 1),
1726 5544 1751 5570 ν

122 5608 390 5669 sedebant
446 5614 687 5686 quidem
745 5614 802 5669 in
860 5614 1094 5683 regione
1151 5613 1489 5683 Babylonis,
1544 5615 1638 5668 sed
1695 5615 1753 5669 in

180 5777 271 5837 "35)
291 5779 403 5832 Ubi
432 5793 600 5844 supra
628 5787 1050 5846 consequenter.

361 5883 621 5945 PATROL.
670 5883 771 5945 XV
820 5884 997 5955 (XIV,
1052 5903 1185 5945 rans
1230 5884 1359 5945 11.).

1847 4584 2159 4638 civitatem.

1917 4679 2004 4731 45.
2052 4679 2392 4731 Invenerunt.
2445 4675 2651 4744 inquit,
2697 4690 2777 4728 me
2825 4674 3069 4728 custodes
3113 4677 3211 4744 qui
3255 4677 3478 4729 cireum-

1846 4776 1974 4825 eunt
2007 4772 2316 4835 civitatem;
2344 4774 2722 4837 percusserunt
2753 4773 2801 4821 et
2840 4768 3257 4822 vulneraverunt
3297 4784 3398 4833 me,
3430 4775 3483 4821 et

1850 4865 2092 4919 tulerunt
2126 4863 2358 4932 pallium
2386 4876 2558 4915 meum
2585 4879 2621 4915 α
2646 4877 2727 4915 me
2756 4862 2997 4916 custodes
3029 4876 3327 4916 murorum.
3360 4860 3481 4915 Non

1850 4960 1904 5012 in
1951 4976 2028 5017 se,
2070 4955 2222 5023 tiliae,
2266 4955 2365 5008 sed
2404 4955 2461 5009 in
2500 4954 2664 5009 nobis
2704 4954 3041 5009 vulneratur
3081 4954 3343 5008 Ecclesia.
3376 4954 3481 5007 Ca-

1849 5068 2081 5107 veamus
2133 5049 2309 5121 igitur
2355 5065 2426 5103 ne
2475 5049 2664 5120 lapsus
2712 5055 2923 5112 noster,
2974 5048 3172 5102 vulnus
3222 5046 3483 5113 Ecclesia

1852 5147 1966 5213 nat,
1999 5161 2071 5199 ne
2097 5143 2224 5216 quis
2254 5160 2283 5196 a
2313 5143 2476 5197 nobis
2504 5141 2737 5214 pallium
2767 5143 3007 5209 auferat,
3040 5142 3149 5195 hoc
3174 5147 3281 5207 est,
3309 5141 3480 5196 amic-

1855 5245 1976 5295 tum
2020 5237 2362 5310 prudentiae,
2405 5235 2634 5307 insigne
2683 5235 2998 5308 patientim,
3041 5251 3156 5304 quo
3208 5234 3487 5289 mollioris

1852 5332 2089 5389 ambitio
2140 5332 2309 5386 vestis
2358 5330 2587 5385 exuitur
2632 5346 2644 5384 :
2696 5352 2723 5379 ί(
2773 5328 2876 5392 Qui
2930 5328 3085 5382 enim
3136 5326 3489 5384 mollioribus

1854 5426 2104 5483 vestibus
2132 5425 2470 5491 induuntur,
2494 5424 2549 5479 in
2579 5421 2841 5478 domibus
2867 5437 3067 5493 regum
3092 5427 3219 5477 sunt
3242 5423 3485 5492 (Mutth..

1855 5539 1930 5591 ιι,
1969 5523 2045 5591 8).
2083 5542 2108 5573 ››
2147 5519 2317 5575 Nobis
2356 5523 2547 5573 autem
2596 5515 2828 5588 pallium
2869 5514 3026 5570 dedit
3062 5514 3339 5584 Christus,
3371 5531 3487 5588 quo

1856 5615 2137 5689 apostolos
2173 5630 2306 5670 suos
2350 5618 2405 5668 et
2448 5626 2651 5682 corpus
2692 5625 2858 5665 suum
2905 5609 3023 5681 ipse
3066 5608 3306 5677 vestivit,
3339 5611 3491 5682 quod

1920 5783 2019 5832 ’36‘
2042 5782 2159 5834 Lib.
2190 5782 2256 5834 de
2289 5779 2621 5844 Virginitatc,
2658 5793 2705 5827 c.
2744 5780 2819 5841 t0,
2851 5794 2902 5829 n.
2932 5781 3011 5830 57.

3185 5886 3257 5942 ut
