4072 6192
543 266 679 316 20°27

1680 265 2024 320 comem.
2073 265 2137 318 IN
2178 265 2462 321 CANTICA
2502 236 2766 319 CANTlC.

3734 270 3845 322 2028

544 386 792 456 denique
813 385 979 456 jubet
1006 392 1061 440 te
1088 388 1243 453 dare,
1266 388 1311 442 si
1341 389 1468 459 quis
1496 407 1527 442 ιι
1558 395 1609 442 te
1644 389 1899 443 tunicam
1929 389 2087 459 petit,
2117 396 2179 444 ut
2206 407 2257 474 Α
2352 389 2435 441 49.
2472 388 2719 441 Didicisti
2760 388 2975 455 lumen,
3015 385 3256 440 didicisti
3299 400 3552 449 murum;
3582 387 3715 440 disce
3744 405 3849 457 por-

545 478 799 533 dimittas
825 480 874 534 ei
903 484 961 534 et
988 480 1227 552 pallium
1258 480 1463 549 (Matt,
1496 499 1547 546 v,
1577 483 1697 553 40);
1729 482 1785 537 id
1815 487 1921 549 est,
1953 482 2178 553 insigne

548 572 922 644 philosophiae
951 578 1064 628 tum
1096 575 1298 643 tradas,
1329 578 1388 629 et
1423 576 1582 647 quasi
1613 576 1825 631 amictu
1856 575 2176 647 prudentia;

845 671 957 722 tum
993 685 1123 723 eum
1164 669 1259 739 qui
1303 675 1433 725 ante
1472 669 1660 725 nudus
1698 671 1902 736 fuerat,
1932 670 2175 725 circnm-

547 761 772 816 vestias.

617 855 705 909 46.
761 852 841 908 lbi
890 854 1086 926 igitur,
1140 856 1294 925 tiliae,
1344 858 1628 911 Christum
1682 873 2030 928 quaeramus,
2083 857 2180 913 ubi

549 947 758 1017 quaerit
786 948 1047 1017 Ecclesia,
1076 949 1135 1004 in
1161 950 1448 1004 montibus
1472 950 1605 1006 boni
1637 952 1847 1017 odoris,
1876 952 1973 1023 qui
2002 952 2180 1006 excel-

547 1055 737 1095 sorum
778 1040 1124 1097 sublimitate
1166 1042 1465 1110 factorum,
1504 1060 1729 1099 suavem
1772 1045 1899 1099 vitae
1938 1044 2175 1099 odorem

546 1150 650 1205 pro
702 1136 1037 1190 meritorum
1083 1135 1387 1191 verticibus
1431 1138 1701 1193 exhalant
1748 1140 1875 1209 (37).
1925 1140 2003 1193 Ea
2048 1155 2176 1209 quae

542 1228 837 1284 Christum
894 1228 1148 1300 requirit,
1196 1247 1308 1284 non
1357 1230 1526 1285 debet
1576 1248 1696 1285 esse
1741 1232 2010 1302 vulgaris,
2058 1248 2174 1286 non

547 1321 711 1377 debet
749 1338 868 1377 esse
909 1323 967 1376 in
1012 1323 1153 1389 foro,
1202 1340 1316 1378 non
1365 1324 1421 1378 in
1472 1324 1692 1395 plateis,
1740 1341 1871 1379 voce
1919 1325 2171 1395 querula,

548 1431 742 1485 gressu
786 1415 1023 1483 lubrica,
1064 1417 1242 1471 facilis
1287 1417 1466 1484 aditu,
1510 1418 1637 1471 vilis
1682 1426 1931 1489 aspectu.
1976 1420 2171 1474 Terre-

548 1524 685 1563 num
726 1508 827 1561 tibi
863 1510 1161 1579 Apostolus
1189 1511 1539 1565 consortium
1572 1516 1763 1583 negat,
1797 1520 1853 1567 et
1889 1514 2037 1567 ultra
2070 1530 2172 1568 na-

548 1610 686 1656 turte
729 1603 1141 1673 prOpemodum
1184 1604 1478 1673 terminos,
1518 1605 1619 1659 alis
1660 1605 1731 1659 ad
1768 1606 1970 1660 cmlum
2011 1607 2176 1662 docet

546 1695 891 1766 spiritalibus
916 1697 1277 1752 evolandum.
1306 1717 1331 1748 α
1364 1697 1502 1762 Quae
1530 1716 1753 1753 sursum
1787 1705 1935 1767 sunt,
1966 1699 2171 1772 inquit,

2281 486 2384 550 tas,
2427 481 2579 535 disce
2616 481 2890 535 custodes.
2929 503 2957 530 ‹‹
2991 479 3183 546 Habet,
3226 478 3430 549 inquit,
3463 481 3636 549 portas
3670 479 3853 535 duode-

2281 575 2413 643 cim,
2445 579 2501 629 et
2536 575 2590 629 in
2630 575 2805 646 portis
2834 574 3067 645 angelos
3092 571 3414 639 duodecim,
3442 571 3495 626 in
3528 571 3714 642 quibus
3738 573 3854 627 duo-

2281 669 2462 725 decim
2516 669 2771 723 tribuum
2824 668 3077 722 ﬁliorum
3128 666 3296 720 Israel
3347 666 3708 737 superscripta
3752 669 3861 721 sunt

2281 763 2518 819 nomina
2545 764 2724 832 (lbid.,
2760 762 2866 832 l2).
2899 764 2960 817 ln
2994 760 3173 833 portis
3199 759 3635 831 patriarcharum
3664 760 3859 814 nomina

2280 857 2667 921 continentur,
2721 856 2779 910 in
2839 871 3002 910 muro
3057 852 3480 925 apostolorum;
3532 852 3863 907 fundamenta

2279 950 2432 1006 enim
2464 950 2725 1018 civitatis,
2762 948 3021 1022 apostoli,
3050 954 3105 1001 et
3132 947 3278 1019 lapis
3303 944 3585 1018 angularis
3612 950 3690 1000 est
3711 945 3863 1000 Chris-

2281 1048 2390 1113 tus,
2422 1044 2481 1098 in
2518 1061 2631 1116 quo
2666 1044 2851 1098 omnis
2890 1047 3177 1097 structura
3202 1041 3509 1111 consurgit.
3540 1039 3673 1093 Deus
3706 1046 3860 1106 extra,

2283 1139 2429 1193 Deus
2456 1138 2628 1205 intus,
2656 1140 2801 1193 Deus
2827 1137 3037 1207 ubique
3070 1140 3156 1190 est
3184 1152 3196 1189 :
3230 1154 3256 1185 «
3288 1133 3466 1188 Habet
3493 1132 3662 1201 enim,
3691 1132 3863 1203 inquit,

2278 1231 2468 1286 civitas
2513 1233 2864 1303 majestatcm
2914 1229 3007 1283 Dei
3049 1229 3232 1298 (Ibid..
3278 1226 3386 1297 Η).
3434 1248 3459 1276 ››
3502 1227 3641 1297 Ergo
3681 1229 3733 1279 et
3769 1241 3864 1295 vos,

2278 1328 2483 1380 sancta:
2514 1325 2782 1397 virgines,
2814 1330 2870 1379 et
2903 1322 3228 1395 quicunque
3254 1322 3392 1391 justi
3426 1319 3574 1382 estis,
3608 1323 3663 1373 et
3688 1319 3862 1374 imma-

2278 1419 2521 1473 culatam
2555 1417 2765 1473 anima:
2800 1417 3003 1487 geritis
3038 1416 3371 1481 castitatem,
3399 1413 3544 1468 cives
3581 1414 3864 1467 sanctorum

2277 1512 2409 1568 estis
2443 1520 2499 1567 et
2531 1512 2827 1567 domestici
2870 1510 2991 1565 Dei.
3024 1510 3132 1565 Sed
3173 1512 3306 1564 tunc
3350 1507 3694 1562 nobilitatem
3731 1508 3868 1560 istam

2278 1607 2472 1679 patria
2502 1605 2882 1677 possidebitis,
2913 1604 2959 1659 si
2982 1604 3269 1660 Christum
3296 1603 3449 1656 intra
3478 1599 3709 1655 civitatis
3732 1598 3868 1653 istius

2277 1706 2433 1772 septa
2468 1698 2755 1771 quaeratis,
2785 1698 3028 1768 ingressi
3058 1712 3163 1769 per
3198 1694 3378 1750 fidem
3403 1698 3667 1765 actusque
3694 1691 3867 1763 pretio-

547 1788 741 1860 sapite,
772 1805 888 1844 non
919 1806 1046 1861 qua:
1076 1805 1248 1861 super
1277 1796 1484 1845 terram
1518 1792 1757 1861 (Coloss.,
1791 1809 1868 1858 Ill,
1896 1794 1969 1863 '2).
2002 1816 2028 1843 ››
2065 1793 2175 1849 Sed
2198 1772 2252 1843 Β
2278 1810 2368 1848 sos
2406 1793 2858 1865 patriarcharum
2888 1790 3178 1847 clarificati
3211 1789 3452 1856 lumine,
3487 1786 3697 1842 fundati
3727 1801 3869 1855 super

546 1883 677 1953 quia
724 1882 831 1937 hoc
884 1883 1231 1954 impossibile
1281 1891 1401 1938 erat
1454 1886 1507 1939 iu
1561 1886 1668 1940 hoc
1718 1887 1974 1957 corporis
2026 1887 2177 1941 velut

545 1976 790 2031 claustro
856 1978 1115 2044 reclusis,
1170 1980 1228 2031 et
1283 1979 1414 2049 quia
1472 1977 1752 2034 defunctis
1808 1979 2172 2051 corporibus,

544 2069 733 2124 anima
775 2069 953 2125 fertur
993 2070 1066 2125 ad
1108 2072 1399 2142 superiora
1448 2071 1718 2139 revolare,
1764 2073 1991 2144 alligata
2036 2073 2174 2127 dum

543 2163 800 2232 vivimus,
844 2164 1095 2235 quadam
1138 2170 1342 2220 nostrm
1390 2166 1517 2237 lege
1560 2170 1797 2234 naturae,
1844 2166 1971 2220 ideo
2014 2166 2171 2221 addi-

547 2256 629 2313 dit
659 2274 671 2311 :
711 2278 736 2305 α
765 2257 965 2312 Mortui
999 2258 1155 2313 enim
1195 2258 1347 2325 estis,
1389 2265 1446 2314 et
1481 2260 1594 2313 vita
1631 2264 1815 2314 vestra
1847 2259 2175 2315 abscondita

545 2355 627 2405 est
655 2365 783 2405 cum
811 2349 1035 2405 Christo
1064 2350 1121 2405 in
1154 2351 1265 2406 Deo
1286 2352 1474 2423 (Ibid.,
1504 2354 1575 2423 3).
1602 2374 1628 2402 ››
1651 2352 1705 2407 Si
1734 2351 2065 2407 abscondita
2093 2357 2175 2407 est

544 2459 673 2499 cum
702 2443 920 2498 Christo
950 2444 1007 2498 in
1040 2445 1175 2511 Deo,
1205 2462 1315 2499 non
1354 2449 1625 2517 appareat
1656 2446 1890 2514 mundo,
1920 2445 2176 2502 Christus

546 2537 702 2592 enim
751 2540 1010 2592 mortuus
1061 2545 1143 2593 est
1197 2539 1432 2608 mundo,
1480 2538 1614 2593 vivit
1663 2539 1795 2594 Deo.
1846 2539 1982 2594 Vide
2026 2556 2176 2595 nunc

548 2630 1042 2702 quemadmodum
1075 2631 1388 2687 desiderari
1420 2637 1574 2688 amet
1598 2633 1872 2699 Christus,
1902 2633 2172 2688 confabu-

544 2724 783 2778 lationes
810 2741 922 2778 non
953 2730 1124 2779 amet.
1156 2725 1392 2796 Aperuit
1427 2726 1587 2797 virgo
1616 2726 1714 2781 illa
1748 2743 1878 2781 suas
1902 2727 2053 2781 fores
2078 2727 2175 2782 Dei

547 2817 752 2887 Verbo;
794 2818 889 2873 sed
938 2821 1214 2881 transivit,
1262 2820 1472 2890 inquit,
1523 2826 1573 2874 et
1620 2823 1787 2875 exivit
1830 2823 2015 2876 anima
2059 2837 2177 2876 mea

546 2916 603 2966 in
646 2913 805 2969 verbo
846 2912 960 2982 ejus
1004 2914 1157 2982 (vers.
1208 2914 1283 2983 6).
1337 2914 1513 2970 Exivit
1560 2932 1589 2967 a
1644 2914 1878 2981 mundo,
1928 2915 2097 2970 exivit
2143 2930 2177 2969 a

545 3006 772 3074 saeculo,
808 3007 1083 3061 remansit
1128 3006 1187 3060 in
1224 3006 1464 3063 Christo.
1495 3009 1745 3075 Quazsim’,
1785 3007 1993 3079 inquit,
2035 3024 2174 3073 eum,

546 3106 597 3154 et
622 3116 733 3155 non
758 3102 945 3155 inueni
969 3115 1107 3155 eum.
1138 3103 1301 3155 Amat
1329 3101 1481 3155 enim
1517 3100 1770 3156 Christus
1800 3101 1896 3155 diu
1934 3102 2170 3171 requiri.

617 3195 704 3248 47.
731 3193 1077 3247 Invenerunt
1106 3192 1260 3248 illam
1284 3194 1538 3248 custodes
1563 3210 1883 3249 murorum.
1917 3195 2173 3250 Fortasse

546 3290 679 3341 sunt
707 3292 763 3340 et
789 3286 886 3341 alii
918 3286 1200 3352 custodes,
1228 3302 1371 3358 quos
1397 3287 1580 3359 magis
1613 3288 1936 3359 intelligere
1966 3289 2172 3344 debea-

545 3395 691 3434 mus.
722 3380 817 3434 Est
840 3378 994 3433 enim
1022 3378 1212 3434 civitas
1240 3397 1367 3452 quae
1397 3385 1592 3452 portas
1629 3396 1926 3437 murorum
1959 3383 2177 3438 clausas

545 3488 660 3528 non
694 3471 881 3542 habet,
914 3472 985 3528 de
1009 3489 1122 3545 qua
1145 3473 1359 3528 dictum
1390 3480 1474 3528 est
1507 3493 1518 3527 :
1550 3494 1577 3523 ‹‹
1609 3475 1675 3530 Et
1703 3478 1879 3546 porta:
1906 3476 2033 3546 ejus
2061 3492 2175 3531 non

546 3566 882 3621 claudentur
919 3583 1021 3638 per
1057 3567 1210 3622 diem
1240 3568 1454 3639 (Apoc.,
1492 3585 1600 3637 1m,
1642 3572 1748 3640 25),
1792 3590 1818 3618 »
1868 3586 1977 3625 uox
2021 3569 2176 3625 enim

546 3675 661 3715 non
689 3660 797 3715 erit
819 3661 1066 3731 amplius
1091 3660 1148 3716 in
1175 3677 1261 3729 ea,
1290 3661 1528 3717 afferent
1555 3662 1792 3734 gloriam
1820 3666 1877 3718 et
1903 3663 2172 3719 honorem

548 3757 749 3826 gentes
774 3754 831 3808 in
857 3753 1031 3810 illam.
1070 3755 1161 3809 llla
1195 3761 1281 3811 est
1313 3772 1450 3827 ergo
1488 3756 1679 3811 civitas
1712 3758 2019 3813 Jerusalem
2047 3775 2177 3830 qua:

547 3848 606 3902 in
656 3848 797 3903 caelo
853 3854 957 3918 est,
1010 3849 1157 3905 intra
1212 3866 1381 3921 quam
1432 3850 1555 3921 jam
1606 3851 1767 3923 quasi
1820 3852 2069 3923 perfecta
2121 3857 2179 3907 et

547 3942 912 3997 immaculata
939 3943 1208 4012 servaris;
1235 3959 1349 3998 non
1379 3944 1532 3999 enim
1567 3944 1738 4000 intrat
1766 3944 1820 3999 in
1850 3961 1976 4001 eam
2006 3961 2176 4001 omne

547 4051 873 4091 commune.
917 4037 1252 4091 Communis
1288 4037 1515 4092 castitas
1555 4054 1670 4093 non
1711 4045 1816 4108 est,
1858 4040 2176 4095 communis

548 4128 818 4199 pudicitia
844 4145 956 4184 non
989 4134 1091 4196 est,
1121 4146 1249 4201 quae
1278 4131 1337 4185 in
1364 4130 1509 4186 libro
1538 4132 1670 4187 vitm
1710 4132 1992 4187 scribitur.

619 4225 706 4277 48.
756 4222 810 4277 Si
853 4223 1030 4295 igitur
1072 4223 1390 4279 invenimus
1436 4224 1743 4294 civitatem,
1790 4226 2178 4298 ingrediamur

548 4317 609 4372 in
653 4332 799 4384 eam,
844 4315 1137 4372 videamus
1183 4317 1379 4373 lumen
1431 4319 1573 4390 ejus,
1619 4318 1911 4374 videamus
1960 4337 2173 4388 muros,

546 4411 840 4465 videamus
895 4410 1273 4466 fundamenta
1326 4412 1596 4483 muralia,
1651 4412 1941 4469 videamus
1997 4415 2173 4470 etiam

2280 1888 2578 1958 apostolos,
2606 1887 2897 1940 versantes
2925 1884 3076 1938 inter
3100 1884 3360 1953 angelos.

2348 1984 2434 2035 50.
2484 1979 2780 2044 Quomodo
2824 1977 3002 2048 igitur
3049 1977 3136 2031 isti
3188 1975 3453 2031 custodes
3505 1972 3690 2044 angeli
3736 1974 3861 2034 sunt,

2276 2075 2371 2146 qui
2417 2080 2585 2127 castae
2631 2072 2842 2127 animae
2890 2072 3118 2143 pallium
3165 2068 3413 2125 tollunt?
3460 2065 3626 2122 Aliud
3664 2065 3868 2138 pallium

2280 2169 2564 2239 virginum
2600 2171 2703 2235 est,
2744 2165 2899 2221 aliud
2943 2164 3377 2220 adolescentulus
3419 2160 3865 2217 circumforaneae.

2282 2262 2373 2316 llla
2416 2278 2543 2333 quas
2587 2261 2643 2315 in
2690 2261 2810 2315 foro
2847 2259 3133 2315 Christum
3168 2254 3432 2328 requirit,
3471 2254 3698 2327 pallium
3732 2253 3874 2306 etiam

2279 2356 2428 2427 quod
2462 2355 2726 2421 habebat,
2756 2353 2966 2408 amisit.
3000 2351 3310 2407 Prudentia
3334 2350 3494 2405 enim
3533 2364 3642 2403 non
3672 2346 3725 2401 in
3752 2345 3871 2407 foro,

2278 2466 2396 2505 non
2418 2450 2475 2504 in
2497 2449 2723 2521 plateis,
2748 2447 2849 2502 sed
2876 2448 2932 2501 in
2959 2445 3204 2502 Ecclesia
3224 2444 3562 2517 possidetur.
3584 2443 3652 2496 Et
3668 2441 3872 2495 fortasse

2278 2548 2341 2598 ut
2384 2560 2516 2597 cum
2560 2542 2691 2614 ipsis
2734 2557 2959 2614 quoque
2997 2540 3285 2595 veniamus
3322 2539 3383 2592 in
3427 2536 3691 2609 gratiam,
3730 2540 3873 2604 atque

2278 2637 2535 2692 omnium
2578 2633 3005 2690 misericordem
3038 2635 3214 2688 Deum
3257 2648 3377 2686 esse
3416 2630 3737 2697 doceamus;
3766 2628 3875 2699 quia

2278 2736 2331 2785 et
2358 2730 2437 2784 illi
2469 2728 2757 2785 Christum
2785 2726 3093 2800 aliquando
3122 2724 3440 2797 reperiunt,
3470 2725 3514 2778 si
3546 2727 3729 2777 tamen
3750 2720 3877 2792 jugi-

2277 2829 2367 2878 ter
2415 2827 2702 2895 quaerant,
2759 2822 2993 2893 pallium
3048 2821 3152 2875 hoc
3206 2818 3450 2873 amictus
3503 2823 3585 2871 est
3636 2814 3873 2886 corporis.

2278 2918 2428 2988 Ergo
2466 2916 2562 2987 qui
2594 2915 2854 2987 quaesivit
2890 2913 3179 2969 Christum
3214 2913 3274 2967 in
3304 2911 3500 2980 cubili,
3528 2910 3573 2965 si
3612 2915 3786 2965 tamen
3812 2906 3875 2960 sic

2278 3009 2553 3081 quaesivit,
2586 3009 2729 3064 sicut
2766 3008 2857 3063 ille
2898 3007 2997 3079 qui
3035 3006 3177 3061 dixit
3210 3023 3224 3060 :
3256 3027 3283 3055 ‹‹
3315 3005 3408 3062 Sic
3450 3019 3668 3059 memor
3701 3001 3776 3056 fui
3808 2999 3875 3054 tui

2280 3119 2451 3175 super
2482 3106 2725 3157 stratum
2769 3116 2962 3157 meum
2998 3101 3164 3172 (Psnl.
3208 3115 3342 3169 Lxu,
3382 3102 3467 3170 7);
3502 3121 3529 3145 ι)
3572 3097 3612 3152 si
3651 3092 3872 3169 quaesivit

2277 3198 2332 3251 in
2369 3197 2628 3252 noctibus
2647 3196 2811 3267 juxta
2843 3195 2991 3267 quod
3024 3195 3297 3265 scripturn
3335 3197 3422 3248 est
3451 3210 3462 3247 :
3496 3216 3521 3241 ‹‹
3555 3193 3611 3245 ln
3642 3187 3871 3245 noctibus

2278 3290 2537 3346 extollite
2565 3306 2768 3345 manus
2792 3294 3001 3344 vestras
3027 3287 3087 3342 in
3114 3292 3302 3342 sancta
3321 3288 3489 3356 (Psal.
3518 3300 3733 3360 crum,
3757 3282 3874 3349 2);»

2276 3385 2319 3440 si
2345 3384 2603 3456 quaesivit
2636 3384 2692 3438 in
2720 3384 2963 3451 civitate,
2995 3382 3053 3436 in
3082 3381 3205 3437 foro
3241 3384 3298 3436 et
3329 3381 3389 3434 in
3431 3366 3648 3451 plateis,
3682 3378 3735 3432 in
3770 3373 3876 3430 civi-

2276 3485 2389 3535 tate
2433 3479 2527 3533 Dei
2574 3478 2783 3546 nostri;
2827 3477 2884 3531 in
2925 3476 3049 3531 foro
3096 3476 3353 3541 fortasse,
3397 3470 3653 3547 1599
3695 3471 3748 3525 in
3785 3481 3877 3540 quo

2270 3573 2446 3644 judex
2474 3571 2567 3627 ille
2597 3571 2768 3625 divini
2792 3570 2940 3642 juris
2969 3569 3148 3636 sedet,
3177 3568 3236 3623 in
3266 3567 3475 3639 plateis
3504 3566 3652 3622 unde
3690 3559 3874 3620 collecti

2278 3670 2410 3721 sunt
2438 3665 2534 3737 qui
2563 3665 2634 3720 ad
2661 3646 2878 3720 coenam
2905 3662 3258 3719 Dominicam
3287 3665 3697 3726 convenerunt;
3721 3657 3876 3729 potest

2277 3759 2720 3815 custodientibus
2746 3758 3029 3813 civitatem
3065 3756 3164 3812 Dei
3194 3755 3436 3827 angelis,
3471 3754 3605 3809 dum
3633 3752 3725 3807 diu
3753 3763 3875 3820 que—

2277 3853 2369 3921 rit,
2424 3868 2738 3908 occurrere.
2795 3851 2940 3915 Quin
2992 3850 3162 3905 etiam
3214 3867 3282 3904 ex
3338 3848 3553 3905 caelesti
3606 3841 3873 3901 custodum
4016 3910 4017 3929 χ

2280 3953 2497 4015 natura,
2549 3948 2836 4001 caelestem
2883 3944 3207 4015 intelligere
3252 3959 3555 4015 possumus
3603 3939 3874 4000 civitatem,
4016 3944 4017 4017 (

2277 4042 2499 4096 caeleste
2539 4041 2725 4095 forum
2757 4037 2994 4109 justitiaa
3037 4036 3429 4108 sempiternae,
3467 4051 3581 4091 non
3623 4033 3748 4088 viles
3783 4027 3876 4101 pla-

2279 4138 2413 4200 teas,
2462 4134 2562 4189 sed
2610 4134 2842 4188 fortasse
2893 4133 2952 4187 in
2995 4131 3202 4203 quibus
3247 4131 3597 4201 superfluam
3647 4127 3759 4181 fons
3800 4120 3875 4176 ille

2279 4227 2582 4291 consuevit,
2615 4228 2685 4282 de
2726 4242 2839 4291 quo
2879 4226 3149 4291 scriptum
3182 4227 3269 4278 est
3301 4241 3315 4279 :
3346 4245 3373 4273 «
3409 4219 3765 4291 Superﬂuant
3791 4211 3873 4269 tibi

2276 4227 2582 4294 consuevit,
2615 4228 2685 4282 de
2726 4242 2839 4298 quo
2879 4226 3149 4297 scriptum
3182 4227 3269 4278 est
3301 4241 3315 4279 :
3346 4245 3373 4273 «
3409 4219 3765 4294 Superﬂuant
3791 4211 3873 4269 tibi

2277 4338 2439 4394 aqua!
2481 4321 2551 4376 de
2592 4326 2688 4376 tuo
2728 4320 2902 4386 fonte,
2940 4323 2997 4373 et
3038 4319 3097 4372 in
3130 4317 3327 4389 plateis
3372 4316 3482 4371 tuis
3521 4312 3876 4371 diffundantur

2275 4421 2388 4471 tua:
2430 4431 2591 4486 aquae
2621 4415 2824 4486 (Prou.,
2869 4429 2920 4480 ν,
2969 4412 3074 4483 16).
3117 4432 3145 4462 ››
3183 4410 3284 4476 Qui
3325 4411 3403 4465 sic
3450 4426 3585 4482 ergo
3624 4404 3871 4464 Christum

547 4504 807 4560 custodes
845 4521 1163 4561 murorum.
1203 4505 1317 4561 Sed
1364 4507 1651 4578 quomodo
1685 4508 2084 4579 'ingrediamur
2118 4509 2175 4563 in
2196 4507 2256 4577 D
2278 4508 2542 4581 requirit,
2573 4508 2640 4563 ad
2666 4508 2904 4577 angelos
2938 4505 3219 4578 pervenit.

548 4596 711 4651 eam?
741 4598 802 4651 ln
844 4598 951 4653 hac
995 4599 1220 4654 civitate
1259 4601 1371 4655 vita
1410 4604 1513 4668 est,
1547 4607 1604 4656 et
1646 4618 1760 4656 una
1800 4606 1888 4657 est
1927 4603 2016 4657 via
2052 4619 2179 4675 qua:

546 4689 703 4746 ducit
738 4690 809 4749 ad
851 4692 1043 4747 vitam.
1075 4693 1174 4748 Via
1209 4710 1347 4765 ergo
1387 4692 1645 4750 Christus
1683 4702 1786 4762 est,
1825 4711 1960 4767 ergo
1989 4696 2175 4751 Chris-

545 4790 665 4839 tum
708 4799 1034 4856 sequamur.
1067 4786 1173 4841 Sed
1220 4787 1338 4857 ipsa
1380 4788 1437 4842 in
1480 4789 1621 4843 caelo
1662 4795 1745 4844 est
1781 4789 2006 4859 civitas;
2042 4806 2179 4861 quo-

546 4877 718 4933 modo
759 4877 938 4949 igitur
979 4880 1355 4935 ascendamus
1399 4881 1471 4936 ad
1517 4881 1762 4937 coelum?
1800 4885 1970 4939 Docet
2011 4898 2171 4938 evan-

545 4972 765 5042 gelista,
794 4972 890 5043 qui
916 4972 1046 5027 dicit
1081 4990 1094 5027 :
1125 4993 1153 5025 ‹‹
1185 4974 1251 5029 Et
1278 4975 1474 5030 eduxit
1499 4992 1589 5031 me
1619 4975 1673 5031 in
1703 4976 1903 5047 spiritu
1932 4978 1991 5031 in
2023 4994 2181 5032 mon-

542 5070 660 5120 tem
695 5081 973 5137 magnum
1014 5072 1071 5121 et
1106 5069 1310 5137 altum,
1340 5073 1399 5123 et
1427 5069 1677 5125 ostendit
1707 5070 1850 5125 mihi
1888 5071 2175 5126 civitatem

540 5162 789 5214 sanctam
830 5161 1136 5215 Jerusalem
1183 5161 1625 5218 descendentem
1670 5165 1740 5220 de
1784 5166 1923 5219 coelo
1964 5166 2178 5235 (Apoc,

541 5268 653 5321 xxi,
680 5256 785 5326 10).
810 5274 839 5304 »
864 5255 1242 5311 Ascendamus
1268 5272 1405 5328 ergo
1427 5257 1650 5329 spiritu,
1676 5258 1810 5329 quia
1838 5275 1966 5313 caro
1992 5275 2182 5314 ascen-

541 5346 677 5402 dere
716 5346 789 5401 ad
827 5363 957 5402 eam
991 5364 1108 5403 non
1149 5354 1348 5419 potest.
1388 5352 1765 5407 Ascendamus
1809 5370 1910 5408 nos
1951 5353 2178 5408 interim

2351 4552 2542 4581 ιιι-ειη»
2573 4552 2640 4563 --νι
2666 4552 2903 4577 *κων-νυ
2940 4552 3026 4578 γν-
3052 4552 3219 4561 ’νυ-ν-

2351 4607 2437 4657 51.
2478 4602 2585 4659 Sed
2631 4602 2675 4656 si
2716 4601 2881 4656 bonis
2925 4601 2992 4655 ad
3038 4601 3272 4670 angelos
3309 4597 3525 4653 meritis
3562 4591 3877 4668 pervenitur;

2279 4713 2381 4752 cur
2439 4698 2535 4769 qui
2598 4695 2949 4768 pervenerit,
3002 4692 3377 4748 vulneratur?
3428 4693 3521 4745 Est
3579 4695 3632 4744 et
3689 4680 3879 4771 gladius
4014 4688 4015 4771 1

2280 4791 2481 4857 bonus,
2532 4789 2693 4860 cujus
2744 4786 2913 4859 gladii
2961 4786 3179 4842 bonum
3227 4785 3450 4839 vulnus.
3506 4782 3752 4838 Vulnerat
3794 4769 3876 4831 Dei
4014 4778 4015 4847 (

2282 4885 2539 4954 verbum,
2570 4882 2669 4937 sed
2708 4899 2825 4938 non
2865 4882 3101 4937 ulcerat.
3143 4880 3238 4934 Est
3264 4879 3469 4933 vulnus
3510 4875 3636 4932 boui
3674 4867 3875 4931 amoris,

2280 4984 2411 5033 sunt
2449 4978 2683 5032 vulnera
2724 4975 3047 5042 charitatis;
3090 4975 3330 5045 ideoque
3368 4972 3515 5027 dixit
3547 4988 3558 5025 :
3596 4966 3873 5026 Vulnerat:

2280 5074 2562 5128 charitatis
2600 5087 2691 5139 ego
2730 5086 2847 5125 sum
2876 5071 3075 5140 (Cant,
3119 5085 3174 5137 ιι,
3218 5070 3290 5139 ὅ).
3329 5067 3466 5131 Qum
3513 5063 3749 5137 perfecta
3787 5055 3869 5115 est.

2281 5160 2875 5221 vulnerabi‘charitate
2904 5168 3007 5218 est.
3040 5163 3191 5216 Bona
3229 5165 3361 5215 sunt
3394 5157 3569 5231 igitur
3594 5151 3746 5210 Verbi
3772 5145 3866 5201 vul-

2280 5277 2442 5329 nera,
2478 5259 2633 5314 bona
2676 5264 2807 5313 sunt
2851 5256 3091 5312 amantis
3129 5255 3357 5310 vulnera
3390 5271 3403 5310 :
3441 5275 3468 5303 ‹‹
3496 5249 3714 5307 Utiliora
3741 5239 3866 5297 enim

2280 5356 2516 5410 vulnera
2570 5352 2775 5419 amici,
2827 5366 3000 5423 quam
3065 5349 3381 5404 voluntaria
3442 5344 3623 5402 oscula
3679 5329 3862 5394 inimici

2280 5450 2480 5519 (Prata,
2533 5463 2696 5513 xxvu,
2742 5446 2814 5517 6).
2867 5468 2894 5495 »
2941 5444 3263 5499 Vulneratae
3315 5437 3603 5495 charitatis
3650 5431 3863 5488 Rebecca

2281 5546 2383 5609 est,
2412 5558 2540 5614 quas
2584 5539 2788 5595 relictis
2828 5537 3181 5610 parentibus,
3211 5532 3477 5606 migravit
3509 5531 3574 5586 ad
3606 5532 3860 5598 sponsum.

2284 5638 2599 5692 Vulneratae
2634 5633 2927 5689 charitatis
2972 5628 3196 5698 Rachel,
3230 5645 3356 5702 quae
3396 5623 3589 5681 zelavit
3618 5626 3859 5674 sororem.

2282 5731 2491 5785 amavit
2519 5728 2823 5795 maritum;
2854 5727 3028 5779 surm'i
3060 5724 3213 5779 enim
3240 5720 3386 5796 quod
3419 5714 3711 5774 abundaret
3733 5704 3855 5771 filiis,

536 5439 598 5494 in
622 5441 846 5509 caelum,
873 5449 935 5495 ut
966 5443 1034 5497 ad
1066 5459 1166 5497 nos
1193 5447 1389 5514 postea
1420 5445 1491 5498 de
1527 5445 1670 5501 ccelo
1706 5445 1804 5501 illa
1844 5447 2177 5515 descendat,

539 5532 597 5585 in
641 5536 754 5603 qua
795 5536 988 5589 lumen
1033 5540 1119 5590 est
1163 5537 1348 5593 simile
1399 5538 1606 5610 lapidis
1650 5539 2074 5611 pretiosissimi,
2119 5548 2180 5595 ut

535 5623 737 5692 lapidis
760 5626 998 5696 jaspidis
1039 5636 1095 5682 et
1134 5632 1378 5701 crystalli
1421 5633 1591 5687 habet
1633 5650 1861 5689 murum
1896 5650 2175 5705 magnum

544 5719 601 5766 et
632 5714 833 5768 altum.

605 5815 701 5877 (3‘7)
732 5815 847 5863 Lib.
877 5819 938 5866 de
980 5823 1311 5885 Virginitnle.
1342 5843 1460 5894 cap.
1501 5832 1555 5881 l3
1585 5838 1635 5883 et
1676 5835 1751 5895 14,
1780 5847 1932 5884 num.
1970 5834 2053 5897 83,
2092 5836 2171 5888 92.
