4072 6192
224 317 351 369 ’2029

1236 323 1278 375 E
1321 321 1626 379 SCRIPTIS
1663 323 1718 377 S.
1760 321 2077 378 AMBROSII
2115 320 2529 377 COLLECTUS.

3437 324 3576 377 2030

222 440 335 510 ipsa
370 439 573 495 sterilis
614 440 797 497 adhuc
837 442 1148 515 invidebat,
1185 447 1318 517 quia
1365 452 1564 518 typum
1612 446 1919 531 gerebatA
1944 445 2164 511 dorem,
2214 450 2430 498 tantam
2476 442 2651 498 subiit
2694 441 3084 513 cupiditatem,
3128 459 3256 497 cum
3300 446 3571 515 angelum

222 533 491 602 Ecclesia,
513 535 605 589 cui
632 535 838 591 dicitur
859 553 872 591 :
902 558 928 585 «
952 538 1183 607 Latere,
1206 540 1433 606 sterilis,
1458 556 1586 612 qua
1610 557 1721 594 non
1750 558 1841 611 pa-

221 627 314 694 ris,
335 643 569 699 erumpe
592 634 650 685 et
668 630 869 698 clama,
887 647 1014 703 qua
1038 648 1150 686 non
1171 633 1417 704 parturis
1434 634 1585 703 (Isa.,
1606 636 1692 702 54,
1716 635 1783 704 l).
1811 642 1836 685 si

286 724 372 775 32.
412 723 760 779 Invenerunt
810 740 949 796 ergo
993 727 1255 782 custodes
1296 734 1352 782 et
1395 729 1841 784 vulneraverunt

221 831 365 883 eam,
395 821 451 870 et
480 817 740 872 tulerunt
768 818 819 872 ei
850 818 1108 891 pallium,
1138 822 1247 876 hoc
1275 824 1379 891 est,
1399 826 1555 876 actus
1581 839 1839 895 corpora-

217 909 285 962 lis
310 908 667 965 involucrum
694 912 1064 981 sustuleruut,
1100 917 1159 968 ut
1187 914 1346 970 nuda
1376 917 1588 971 mentis
1625 917 1841 989 simpli-

219 1001 352 1056 citas
380 1008 662 1074 quareret
688 1004 995 1075 Christum,
1024 1007 1157 1079 quia
1191 1025 1361 1064 nemo
1402 1013 1589 1081 potest
1628 1011 1836 1066 amictu

220 1096 441 1151 vestitus
504 1098 904 1170 philosophia,
964 1102 1019 1155 in
1085 1102 1284 1157 habitu
1348 1104 1559 1159 scilicet
1611 1107 1837 1177 sapien-

218 1189 308 1243 tia
346 1190 628 1245 sacularis
668 1192 953 1248 Christum
999 1195 1207 1250 videre.
1253 1198 1317 1250 lit
1350 1196 1496 1251 bene
1543 1199 1760 1253 tollitur
1787 1200 1837 1254 ei

219 1283 452 1337 amictus
474 1285 868 1357 philosophia,
892 1305 964 1343 ne
987 1290 1113 1360 quis
1133 1306 1261 1344 eam
1290 1307 1394 1362 per
1419 1292 1839 1364 philosophiam

218 1375 593 1446 depradetur.
627 1381 777 1434 Bene
810 1382 1028 1437 tollitur
1048 1382 1097 1438 ei
1127 1384 1387 1455 pallium,
1417 1402 1543 1457 qua
1564 1387 1631 1441 ad
1659 1387 1842 1443 Chris-

219 1476 336 1524 tum
381 1472 743 1544 prOpinquat,
797 1480 861 1528 ut
918 1477 1092 1531 Deum
1152 1478 1356 1548 visura,
1410 1473 1622 1535 mundo
1668 1482 1840 1537 corde

220 1563 511 1633 gradiatur
548 1584 560 1619 :
603 1590 628 1615 ιι
666 1568 817 1622 Beati
863 1570 1016 1624 enim
1064 1572 1281 1626 mundo
1325 1573 1515 1641 corde,
1559 1576 1693 1645 quia
1736 1576 1839 1647 ipsi

220 1657 389 1712 Deum
416 1658 689 1715 videbunt
720 1664 963 1731 (Matth.,
998 1681 1048 1730 v,
1073 1666 1145 1734 8).
1182 1686 1209 1715 ››
1243 1666 1496 1738 Denique
1538 1668 1637 1722 ubi
1673 1686 1837 1724 mun-

218 1751 366 1806 davit
392 1769 509 1818 cor,
539 1754 784 1810 Verbum
816 1757 1047 1829 reperit,
1078 1760 1251 1814 Deum
1280 1760 1443 1815 vidit.
1472 1761 1671 1826 Quare
1701 1780 1840 1835 ergo

220 1844 401 1915 illum,
430 1847 610 1919 virgo,
652 1849 769 1904 imo
816 1865 1140 1922 quaeramus
1180 1870 1414 1922 omnes;
1456 1855 1645 1910 anima
1688 1828 1920 1912 enimB

220 1954 416 1994 sexum
440 1957 553 1996 non
583 1942 771 1998 habet.
811 1945 919 2000 Sed
952 1946 1082 2001 ideo
1116 1947 1353 2003 fortasse
1391 1949 1705 2005 femineum
1736 1968 1839 2007 no-

220 2049 352 2088 men
391 2038 627 2107 accepit,
665 2039 819 2109 quod
869 2055 998 2095 eam
1040 2041 1339 2097 violentior
1378 2050 1546 2099 astus
1591 2033 1858 2117 corporis

221 2128 339 2199 agit
378 2149 389 2183 :
436 2129 557 2200 ipsa
599 2137 793 2187 autem
839 2133 1117 2205 impetum
1170 2138 1356 2191 carnis
1408 2143 1465 2192 et
1508 2140 1716 2194 amoris
1759 2142 1845 2195 sui

222 2221 381 2275 molli
429 2224 673 2294 quadam
722 2230 778 2280 et
817 2226 1028 2283 blanda
1080 2230 1299 2285 ratione
1346 2231 1649 2287 demulcet.
1701 2234 1844 2304 Ergo

221 2315 569 2371 orationibus
596 2323 653 2373 et
687 2318 1174 2377 obsecrationibus
1200 2325 1375 2379 Deum
1404 2325 1647 2381 invitare
1675 2328 1842 2382 debe-

220 2424 367 2476 mus,
395 2413 458 2464 ut
488 2412 647 2482 quasi
674 2411 861 2468 bonus
886 2420 1079 2470 auster
1103 2417 1297 2473 afllare
1325 2418 1615 2489 dignetur,
1647 2421 1841 2476 Verbi-

220 2518 327 2574 que
359 2503 523 2558 nobis
550 2522 752 2561 auram
784 2508 1025 2563 caelestis
1066 2510 1281 2582 aspiret
1308 2529 1321 2566 :
1356 2529 1483 2584 qua
1524 2514 1846 2570 fructiferas

221 2596 447 2652 arbores
470 2615 583 2653 non
612 2601 841 2657 turbare
860 2608 1030 2658 vento
1060 2606 1240 2675 gravi,
1264 2606 1359 2659 sed
1391 2606 1501 2661 leni
1530 2608 1844 2677 spiramine

221 2688 476 2761 ﬂatuque
511 2693 668 2747 molli
700 2696 988 2751 consuevit
1016 2700 1260 2767 agitare.

288 2786 376 2838 53.
412 2785 518 2853 (38)
552 2788 813 2842 Tulerunt
838 2790 973 2843 mihi
992 2790 1226 2860 pallium
1248 2808 1440 2847 meum.
1473 2793 1658 2851 Bonus
1680 2796 1849 2849 amic-

221 2882 308 2930 tus
333 2878 625 2934 aternitas
665 2880 815 2947 vita,
855 2882 963 2937 hoc
996 2884 1237 2955 pallium
1273 2884 1509 2957 Sponsa
1548 2889 1850 2943 voluerunt

222 2971 450 3026 auferre
476 2973 739 3029 custodes
778 2991 1096 3045 murorum,
1125 2994 1240 3050 quo
1269 2979 1488 3051 primus
1520 2981 1691 3036 homo
1721 2981 1844 3037 fuc-

220 3068 311 3119 rat
350 3070 591 3134 exutus;
630 3067 731 3123 sed
775 3068 971 3125 anima
1010 3071 1119 3127 Deo
1159 3072 1366 3128 devota
1407 3074 1707 3146 quasitum
1751 3075 1851 3131 diu

1943 539 2172 593 vidisset
2208 539 2264 592 in
2310 537 2542 591 ﬂamma
2586 537 2735 609 ignis
2779 536 2849 591 de
2888 535 3051 603 rubo,
3087 540 3153 591 ut
3186 535 3320 591 licet
3365 553 3570 608 pavore

1941 633 2332 704 apprehensus
2365 630 2728 687 considerare
2769 646 2882 685 non
2923 630 3176 697 auderet,
3208 630 3571 686 considerare

1942 733 2134 781 tamen
2176 726 2365 793 vellet,
2411 728 2626 796 quanto
2679 723 2861 794 magis
2905 722 3125 778 vultum
3171 723 3398 779 Domini
3449 740 3569 779 cor-

1943 820 2215 892 poraliter
2250 818 2442 874 videre
2478 818 2867 885 desiderabat,
2900 817 3098 872 dicens
3134 817 3281 872 intra
3307 834 3366 871 se
3400 838 3410 873 :
3440 818 3572 871 Vul-

1942 918 2063 969 tum
2104 913 2265 968 illum
2302 913 2539 984 plenum
2576 912 2737 981 lucis,
2771 909 3030 985 1600
3070 912 3301 983 plenum
3346 912 3569 981 gratia,

1943 1009 2173 1079 plenum
2227 1006 2484 1072 virtutis,
2536 1006 2770 1077 plenum
2829 1005 3171 1072 divinitatis,
3225 1022 3394 1077 quem
3448 1022 3569 1060 esse

1942 1102 2176 1157 dicam?
2217 1102 2333 1156 Non
2392 1116 2620 1172 possum
2675 1100 2800 1171 plus
2851 1100 3037 1154 dicere
3096 1100 3180 1153 vel
3232 1099 3445 1154 sentire
3498 1100 3568 1155 de

1943 1197 2090 1265 Deo;
2117 1212 2247 1249 cum
2274 1194 2427 1248 enim
2450 1194 2931 1248 consummaverit
2956 1193 3157 1259 homo,
3181 1197 3316 1248 tunc
3344 1194 3565 1265 incipit,

1943 1294 2002 1344 et
2041 1305 2170 1343 cum
2217 1287 2448 1352 finierit,
2484 1293 2615 1342 tunc
2653 1287 3025 1359 aporiabitur,
3063 1294 3126 1341 ut
3166 1289 3437 1359 scriptum
3486 1294 3570 1342 est

1944 1385 2154 1454 (E00122,
2198 1398 2360 1448 xxvu,
2406 1382 2482 1447 ὅ),
2527 1382 2663 1451 quia
2708 1380 3298 1451 incomprehensibilis
3344 1386 3429 1435 est
3472 1384 3566 1436 Dei

1943 1484 2151 1533 aterna
2180 1477 2469 1546 majestas.

2157 1570 2353 1626 Irritus
2404 1570 2638 1641 quidem
2689 1575 2809 1623 erat
2862 1570 3253 1640 postulationis
3305 1571 3566 1637 elfectus,

1944 1667 2041 1723 sed
2081 1665 2316 1721 affectus
2359 1665 2664 1737 probabilis
2712 1666 2879 1733 servi,
2923 1665 3054 1736 quia
3104 1664 3250 1719 ultra
3298 1672 3568 1722 naturam

1942 1778 2102 1816 suam
2132 1760 2428 1815 devotione
2461 1775 2795 1831 progressus
2819 1758 2888 1813 de
2918 1758 3139 1813 Domini
3170 1759 3389 1830 angelis
3415 1760 3566 1814 asti-

1946 1854 2153 1921 mabat,
2185 1859 2466 1925 quantum
2496 1853 2564 1908 de
2597 1852 2820 1907 Domini
2857 1852 3011 1907 vultu
3048 1853 3173 1923 plus
3200 1852 3565 1919 desideraret,

1946 1967 2057 2021 quo
2092 1949 2466 2020 cupiditatem
2497 1963 2657 2001 suam
2701 1946 2931 2018 gestiret
2965 1946 3217 2017 eXplere.
3251 1946 3485 2003 Noverat
3511 1948 3569 2003 in

1947 2044 2067 2115 ipso
2100 2043 2331 2099 homine
2371 2042 2541 2096 aliam
2579 2047 2709 2112 post
2745 2044 2984 2094 mortem
3020 2040 3268 2095 futuram
3308 2041 3568 2111 gloriam,

1944 2137 2114 2192 aliam
2149 2137 2463 2192 claritatem
2490 2152 2503 2189 :
2533 2155 2558 2186 «
2582 2134 2740 2189 Sicut
2760 2133 2915 2188 enim
2946 2133 3105 2187 stella
3131 2150 3164 2187 a
3196 2133 3357 2187 stella
3383 2133 3574 2190 differt

1946 2233 2005 2286 in
2032 2231 2306 2298 claritate,
2336 2230 2418 2285 sic
2437 2234 2494 2284 et
2525 2229 2866 2284 resurrectio
2894 2232 3287 2297 mortuorum;
3312 2244 3440 2300 qua
3467 2230 3573 2284 etsi

1947 2326 2263 2381 seminatur
2304 2325 2360 2379 in
2396 2323 2790 2395 corruptione,
2830 2325 3025 2392 surget
3059 2327 3251 2376 tamen
3292 2322 3350 2376 in
3384 2324 3569 2378 incor-

1949 2419 2239 2493 ruptione,
2273 2423 2469 2489 surget
2498 2416 2555 2471 in
2587 2415 2787 2487 gloria,
2817 2418 3013 2485 surget
3041 2414 3100 2471 in
3122 2415 3347 2484 virtute,
3376 2422 3575 2487 surget

1948 2530 2152 2585 corpus
2186 2512 2434 2584 spiritale
2473 2513 2512 2580 (l
2541 2509 2686 2573 Cor”
2719 2525 2807 2575 xv,
2844 2509 3047 2577 41-44).
3080 2530 3109 2558 ››
3140 2508 3245 2573 Qui
3286 2524 3424 2579 ergo
3454 2509 3574 2564 hac

1949 2608 2090 2663 scire
2114 2611 2353 2677 poterat,
2382 2604 2584 2659 merito
2607 2603 2991 2674 praesumebat
3012 2605 3075 2657 ut
3103 2602 3322 2656 vultum
3354 2602 3578 2657 Domini

1952 2701 2142 2756 videre
2195 2704 2457 2771 cuperet,
2507 2714 2638 2753 cum
2684 2700 2834 2752 esset
2886 2696 3042 2750 obita
3090 2696 3339 2767 corporis
3394 2701 3576 2751 morte

1950 2796 2188 2849 visurus.
2220 2793 2416 2848 Talem
2446 2796 2597 2847 certe
2634 2791 2803 2846 etiam
2845 2790 3095 2845 formam
3125 2795 3371 2860 ceperat,
3402 2789 3577 2845 talem

1953 2889 2222 2944 Dominus
2258 2887 2379 2957 jam
2414 2884 2712 2957 probabat,
2758 2890 2817 2938 ut
2843 2900 2956 2937 non
2987 2882 3224 2938 distaret
3256 2883 3326 2938 ab
3362 2883 3581 2954 angelis

1951 2982 2191 3038 calestis
2228 2980 2486 3035 minister
2513 2982 2570 3033 et
2596 2981 2887 3034 exsecutor
2917 2976 3148 3032 oraculi.
3182 2978 3250 3031 Et
3289 2975 3417 3031 ideo
3448 2993 3580 3031 cum

1952 3075 2138 3131 sciret.
2189 3096 2215 3123 «
2260 3075 2401 3138 Quia
2446 3073 2637 3145 angeli
2692 3072 3030 3144 pusillorum
3084 3069 3337 3141 quotidie
3386 3070 3584 3125 vident

222 3159 492 3227 tenendo,
524 3164 583 3215 et
609 3178 721 3216 non
750 3162 1095 3220 dimittenda
1125 3164 1418 3232 dilectum,
1446 3169 1698 3239 pretioso
1722 3170 1852 3226 cha-
1873 3196 1929 3270 ρ
1956 3168 2155 3224 faciem
2196 3168 2378 3270 Patris
2406 3168 2503 3240 qui
2544 3167 2603 3221 in
2634 3166 2907 3270 calisoest
2936 3166 3179 3270 (Μιιιιὴ.ἶ
3215 3181 3372 3270 xviii,
3402 3164 3518 3270 ρο),
3543 3183 3580 3270 io

219 3253 404 3307 ritatis
444 3254 650 3310 divina
688 3273 748 3312 se
787 3259 1002 3313 vestitit
1044 3259 1354 3317 involucra.
1387 3261 1545 3315 Beati
1588 3280 1726 3334 ergo
1754 3264 1852 3336 qui

222 3347 314 3425 tali
366 3346 536 3418 pallio
584 3349 920 3419 vestiuntur,
966 3357 1024 3407 et
1067 3354 1341 3409 amictum
1390 3355 1671 3427 ejusmodi
1712 3358 1855 3428 legis

218 3438 615 3497 observatione
645 3450 1009 3515 meruerunt;
1038 3446 1174 3518 quia
1200 3464 1315 3503 non
1340 3451 1474 3504 sunt
1500 3450 1645 3521 legis
1666 3451 1852 3518 obliti,

220 3533 317 3589 sed
348 3550 481 3606 qua
508 3542 675 3591 erant
705 3538 846 3609 legis
875 3539 1090 3610 Operati
1118 3545 1271 3597 sunt.

289 3631 381 3684 34.
431 3630 603 3695 (Vers.
636 3633 711 3701 8.)
743 3633 851 3704 (39)
893 3634 1102 3703 Adjuro
1144 3651 1254 3699 vos,
1290 3637 1419 3705 ﬁlia
1454 3638 1767 3700 Jerusalem,
1808 3642 1859 3693 si

217 3726 541 3778 inveneritis
583 3725 838 3781 dilectum
879 3743 1074 3789 meum,
1122 3734 1184 3783 υε
1226 3732 1567 3785 annuntictis
1609 3735 1677 3793 ei,
1724 3733 1853 3802 quia

216 3831 405 3871 amore
432 3818 679 3886 languco.
712 3819 849 3884 Quis
875 3827 955 3876 est
983 3828 1177 3877 autem
1210 3822 1301 3877 hic
1326 3823 1535 3878 anima
1573 3824 1856 3894 languor?

215 3909 433 3965 lorale
462 3911 710 3967 historia
737 3915 942 3969 veteris
966 3914 1103 3971 facit
1129 3932 1232 3971 nos
1265 3917 1597 3971 meminisse
1622 3918 1853 3987 debere,

217 4018 351 4074 qua
384 4010 472 4058 est
513 4006 584 4060 de
620 4012 810 4062 sancto
849 4009 1034 4080 Moyse
1076 4009 1171 4081 qui
1218 4011 1444 4082 rogavit
1473 4013 1652 4066 Deum
1691 4018 1755 4066 ut
1795 4029 1856 4067 se

216 4098 650 4155 demonstraret
688 4102 763 4168 ei,
812 4106 869 4156 et
907 4102 1052 4157 facie
1094 4104 1162 4158 ad
1202 4104 1405 4159 faciem
1442 4121 1575 4160 eum
1616 4106 1852 4162 videret.

169 4258 181 4264 υ
217 4190 469 4246 Noverat
496 4193 691 4265 utique
727 4201 954 4251 sanctus
981 4202 1139 4252 vates
1180 4198 1423 4266 Domini,
1461 4198 1615 4270 quod
1660 4198 1855 4254 invisi-

216 4284 409 4340 bilem
440 4286 617 4341 Deum
644 4288 785 4343 facie
817 4290 889 4345 ad
914 4290 1121 4346 faciem
1142 4292 1332 4348 videre
1359 4309 1474 4348 non
1505 4297 1715 4365 posset.
1746 4292 1858 4349 Sed

216 4379 453 4434 devotio
478 4388 672 4436 sancta
703 4399 1032 4439 mensuram
1072 4386 1525 4458 supergreditur,
1554 4390 1613 4442 et
1641 4389 1860 4459 putavit

218 4473 336 4528 Deo
386 4473 563 4529 etiam
606 4476 714 4531 hoc
753 4493 874 4532 esse
914 4479 1205 4549 possibile,
1254 4483 1315 4535 ut
1353 4483 1642 4553 corporeis
1684 4482 1861 4537 oculis

1957 3263 2173 3336 putavit
2216 3261 2368 3333 quod
2413 3262 2535 3332 jam
2584 3276 2714 3315 eam
2761 3257 2952 3314 videre
2998 3262 3188 3329 posset
3229 3262 3287 3312 et
3328 3258 3584 3327 deberet,

1956 3365 2231 3428 tanquam
2258 3355 2468 3410 oblitus
2506 3354 2781 3426 corporis,
2814 3359 2870 3408 et
2919 3368 3092 3407 carne
3130 3352 3412 3425 deposita;
3445 3352 3589 3407 sicut

1957 3450 2047 3505 ille
2087 3450 2185 3521 qui
2237 3449 2296 3502 in
2336 3463 2575 3519 corpore
2618 3446 2805 3502 adhuc
2841 3445 3077 3517 positus,
3118 3462 3250 3499 cum
3294 3452 3589 3517 raperetur

1872 3580 1881 3586 ‹
1956 3544 2014 3597 in
2050 3541 2403 3613 paradisum,
2445 3540 2599 3594 ultra
2628 3539 2689 3593 in
2732 3554 2991 3610 corpore,
3020 3538 3135 3592 sive
3183 3545 3343 3592 extra
3383 3554 3589 3610 corpus

1959 3639 2150 3706 raptus
2182 3638 2328 3689 esset
2366 3633 2434 3688 ad
2466 3632 2697 3688 tertium
2740 3631 2943 3686 calum
2989 3647 3049 3685 se
3088 3632 3305 3685 nescire
3348 3631 3491 3686 dixit
3518 3632 3589 3703 (ll

1956 3732 2099 3793 Cor.,
2130 3746 2230 3798 xu,
2260 3730 2334 3797 3).
2366 3728 2553 3783 Sancti
2585 3726 2739 3782 enim
2767 3726 2943 3782 etiam
2972 3742 3100 3781 cum
3129 3729 3335 3797 gerunt
3362 3741 3587 3797 corpus,

1956 3842 2070 3880 non
2101 3830 2230 3878 sunt
2277 3827 2466 3877 tamen
2501 3821 2558 3876 in
2596 3837 2784 3890 carne,
2820 3821 2913 3874 sed
2948 3820 3005 3873 in
3044 3819 3279 3891 spiritu;
3319 3819 3591 3891 quoniam

1958 3920 2056 3992 qui
2086 3919 2144 3973 in
2171 3916 2481 3988 cupiditate
2506 3920 2561 3970 et
2593 3914 3026 3969 conversatione
3055 3911 3271 3968 carnali
3294 3916 3447 3978 sunt,
3472 3912 3591 3967 Deo

1957 4015 2175 4085 placere
2208 4028 2318 4065 non
2346 4013 2603 4081 possunt.
2631 4008 2823 4064 Sancti
2847 4011 3038 4063 autem
3069 4006 3493 4063 conversatione
3523 4006 3586 4061 in

1959 4123 2128 4162 carne
2152 4122 2266 4161 non
2292 4108 2443 4172 sunt,
2480 4103 2577 4158 sed
2603 4103 2661 4157 in
2696 4103 2852 4158 calo.

2030 4203 2117 4254 56.
2151 4200 2228 4253 Ex
2272 4198 2362 4253 his
2399 4214 2537 4269 ergo
2574 4198 2805 4269 Sponsa
2845 4198 3175 4268 languentis
3208 4198 3592 4268 comprehen-

1960 4296 2161 4350 damus
2194 4292 2479 4348 alfectum.
2514 4292 2717 4346 Videre
2747 4291 2845 4346 Dei
2873 4292 3090 4346 vultum
3121 4292 3283 4363 quasi
3312 4291 3593 4346 innocens

1960 4389 2113 4443 velut
2152 4388 2401 4460 quodam
2442 4388 2600 4441 vultu
2648 4385 3010 4440 conscientia
3051 4383 3428 4449 desiderabat,
3456 4400 3592 4455 ape-

1964 4482 2077 4536 rire
2109 4482 2158 4537 ei
2199 4480 2398 4536 faciem
2433 4480 2645 4535 mentis
2684 4480 2951 4544 interna,
2984 4484 3041 4531 et
3077 4478 3341 4548 cognosci
3373 4476 3596 4547 plenius

216 4567 442 4624 faceret
465 4568 521 4623 id
549 4571 700 4640 quod
723 4578 807 4626 est
834 4573 1238 4646 incorporeum
1266 4576 1705 4647 comprehendi.
1736 4576 1858 4631 Non
1877 4564 1938 4637 Β
1963 4575 2260 4647 gestiebat.
2302 4576 2482 4628 Amor
2512 4572 2834 4643 impatiens,
2876 4570 2973 4625 diu
3006 4573 3291 4642 noctuque
3332 4569 3593 4625 meretri-

216 4663 691 4734 reprehensibilis
729 4665 820 4720 hic
858 4683 1037 4735 error,
1082 4667 1181 4724 sed
1219 4668 1395 4724 etiam
1435 4677 1597 4740 grata
1637 4670 1855 4742 cupidi-

215 4761 308 4810 tas
338 4760 517 4829 atque
554 4758 925 4830 inexplebilis,
962 4762 1116 4833 quod
1158 4764 1461 4818 Dominum
1501 4780 1666 4818 suum
1710 4763 1861 4819 velut

217 4864 406 4905 manu
429 4857 655 4920 tenere,
687 4859 745 4909 et
774 4855 975 4911 obtutu
1014 4856 1311 4912 oculorum
1340 4856 1535 4912 videre
1575 4858 1858 4929 cupiebat.

217 4946 451 5001 Sciebat
498 4947 651 5001 enim
702 4949 771 5003 ad
815 4950 1129 5021 imaginem
1177 4957 1233 5006 et
1280 4951 1713 5005 similitudinem
1764 4952 1863 5005 Dei

218 5040 449 5095 factum
475 5057 596 5097 esse
622 5042 963 5113 hominem;
990 5043 1224 5116 quando
1256 5044 1408 5099 enim
1444 5044 1655 5099 electus
1683 5062 1715 5097 a
1755 5045 1859 5098 Do-

218 5133 390 5189 mino
444 5135 560 5190 Deo
610 5136 680 5191 ad
734 5138 1008 5209 populum
1057 5138 1434 5205 liberandum,
1484 5137 1729 5209 repletus
1780 5141 1864 5193 est

219 5228 437 5299 spiritu
468 5229 784 5301 sapientia,
818 5232 1035 5286 viderat
1059 5232 1329 5303 angelum
1356 5232 1539 5298 illum,
1573 5239 1625 5286 et
1651 5230 1863 5286 faciem

220 5321 356 5391 ejus
388 5322 449 5375 in
482 5323 681 5393 gloria,
713 5324 961 5397 denique
996 5324 1250 5398 fulgente
1289 5327 1413 5397 ejus
1453 5324 1671 5380 lumine
1700 5341 1861 5396 pave-

218 5421 415 5475 factus
455 5426 561 5489 est,
592 5428 648 5477 et
692 5423 830 5478 vidit
866 5423 1074 5478 rubum
1114 5424 1207 5478 uri
1244 5429 1303 5478 et
1349 5440 1464 5479 non
1510 5424 1692 5480 exuri.
1738 5422 1866 5479 Visu

220 5515 407 5587 capit
437 5516 746 5588 fulgorem,
774 5532 948 5589 quem
991 5517 1229 5573 miratus
1259 5518 1527 5584 accessit;
1559 5517 1868 5589 cupiditate

220 5616 282 5664 et
314 5610 506 5681 gratia
532 5615 882 5683 provocatus,
914 5619 973 5666 ut
1010 5612 1343 5684 diligentius
1381 5613 1663 5683 fulgorem
1704 5611 1869 5664 illum

222 5705 287 5760 in
329 5706 482 5761 rubo
517 5706 917 5762 consideraret.
947 5707 1143 5779 Itaque
1182 5707 1227 5761 si
1270 5711 1492 5762 tantum
1529 5704 1746 5775 accepit
1785 5719 1873 5758 ar-

291 5814 401 5876 (38)
432 5813 498 5865 In
518 5815 656 5880 μοι.
685 5824 878 5877 cxvnx,
901 5826 1065 5866 serui.
1096 5816 1173 5864 14.

297 5887 403 5949 (39)
425 5886 490 5938 In
513 5886 649 5952 psal.
687 5897 885 5949 cxvm,
913 5900 1075 5937 serm.
1101 5888 1150 5948 Β,
1176 5899 1326 5936 num.
1358 5887 1433 5935 Π.

1961 4670 2075 4724 cias
2134 4669 2284 4724 fores
2328 4668 2583 4738 pulsans,
2638 4666 2683 4719 si
2745 4665 2960 4719 diutius
3007 4663 3261 4736 potiendi
3312 4663 3598 4718 desideria

1963 4762 2328 4827 diﬂ‘eruntur,
2363 4761 2486 4831 ipsa
2516 4758 2707 4813 deﬁcit
2733 4758 3180 4829 exspectatione,
3209 4757 3346 4812 dum
3384 4761 3596 4828 sperat,

1966 4859 2021 4912 in
2052 4873 2164 4928 quo
2207 4854 2401 4926 utique
2449 4870 2563 4907 non
2609 4852 2737 4907 finis
2777 4853 3009 4917 amoris,
3040 4852 3133 4906 sed
3172 4852 3596 4907 incrementum

1964 4954 2051 5006 est
2076 4950 2211 5017 (40).
2247 4950 2316 5003 Et
2341 4946 2621 5019 quidquid
2665 4950 2749 5000 est
2788 4945 3184 5013 desiderabile,
3225 4945 3269 4998 si
3313 4962 3429 5000 non
3460 4959 3596 4999 con-

1964 5047 2154 5116 tingat
2189 5041 2560 5108 desideranti,
2595 5040 2788 5095 delicit
2844 5040 2902 5094 in
2937 5039 3095 5109 illud,
3124 5044 3182 5092 et
3216 5039 3377 5109 quasi
3417 5039 3599 5110 ipsam

1967 5138 2209 5211 deponit
2239 5136 2498 5191 animam
2524 5135 2624 5207 qui
2653 5133 2972 5202 desiderat;
3003 5133 3046 5187 si
3080 5137 3272 5186 tamen
3304 5149 3433 5203 spes
3463 5149 3599 5204 pro-

1968 5234 2092 5304 pior
2133 5236 2413 5302 assurgat,
2462 5229 2560 5284 dat
2605 5229 2753 5282 vires
2800 5244 2929 5298 spes
2973 5226 3263 5298 proxima;
3315 5226 3357 5279 si
3403 5228 3598 5281 autem

1970 5326 2223 5381 absentia
2269 5326 2343 5379 sit
2376 5322 2589 5392 dilecti,
2629 5339 2699 5378 eo
2741 5323 2861 5394 ipso
2892 5337 3005 5393 quo
3036 5320 3332 5374 absentem
3372 5319 3600 5374 deside-

1972 5425 2075 5487 rat,
2110 5435 2237 5490 qua
2274 5416 2617 5487 concupivit,
2660 5416 2870 5470 anima
2910 5431 3025 5469 sua
3069 5414 3282 5486 patitur
3330 5412 3601 5469 defectio-

1972 5530 2127 5569 nem.
2160 5514 2357 5584 ltaque
2388 5514 2602 5582 quanto
2638 5510 2865 5579 longius
2895 5515 2979 5563 est
3018 5508 3154 5562 illud
3185 5505 3338 5579 quod
3379 5507 3603 5562 deside-

1972 5611 2147 5675 ratur,
2204 5610 2364 5661 tanto
2410 5604 2594 5675 magis
2639 5602 2830 5658 deficit
2869 5602 2968 5674 qui
3010 5601 3316 5657 desiderat.
3360 5602 3418 5658 Id
3466 5618 3605 5673 ergo

1973 5700 2216 5758 deﬁcere
2244 5706 2349 5768 est,
2380 5697 2524 5754 inid
2569 5712 3040 5768 unumquemque
3084 5695 3221 5750 totis
3261 5694 3464 5750 studiis
3493 5697 3603 5751 mi-

2036 5807 2135 5869 uo)
2175 5808 2239 5860 In
2276 5807 2413 5871 psal.
2458 5816 2655 5868 cxvm,
2691 5816 2853 5855 serm.
2895 5805 2975 5867 tt,
3014 5818 3167 5855 num.
3213 5804 3243 5853 3
3280 5809 3331 5854 et
3379 5804 3609 5856 inferius

1974 5880 2197 5945 passim.
