  <div class='ocr_page' id='page_1' title='image "/cluster/home/n/w/nwhite01/storage/ocr_20150623/15/hvd.32044048207278/397.png"; bbox 0 0 4000 6166; ppageno 0'>
   <div class='ocr_carea' id='block_1_1' title="bbox 523 252 3776 314">
    <p class='ocr_par' dir='ltr' id='par_1_1' title="bbox 523 252 3776 314">
     <span class='ocr_line' id='line_1_1' title="bbox 523 252 3776 314; baseline -0.004 -1"><span class='ocrx_word' id='word_1_1' title='bbox 523 262 651 313; x_wconf 66' lang='lat'>2034</span> <span class='ocrx_word' id='word_1_2' title='bbox 1245 270 1249 275; x_wconf 64' lang='grc' dir='ltr'>ι</span> <span class='ocrx_word' id='word_1_3' title='bbox 1661 254 2001 309; x_wconf 73' lang='lat' dir='ltr'>COMMENT.</span> <span class='ocrx_word' id='word_1_4' title='bbox 2044 253 2106 306; x_wconf 57' lang='grc' dir='ltr'>ιχ</span> <span class='ocrx_word' id='word_1_5' title='bbox 2151 252 2437 308; x_wconf 71' lang='lat' dir='ltr'>CAN&#39;I‘ICA</span> <span class='ocrx_word' id='word_1_6' title='bbox 2476 253 2740 310; x_wconf 77' lang='lat' dir='ltr'>CANTIC.</span> <span class='ocrx_word' id='word_1_7' title='bbox 3679 261 3776 314; x_wconf 52' lang='lat'>203.3</span> 
     </span>
    </p>
   </div>
   <div class='ocr_carea' id='block_1_2' title="bbox 525 376 3782 460">
    <p class='ocr_par' dir='ltr' id='par_1_2' title="bbox 525 376 3782 460">
     <span class='ocr_line' id='line_1_2' title="bbox 525 376 3782 460; baseline -0.001 -24"><span class='ocrx_word' id='word_1_8' title='bbox 525 398 709 452; x_wconf 69' lang='lat' dir='ltr'>grave,</span> <span class='ocrx_word' id='word_1_9' title='bbox 771 379 925 450; x_wconf 86' lang='lat' dir='ltr'>quod</span> <span class='ocrx_word' id='word_1_10' title='bbox 976 380 1195 449; x_wconf 84' lang='lat' dir='ltr'>diligat,</span> <span class='ocrx_word' id='word_1_11' title='bbox 1250 379 1386 433; x_wconf 85' lang='lat' dir='ltr'>illud</span> <span class='ocrx_word' id='word_1_12' title='bbox 1441 379 1684 448; x_wconf 77' lang='lat' dir='ltr'>cogitat,</span> <span class='ocrx_word' id='word_1_13' title='bbox 1738 378 1812 433; x_wconf 87' lang='lat' dir='ltr'>illi</span> <span class='ocrx_word' id='word_1_14' title='bbox 1875 376 2151 441; x_wconf 73' lang='lat' dir='ltr'>adlueret,</span> <span class='ocrx_word' id='word_1_15' title='bbox 2183 390 2235 460; x_wconf 63' lang='grc' dir='ltr'><strong>Α</strong></span> <span class='ocrx_word' id='word_1_16' title='bbox 2328 382 2415 431; x_wconf 67' lang='lat' dir='ltr'>litt.</span> <span class='ocrx_word' id='word_1_17' title='bbox 2467 379 2571 446; x_wconf 55' lang='grc' dir='ltr'>ξιιμ</span> <span class='ocrx_word' id='word_1_18' title='bbox 2634 380 2846 433; x_wconf 61' lang='lat' dir='ltr'>Electus</span> <span class='ocrx_word' id='word_1_19' title='bbox 2899 393 2964 430; x_wconf 62' lang='lat' dir='ltr'>(a1?</span> <span class='ocrx_word' id='word_1_20' title='bbox 3007 376 3263 431; x_wconf 72' lang='lat' dir='ltr'>millibus.</span> <span class='ocrx_word' id='word_1_21' title='bbox 3325 376 3487 429; x_wconf 78' lang='lat' dir='ltr'>Decem</span> <span class='ocrx_word' id='word_1_22' title='bbox 3534 380 3687 435; x_wconf 73' lang='lat' dir='ltr'>millia</span> <span class='ocrx_word' id='word_1_23' title='bbox 3723 383 3782 436; x_wconf 83' lang='lat' dir='ltr'>iu-</span> 
     </span>
    </p>
   </div>
   <div class='ocr_carea' id='block_1_3' title="bbox 524 470 3787 544">
    <p class='ocr_par' dir='ltr' id='par_1_3' title="bbox 524 470 3787 544">
     <span class='ocr_line' id='line_1_3' title="bbox 524 470 3787 544; baseline 0 -16"><span class='ocrx_word' id='word_1_24' title='bbox 524 474 657 528; x_wconf 90' lang='lat' dir='ltr'>illud</span> <span class='ocrx_word' id='word_1_25' title='bbox 711 476 996 544; x_wconf 88' lang='lat' dir='ltr'>personat,</span> <span class='ocrx_word' id='word_1_26' title='bbox 1039 474 1195 543; x_wconf 86' lang='lat' dir='ltr'>quod</span> <span class='ocrx_word' id='word_1_27' title='bbox 1232 473 1514 543; x_wconf 80' lang='lat' dir='ltr'>receperit</span> <span class='ocrx_word' id='word_1_28' title='bbox 1559 471 1939 543; x_wconf 88' lang='lat' dir='ltr'>diligendum,</span> <span class='ocrx_word' id='word_1_29' title='bbox 1992 471 2046 524; x_wconf 92' lang='lat' dir='ltr'>in</span> <span class='ocrx_word' id='word_1_30' title='bbox 2098 470 2149 523; x_wconf 89' lang='lat' dir='ltr'>id</span> <span class='ocrx_word' id='word_1_31' title='bbox 2255 472 2378 543; x_wconf 93' lang='lat' dir='ltr'>quit</span> <span class='ocrx_word' id='word_1_32' title='bbox 2417 472 2603 533; x_wconf 84' lang='lat' dir='ltr'>Jacob,</span> <span class='ocrx_word' id='word_1_33' title='bbox 2648 472 2895 541; x_wconf 69' lang='lat' dir='ltr'>Ephrzem</span> <span class='ocrx_word' id='word_1_34' title='bbox 2935 479 2983 526; x_wconf 82' lang='lat' dir='ltr'>et</span> <span class='ocrx_word' id='word_1_35' title='bbox 3027 472 3202 525; x_wconf 83' lang='lat' dir='ltr'>millia</span> <span class='ocrx_word' id='word_1_36' title='bbox 3250 472 3514 532; x_wconf 75' lang='lat' dir='ltr'>Manusse;</span> <span class='ocrx_word' id='word_1_37' title='bbox 3553 470 3598 524; x_wconf 88' lang='lat' dir='ltr'>id</span> <span class='ocrx_word' id='word_1_38' title='bbox 3635 480 3713 539; x_wconf 81' lang='lat' dir='ltr'>est,</span> <span class='ocrx_word' id='word_1_39' title='bbox 3748 485 3787 528; x_wconf 85' lang='lat' dir='ltr'>ct</span> 
     </span>
    </p>
   </div>
   <div class='ocr_carea' id='block_1_4' title="bbox 518 563 3787 640">
    <p class='ocr_par' dir='ltr' id='par_1_4' title="bbox 518 563 3787 640">
     <span class='ocr_line' id='line_1_4' title="bbox 518 563 3787 640; baseline -0 -18"><span class='ocrx_word' id='word_1_40' title='bbox 518 568 774 640; x_wconf 87' lang='lat' dir='ltr'>quadam</span> <span class='ocrx_word' id='word_1_41' title='bbox 806 568 1015 622; x_wconf 72' lang='lat' dir='ltr'>animae</span> <span class='ocrx_word' id='word_1_42' title='bbox 1046 565 1362 621; x_wconf 76' lang='lat' dir='ltr'>defectione</span> <span class='ocrx_word' id='word_1_43' title='bbox 1392 565 1827 620; x_wconf 79' lang='lat' dir='ltr'>transfunditur.</span> <span class='ocrx_word' id='word_1_44' title='bbox 1861 565 1931 617; x_wconf 79' lang='lat' dir='ltr'>lit</span> <span class='ocrx_word' id='word_1_45' title='bbox 1957 564 1999 617; x_wconf 87' lang='lat' dir='ltr'>si</span> <span class='ocrx_word' id='word_1_46' title='bbox 2028 580 2147 618; x_wconf 86' lang='lat' dir='ltr'>ma-</span> <span class='ocrx_word' id='word_1_47' title='bbox 2252 564 2583 620; x_wconf 70' lang='lat' dir='ltr'>.ludazorum</span> <span class='ocrx_word' id='word_1_48' title='bbox 2615 571 2671 619; x_wconf 85' lang='lat' dir='ltr'>et</span> <span class='ocrx_word' id='word_1_49' title='bbox 2697 566 2955 634; x_wconf 84' lang='lat' dir='ltr'>gentium</span> <span class='ocrx_word' id='word_1_50' title='bbox 2984 563 3329 627; x_wconf 84' lang='lat' dir='ltr'>dominetur,</span> <span class='ocrx_word' id='word_1_51' title='bbox 3354 566 3409 616; x_wconf 91' lang='lat' dir='ltr'>et</span> <span class='ocrx_word' id='word_1_52' title='bbox 3431 569 3705 635; x_wconf 87' lang='lat' dir='ltr'>exntroque</span> <span class='ocrx_word' id='word_1_53' title='bbox 3721 586 3787 637; x_wconf 78' lang='lat' dir='ltr'>po-</span> 
     </span>
    </p>
   </div>
   <div class='ocr_carea' id='block_1_5' title="bbox 525 656 3793 733">
    <p class='ocr_par' dir='ltr' id='par_1_5' title="bbox 525 656 3793 733">
     <span class='ocr_line' id='line_1_5' title="bbox 525 656 3793 733; baseline 0 -18"><span class='ocrx_word' id='word_1_54' title='bbox 525 667 613 717; x_wconf 90' lang='lat' dir='ltr'>ter</span> <span class='ocrx_word' id='word_1_55' title='bbox 640 661 742 715; x_wconf 85' lang='lat' dir='ltr'>filii</span> <span class='ocrx_word' id='word_1_56' title='bbox 783 665 1070 732; x_wconf 76' lang='lat' dir='ltr'>exspectet</span> <span class='ocrx_word' id='word_1_57' title='bbox 1110 661 1498 733; x_wconf 64' lang='lat' dir='ltr'>praesentiam,</span> <span class='ocrx_word' id='word_1_58' title='bbox 1535 660 2023 731; x_wconf 84' lang='lat' dir='ltr'>quemadmodum</span> <span class='ocrx_word' id='word_1_59' title='bbox 2054 674 2149 711; x_wconf 84' lang='lat' dir='ltr'>ex-</span> <span class='ocrx_word' id='word_1_60' title='bbox 2256 660 2389 729; x_wconf 87' lang='lat' dir='ltr'>pulo</span> <span class='ocrx_word' id='word_1_61' title='bbox 2426 659 2685 730; x_wconf 82' lang='lat' dir='ltr'>acquirat</span> <span class='ocrx_word' id='word_1_62' title='bbox 2715 658 2815 713; x_wconf 84' lang='lat' dir='ltr'>sibi</span> <span class='ocrx_word' id='word_1_63' title='bbox 2868 658 3125 713; x_wconf 59' lang='lat' dir='ltr'>Ecclesiae</span> <span class='ocrx_word' id='word_1_64' title='bbox 3166 656 3575 729; x_wconf 80' lang='lat' dir='ltr'>plenitudinem.</span> <span class='ocrx_word' id='word_1_65' title='bbox 3603 659 3793 732; x_wconf 90' lang='lat' dir='ltr'>Ideoque</span> 
     </span>
    </p>
   </div>
   <div class='ocr_carea' id='block_1_6' title="bbox 523 750 3794 828">
    <p class='ocr_par' dir='ltr' id='par_1_6' title="bbox 523 750 3794 828">
     <span class='ocr_line' id='line_1_6' title="bbox 523 750 3794 828; baseline -0.001 -18"><span class='ocrx_word' id='word_1_66' title='bbox 523 755 815 828; x_wconf 81' lang='lat' dir='ltr'>spectabat</span> <span class='ocrx_word' id='word_1_67' title='bbox 852 754 1041 810; x_wconf 83' lang='lat' dir='ltr'>Tobiae</span> <span class='ocrx_word' id='word_1_68' title='bbox 1079 772 1220 810; x_wconf 85' lang='lat' dir='ltr'>uxor</span> <span class='ocrx_word' id='word_1_69' title='bbox 1255 754 1431 809; x_wconf 81' lang='lat' dir='ltr'>tilium</span> <span class='ocrx_word' id='word_1_70' title='bbox 1476 753 1976 826; x_wconf 83' lang='lat' dir='ltr'>peregrinantem;</span> <span class='ocrx_word' id='word_1_71' title='bbox 2021 751 2153 806; x_wconf 87' lang='lat' dir='ltr'>deti-</span> <span class='ocrx_word' id='word_1_72' title='bbox 2255 755 2549 808; x_wconf 82' lang='lat' dir='ltr'>dexteram</span> <span class='ocrx_word' id='word_1_73' title='bbox 2574 769 2733 807; x_wconf 90' lang='lat' dir='ltr'>suam</span> <span class='ocrx_word' id='word_1_74' title='bbox 2762 769 2933 824; x_wconf 85' lang='lat' dir='ltr'>super</span> <span class='ocrx_word' id='word_1_75' title='bbox 2954 752 3217 822; x_wconf 71' lang='lat' dir='ltr'>Ephrasm</span> <span class='ocrx_word' id='word_1_76' title='bbox 3235 750 3422 822; x_wconf 88' lang='lat' dir='ltr'>posuit</span> <span class='ocrx_word' id='word_1_77' title='bbox 3439 755 3629 805; x_wconf 83' lang='lat' dir='ltr'>sanctus</span> <span class='ocrx_word' id='word_1_78' title='bbox 3646 754 3794 819; x_wconf 78' lang='lat' dir='ltr'>lacob,</span> 
     </span>
    </p>
   </div>
   <div class='ocr_carea' id='block_1_7' title="bbox 525 845 3796 918">
    <p class='ocr_par' dir='ltr' id='par_1_7' title="bbox 525 845 3796 918">
     <span class='ocr_line' id='line_1_7' title="bbox 525 845 3796 918; baseline -0.001 -13"><span class='ocrx_word' id='word_1_79' title='bbox 525 850 680 905; x_wconf 86' lang='lat' dir='ltr'>ciens</span> <span class='ocrx_word' id='word_1_80' title='bbox 723 867 756 904; x_wconf 91' lang='lat' dir='ltr'>a</span> <span class='ocrx_word' id='word_1_81' title='bbox 809 848 1116 916; x_wconf 85' lang='lat' dir='ltr'>desiderio,</span> <span class='ocrx_word' id='word_1_82' title='bbox 1173 854 1231 904; x_wconf 90' lang='lat' dir='ltr'>et</span> <span class='ocrx_word' id='word_1_83' title='bbox 1286 849 1343 903; x_wconf 93' lang='lat' dir='ltr'>in</span> <span class='ocrx_word' id='word_1_84' title='bbox 1398 848 1671 917; x_wconf 88' lang='lat' dir='ltr'>angustiis</span> <span class='ocrx_word' id='word_1_85' title='bbox 1729 846 2055 911; x_wconf 90' lang='lat' dir='ltr'>constituta,</span> <span class='ocrx_word' id='word_1_86' title='bbox 2099 850 2154 900; x_wconf 88' lang='lat' dir='ltr'>et</span> <span class='ocrx_word' id='word_1_87' title='bbox 2253 863 2321 903; x_wconf 90' lang='lat' dir='ltr'>eo</span> <span class='ocrx_word' id='word_1_88' title='bbox 2349 848 2499 918; x_wconf 89' lang='lat' dir='ltr'>quod</span> <span class='ocrx_word' id='word_1_89' title='bbox 2530 847 2692 918; x_wconf 86' lang='lat' dir='ltr'>legis,</span> <span class='ocrx_word' id='word_1_90' title='bbox 2726 847 2953 902; x_wconf 85' lang='lat' dir='ltr'>dicente</span> <span class='ocrx_word' id='word_1_91' title='bbox 2988 845 3235 901; x_wconf 81' lang='lat' dir='ltr'>Ecclesia</span> <span class='ocrx_word' id='word_1_92' title='bbox 3262 845 3321 899; x_wconf 92' lang='lat' dir='ltr'>in</span> <span class='ocrx_word' id='word_1_93' title='bbox 3347 845 3574 900; x_wconf 87' lang='lat' dir='ltr'>Canticis</span> <span class='ocrx_word' id='word_1_94' title='bbox 3602 847 3796 902; x_wconf 82' lang='lat' dir='ltr'>cantico-</span> 
     </span>
    </p>
   </div>
   <div class='ocr_carea' id='block_1_8' title="bbox 525 939 3800 1016">
    <p class='ocr_par' dir='ltr' id='par_1_8' title="bbox 525 939 3800 1016">
     <span class='ocr_line' id='line_1_8' title="bbox 525 939 3800 1016; baseline -0.001 -18"><span class='ocrx_word' id='word_1_95' title='bbox 525 951 793 1016; x_wconf 88' lang='lat' dir='ltr'>tanquam</span> <span class='ocrx_word' id='word_1_96' title='bbox 830 945 1076 998; x_wconf 87' lang='lat' dir='ltr'>resoluta</span> <span class='ocrx_word' id='word_1_97' title='bbox 1118 942 1415 998; x_wconf 87' lang='lat' dir='ltr'>videbatur</span> <span class='ocrx_word' id='word_1_98' title='bbox 1448 943 1624 1013; x_wconf 88' lang='lat' dir='ltr'>(Tob.,</span> <span class='ocrx_word' id='word_1_99' title='bbox 1656 958 1708 1007; x_wconf 86' lang='lat' dir='ltr'>x,</span> <span class='ocrx_word' id='word_1_100' title='bbox 1748 944 1777 995; x_wconf 93' lang='lat'><strong>3</strong></span> <span class='ocrx_word' id='word_1_101' title='bbox 1810 941 1968 1010; x_wconf 88' lang='lat' dir='ltr'>seq.).</span> <span class='ocrx_word' id='word_1_102' title='bbox 2004 939 2148 1003; x_wconf 89' lang='lat' dir='ltr'>Quid</span> <span class='ocrx_word' id='word_1_103' title='bbox 2256 957 2383 996; x_wconf 89' lang='lat' dir='ltr'>rum</span> <span class='ocrx_word' id='word_1_104' title='bbox 2425 958 2437 995; x_wconf 86' lang='lat'>:</span> <span class='ocrx_word' id='word_1_105' title='bbox 2486 944 2676 997; x_wconf 79' lang='lat' dir='ltr'>Frater</span> <span class='ocrx_word' id='word_1_106' title='bbox 2721 956 2868 996; x_wconf 87' lang='lat' dir='ltr'>meus</span> <span class='ocrx_word' id='word_1_107' title='bbox 2911 940 3180 995; x_wconf 68' lang='lat' dir='ltr'>candidus</span> <span class='ocrx_word' id='word_1_108' title='bbox 3226 944 3276 993; x_wconf 86' lang='lat' dir='ltr'>et</span> <span class='ocrx_word' id='word_1_109' title='bbox 3317 939 3520 999; x_wconf 76' lang='lat' dir='ltr'>rubens.</span> <span class='ocrx_word' id='word_1_110' title='bbox 3560 939 3719 995; x_wconf 80' lang='lat' dir='ltr'>electus</span> <span class='ocrx_word' id='word_1_111' title='bbox 3751 958 3800 996; x_wconf 71' lang='lat' dir='ltr'>ea:</span> 
     </span>
    </p>
   </div>
   <div class='ocr_carea' id='block_1_9' title="bbox 523 1031 3805 1108">
    <p class='ocr_par' dir='ltr' id='par_1_9' title="bbox 523 1031 3805 1108">
     <span class='ocr_line' id='line_1_9' title="bbox 523 1031 3805 1108; baseline -0.002 -15"><span class='ocrx_word' id='word_1_112' title='bbox 523 1039 675 1093; x_wconf 88' lang='lat' dir='ltr'>enim</span> <span class='ocrx_word' id='word_1_113' title='bbox 705 1037 856 1092; x_wconf 81' lang='lat' dir='ltr'>aliud</span> <span class='ocrx_word' id='word_1_114' title='bbox 885 1037 994 1091; x_wconf 89' lang='lat' dir='ltr'>nisi</span> <span class='ocrx_word' id='word_1_115' title='bbox 1021 1037 1311 1091; x_wconf 87' lang='lat' dir='ltr'>defectum</span> <span class='ocrx_word' id='word_1_116' title='bbox 1343 1036 1651 1108; x_wconf 80' lang='lat' dir='ltr'>quemdam</span> <span class='ocrx_word' id='word_1_117' title='bbox 1683 1034 1804 1105; x_wconf 90' lang='lat' dir='ltr'>ejus</span> <span class='ocrx_word' id='word_1_118' title='bbox 1832 1034 2007 1089; x_wconf 89' lang='lat' dir='ltr'>verba</span> <span class='ocrx_word' id='word_1_119' title='bbox 2033 1034 2148 1103; x_wconf 87' lang='lat' dir='ltr'>sig-</span> <span class='ocrx_word' id='word_1_120' title='bbox 2253 1036 2429 1091; x_wconf 83' lang='lat' dir='ltr'>decem</span> <span class='ocrx_word' id='word_1_121' title='bbox 2474 1036 2735 1090; x_wconf 79' lang='lat' dir='ltr'>millibus.</span> <span class='ocrx_word' id='word_1_122' title='bbox 2790 1034 3039 1106; x_wconf 87' lang='lat' dir='ltr'>Denique</span> <span class='ocrx_word' id='word_1_123' title='bbox 3092 1034 3268 1088; x_wconf 85' lang='lat' dir='ltr'>etiam</span> <span class='ocrx_word' id='word_1_124' title='bbox 3330 1031 3495 1087; x_wconf 81' lang='lat' dir='ltr'>David</span> <span class='ocrx_word' id='word_1_125' title='bbox 3543 1034 3805 1103; x_wconf 68' lang='lat' dir='ltr'>juvencula</span> 
     </span>
    </p>
   </div>
   <div class='ocr_carea' id='block_1_10' title="bbox 525 1124 3806 1202">
    <p class='ocr_par' dir='ltr' id='par_1_10' title="bbox 525 1124 3806 1202">
     <span class='ocr_line' id='line_1_10' title="bbox 525 1124 3806 1202; baseline -0.002 -15"><span class='ocrx_word' id='word_1_126' title='bbox 525 1131 796 1187; x_wconf 83' lang='lat' dir='ltr'>nificant?</span> <span class='ocrx_word' id='word_1_127' title='bbox 839 1130 948 1186; x_wconf 90' lang='lat' dir='ltr'>Sed</span> <span class='ocrx_word' id='word_1_128' title='bbox 980 1148 1091 1202; x_wconf 91' lang='lat' dir='ltr'>quo</span> <span class='ocrx_word' id='word_1_129' title='bbox 1135 1130 1319 1202; x_wconf 88' lang='lat' dir='ltr'>magis</span> <span class='ocrx_word' id='word_1_130' title='bbox 1361 1124 1603 1184; x_wconf 86' lang='lat' dir='ltr'>lassatur</span> <span class='ocrx_word' id='word_1_131' title='bbox 1645 1128 1897 1195; x_wconf 78' lang='lat' dir='ltr'>affectus,</span> <span class='ocrx_word' id='word_1_132' title='bbox 1933 1145 2000 1182; x_wconf 90' lang='lat' dir='ltr'>eo</span> <span class='ocrx_word' id='word_1_133' title='bbox 2029 1144 2148 1183; x_wconf 88' lang='lat' dir='ltr'>am-</span> <span class='ocrx_word' id='word_1_134' title='bbox 2252 1129 2437 1184; x_wconf 72' lang='lat' dir='ltr'>Marias</span> <span class='ocrx_word' id='word_1_135' title='bbox 2477 1132 2773 1184; x_wconf 85' lang='lat' dir='ltr'>auctorem</span> <span class='ocrx_word' id='word_1_136' title='bbox 2807 1144 2875 1183; x_wconf 85' lang='lat' dir='ltr'>ex</span> <span class='ocrx_word' id='word_1_137' title='bbox 2915 1128 3075 1198; x_wconf 86' lang='lat' dir='ltr'>cujus</span> <span class='ocrx_word' id='word_1_138' title='bbox 3107 1127 3460 1182; x_wconf 87' lang='lat' dir='ltr'>successione</span> <span class='ocrx_word' id='word_1_139' title='bbox 3492 1126 3708 1181; x_wconf 83' lang='lat' dir='ltr'>Christus</span> <span class='ocrx_word' id='word_1_140' title='bbox 3743 1133 3806 1181; x_wconf 87' lang='lat' dir='ltr'>est</span> 
     </span>
    </p>
   </div>
   <div class='ocr_carea' id='block_1_11' title="bbox 522 1220 3811 1298">
    <p class='ocr_par' dir='ltr' id='par_1_11' title="bbox 522 1220 3811 1298">
     <span class='ocr_line' id='line_1_11' title="bbox 522 1220 3811 1298; baseline -0.002 -18"><span class='ocrx_word' id='word_1_141' title='bbox 522 1224 671 1298; x_wconf 84' lang='lat' dir='ltr'>ptius</span> <span class='ocrx_word' id='word_1_142' title='bbox 697 1242 859 1280; x_wconf 88' lang='lat' dir='ltr'>amor</span> <span class='ocrx_word' id='word_1_143' title='bbox 887 1225 1120 1291; x_wconf 85' lang='lat' dir='ltr'>crescit;</span> <span class='ocrx_word' id='word_1_144' title='bbox 1152 1228 1208 1279; x_wconf 88' lang='lat' dir='ltr'>et</span> <span class='ocrx_word' id='word_1_145' title='bbox 1237 1241 1348 1295; x_wconf 88' lang='lat' dir='ltr'>quo</span> <span class='ocrx_word' id='word_1_146' title='bbox 1375 1224 1585 1278; x_wconf 90' lang='lat' dir='ltr'>diutius</span> <span class='ocrx_word' id='word_1_147' title='bbox 1612 1224 1771 1278; x_wconf 80' lang='lat' dir='ltr'>abest</span> <span class='ocrx_word' id='word_1_148' title='bbox 1802 1223 1897 1294; x_wconf 88' lang='lat' dir='ltr'>qui</span> <span class='ocrx_word' id='word_1_149' title='bbox 1928 1222 2149 1277; x_wconf 89' lang='lat' dir='ltr'>deside-</span> <span class='ocrx_word' id='word_1_150' title='bbox 2255 1230 2421 1279; x_wconf 84' lang='lat' dir='ltr'>natus</span> <span class='ocrx_word' id='word_1_151' title='bbox 2486 1239 2589 1294; x_wconf 92' lang='lat' dir='ltr'>per</span> <span class='ocrx_word' id='word_1_152' title='bbox 2650 1221 2894 1294; x_wconf 81' lang='lat' dir='ltr'>Virginis</span> <span class='ocrx_word' id='word_1_153' title='bbox 2948 1227 3176 1293; x_wconf 86' lang='lat' dir='ltr'>partum</span> <span class='ocrx_word' id='word_1_154' title='bbox 3198 1264 3211 1290; x_wconf 92' lang='lat'>,</span> <span class='ocrx_word' id='word_1_155' title='bbox 3266 1221 3325 1275; x_wconf 91' lang='lat' dir='ltr'>in</span> <span class='ocrx_word' id='word_1_156' title='bbox 3383 1220 3565 1274; x_wconf 88' lang='lat' dir='ltr'>decem</span> <span class='ocrx_word' id='word_1_157' title='bbox 3612 1220 3811 1277; x_wconf 82' lang='lat' dir='ltr'>millibus</span> 
     </span>
    </p>
   </div>
   <div class='ocr_carea' id='block_1_12' title="bbox 524 1312 3807 1391">
    <p class='ocr_par' dir='ltr' id='par_1_12' title="bbox 524 1312 3807 1391">
     <span class='ocr_line' id='line_1_12' title="bbox 524 1312 3807 1391; baseline -0.002 -16"><span class='ocrx_word' id='word_1_158' title='bbox 524 1325 627 1387; x_wconf 82' lang='lat' dir='ltr'>rat,</span> <span class='ocrx_word' id='word_1_159' title='bbox 665 1335 732 1374; x_wconf 92' lang='lat' dir='ltr'>eo</span> <span class='ocrx_word' id='word_1_160' title='bbox 778 1318 1156 1391; x_wconf 88' lang='lat' dir='ltr'>exspectantis</span> <span class='ocrx_word' id='word_1_161' title='bbox 1206 1317 1488 1373; x_wconf 88' lang='lat' dir='ltr'>desideria</span> <span class='ocrx_word' id='word_1_162' title='bbox 1533 1317 1750 1387; x_wconf 84' lang='lat' dir='ltr'>majore</span> <span class='ocrx_word' id='word_1_163' title='bbox 1801 1316 2045 1388; x_wconf 87' lang='lat' dir='ltr'>quadam</span> <span class='ocrx_word' id='word_1_164' title='bbox 2099 1316 2151 1370; x_wconf 85' lang='lat' dir='ltr'>vi</span> <span class='ocrx_word' id='word_1_165' title='bbox 2256 1317 2686 1387; x_wconf 73' lang='lat' dir='ltr'>praedicabant:</span> <span class='ocrx_word' id='word_1_166' title='bbox 2730 1315 2864 1371; x_wconf 89' lang='lat' dir='ltr'>Saul</span> <span class='ocrx_word' id='word_1_167' title='bbox 2906 1319 3097 1369; x_wconf 87' lang='lat' dir='ltr'>autem</span> <span class='ocrx_word' id='word_1_168' title='bbox 3140 1314 3196 1368; x_wconf 92' lang='lat' dir='ltr'>in</span> <span class='ocrx_word' id='word_1_169' title='bbox 3240 1312 3502 1382; x_wconf 88' lang='lat' dir='ltr'>millibus,</span> <span class='ocrx_word' id='word_1_170' title='bbox 3531 1330 3646 1367; x_wconf 89' lang='lat' dir='ltr'>cum</span> <span class='ocrx_word' id='word_1_171' title='bbox 3684 1330 3807 1368; x_wconf 84' lang='lat' dir='ltr'>reve-</span> 
     </span>
    </p>
   </div>
   <div class='ocr_carea' id='block_1_13' title="bbox 524 1407 3816 1483">
    <p class='ocr_par' dir='ltr' id='par_1_13' title="bbox 524 1407 3816 1483">
     <span class='ocr_line' id='line_1_13' title="bbox 524 1407 3816 1483; baseline -0.002 -14"><span class='ocrx_word' id='word_1_172' title='bbox 524 1413 735 1469; x_wconf 90' lang='lat' dir='ltr'>amoris</span> <span class='ocrx_word' id='word_1_173' title='bbox 767 1413 1085 1483; x_wconf 88' lang='lat' dir='ltr'>ignescunt.</span> <span class='ocrx_word' id='word_1_174' title='bbox 1115 1412 1252 1466; x_wconf 87' lang='lat' dir='ltr'>Caro</span> <span class='ocrx_word' id='word_1_175' title='bbox 1291 1409 1501 1475; x_wconf 87' lang='lat' dir='ltr'>deticit,</span> <span class='ocrx_word' id='word_1_176' title='bbox 1544 1411 1639 1464; x_wconf 85' lang='lat' dir='ltr'>sed</span> <span class='ocrx_word' id='word_1_177' title='bbox 1674 1410 1956 1480; x_wconf 83' lang='lat' dir='ltr'>cupiditas</span> <span class='ocrx_word' id='word_1_178' title='bbox 1987 1411 2153 1463; x_wconf 84' lang='lat' dir='ltr'>alitur</span> <span class='ocrx_word' id='word_1_179' title='bbox 2257 1411 2451 1465; x_wconf 81' lang='lat' dir='ltr'>rentiac</span> <span class='ocrx_word' id='word_1_180' title='bbox 2493 1410 2741 1479; x_wconf 78' lang='lat' dir='ltr'>gratiam</span> <span class='ocrx_word' id='word_1_181' title='bbox 2782 1410 2930 1464; x_wconf 91' lang='lat' dir='ltr'>circa</span> <span class='ocrx_word' id='word_1_182' title='bbox 2972 1424 3170 1480; x_wconf 86' lang='lat' dir='ltr'>regem</span> <span class='ocrx_word' id='word_1_183' title='bbox 3213 1407 3395 1479; x_wconf 88' lang='lat' dir='ltr'>magis</span> <span class='ocrx_word' id='word_1_184' title='bbox 3430 1423 3728 1479; x_wconf 67' lang='lat' dir='ltr'>praeponere</span> <span class='ocrx_word' id='word_1_185' title='bbox 3749 1407 3816 1461; x_wconf 81' lang='lat' dir='ltr'>de-</span> 
     </span>
    </p>
   </div>
   <div class='ocr_carea' id='block_1_14' title="bbox 524 1505 2531 1578">
    <p class='ocr_par' dir='ltr' id='par_1_14' title="bbox 524 1505 2531 1578">
     <span class='ocr_line' id='line_1_14' title="bbox 524 1505 2531 1578; baseline -0.001 -18"><span class='ocrx_word' id='word_1_186' title='bbox 524 1512 581 1560; x_wconf 91' lang='lat' dir='ltr'>et</span> <span class='ocrx_word' id='word_1_187' title='bbox 608 1512 869 1578; x_wconf 83' lang='lat' dir='ltr'>augetur.</span> <span class='ocrx_word' id='word_1_188' title='bbox 2252 1505 2531 1558; x_wconf 83' lang='lat' dir='ltr'>huissent.</span> 
     </span>
    </p>
   </div>
   <div class='ocr_carea' id='block_1_15' title="bbox 594 1594 3819 1671">
    <p class='ocr_par' dir='ltr' id='par_1_15' title="bbox 594 1594 3819 1671">
     <span class='ocr_line' id='line_1_15' title="bbox 594 1594 3819 1671; baseline -0.002 -17"><span class='ocrx_word' id='word_1_189' title='bbox 594 1604 679 1654; x_wconf 83' lang='lat'>57.</span> <span class='ocrx_word' id='word_1_190' title='bbox 719 1602 910 1671; x_wconf 85' lang='lat' dir='ltr'>Itaque</span> <span class='ocrx_word' id='word_1_191' title='bbox 949 1606 1144 1654; x_wconf 87' lang='lat' dir='ltr'>sancta</span> <span class='ocrx_word' id='word_1_192' title='bbox 1187 1599 1378 1653; x_wconf 89' lang='lat' dir='ltr'>anima</span> <span class='ocrx_word' id='word_1_193' title='bbox 1420 1598 1597 1653; x_wconf 86' lang='lat' dir='ltr'>nescit</span> <span class='ocrx_word' id='word_1_194' title='bbox 1634 1598 1787 1652; x_wconf 87' lang='lat' dir='ltr'>aliud</span> <span class='ocrx_word' id='word_1_195' title='bbox 1829 1598 2151 1652; x_wconf 87' lang='lat' dir='ltr'>desiderare</span> <span class='ocrx_word' id='word_1_196' title='bbox 2325 1601 2410 1652; x_wconf 80' lang='lat' dir='ltr'>6t.</span> <span class='ocrx_word' id='word_1_197' title='bbox 2442 1599 2620 1669; x_wconf 89' lang='lat' dir='ltr'>(Vers.</span> <span class='ocrx_word' id='word_1_198' title='bbox 2648 1600 2755 1667; x_wconf 88' lang='grc'>11.)</span> <span class='ocrx_word' id='word_1_199' title='bbox 2781 1600 2888 1668; x_wconf 68' lang='grc'>(45)</span> <span class='ocrx_word' id='word_1_200' title='bbox 2916 1598 3093 1667; x_wconf 86' lang='lat' dir='ltr'>Caput</span> <span class='ocrx_word' id='word_1_201' title='bbox 3113 1596 3225 1667; x_wconf 85' lang='lat' dir='ltr'>ejus</span> <span class='ocrx_word' id='word_1_202' title='bbox 3250 1611 3446 1651; x_wconf 84' lang='lat' dir='ltr'>aurum</span> <span class='ocrx_word' id='word_1_203' title='bbox 3466 1596 3672 1666; x_wconf 68' lang='lat' dir='ltr'>Cephea.</span> <span class='ocrx_word' id='word_1_204' title='bbox 3695 1594 3819 1658; x_wconf 79' lang='lat' dir='ltr'>Quod</span> 
     </span>
    </p>
   </div>
   <div class='ocr_carea' id='block_1_16' title="bbox 522 1689 3817 1765">
    <p class='ocr_par' dir='ltr' id='par_1_16' title="bbox 522 1689 3817 1765">
     <span class='ocr_line' id='line_1_16' title="bbox 522 1689 3817 1765; baseline -0.002 -17"><span class='ocrx_word' id='word_1_205' title='bbox 522 1710 696 1765; x_wconf 89' lang='lat' dir='ltr'>quam</span> <span class='ocrx_word' id='word_1_206' title='bbox 728 1694 1026 1765; x_wconf 86' lang='lat' dir='ltr'>Sponsum,</span> <span class='ocrx_word' id='word_1_207' title='bbox 1062 1694 1156 1764; x_wconf 91' lang='lat' dir='ltr'>qui</span> <span class='ocrx_word' id='word_1_208' title='bbox 1195 1699 1278 1748; x_wconf 85' lang='lat' dir='ltr'>est</span> <span class='ocrx_word' id='word_1_209' title='bbox 1308 1693 1562 1748; x_wconf 83' lang='lat' dir='ltr'>Christus</span> <span class='ocrx_word' id='word_1_210' title='bbox 1590 1692 1751 1745; x_wconf 83' lang='lat' dir='ltr'>.lesus</span> <span class='ocrx_word' id='word_1_211' title='bbox 1779 1709 1791 1746; x_wconf 91' lang='lat'>:</span> <span class='ocrx_word' id='word_1_212' title='bbox 1826 1691 1984 1746; x_wconf 88' lang='lat' dir='ltr'>illum</span> <span class='ocrx_word' id='word_1_213' title='bbox 2013 1707 2144 1745; x_wconf 83' lang='lat' dir='ltr'>con—</span> <span class='ocrx_word' id='word_1_214' title='bbox 2170 1760 2211 1765; x_wconf 84' lang='lat'><em>_</em></span> <span class='ocrx_word' id='word_1_215' title='bbox 2252 1692 2531 1763; x_wconf 81' lang='lat' dir='ltr'>signiﬁcat</span> <span class='ocrx_word' id='word_1_216' title='bbox 2560 1691 2819 1746; x_wconf 86' lang='lat' dir='ltr'>stabilem</span> <span class='ocrx_word' id='word_1_217' title='bbox 2848 1692 3318 1761; x_wconf 87' lang='lat' dir='ltr'>eminentemque</span> <span class='ocrx_word' id='word_1_218' title='bbox 3346 1689 3685 1759; x_wconf 82' lang='lat' dir='ltr'>sapientiam.</span> <span class='ocrx_word' id='word_1_219' title='bbox 3715 1689 3817 1743; x_wconf 85' lang='lat' dir='ltr'>Cor-</span> 
     </span>
    </p>
   </div>
   <div class='ocr_carea' id='block_1_17' title="bbox 522 1760 3826 1859">
    <p class='ocr_par' dir='ltr' id='par_1_17' title="bbox 522 1760 3826 1859">
     <span class='ocr_line' id='line_1_17' title="bbox 522 1760 3826 1859; baseline -0.002 -17"><span class='ocrx_word' id='word_1_220' title='bbox 522 1760 783 1859; x_wconf 68' lang='lat' dir='ltr'>eupiscit,</span> <span class='ocrx_word' id='word_1_221' title='bbox 808 1787 964 1840; x_wconf 90' lang='lat' dir='ltr'>illum</span> <span class='ocrx_word' id='word_1_222' title='bbox 994 1760 1290 1853; x_wconf 73' lang='lat' dir='ltr'>desiderat,</span> <span class='ocrx_word' id='word_1_223' title='bbox 1322 1787 1375 1840; x_wconf 91' lang='lat' dir='ltr'>in</span> <span class='ocrx_word' id='word_1_224' title='bbox 1417 1786 1575 1840; x_wconf 87' lang='lat' dir='ltr'>illum</span> <span class='ocrx_word' id='word_1_225' title='bbox 1620 1787 1749 1839; x_wconf 87' lang='lat' dir='ltr'>totis</span> <span class='ocrx_word' id='word_1_226' title='bbox 1789 1785 2033 1840; x_wconf 89' lang='lat' dir='ltr'>intendit</span> <span class='ocrx_word' id='word_1_227' title='bbox 2075 1784 2148 1838; x_wconf 82' lang='lat' dir='ltr'>vi-</span> <span class='ocrx_word' id='word_1_228' title='bbox 2170 1760 2225 1830; x_wconf 76' lang='grc' dir='ltr'><strong>Β</strong></span> <span class='ocrx_word' id='word_1_229' title='bbox 2250 1760 2354 1858; x_wconf 82' lang='lat' dir='ltr'>pus</span> <span class='ocrx_word' id='word_1_230' title='bbox 2380 1786 2585 1842; x_wconf 84' lang='lat' dir='ltr'>Christi</span> <span class='ocrx_word' id='word_1_231' title='bbox 2617 1785 2856 1841; x_wconf 81' lang='lat' dir='ltr'>Ecclesia</span> <span class='ocrx_word' id='word_1_232' title='bbox 2883 1790 2985 1854; x_wconf 87' lang='lat' dir='ltr'>est,</span> <span class='ocrx_word' id='word_1_233' title='bbox 3012 1786 3180 1856; x_wconf 86' lang='lat' dir='ltr'>hujus</span> <span class='ocrx_word' id='word_1_234' title='bbox 3205 1788 3377 1856; x_wconf 87' lang='lat' dir='ltr'>caput</span> <span class='ocrx_word' id='word_1_235' title='bbox 3406 1788 3469 1838; x_wconf 89' lang='lat' dir='ltr'>ut</span> <span class='ocrx_word' id='word_1_236' title='bbox 3487 1799 3694 1847; x_wconf 89' lang='lat' dir='ltr'>aurum,</span> <span class='ocrx_word' id='word_1_237' title='bbox 3722 1783 3826 1853; x_wconf 80' lang='lat' dir='ltr'>quia</span> 
     </span>
    </p>
   </div>
   <div class='ocr_carea' id='block_1_18' title="bbox 522 1875 3823 1952">
    <p class='ocr_par' dir='ltr' id='par_1_18' title="bbox 522 1875 3823 1952">
     <span class='ocr_line' id='line_1_18' title="bbox 522 1875 3823 1952; baseline -0.002 -17"><span class='ocrx_word' id='word_1_238' title='bbox 522 1881 697 1951; x_wconf 87' lang='lat' dir='ltr'>ribus,</span> <span class='ocrx_word' id='word_1_239' title='bbox 730 1881 889 1935; x_wconf 89' lang='lat' dir='ltr'>illum</span> <span class='ocrx_word' id='word_1_240' title='bbox 934 1880 1155 1952; x_wconf 83' lang='lat' dir='ltr'>gremio</span> <span class='ocrx_word' id='word_1_241' title='bbox 1204 1880 1409 1934; x_wconf 87' lang='lat' dir='ltr'>mentis</span> <span class='ocrx_word' id='word_1_242' title='bbox 1449 1880 1615 1948; x_wconf 81' lang='lat' dir='ltr'>fovet,</span> <span class='ocrx_word' id='word_1_243' title='bbox 1658 1879 1735 1932; x_wconf 90' lang='lat' dir='ltr'>illi</span> <span class='ocrx_word' id='word_1_244' title='bbox 1779 1896 1837 1933; x_wconf 86' lang='lat' dir='ltr'>se</span> <span class='ocrx_word' id='word_1_245' title='bbox 1873 1879 2057 1950; x_wconf 89' lang='lat' dir='ltr'>aperit</span> <span class='ocrx_word' id='word_1_246' title='bbox 2094 1884 2147 1931; x_wconf 90' lang='lat' dir='ltr'>et</span> <span class='ocrx_word' id='word_1_247' title='bbox 2250 1880 2523 1951; x_wconf 82' lang='lat' dir='ltr'>sapientia</span> <span class='ocrx_word' id='word_1_248' title='bbox 2556 1880 2802 1952; x_wconf 83' lang='lat' dir='ltr'>pretiosa</span> <span class='ocrx_word' id='word_1_249' title='bbox 2844 1884 3168 1934; x_wconf 85' lang='lat' dir='ltr'>sanctorum</span> <span class='ocrx_word' id='word_1_250' title='bbox 3199 1885 3302 1945; x_wconf 89' lang='lat' dir='ltr'>est,</span> <span class='ocrx_word' id='word_1_251' title='bbox 3340 1877 3446 1932; x_wconf 85' lang='lat' dir='ltr'>hoc</span> <span class='ocrx_word' id='word_1_252' title='bbox 3475 1882 3573 1939; x_wconf 88' lang='lat' dir='ltr'>est,</span> <span class='ocrx_word' id='word_1_253' title='bbox 3612 1875 3823 1945; x_wconf 85' lang='lat' dir='ltr'>virijusti</span> 
     </span>
    </p>
   </div>
   <div class='ocr_carea' id='block_1_19' title="bbox 521 1973 3957 2061">
    <p class='ocr_par' dir='ltr' id='par_1_19' title="bbox 521 1973 3957 2061">
     <span class='ocr_line' id='line_1_19' title="bbox 521 1973 3957 2061; baseline -0.001 -33"><span class='ocrx_word' id='word_1_254' title='bbox 521 1973 781 2040; x_wconf 77' lang='lat' dir='ltr'>effundit,</span> <span class='ocrx_word' id='word_1_255' title='bbox 836 1979 889 2028; x_wconf 87' lang='lat' dir='ltr'>et</span> <span class='ocrx_word' id='word_1_256' title='bbox 946 1974 1049 2029; x_wconf 91' lang='lat' dir='ltr'>hoc</span> <span class='ocrx_word' id='word_1_257' title='bbox 1099 1974 1279 2028; x_wconf 90' lang='lat' dir='ltr'>solum</span> <span class='ocrx_word' id='word_1_258' title='bbox 1338 1978 1584 2041; x_wconf 81' lang='lat' dir='ltr'>veretur,</span> <span class='ocrx_word' id='word_1_259' title='bbox 1640 1991 1711 2027; x_wconf 92' lang='lat' dir='ltr'>ne</span> <span class='ocrx_word' id='word_1_260' title='bbox 1766 1974 1921 2027; x_wconf 92' lang='lat' dir='ltr'>illum</span> <span class='ocrx_word' id='word_1_261' title='bbox 1977 1974 2150 2043; x_wconf 90' lang='lat' dir='ltr'>possit</span> <span class='ocrx_word' id='word_1_262' title='bbox 2250 1979 2419 2045; x_wconf 85' lang='lat' dir='ltr'>atque</span> <span class='ocrx_word' id='word_1_263' title='bbox 2452 1974 2785 2046; x_wconf 87' lang='lat' dir='ltr'>prudentes.</span> <span class='ocrx_word' id='word_1_264' title='bbox 3207 2029 3210 2032; x_wconf 56' lang='grc'><strong><em>,</em></strong></span> <span class='ocrx_word' id='word_1_265' title='bbox 3955 2008 3957 2061; x_wconf 71' lang='grc' dir='ltr'><strong>Ι</strong></span> 
     </span>
    </p>
   </div>
   <div class='ocr_carea' id='block_1_20' title="bbox 523 2065 3828 2139">
    <p class='ocr_par' dir='ltr' id='par_1_20' title="bbox 523 2065 3828 2139">
     <span class='ocr_line' id='line_1_20' title="bbox 523 2065 3828 2139; baseline -0.002 -16"><span class='ocrx_word' id='word_1_266' title='bbox 523 2068 803 2123; x_wconf 89' lang='lat' dir='ltr'>amittere.</span> <span class='ocrx_word' id='word_1_267' title='bbox 848 2070 1039 2138; x_wconf 85' lang='lat' dir='ltr'>Itaque</span> <span class='ocrx_word' id='word_1_268' title='bbox 1078 2073 1291 2139; x_wconf 88' lang='lat' dir='ltr'>quanto</span> <span class='ocrx_word' id='word_1_269' title='bbox 1335 2067 1545 2138; x_wconf 86' lang='lat' dir='ltr'>majore</span> <span class='ocrx_word' id='word_1_270' title='bbox 1588 2067 1868 2121; x_wconf 81' lang='lat' dir='ltr'>desiderio</span> <span class='ocrx_word' id='word_1_271' title='bbox 1909 2066 2150 2121; x_wconf 88' lang='lat' dir='ltr'>excitata</span> <span class='ocrx_word' id='word_1_272' title='bbox 2321 2072 2407 2122; x_wconf 85' lang='grc'>62.</span> <span class='ocrx_word' id='word_1_273' title='bbox 2456 2070 2639 2125; x_wconf 75' lang='lat' dir='ltr'>Crines</span> <span class='ocrx_word' id='word_1_274' title='bbox 2679 2068 2790 2137; x_wconf 83' lang='lat' dir='ltr'>ejus</span> <span class='ocrx_word' id='word_1_275' title='bbox 2828 2073 2889 2122; x_wconf 85' lang='lat' dir='ltr'>ut</span> <span class='ocrx_word' id='word_1_276' title='bbox 2928 2068 3144 2127; x_wconf 84' lang='lat' dir='ltr'>abietes,</span> <span class='ocrx_word' id='word_1_277' title='bbox 3191 2069 3366 2137; x_wconf 78' lang='lat' dir='ltr'>nigrae</span> <span class='ocrx_word' id='word_1_278' title='bbox 3411 2068 3548 2120; x_wconf 82' lang='lat' dir='ltr'>sicut</span> <span class='ocrx_word' id='word_1_279' title='bbox 3592 2080 3751 2119; x_wconf 66' lang='lat' dir='ltr'>corax.</span> <span class='ocrx_word' id='word_1_280' title='bbox 3778 2065 3828 2116; x_wconf 83' lang='lat' dir='ltr'>De</span> 
     </span>
    </p>
   </div>
   <div class='ocr_carea' id='block_1_21' title="bbox 521 2160 3833 2233">
    <p class='ocr_par' dir='ltr' id='par_1_21' title="bbox 521 2160 3833 2233">
     <span class='ocr_line' id='line_1_21' title="bbox 521 2160 3833 2233; baseline -0.002 -16"><span class='ocrx_word' id='word_1_281' title='bbox 521 2161 695 2217; x_wconf 82' lang='lat' dir='ltr'>fuerit</span> <span class='ocrx_word' id='word_1_282' title='bbox 737 2161 951 2229; x_wconf 85' lang='lat' dir='ltr'>anima,</span> <span class='ocrx_word' id='word_1_283' title='bbox 983 2162 1221 2232; x_wconf 90' lang='lat' dir='ltr'>cupiens</span> <span class='ocrx_word' id='word_1_284' title='bbox 1259 2161 1550 2215; x_wconf 77' lang='lat' dir='ltr'>adhaerere</span> <span class='ocrx_word' id='word_1_285' title='bbox 1589 2162 1705 2216; x_wconf 92' lang='lat' dir='ltr'>Deo</span> <span class='ocrx_word' id='word_1_286' title='bbox 1746 2161 1979 2215; x_wconf 88' lang='lat' dir='ltr'>salutari</span> <span class='ocrx_word' id='word_1_287' title='bbox 2024 2178 2147 2227; x_wconf 89' lang='lat' dir='ltr'>suo,</span> <span class='ocrx_word' id='word_1_288' title='bbox 2253 2163 2359 2215; x_wconf 87' lang='lat' dir='ltr'>hoc</span> <span class='ocrx_word' id='word_1_289' title='bbox 2401 2162 2535 2216; x_wconf 85' lang='lat' dir='ltr'>alibi</span> <span class='ocrx_word' id='word_1_290' title='bbox 2580 2161 2718 2216; x_wconf 86' lang='lat' dir='ltr'>dixit</span> <span class='ocrx_word' id='word_1_291' title='bbox 2748 2165 2951 2233; x_wconf 83' lang='lat' dir='ltr'>(Cant.,</span> <span class='ocrx_word' id='word_1_292' title='bbox 2983 2177 3054 2227; x_wconf 75' lang='lat' dir='ltr'>vu,</span> <span class='ocrx_word' id='word_1_293' title='bbox 3085 2163 3136 2232; x_wconf 83' lang='grc'>4)</span> <span class='ocrx_word' id='word_1_294' title='bbox 3175 2178 3187 2215; x_wconf 90' lang='lat'>:</span> <span class='ocrx_word' id='word_1_295' title='bbox 3220 2160 3667 2231; x_wconf 85' lang='lat' dir='ltr'>Capillamentum</span> <span class='ocrx_word' id='word_1_296' title='bbox 3698 2163 3833 2223; x_wconf 79' lang='lat' dir='ltr'>tuum,</span> 
     </span>
    </p>
   </div>
   <div class='ocr_carea' id='block_1_22' title="bbox 524 2192 3957 2326">
    <p class='ocr_par' dir='ltr' id='par_1_22' title="bbox 524 2192 3957 2326">
     <span class='ocr_line' id='line_1_22' title="bbox 524 2192 3833 2233; baseline -0.002 -16"><span class='ocrx_word' id='word_1_297' title='bbox 524 2192 695 2217; x_wconf 74' lang='grc' dir='ltr'>ιυῦιιι</span> <span class='ocrx_word' id='word_1_298' title='bbox 737 2192 951 2229; x_wconf 68' lang='lat' dir='ltr'>annuus,</span> <span class='ocrx_word' id='word_1_299' title='bbox 983 2192 1221 2232; x_wconf 68' lang='grc' dir='ltr'>υυμιῦιιδ</span> <span class='ocrx_word' id='word_1_300' title='bbox 1259 2192 1550 2215; x_wconf 67' lang='grc' dir='ltr'>αυιιαπιιτιε</span> <span class='ocrx_word' id='word_1_301' title='bbox 1589 2192 1705 2216; x_wconf 71' lang='grc' dir='ltr'>υῦυ</span> <span class='ocrx_word' id='word_1_302' title='bbox 1746 2192 1979 2215; x_wconf 72' lang='lat' dir='ltr'>acuuulu</span> <span class='ocrx_word' id='word_1_303' title='bbox 2024 2192 2147 2227; x_wconf 68' lang='grc' dir='ltr'>δυυ,</span> <span class='ocrx_word' id='word_1_304' title='bbox 2256 2192 2359 2215; x_wconf 73' lang='grc' dir='ltr'>Ηυιὲ</span> <span class='ocrx_word' id='word_1_305' title='bbox 2401 2192 2535 2216; x_wconf 77' lang='grc' dir='ltr'>(ιιιυι</span> <span class='ocrx_word' id='word_1_306' title='bbox 2580 2192 2718 2216; x_wconf 67' lang='grc' dir='ltr'>υιλιι</span> <span class='ocrx_word' id='word_1_307' title='bbox 2748 2192 2951 2233; x_wconf 49' lang='lat' dir='ltr'>quum”,</span> <span class='ocrx_word' id='word_1_308' title='bbox 2987 2192 3054 2227; x_wconf 76' lang='lat' dir='ltr'>VI,</span> <span class='ocrx_word' id='word_1_309' title='bbox 3085 2192 3136 2232; x_wconf 64' lang='grc' dir='ltr'>Ἰν]</span> <span class='ocrx_word' id='word_1_310' title='bbox 3175 2203 3187 2215; x_wconf 73' lang='grc' dir='ltr'>ι</span> <span class='ocrx_word' id='word_1_311' title='bbox 3220 2192 3667 2231; x_wconf 64' lang='grc' dir='ltr'>υιιγιηυιιησηιιυη</span> <span class='ocrx_word' id='word_1_312' title='bbox 3699 2192 3833 2223; x_wconf 58' lang='grc' dir='ltr'>ιιιιιιη,</span> 
     </span>
     <span class='ocr_line' id='line_1_23' title="bbox 524 2192 3957 2326; baseline -0.001 -19"><span class='ocrx_word' id='word_1_313' title='bbox 524 2259 684 2309; x_wconf 88' lang='lat' dir='ltr'>tanto</span> <span class='ocrx_word' id='word_1_314' title='bbox 718 2254 896 2326; x_wconf 88' lang='lat' dir='ltr'>magis</span> <span class='ocrx_word' id='word_1_315' title='bbox 939 2254 1143 2309; x_wconf 84' lang='lat' dir='ltr'>deﬁcit.</span> <span class='ocrx_word' id='word_1_316' title='bbox 1185 2255 1331 2324; x_wconf 83' lang='lat' dir='ltr'>Ergo</span> <span class='ocrx_word' id='word_1_317' title='bbox 1368 2255 1472 2308; x_wconf 88' lang='lat' dir='ltr'>ista</span> <span class='ocrx_word' id='word_1_318' title='bbox 1508 2254 1751 2309; x_wconf 85' lang='lat' dir='ltr'>defectio</span> <span class='ocrx_word' id='word_1_319' title='bbox 1794 2254 2148 2309; x_wconf 88' lang='lat' dir='ltr'>imminutio-</span> <span class='ocrx_word' id='word_1_320' title='bbox 2250 2263 2309 2311; x_wconf 87' lang='lat' dir='ltr'>ut</span> <span class='ocrx_word' id='word_1_321' title='bbox 2338 2272 2469 2325; x_wconf 68' lang='lat' dir='ltr'>grex</span> <span class='ocrx_word' id='word_1_322' title='bbox 2507 2262 2803 2311; x_wconf 75' lang='lat' dir='ltr'>tonsuram.</span> <span class='ocrx_word' id='word_1_323' title='bbox 2854 2255 2983 2310; x_wconf 90' lang='lat' dir='ltr'>Ideo</span> <span class='ocrx_word' id='word_1_324' title='bbox 3014 2254 3510 2326; x_wconf 88' lang='lat' dir='ltr'>capillamentum,</span> <span class='ocrx_word' id='word_1_325' title='bbox 3548 2252 3670 2323; x_wconf 86' lang='lat' dir='ltr'>quia</span> <span class='ocrx_word' id='word_1_326' title='bbox 3696 2251 3834 2304; x_wconf 79' lang='lat' dir='ltr'>virtus</span> <span class='ocrx_word' id='word_1_327' title='bbox 3955 2192 3957 2303; x_wconf 75' lang='lat' dir='ltr'>l</span> 
     </span>
    </p>
   </div>
   <div class='ocr_carea' id='block_1_23' title="bbox 525 2346 3955 2420">
    <p class='ocr_par' dir='ltr' id='par_1_23' title="bbox 525 2346 3955 2420">
     <span class='ocr_line' id='line_1_24' title="bbox 525 2346 3955 2420; baseline -0.001 -18"><span class='ocrx_word' id='word_1_328' title='bbox 525 2364 655 2404; x_wconf 91' lang='lat' dir='ltr'>nem</span> <span class='ocrx_word' id='word_1_329' title='bbox 696 2348 926 2419; x_wconf 90' lang='lat' dir='ltr'>quidem</span> <span class='ocrx_word' id='word_1_330' title='bbox 979 2348 1318 2419; x_wconf 85' lang='lat' dir='ltr'>fragilitatis,</span> <span class='ocrx_word' id='word_1_331' title='bbox 1353 2347 1451 2402; x_wconf 91' lang='lat' dir='ltr'>sed</span> <span class='ocrx_word' id='word_1_332' title='bbox 1489 2348 1935 2419; x_wconf 87' lang='lat' dir='ltr'>assumptionem</span> <span class='ocrx_word' id='word_1_333' title='bbox 1976 2347 2147 2402; x_wconf 81' lang='lat' dir='ltr'>virtu-</span> <span class='ocrx_word' id='word_1_334' title='bbox 2253 2350 2511 2405; x_wconf 88' lang='lat' dir='ltr'>omnium</span> <span class='ocrx_word' id='word_1_335' title='bbox 2548 2366 2819 2404; x_wconf 87' lang='lat' dir='ltr'>sensuum</span> <span class='ocrx_word' id='word_1_336' title='bbox 2860 2350 2916 2403; x_wconf 90' lang='lat' dir='ltr'>in</span> <span class='ocrx_word' id='word_1_337' title='bbox 2956 2348 3140 2420; x_wconf 89' lang='lat' dir='ltr'>capite</span> <span class='ocrx_word' id='word_1_338' title='bbox 3182 2351 3308 2403; x_wconf 90' lang='lat' dir='ltr'>est:</span> <span class='ocrx_word' id='word_1_339' title='bbox 3361 2370 3389 2397; x_wconf 85' lang='grc'>‹‹</span> <span class='ocrx_word' id='word_1_340' title='bbox 3417 2348 3572 2404; x_wconf 86' lang='lat' dir='ltr'>Oculi</span> <span class='ocrx_word' id='word_1_341' title='bbox 3605 2346 3745 2401; x_wconf 86' lang='lat' dir='ltr'>enim</span> <span class='ocrx_word' id='word_1_342' title='bbox 3771 2361 3835 2397; x_wconf 77' lang='lat' dir='ltr'>su-</span> <span class='ocrx_word' id='word_1_343' title='bbox 3952 2348 3955 2420; x_wconf 50' lang='grc' dir='ltr'><em>λ</em></span> 
     </span>
    </p>
   </div>
   <div class='ocr_carea' id='block_1_24' title="bbox 522 2376 3958 2514">
    <p class='ocr_par' dir='ltr' id='par_1_24' title="bbox 522 2376 3958 2514">
     <span class='ocr_line' id='line_1_25' title="bbox 525 2376 3835 2420; baseline -0.001 -18"><span class='ocrx_word' id='word_1_344' title='bbox 525 2376 655 2404; x_wconf 76' lang='grc' dir='ltr'>ιιυιιι</span> <span class='ocrx_word' id='word_1_345' title='bbox 696 2376 926 2419; x_wconf 72' lang='lat' dir='ltr'>qutucul</span> <span class='ocrx_word' id='word_1_346' title='bbox 980 2376 1318 2419; x_wconf 58' lang='lat' dir='ltr'>unguntum,</span> <span class='ocrx_word' id='word_1_347' title='bbox 1353 2376 1451 2402; x_wconf 74' lang='lat' dir='ltr'>acu</span> <span class='ocrx_word' id='word_1_348' title='bbox 1489 2376 1935 2419; x_wconf 68' lang='grc' dir='ltr'>αδδυωμι-ιυιιυιιι</span> <span class='ocrx_word' id='word_1_349' title='bbox 1980 2376 2147 2402; x_wconf 66' lang='grc' dir='ltr'>ὶΙιίυ’</span> <span class='ocrx_word' id='word_1_350' title='bbox 2253 2376 2511 2405; x_wconf 79' lang='grc' dir='ltr'>υωυιιιιιι</span> <span class='ocrx_word' id='word_1_351' title='bbox 2548 2376 2819 2404; x_wconf 67' lang='lat' dir='ltr'>SUHSIIUIII</span> <span class='ocrx_word' id='word_1_352' title='bbox 2860 2376 2916 2403; x_wconf 89' lang='grc' dir='ltr'><strong>ΙΙΙ</strong></span> <span class='ocrx_word' id='word_1_353' title='bbox 2956 2376 3140 2420; x_wconf 69' lang='grc' dir='ltr'>υᾶμιιυ</span> <span class='ocrx_word' id='word_1_354' title='bbox 3182 2376 3308 2403; x_wconf 63' lang='lat' dir='ltr'>cat;</span> <span class='ocrx_word' id='word_1_355' title='bbox 3361 2376 3389 2397; x_wconf 60' lang='grc' dir='ltr'>(ι</span> <span class='ocrx_word' id='word_1_356' title='bbox 3417 2376 3572 2404; x_wconf 75' lang='grc' dir='ltr'>υυιιιι</span> <span class='ocrx_word' id='word_1_357' title='bbox 3605 2376 3745 2401; x_wconf 75' lang='grc' dir='ltr'>υιιιω</span> <span class='ocrx_word' id='word_1_358' title='bbox 3771 2376 3835 2397; x_wconf 74' lang='lat' dir='ltr'>au&#39;</span> 
     </span>
     <span class='ocr_line' id='line_1_26' title="bbox 522 2376 3958 2514; baseline -0.001 -19"><span class='ocrx_word' id='word_1_359' title='bbox 522 2442 593 2495; x_wconf 89' lang='lat' dir='ltr'>tis</span> <span class='ocrx_word' id='word_1_360' title='bbox 660 2445 947 2512; x_wconf 85' lang='lat' dir='ltr'>operatur.</span> <span class='ocrx_word' id='word_1_361' title='bbox 1012 2441 1475 2513; x_wconf 86' lang='lat' dir='ltr'>Concupiscebat,</span> <span class='ocrx_word' id='word_1_362' title='bbox 1544 2441 1939 2509; x_wconf 87' lang='lat' dir='ltr'>desiderabat,</span> <span class='ocrx_word' id='word_1_363' title='bbox 2008 2442 2147 2496; x_wconf 86' lang='lat' dir='ltr'>deti-</span> <span class='ocrx_word' id='word_1_364' title='bbox 2248 2447 2448 2514; x_wconf 77' lang='lat' dir='ltr'>pientis</span> <span class='ocrx_word' id='word_1_365' title='bbox 2475 2447 2531 2497; x_wconf 86' lang='lat' dir='ltr'>in</span> <span class='ocrx_word' id='word_1_366' title='bbox 2563 2447 2741 2513; x_wconf 82' lang='lat' dir='ltr'>capite</span> <span class='ocrx_word' id='word_1_367' title='bbox 2771 2444 2884 2511; x_wconf 73' lang='lat' dir='ltr'>ejus</span> <span class='ocrx_word' id='word_1_368' title='bbox 2921 2445 3107 2512; x_wconf 78' lang='lat' dir='ltr'>(’Eccl..</span> <span class='ocrx_word' id='word_1_369' title='bbox 3150 2459 3210 2511; x_wconf 83' lang='grc' dir='ltr'>ιι,</span> <span class='ocrx_word' id='word_1_370' title='bbox 3251 2442 3361 2511; x_wconf 82' lang='grc'>14).</span> <span class='ocrx_word' id='word_1_371' title='bbox 3397 2460 3425 2493; x_wconf 89' lang='grc'><strong>››</strong></span> <span class='ocrx_word' id='word_1_372' title='bbox 3457 2439 3728 2496; x_wconf 82' lang='lat' dir='ltr'>Profunda</span> <span class='ocrx_word' id='word_1_373' title='bbox 3760 2437 3836 2508; x_wconf 71' lang='grc' dir='ltr'>ἱεὶ-</span> <span class='ocrx_word' id='word_1_374' title='bbox 3952 2376 3958 2491; x_wconf 81' lang='lat' dir='ltr'>l</span> 
     </span>
    </p>
   </div>
   <div class='ocr_carea' id='block_1_25' title="bbox 520 2532 3844 2608">
    <p class='ocr_par' dir='ltr' id='par_1_25' title="bbox 520 2532 3844 2608">
     <span class='ocr_line' id='line_1_27' title="bbox 520 2532 3844 2608; baseline -0.002 -19"><span class='ocrx_word' id='word_1_375' title='bbox 520 2534 727 2599; x_wconf 89' lang='lat' dir='ltr'>ciebat,</span> <span class='ocrx_word' id='word_1_376' title='bbox 780 2542 898 2590; x_wconf 89' lang='lat' dir='ltr'>toto</span> <span class='ocrx_word' id='word_1_377' title='bbox 949 2534 1365 2591; x_wconf 88' lang='lat' dir='ltr'>dissolvebatur</span> <span class='ocrx_word' id='word_1_378' title='bbox 1413 2534 1638 2603; x_wconf 76' lang='lat' dir='ltr'>affectu,</span> <span class='ocrx_word' id='word_1_379' title='bbox 1689 2541 1748 2590; x_wconf 89' lang='lat' dir='ltr'>ut</span> <span class='ocrx_word' id='word_1_380' title='bbox 1796 2540 1949 2590; x_wconf 89' lang='lat' dir='ltr'>totus</span> <span class='ocrx_word' id='word_1_381' title='bbox 2001 2535 2153 2590; x_wconf 91' lang='lat' dir='ltr'>illius</span> <span class='ocrx_word' id='word_1_382' title='bbox 2255 2543 2347 2592; x_wconf 90' lang='lat' dir='ltr'>tur</span> <span class='ocrx_word' id='word_1_383' title='bbox 2373 2537 2666 2592; x_wconf 89' lang='lat' dir='ltr'>doctorum</span> <span class='ocrx_word' id='word_1_384' title='bbox 2700 2537 3173 2608; x_wconf 71' lang='lat' dir='ltr'>prudentia,qu:e</span> <span class='ocrx_word' id='word_1_385' title='bbox 3196 2542 3386 2608; x_wconf 85' lang='lat' dir='ltr'>potest</span> <span class='ocrx_word' id='word_1_386' title='bbox 3412 2553 3483 2590; x_wconf 91' lang='lat' dir='ltr'>ea</span> <span class='ocrx_word' id='word_1_387' title='bbox 3504 2550 3629 2606; x_wconf 74' lang='lat' dir='ltr'>quae</span> <span class='ocrx_word' id='word_1_388' title='bbox 3649 2532 3844 2587; x_wconf 81' lang='lat' dir='ltr'>obscura</span> 
     </span>
    </p>
   </div>
   <div class='ocr_carea' id='block_1_26' title="bbox 522 2626 3842 2701">
    <p class='ocr_par' dir='ltr' id='par_1_26' title="bbox 522 2626 3842 2701">
     <span class='ocr_line' id='line_1_28' title="bbox 522 2626 3842 2701; baseline -0.002 -18"><span class='ocrx_word' id='word_1_389' title='bbox 522 2630 681 2684; x_wconf 80' lang='lat' dir='ltr'>iteret</span> <span class='ocrx_word' id='word_1_390' title='bbox 730 2646 901 2700; x_wconf 86' lang='lat' dir='ltr'>quem</span> <span class='ocrx_word' id='word_1_391' title='bbox 957 2628 1331 2695; x_wconf 86' lang='lat' dir='ltr'>desiderabat,</span> <span class='ocrx_word' id='word_1_392' title='bbox 1378 2629 1521 2684; x_wconf 87' lang='lat' dir='ltr'>sicut</span> <span class='ocrx_word' id='word_1_393' title='bbox 1574 2630 1746 2684; x_wconf 86' lang='lat' dir='ltr'>etiam</span> <span class='ocrx_word' id='word_1_394' title='bbox 1806 2630 1976 2684; x_wconf 83' lang='lat' dir='ltr'>David</span> <span class='ocrx_word' id='word_1_395' title='bbox 2037 2632 2151 2701; x_wconf 84' lang='lat' dir='ltr'>ipse</span> <span class='ocrx_word' id='word_1_396' title='bbox 2253 2637 2385 2687; x_wconf 88' lang='lat' dir='ltr'>sunt</span> <span class='ocrx_word' id='word_1_397' title='bbox 2428 2632 2695 2697; x_wconf 85' lang='lat' dir='ltr'>revelare,</span> <span class='ocrx_word' id='word_1_398' title='bbox 2740 2636 2797 2685; x_wconf 90' lang='lat' dir='ltr'>et</span> <span class='ocrx_word' id='word_1_399' title='bbox 2833 2630 2947 2684; x_wconf 89' lang='lat' dir='ltr'>alta</span> <span class='ocrx_word' id='word_1_400' title='bbox 2981 2632 3198 2701; x_wconf 85' lang='lat' dir='ltr'>aperire</span> <span class='ocrx_word' id='word_1_401' title='bbox 3243 2646 3545 2685; x_wconf 89' lang='lat' dir='ltr'>sensuum.</span> <span class='ocrx_word' id='word_1_402' title='bbox 3578 2629 3640 2682; x_wconf 88' lang='lat' dir='ltr'>Et</span> <span class='ocrx_word' id='word_1_403' title='bbox 3684 2626 3842 2696; x_wconf 81' lang='lat' dir='ltr'>hujus-</span> 
     </span>
    </p>
   </div>
   <div class='ocr_carea' id='block_1_27' title="bbox 523 2715 3846 2796">
    <p class='ocr_par' dir='ltr' id='par_1_27' title="bbox 523 2715 3846 2796">
     <span class='ocr_line' id='line_1_29' title="bbox 523 2715 3846 2796; baseline -0.002 -18"><span class='ocrx_word' id='word_1_404' title='bbox 523 2724 701 2778; x_wconf 89' lang='lat' dir='ltr'>dicit:</span> <span class='ocrx_word' id='word_1_405' title='bbox 746 2723 984 2793; x_wconf 74' lang='lat' dir='ltr'>Eﬂ&#39;undo</span> <span class='ocrx_word' id='word_1_406' title='bbox 1032 2726 1087 2778; x_wconf 86' lang='lat' dir='ltr'>in</span> <span class='ocrx_word' id='word_1_407' title='bbox 1132 2728 1414 2794; x_wconf 83' lang='lat' dir='ltr'>conspectu</span> <span class='ocrx_word' id='word_1_408' title='bbox 1463 2725 1580 2791; x_wconf 86' lang='lat' dir='ltr'>ejus</span> <span class='ocrx_word' id='word_1_409' title='bbox 1625 2727 1919 2779; x_wconf 84' lang='lat' dir='ltr'>orationem</span> <span class='ocrx_word' id='word_1_410' title='bbox 1961 2740 2150 2787; x_wconf 88' lang='lat' dir='ltr'>meam,</span> <span class='ocrx_word' id='word_1_411' title='bbox 2256 2725 2409 2780; x_wconf 91' lang='lat' dir='ltr'>modi</span> <span class='ocrx_word' id='word_1_412' title='bbox 2455 2724 2838 2796; x_wconf 86' lang='lat' dir='ltr'>disputatores</span> <span class='ocrx_word' id='word_1_413' title='bbox 2879 2725 3064 2779; x_wconf 86' lang='lat' dir='ltr'>crines</span> <span class='ocrx_word' id='word_1_414' title='bbox 3102 2723 3365 2778; x_wconf 74' lang='lat' dir='ltr'>Ecclesia:</span> <span class='ocrx_word' id='word_1_415' title='bbox 3407 2729 3561 2790; x_wconf 91' lang='lat' dir='ltr'>sunt,</span> <span class='ocrx_word' id='word_1_416' title='bbox 3588 2722 3723 2776; x_wconf 89' lang='lat' dir='ltr'>sicut</span> <span class='ocrx_word' id='word_1_417' title='bbox 3740 2715 3846 2790; x_wconf 87' lang='lat' dir='ltr'>pulli</span> 
     </span>
    </p>
   </div>
   <div class='ocr_carea' id='block_1_28' title="bbox 522 2809 3847 2889">
    <p class='ocr_par' dir='ltr' id='par_1_28' title="bbox 522 2809 3847 2889">
     <span class='ocr_line' id='line_1_30' title="bbox 522 2809 3847 2889; baseline -0.002 -18"><span class='ocrx_word' id='word_1_418' title='bbox 522 2824 571 2872; x_wconf 89' lang='lat' dir='ltr'>ct</span> <span class='ocrx_word' id='word_1_419' title='bbox 629 2817 1034 2872; x_wconf 81' lang='lat' dir='ltr'>tribulationem</span> <span class='ocrx_word' id='word_1_420' title='bbox 1090 2833 1259 2871; x_wconf 83' lang='lat' dir='ltr'>meam</span> <span class='ocrx_word' id='word_1_421' title='bbox 1314 2822 1439 2871; x_wconf 78' lang='lat' dir='ltr'>ante</span> <span class='ocrx_word' id='word_1_422' title='bbox 1488 2820 1665 2887; x_wconf 86' lang='lat' dir='ltr'>ipsum</span> <span class='ocrx_word' id='word_1_423' title='bbox 1717 2821 2035 2889; x_wconf 81' lang='lat' dir='ltr'>pronuntio,</span> <span class='ocrx_word' id='word_1_424' title='bbox 2096 2820 2153 2872; x_wconf 89' lang='lat' dir='ltr'>in</span> <span class='ocrx_word' id='word_1_425' title='bbox 2254 2835 2554 2874; x_wconf 88' lang='lat' dir='ltr'>corvorum</span> <span class='ocrx_word' id='word_1_426' title='bbox 2587 2819 2794 2889; x_wconf 87' lang='lat' dir='ltr'>quibus</span> <span class='ocrx_word' id='word_1_427' title='bbox 2831 2818 3102 2874; x_wconf 90' lang='lat' dir='ltr'>Dominus</span> <span class='ocrx_word' id='word_1_428' title='bbox 3138 2834 3329 2873; x_wconf 85' lang='lat' dir='ltr'>escam</span> <span class='ocrx_word' id='word_1_429' title='bbox 3365 2818 3506 2872; x_wconf 89' lang='lat' dir='ltr'>dat:</span> <span class='ocrx_word' id='word_1_430' title='bbox 3557 2816 3693 2870; x_wconf 88' lang='lat' dir='ltr'>sicut</span> <span class='ocrx_word' id='word_1_431' title='bbox 3728 2809 3847 2866; x_wconf 88' lang='lat' dir='ltr'>dedit</span> 
     </span>
    </p>
   </div>
   <div class='ocr_carea' id='block_1_29' title="bbox 522 2906 3851 2983">
    <p class='ocr_par' dir='ltr' id='par_1_29' title="bbox 522 2906 3851 2983">
     <span class='ocr_line' id='line_1_31' title="bbox 522 2906 3851 2983; baseline -0.002 -18"><span class='ocrx_word' id='word_1_432' title='bbox 522 2911 809 2981; x_wconf 70' lang='lat' dir='ltr'>deﬁcientia</span> <span class='ocrx_word' id='word_1_433' title='bbox 849 2927 914 2965; x_wconf 75' lang='lat' dir='ltr'>er</span> <span class='ocrx_word' id='word_1_434' title='bbox 956 2927 1036 2966; x_wconf 88' lang='lat' dir='ltr'>me</span> <span class='ocrx_word' id='word_1_435' title='bbox 1079 2913 1331 2981; x_wconf 77' lang='lat' dir='ltr'>spiritum</span> <span class='ocrx_word' id='word_1_436' title='bbox 1370 2927 1547 2966; x_wconf 88' lang='lat' dir='ltr'>meum</span> <span class='ocrx_word' id='word_1_437' title='bbox 1587 2911 1753 2981; x_wconf 89' lang='lat' dir='ltr'>(Psal.</span> <span class='ocrx_word' id='word_1_438' title='bbox 1803 2928 1943 2979; x_wconf 81' lang='lat' dir='ltr'>chi,</span> <span class='ocrx_word' id='word_1_439' title='bbox 1983 2915 2036 2979; x_wconf 88' lang='lat'>3,</span> <span class='ocrx_word' id='word_1_440' title='bbox 2075 2914 2150 2979; x_wconf 76' lang='grc'>4).</span> <span class='ocrx_word' id='word_1_441' title='bbox 2256 2916 2450 2967; x_wconf 85' lang='lat' dir='ltr'>sancto</span> <span class='ocrx_word' id='word_1_442' title='bbox 2500 2912 2687 2977; x_wconf 84' lang='lat' dir='ltr'>Jacob,</span> <span class='ocrx_word' id='word_1_443' title='bbox 2733 2918 2792 2967; x_wconf 91' lang='lat' dir='ltr'>et</span> <span class='ocrx_word' id='word_1_444' title='bbox 2836 2928 2969 2966; x_wconf 90' lang='lat' dir='ltr'>eum</span> <span class='ocrx_word' id='word_1_445' title='bbox 3020 2912 3174 2983; x_wconf 85' lang='lat' dir='ltr'>pavit</span> <span class='ocrx_word' id='word_1_446' title='bbox 3218 2928 3253 2965; x_wconf 92' lang='lat' dir='ltr'>a</span> <span class='ocrx_word' id='word_1_447' title='bbox 3285 2912 3595 2981; x_wconf 84' lang='lat' dir='ltr'>juventute</span> <span class='ocrx_word' id='word_1_448' title='bbox 3629 2924 3738 2962; x_wconf 87' lang='lat' dir='ltr'>sua.</span> <span class='ocrx_word' id='word_1_449' title='bbox 3767 2906 3851 2959; x_wconf 79' lang='lat' dir='ltr'>llos</span> 
     </span>
    </p>
   </div>
   <div class='ocr_carea' id='block_1_30' title="bbox 526 2999 3958 3078">
    <p class='ocr_par' dir='ltr' id='par_1_30' title="bbox 526 2999 3958 3078">
     <span class='ocr_line' id='line_1_32' title="bbox 526 2999 3958 3078; baseline -0.003 -18"><span class='ocrx_word' id='word_1_450' title='bbox 526 3004 732 3060; x_wconf 87' lang='lat' dir='ltr'>Defecit</span> <span class='ocrx_word' id='word_1_451' title='bbox 773 3004 926 3059; x_wconf 91' lang='lat' dir='ltr'>enim</span> <span class='ocrx_word' id='word_1_452' title='bbox 964 3006 1085 3074; x_wconf 84' lang='lat' dir='ltr'>ejus</span> <span class='ocrx_word' id='word_1_453' title='bbox 1126 3003 1375 3075; x_wconf 86' lang='lat' dir='ltr'>spiritus,</span> <span class='ocrx_word' id='word_1_454' title='bbox 1424 3003 1538 3058; x_wconf 89' lang='lat' dir='ltr'>imo</span> <span class='ocrx_word' id='word_1_455' title='bbox 1578 3006 1648 3058; x_wconf 86' lang='lat' dir='ltr'>ab</span> <span class='ocrx_word' id='word_1_456' title='bbox 1697 3022 1764 3059; x_wconf 88' lang='lat' dir='ltr'>eo</span> <span class='ocrx_word' id='word_1_457' title='bbox 1804 3006 2008 3060; x_wconf 86' lang='lat' dir='ltr'>defecit</span> <span class='ocrx_word' id='word_1_458' title='bbox 2038 3007 2152 3077; x_wconf 88' lang='lat' dir='ltr'>spi-</span> <span class='ocrx_word' id='word_1_459' title='bbox 2256 3008 2399 3062; x_wconf 85' lang='lat' dir='ltr'>altos</span> <span class='ocrx_word' id='word_1_460' title='bbox 2425 3024 2487 3061; x_wconf 88' lang='lat' dir='ltr'>ac</span> <span class='ocrx_word' id='word_1_461' title='bbox 2528 3007 2845 3078; x_wconf 85' lang='lat' dir='ltr'>profundos</span> <span class='ocrx_word' id='word_1_462' title='bbox 2879 3006 3133 3061; x_wconf 87' lang='lat' dir='ltr'>ubertate</span> <span class='ocrx_word' id='word_1_463' title='bbox 3171 3005 3452 3060; x_wconf 65' lang='lat' dir='ltr'>doctrinae</span> <span class='ocrx_word' id='word_1_464' title='bbox 3496 3002 3672 3075; x_wconf 88' lang='lat' dir='ltr'>pascit</span> <span class='ocrx_word' id='word_1_465' title='bbox 3706 2999 3850 3054; x_wconf 89' lang='lat' dir='ltr'>Domi-</span> <span class='ocrx_word' id='word_1_466' title='bbox 3952 2999 3958 3078; x_wconf 71' lang='grc' dir='ltr'>ί</span> 
     </span>
    </p>
   </div>
   <div class='ocr_carea' id='block_1_31' title="bbox 525 3098 3125 3200">
    <p class='ocr_par' dir='ltr' id='par_1_31' title="bbox 525 3098 3125 3200">
     <span class='ocr_line' id='line_1_33' title="bbox 525 3098 3125 3200; baseline 0.001 -48"><span class='ocrx_word' id='word_1_467' title='bbox 525 3098 668 3154; x_wconf 83' lang='lat' dir='ltr'>ritus</span> <span class='ocrx_word' id='word_1_468' title='bbox 696 3098 791 3170; x_wconf 88' lang='lat' dir='ltr'>qui</span> <span class='ocrx_word' id='word_1_469' title='bbox 831 3098 1082 3168; x_wconf 90' lang='lat' dir='ltr'>seipsum</span> <span class='ocrx_word' id='word_1_470' title='bbox 1124 3103 1318 3169; x_wconf 88' lang='lat' dir='ltr'>negat,</span> <span class='ocrx_word' id='word_1_471' title='bbox 1352 3104 1414 3153; x_wconf 91' lang='lat' dir='ltr'>ut</span> <span class='ocrx_word' id='word_1_472' title='bbox 1451 3098 1741 3153; x_wconf 73' lang='lat' dir='ltr'>adbtereat</span> <span class='ocrx_word' id='word_1_473' title='bbox 1771 3099 2009 3155; x_wconf 90' lang='lat' dir='ltr'>Christo.</span> <span class='ocrx_word' id='word_1_474' title='bbox 2043 3100 2230 3200; x_wconf 63' lang='lat'>(“)0</span> <span class='ocrx_word' id='word_1_475' title='bbox 2257 3118 2363 3155; x_wconf 90' lang='lat' dir='ltr'>nus</span> <span class='ocrx_word' id='word_1_476' title='bbox 2389 3101 2713 3156; x_wconf 73' lang='lat' dir='ltr'>coelestibus</span> <span class='ocrx_word' id='word_1_477' title='bbox 2738 3100 3125 3155; x_wconf 86' lang='lat' dir='ltr'>sacramentis.</span> 
     </span>
    </p>
   </div>
   <div class='ocr_carea' id='block_1_32' title="bbox 527 3174 3854 3265">
    <p class='ocr_par' dir='ltr' id='par_1_32' title="bbox 527 3174 3854 3265">
     <span class='ocr_line' id='line_1_34' title="bbox 527 3174 3854 3265; baseline -0.002 -18"><span class='ocrx_word' id='word_1_478' title='bbox 527 3194 723 3262; x_wconf 77' lang='lat' dir='ltr'>Itaque</span> <span class='ocrx_word' id='word_1_479' title='bbox 760 3192 919 3261; x_wconf 89' lang='lat' dir='ltr'>quasi</span> <span class='ocrx_word' id='word_1_480' title='bbox 951 3190 1164 3244; x_wconf 87' lang='lat' dir='ltr'>amoris</span> <span class='ocrx_word' id='word_1_481' title='bbox 1204 3191 1526 3261; x_wconf 83' lang='lat' dir='ltr'>impatiens,</span> <span class='ocrx_word' id='word_1_482' title='bbox 1567 3192 2069 3259; x_wconf 87' lang='lat' dir='ltr'>circumcursabat,</span> <span class='ocrx_word' id='word_1_483' title='bbox 2100 3196 2157 3246; x_wconf 93' lang='lat' dir='ltr'>et</span> <span class='ocrx_word' id='word_1_484' title='bbox 2177 3174 2230 3201; x_wconf 63' lang='grc' dir='ltr'>υ</span> <span class='ocrx_word' id='word_1_485' title='bbox 2329 3199 2418 3250; x_wconf 87' lang='grc'>63.</span> <span class='ocrx_word' id='word_1_486' title='bbox 2456 3196 2632 3263; x_wconf 78' lang='lat' dir='ltr'>(Vere.</span> <span class='ocrx_word' id='word_1_487' title='bbox 2675 3197 2782 3262; x_wconf 83' lang='lat' dir='ltr'>t2.)</span> <span class='ocrx_word' id='word_1_488' title='bbox 2824 3196 2981 3251; x_wconf 83' lang='lat' dir='ltr'>Oculi</span> <span class='ocrx_word' id='word_1_489' title='bbox 3017 3210 3244 3265; x_wconf 91' lang='lat' dir='ltr'>quoque</span> <span class='ocrx_word' id='word_1_490' title='bbox 3286 3196 3412 3263; x_wconf 83' lang='lat' dir='ltr'>ejus</span> <span class='ocrx_word' id='word_1_491' title='bbox 3449 3196 3587 3249; x_wconf 83' lang='lat' dir='ltr'>sicut</span> <span class='ocrx_word' id='word_1_492' title='bbox 3628 3188 3854 3245; x_wconf 68' lang='lat' dir='ltr'>columba.</span> 
     </span>
    </p>
   </div>
   <div class='ocr_carea' id='block_1_33' title="bbox 526 3279 3855 3359">
    <p class='ocr_par' dir='ltr' id='par_1_33' title="bbox 526 3279 3855 3359">
     <span class='ocr_line' id='line_1_35' title="bbox 526 3279 3855 3359; baseline -0.002 -20"><span class='ocrx_word' id='word_1_493' title='bbox 526 3279 818 3356; x_wconf 67' lang='lat' dir='ltr'>quaerebat</span> <span class='ocrx_word' id='word_1_494' title='bbox 844 3283 1054 3355; x_wconf 89' lang='lat' dir='ltr'>ubique</span> <span class='ocrx_word' id='word_1_495' title='bbox 1084 3284 1184 3338; x_wconf 91' lang='lat' dir='ltr'>Dei</span> <span class='ocrx_word' id='word_1_496' title='bbox 1214 3283 1482 3354; x_wconf 88' lang='lat' dir='ltr'>Verbum,</span> <span class='ocrx_word' id='word_1_497' title='bbox 1514 3286 1647 3356; x_wconf 85' lang='lat' dir='ltr'>quia</span> <span class='ocrx_word' id='word_1_498' title='bbox 1676 3286 1991 3353; x_wconf 89' lang='lat' dir='ltr'>vulnerata,</span> <span class='ocrx_word' id='word_1_499' title='bbox 2023 3287 2157 3358; x_wconf 87' lang='lat' dir='ltr'>quia</span> <span class='ocrx_word' id='word_1_500' title='bbox 2258 3288 2420 3343; x_wconf 87' lang='lat' dir='ltr'>Oculi</span> <span class='ocrx_word' id='word_1_501' title='bbox 2445 3286 2699 3342; x_wconf 88' lang='lat' dir='ltr'>suntviri</span> <span class='ocrx_word' id='word_1_502' title='bbox 2727 3287 2990 3342; x_wconf 89' lang='lat' dir='ltr'>videlicet</span> <span class='ocrx_word' id='word_1_503' title='bbox 3009 3286 3408 3359; x_wconf 86' lang='lat' dir='ltr'>spiritualibus</span> <span class='ocrx_word' id='word_1_504' title='bbox 3433 3286 3620 3341; x_wconf 91' lang='lat' dir='ltr'>ornati</span> <span class='ocrx_word' id='word_1_505' title='bbox 3643 3280 3855 3338; x_wconf 87' lang='lat' dir='ltr'>sensibus</span> 
     </span>
    </p>
   </div>
   <div class='ocr_carea' id='block_1_34' title="bbox 527 3372 3861 3453">
    <p class='ocr_par' dir='ltr' id='par_1_34' title="bbox 527 3372 3861 3453">
     <span class='ocr_line' id='line_1_36' title="bbox 527 3372 3861 3453; baseline -0.002 -21"><span class='ocrx_word' id='word_1_506' title='bbox 527 3377 701 3443; x_wconf 88' lang='lat' dir='ltr'>nuda,</span> <span class='ocrx_word' id='word_1_507' title='bbox 755 3381 811 3431; x_wconf 89' lang='lat' dir='ltr'>et</span> <span class='ocrx_word' id='word_1_508' title='bbox 864 3377 1158 3448; x_wconf 69' lang='lat' dir='ltr'>quaerebat</span> <span class='ocrx_word' id='word_1_509' title='bbox 1210 3377 1622 3434; x_wconf 89' lang='lat' dir='ltr'>adminiculum</span> <span class='ocrx_word' id='word_1_510' title='bbox 1681 3379 1917 3450; x_wconf 86' lang='lat' dir='ltr'>alicujus</span> <span class='ocrx_word' id='word_1_511' title='bbox 1966 3398 1999 3435; x_wconf 90' lang='lat' dir='ltr'>a</span> <span class='ocrx_word' id='word_1_512' title='bbox 2043 3397 2155 3452; x_wconf 88' lang='lat' dir='ltr'>quo</span> <span class='ocrx_word' id='word_1_513' title='bbox 2261 3382 2355 3453; x_wconf 79' lang='lat' dir='ltr'>qui</span> <span class='ocrx_word' id='word_1_514' title='bbox 2402 3382 2472 3436; x_wconf 87' lang='lat' dir='ltr'>ad</span> <span class='ocrx_word' id='word_1_515' title='bbox 2518 3381 2762 3436; x_wconf 88' lang='lat' dir='ltr'>videnda</span> <span class='ocrx_word' id='word_1_516' title='bbox 2808 3382 3083 3453; x_wconf 81' lang='lat' dir='ltr'>mysteria</span> <span class='ocrx_word' id='word_1_517' title='bbox 3123 3387 3254 3435; x_wconf 90' lang='lat' dir='ltr'>sunt</span> <span class='ocrx_word' id='word_1_518' title='bbox 3291 3382 3475 3449; x_wconf 86' lang='lat' dir='ltr'>acuti,</span> <span class='ocrx_word' id='word_1_519' title='bbox 3519 3383 3575 3435; x_wconf 92' lang='lat' dir='ltr'>et</span> <span class='ocrx_word' id='word_1_520' title='bbox 3618 3376 3777 3449; x_wconf 86' lang='lat' dir='ltr'>parati</span> <span class='ocrx_word' id='word_1_521' title='bbox 3807 3372 3861 3425; x_wconf 86' lang='lat' dir='ltr'>ad</span> 
     </span>
    </p>
   </div>
   <div class='ocr_carea' id='block_1_35' title="bbox 525 3469 3857 3548">
    <p class='ocr_par' dir='ltr' id='par_1_35' title="bbox 525 3469 3857 3548">
     <span class='ocr_line' id='line_1_37' title="bbox 525 3469 3857 3548; baseline -0.002 -23"><span class='ocrx_word' id='word_1_522' title='bbox 525 3470 782 3525; x_wconf 82' lang='lat' dir='ltr'>Christus</span> <span class='ocrx_word' id='word_1_523' title='bbox 808 3474 1110 3542; x_wconf 79' lang='lat' dir='ltr'>rogaretur</span> <span class='ocrx_word' id='word_1_524' title='bbox 1130 3476 1195 3525; x_wconf 92' lang='lat' dir='ltr'>nt</span> <span class='ocrx_word' id='word_1_525' title='bbox 1224 3472 1462 3528; x_wconf 85' lang='lat' dir='ltr'>veniret.</span> <span class='ocrx_word' id='word_1_526' title='bbox 1485 3474 1621 3528; x_wconf 87' lang='lat' dir='ltr'>Vide</span> <span class='ocrx_word' id='word_1_527' title='bbox 1651 3479 2007 3539; x_wconf 63' lang='lat' dir='ltr'>aestuantem,</span> <span class='ocrx_word' id='word_1_528' title='bbox 2030 3474 2158 3529; x_wconf 91' lang='lat' dir='ltr'>vide</span> <span class='ocrx_word' id='word_1_529' title='bbox 2262 3476 2607 3548; x_wconf 85' lang='lat' dir='ltr'>penetranda</span> <span class='ocrx_word' id='word_1_530' title='bbox 2636 3475 2941 3546; x_wconf 57' lang='lat' dir='ltr'>Scriptura:</span> <span class='ocrx_word' id='word_1_531' title='bbox 2968 3481 3179 3530; x_wconf 84' lang='lat' dir='ltr'>secreta</span> <span class='ocrx_word' id='word_1_532' title='bbox 3209 3475 3447 3544; x_wconf 58' lang='lat' dir='ltr'>divinas,</span> <span class='ocrx_word' id='word_1_533' title='bbox 3476 3469 3729 3529; x_wconf 86' lang='lat' dir='ltr'>rationali</span> <span class='ocrx_word' id='word_1_534' title='bbox 3752 3470 3857 3522; x_wconf 77' lang='lat' dir='ltr'>lacte</span> 
     </span>
    </p>
   </div>
   <div class='ocr_carea' id='block_1_36' title="bbox 530 3562 3860 3641">
    <p class='ocr_par' dir='ltr' id='par_1_36' title="bbox 530 3562 3860 3641">
     <span class='ocr_line' id='line_1_38' title="bbox 530 3562 3860 3641; baseline -0.002 -23"><span class='ocrx_word' id='word_1_535' title='bbox 530 3563 949 3620; x_wconf 87' lang='lat' dir='ltr'>desiderantem</span> <span class='ocrx_word' id='word_1_536' title='bbox 992 3582 1003 3619; x_wconf 93' lang='lat'>:</span> <span class='ocrx_word' id='word_1_537' title='bbox 1042 3588 1067 3612; x_wconf 84' lang='lat'><strong>«</strong></span> <span class='ocrx_word' id='word_1_538' title='bbox 1103 3567 1337 3635; x_wconf 82' lang='lat' dir='ltr'>Adjuro,</span> <span class='ocrx_word' id='word_1_539' title='bbox 1382 3568 1586 3639; x_wconf 89' lang='lat' dir='ltr'>inquit,</span> <span class='ocrx_word' id='word_1_540' title='bbox 1629 3584 1740 3631; x_wconf 75' lang='lat' dir='ltr'>vos,</span> <span class='ocrx_word' id='word_1_541' title='bbox 1776 3569 1899 3637; x_wconf 60' lang='lat' dir='ltr'>filix</span> <span class='ocrx_word' id='word_1_542' title='bbox 1938 3572 2155 3624; x_wconf 83' lang='lat' dir='ltr'>Jerusa-</span> <span class='ocrx_word' id='word_1_543' title='bbox 2262 3571 2566 3641; x_wconf 74' lang='lat' dir='ltr'>fulgentes,</span> <span class='ocrx_word' id='word_1_544' title='bbox 2604 3571 2663 3623; x_wconf 89' lang='lat' dir='ltr'>in</span> <span class='ocrx_word' id='word_1_545' title='bbox 2705 3568 2912 3640; x_wconf 87' lang='lat' dir='ltr'>quibus</span> <span class='ocrx_word' id='word_1_546' title='bbox 2964 3586 3077 3623; x_wconf 91' lang='lat' dir='ltr'>non</span> <span class='ocrx_word' id='word_1_547' title='bbox 3113 3568 3184 3623; x_wconf 91' lang='lat' dir='ltr'>sit</span> <span class='ocrx_word' id='word_1_548' title='bbox 3224 3569 3427 3640; x_wconf 87' lang='lat' dir='ltr'>aliqua</span> <span class='ocrx_word' id='word_1_549' title='bbox 3468 3568 3585 3623; x_wconf 91' lang='lat' dir='ltr'>doli</span> <span class='ocrx_word' id='word_1_550' title='bbox 3621 3562 3860 3620; x_wconf 77' lang='lat' dir='ltr'>maculosa</span> 
     </span>
    </p>
   </div>
   <div class='ocr_carea' id='block_1_37' title="bbox 530 3652 3860 3733">
    <p class='ocr_par' dir='ltr' id='par_1_37' title="bbox 530 3652 3860 3733">
     <span class='ocr_line' id='line_1_39' title="bbox 530 3652 3860 3733; baseline -0.002 -20"><span class='ocrx_word' id='word_1_551' title='bbox 530 3661 653 3719; x_wconf 88' lang='lat' dir='ltr'>lem,</span> <span class='ocrx_word' id='word_1_552' title='bbox 684 3681 711 3706; x_wconf 85' lang='grc'><strong>››</strong></span> <span class='ocrx_word' id='word_1_553' title='bbox 753 3664 885 3725; x_wconf 85' lang='lat' dir='ltr'>etc.,</span> <span class='ocrx_word' id='word_1_554' title='bbox 938 3659 1145 3713; x_wconf 89' lang='lat' dir='ltr'>deinde</span> <span class='ocrx_word' id='word_1_555' title='bbox 1181 3659 1405 3715; x_wconf 71' lang='lat' dir='ltr'>filiabus</span> <span class='ocrx_word' id='word_1_556' title='bbox 1447 3661 1689 3716; x_wconf 58' lang='lat' dir='ltr'>caelestis</span> <span class='ocrx_word' id='word_1_557' title='bbox 1733 3661 1885 3716; x_wconf 89' lang='lat' dir='ltr'>illius</span> <span class='ocrx_word' id='word_1_558' title='bbox 1921 3662 2161 3717; x_wconf 87' lang='lat' dir='ltr'>civitatis</span> <span class='ocrx_word' id='word_1_559' title='bbox 2262 3664 2538 3730; x_wconf 86' lang='lat' dir='ltr'>confusio,</span> <span class='ocrx_word' id='word_1_560' title='bbox 2572 3663 2669 3717; x_wconf 90' lang='lat' dir='ltr'>sed</span> <span class='ocrx_word' id='word_1_561' title='bbox 2698 3661 2972 3733; x_wconf 88' lang='lat' dir='ltr'>simplicis</span> <span class='ocrx_word' id='word_1_562' title='bbox 3002 3660 3238 3716; x_wconf 77' lang='lat' dir='ltr'>affectus</span> <span class='ocrx_word' id='word_1_563' title='bbox 3268 3661 3653 3717; x_wconf 88' lang='lat' dir='ltr'>immaculata</span> <span class='ocrx_word' id='word_1_564' title='bbox 3677 3652 3860 3711; x_wconf 62' lang='lat' dir='ltr'>sinceri</span> 
     </span>
    </p>
   </div>
   <div class='ocr_carea' id='block_1_38' title="bbox 526 3750 3861 3828">
    <p class='ocr_par' dir='ltr' id='par_1_38' title="bbox 526 3750 3861 3828">
     <span class='ocr_line' id='line_1_40' title="bbox 526 3750 3861 3828; baseline -0.001 -23"><span class='ocrx_word' id='word_1_565' title='bbox 526 3751 790 3819; x_wconf 87' lang='lat' dir='ltr'>admista,</span> <span class='ocrx_word' id='word_1_566' title='bbox 819 3752 1063 3808; x_wconf 90' lang='lat' dir='ltr'>Verbum</span> <span class='ocrx_word' id='word_1_567' title='bbox 1094 3754 1353 3826; x_wconf 85' lang='lat' dir='ltr'>requirit,</span> <span class='ocrx_word' id='word_1_568' title='bbox 1386 3760 1441 3809; x_wconf 90' lang='lat' dir='ltr'>et</span> <span class='ocrx_word' id='word_1_569' title='bbox 1469 3755 1802 3827; x_wconf 63' lang='lat' dir='ltr'>quaerendo,</span> <span class='ocrx_word' id='word_1_570' title='bbox 1833 3764 1887 3809; x_wconf 92' lang='lat' dir='ltr'>et</span> <span class='ocrx_word' id='word_1_571' title='bbox 1916 3756 2157 3827; x_wconf 89' lang='lat' dir='ltr'>speciem</span> <span class='ocrx_word' id='word_1_572' title='bbox 2267 3764 2366 3812; x_wconf 88' lang='lat' dir='ltr'>tas.</span> <span class='ocrx_word' id='word_1_573' title='bbox 2398 3757 2530 3814; x_wconf 87' lang='lat' dir='ltr'>Ideo</span> <span class='ocrx_word' id='word_1_574' title='bbox 2557 3757 2616 3812; x_wconf 90' lang='lat' dir='ltr'>in</span> <span class='ocrx_word' id='word_1_575' title='bbox 2651 3773 2932 3828; x_wconf 86' lang='lat' dir='ltr'>aquarum</span> <span class='ocrx_word' id='word_1_576' title='bbox 2972 3756 3328 3810; x_wconf 86' lang='lat' dir='ltr'>abundantia</span> <span class='ocrx_word' id='word_1_577' title='bbox 3360 3756 3515 3811; x_wconf 89' lang='lat' dir='ltr'>lotas</span> <span class='ocrx_word' id='word_1_578' title='bbox 3554 3754 3653 3808; x_wconf 89' lang='lat' dir='ltr'>has</span> <span class='ocrx_word' id='word_1_579' title='bbox 3688 3750 3861 3805; x_wconf 85' lang='lat' dir='ltr'>colum-</span> 
     </span>
    </p>
   </div>
   <div class='ocr_carea' id='block_1_39' title="bbox 528 3846 3285 3919">
    <p class='ocr_par' dir='ltr' id='par_1_39' title="bbox 528 3846 3285 3919">
     <span class='ocr_line' id='line_1_41' title="bbox 528 3846 3285 3919; baseline 0.001 -20"><span class='ocrx_word' id='word_1_580' title='bbox 528 3846 651 3917; x_wconf 85' lang='lat' dir='ltr'>ejus</span> <span class='ocrx_word' id='word_1_581' title='bbox 681 3847 1137 3918; x_wconf 82' lang='lat' dir='ltr'>contemplanda,</span> <span class='ocrx_word' id='word_1_582' title='bbox 1163 3848 1285 3919; x_wconf 87' lang='lat' dir='ltr'>ejus</span> <span class='ocrx_word' id='word_1_583' title='bbox 1309 3848 1365 3902; x_wconf 92' lang='lat' dir='ltr'>in</span> <span class='ocrx_word' id='word_1_584' title='bbox 1397 3864 1454 3902; x_wconf 92' lang='lat' dir='ltr'>se</span> <span class='ocrx_word' id='word_1_585' title='bbox 1488 3849 1698 3904; x_wconf 88' lang='lat' dir='ltr'>excitat</span> <span class='ocrx_word' id='word_1_586' title='bbox 1723 3850 2087 3906; x_wconf 88' lang='lat' dir='ltr'>charitatem.</span> <span class='ocrx_word' id='word_1_587' title='bbox 2264 3852 2363 3907; x_wconf 88' lang='lat' dir='ltr'>bas</span> <span class='ocrx_word' id='word_1_588' title='bbox 2392 3853 2450 3907; x_wconf 90' lang='lat' dir='ltr'>in</span> <span class='ocrx_word' id='word_1_589' title='bbox 2479 3852 2622 3905; x_wconf 90' lang='lat' dir='ltr'>lacte</span> <span class='ocrx_word' id='word_1_590' title='bbox 2655 3850 3013 3916; x_wconf 89' lang='lat' dir='ltr'>memoravit,</span> <span class='ocrx_word' id='word_1_591' title='bbox 3043 3850 3240 3904; x_wconf 90' lang='lat' dir='ltr'>dicens</span> <span class='ocrx_word' id='word_1_592' title='bbox 3273 3869 3285 3903; x_wconf 92' lang='lat'><strong>:</strong></span> 
     </span>
    </p>
   </div>
   <div class='ocr_carea' id='block_1_40' title="bbox 604 3937 2184 4015">
    <p class='ocr_par' dir='ltr' id='par_1_40' title="bbox 604 3937 2162 4014">
     <span class='ocr_line' id='line_1_42' title="bbox 604 3937 2162 4014; baseline -0.001 -15"><span class='ocrx_word' id='word_1_593' title='bbox 899 3944 986 3995; x_wconf 85' lang='lat'>58.</span> <span class='ocrx_word' id='word_1_594' title='bbox 1017 3943 1172 3996; x_wconf 84' lang='lat' dir='ltr'>Vers.</span> <span class='ocrx_word' id='word_1_595' title='bbox 1220 3945 1305 3997; x_wconf 89' lang='grc'>10.</span> <span class='ocrx_word' id='word_1_596' title='bbox 1352 3943 1464 4013; x_wconf 73' lang='grc'>(42)</span> <span class='ocrx_word' id='word_1_597' title='bbox 1506 3945 1717 4010; x_wconf 80' lang='lat' dir='ltr'>Frater,</span> <span class='ocrx_word' id='word_1_598' title='bbox 1766 3944 1972 4014; x_wconf 87' lang='lat' dir='ltr'>inquit,</span> <span class='ocrx_word' id='word_1_599' title='bbox 2016 3960 2162 3999; x_wconf 84' lang='lat' dir='ltr'>meus</span> 
     </span>
    </p>
   </div>
   <div class='ocr_carea' id='block_1_41' title="bbox 2286 3937 3866 4015">
    <p class='ocr_par' dir='ltr' id='par_1_41' title="bbox 2334 3938 3866 4015">
     <span class='ocr_line' id='line_1_43' title="bbox 2334 3938 3866 4015; baseline -0.004 -16"><span class='ocrx_word' id='word_1_600' title='bbox 2334 3948 2419 4001; x_wconf 77' lang='grc'>64.</span> <span class='ocrx_word' id='word_1_601' title='bbox 2455 3946 2565 4012; x_wconf 77' lang='grc'>(46)</span> <span class='ocrx_word' id='word_1_602' title='bbox 2597 3946 2750 4000; x_wconf 82' lang='lat' dir='ltr'>Oculi</span> <span class='ocrx_word' id='word_1_603' title='bbox 2779 3945 2894 4013; x_wconf 83' lang='lat' dir='ltr'>ejus</span> <span class='ocrx_word' id='word_1_604' title='bbox 2934 3948 3073 3999; x_wconf 86' lang='lat' dir='ltr'>sicut</span> <span class='ocrx_word' id='word_1_605' title='bbox 3113 3945 3381 3998; x_wconf 74' lang='lat' dir='ltr'>columbae</span> <span class='ocrx_word' id='word_1_606' title='bbox 3419 3960 3585 4015; x_wconf 81' lang='lat' dir='ltr'>super</span> <span class='ocrx_word' id='word_1_607' title='bbox 3621 3938 3866 3995; x_wconf 56' lang='lat' dir='ltr'>abundan&#39;</span> 
     </span>
    </p>
   </div>
   <div class='ocr_carea' id='block_1_42' title="bbox 528 4032 3867 4109">
    <p class='ocr_par' dir='ltr' id='par_1_42' title="bbox 528 4032 3867 4109">
     <span class='ocr_line' id='line_1_44' title="bbox 528 4032 3867 4109; baseline 0 -22"><span class='ocrx_word' id='word_1_608' title='bbox 528 4034 795 4088; x_wconf 78' lang='lat' dir='ltr'>candidus</span> <span class='ocrx_word' id='word_1_609' title='bbox 823 4040 874 4089; x_wconf 86' lang='lat' dir='ltr'>et</span> <span class='ocrx_word' id='word_1_610' title='bbox 911 4035 1128 4097; x_wconf 86' lang='lat' dir='ltr'>rubeus,</span> <span class='ocrx_word' id='word_1_611' title='bbox 1170 4036 1364 4091; x_wconf 83' lang='lat' dir='ltr'>electus</span> <span class='ocrx_word' id='word_1_612' title='bbox 1402 4053 1468 4091; x_wconf 75' lang='lat' dir='ltr'>ea:</span> <span class='ocrx_word' id='word_1_613' title='bbox 1504 4038 1763 4093; x_wconf 79' lang='lat' dir='ltr'>millibus.</span> <span class='ocrx_word' id='word_1_614' title='bbox 1796 4039 1959 4092; x_wconf 89' lang='lat' dir='ltr'>Decet</span> <span class='ocrx_word' id='word_1_615' title='bbox 1987 4038 2159 4106; x_wconf 89' lang='lat' dir='ltr'>enim,</span> <span class='ocrx_word' id='word_1_616' title='bbox 2265 4043 2394 4095; x_wconf 84' lang='lat' dir='ltr'>tiam</span> <span class='ocrx_word' id='word_1_617' title='bbox 2425 4055 2715 4109; x_wconf 82' lang='lat' dir='ltr'>aquarum,</span> <span class='ocrx_word' id='word_1_618' title='bbox 2748 4040 2872 4093; x_wconf 62' lang='lat' dir='ltr'>lotaD</span> <span class='ocrx_word' id='word_1_619' title='bbox 2910 4041 2968 4092; x_wconf 88' lang='lat' dir='ltr'>in</span> <span class='ocrx_word' id='word_1_620' title='bbox 3010 4039 3166 4100; x_wconf 87' lang='lat' dir='ltr'>lacte,</span> <span class='ocrx_word' id='word_1_621' title='bbox 3199 4038 3446 4093; x_wconf 80' lang='lat' dir='ltr'>sedentis</span> <span class='ocrx_word' id='word_1_622' title='bbox 3487 4052 3648 4109; x_wconf 78' lang='lat' dir='ltr'>super</span> <span class='ocrx_word' id='word_1_623' title='bbox 3671 4032 3867 4105; x_wconf 73' lang='lat' dir='ltr'>plenitu-</span> 
     </span>
    </p>
   </div>
   <div class='ocr_carea' id='block_1_43' title="bbox 532 4121 3875 4215">
    <p class='ocr_par' dir='ltr' id='par_1_43' title="bbox 532 4121 3875 4215">
     <span class='ocr_line' id='line_1_45' title="bbox 532 4121 3875 4215; baseline -0 -36"><span class='ocrx_word' id='word_1_624' title='bbox 532 4129 711 4215; x_wconf 70' lang='lat' dir='ltr'>virgo,</span> <span class='ocrx_word' id='word_1_625' title='bbox 733 4132 799 4182; x_wconf 87' lang='lat' dir='ltr'>nt</span> <span class='ocrx_word' id='word_1_626' title='bbox 824 4128 993 4199; x_wconf 85' lang='lat' dir='ltr'>plene</span> <span class='ocrx_word' id='word_1_627' title='bbox 1022 4130 1245 4183; x_wconf 88' lang='lat' dir='ltr'>noveris</span> <span class='ocrx_word' id='word_1_628' title='bbox 1271 4146 1443 4202; x_wconf 89' lang='lat' dir='ltr'>quem</span> <span class='ocrx_word' id='word_1_629' title='bbox 1474 4130 1684 4201; x_wconf 79' lang='lat' dir='ltr'>diligis,</span> <span class='ocrx_word' id='word_1_630' title='bbox 1708 4136 1877 4203; x_wconf 90' lang='lat' dir='ltr'>atque</span> <span class='ocrx_word' id='word_1_631' title='bbox 1906 4147 2078 4187; x_wconf 90' lang='lat' dir='ltr'>omne</span> <span class='ocrx_word' id='word_1_632' title='bbox 2104 4132 2162 4186; x_wconf 89' lang='lat' dir='ltr'>in</span> <span class='ocrx_word' id='word_1_633' title='bbox 2263 4134 2462 4188; x_wconf 84' lang='lat' dir='ltr'>dinem.</span> <span class='ocrx_word' id='word_1_634' title='bbox 2494 4133 2741 4203; x_wconf 84' lang='lat' dir='ltr'>Baptizat</span> <span class='ocrx_word' id='word_1_635' title='bbox 2768 4133 2825 4186; x_wconf 93' lang='lat' dir='ltr'>in</span> <span class='ocrx_word' id='word_1_636' title='bbox 2861 4133 3001 4187; x_wconf 90' lang='lat' dir='ltr'>lacte</span> <span class='ocrx_word' id='word_1_637' title='bbox 3032 4131 3334 4197; x_wconf 90' lang='lat' dir='ltr'>Dominus,</span> <span class='ocrx_word' id='word_1_638' title='bbox 3366 4132 3423 4185; x_wconf 89' lang='lat' dir='ltr'>id</span> <span class='ocrx_word' id='word_1_639' title='bbox 3462 4138 3569 4198; x_wconf 89' lang='lat' dir='ltr'>est,</span> <span class='ocrx_word' id='word_1_640' title='bbox 3601 4132 3657 4183; x_wconf 92' lang='lat' dir='ltr'>in</span> <span class='ocrx_word' id='word_1_641' title='bbox 3683 4121 3875 4181; x_wconf 82' lang='lat' dir='ltr'>sinceri-</span> 
     </span>
    </p>
   </div>
   <div class='ocr_carea' id='block_1_44' title="bbox 533 4215 3870 4298">
    <p class='ocr_par' dir='ltr' id='par_1_44' title="bbox 533 4215 3870 4298">
     <span class='ocr_line' id='line_1_46' title="bbox 533 4215 3870 4298; baseline 0 -24"><span class='ocrx_word' id='word_1_642' title='bbox 533 4236 601 4275; x_wconf 87' lang='lat' dir='ltr'>eo</span> <span class='ocrx_word' id='word_1_643' title='bbox 631 4224 687 4275; x_wconf 90' lang='lat' dir='ltr'>et</span> <span class='ocrx_word' id='word_1_644' title='bbox 714 4221 984 4292; x_wconf 70' lang='lat' dir='ltr'>ingenitas</span> <span class='ocrx_word' id='word_1_645' title='bbox 1025 4222 1338 4278; x_wconf 88' lang='lat' dir='ltr'>divinitatis</span> <span class='ocrx_word' id='word_1_646' title='bbox 1379 4230 1436 4280; x_wconf 88' lang='lat' dir='ltr'>et</span> <span class='ocrx_word' id='word_1_647' title='bbox 1479 4228 1784 4296; x_wconf 67' lang='lat' dir='ltr'>assumptus</span> <span class='ocrx_word' id='word_1_648' title='bbox 1829 4226 2161 4296; x_wconf 85' lang='lat' dir='ltr'>mysterium</span> <span class='ocrx_word' id='word_1_649' title='bbox 2267 4232 2398 4281; x_wconf 88' lang='lat' dir='ltr'>tate.</span> <span class='ocrx_word' id='word_1_650' title='bbox 2431 4229 2494 4283; x_wconf 84' lang='lat' dir='ltr'>Et</span> <span class='ocrx_word' id='word_1_651' title='bbox 2521 4227 2614 4280; x_wconf 90' lang='lat' dir='ltr'>isti</span> <span class='ocrx_word' id='word_1_652' title='bbox 2642 4230 2775 4280; x_wconf 90' lang='lat' dir='ltr'>sunt</span> <span class='ocrx_word' id='word_1_653' title='bbox 2811 4226 2909 4297; x_wconf 87' lang='lat' dir='ltr'>qni</span> <span class='ocrx_word' id='word_1_654' title='bbox 2950 4242 3080 4280; x_wconf 89' lang='lat' dir='ltr'>vere</span> <span class='ocrx_word' id='word_1_655' title='bbox 3121 4225 3502 4298; x_wconf 86' lang='lat' dir='ltr'>baptizantnr</span> <span class='ocrx_word' id='word_1_656' title='bbox 3530 4225 3589 4279; x_wconf 86' lang='lat' dir='ltr'>in</span> <span class='ocrx_word' id='word_1_657' title='bbox 3618 4223 3769 4285; x_wconf 87' lang='lat' dir='ltr'>lacte,</span> <span class='ocrx_word' id='word_1_658' title='bbox 3795 4215 3870 4287; x_wconf 78' lang='lat' dir='ltr'>qui</span> 
     </span>
    </p>
   </div>
   <div class='ocr_carea' id='block_1_45' title="bbox 531 4313 3872 4391">
    <p class='ocr_par' dir='ltr' id='par_1_45' title="bbox 531 4313 3872 4391">
     <span class='ocr_line' id='line_1_47' title="bbox 531 4313 3872 4391; baseline -0.001 -23"><span class='ocrx_word' id='word_1_659' title='bbox 531 4314 1000 4385; x_wconf 88' lang='lat' dir='ltr'>incorporationis</span> <span class='ocrx_word' id='word_1_660' title='bbox 1045 4332 1340 4387; x_wconf 87' lang='lat' dir='ltr'>agnoscas.</span> <span class='ocrx_word' id='word_1_661' title='bbox 1386 4318 1672 4374; x_wconf 86' lang='lat' dir='ltr'>Candidus</span> <span class='ocrx_word' id='word_1_662' title='bbox 1726 4335 1862 4390; x_wconf 88' lang='lat' dir='ltr'>ergo</span> <span class='ocrx_word' id='word_1_663' title='bbox 1908 4322 1995 4372; x_wconf 91' lang='lat' dir='ltr'>est</span> <span class='ocrx_word' id='word_1_664' title='bbox 2052 4336 2162 4373; x_wconf 85' lang='lat' dir='ltr'>me-</span> <span class='ocrx_word' id='word_1_665' title='bbox 2264 4321 2383 4376; x_wconf 88' lang='lat' dir='ltr'>sine</span> <span class='ocrx_word' id='word_1_666' title='bbox 2415 4321 2549 4376; x_wconf 91' lang='lat' dir='ltr'>dolo</span> <span class='ocrx_word' id='word_1_667' title='bbox 2577 4320 2836 4387; x_wconf 88' lang='lat' dir='ltr'>credunt,</span> <span class='ocrx_word' id='word_1_668' title='bbox 2867 4326 2925 4374; x_wconf 89' lang='lat' dir='ltr'>et</span> <span class='ocrx_word' id='word_1_669' title='bbox 2949 4336 3152 4391; x_wconf 85' lang='lat' dir='ltr'>puram</span> <span class='ocrx_word' id='word_1_670' title='bbox 3181 4319 3359 4374; x_wconf 84' lang='lat' dir='ltr'>tidem</span> <span class='ocrx_word' id='word_1_671' title='bbox 3396 4318 3761 4381; x_wconf 89' lang='lat' dir='ltr'>deferunt,ut</span> <span class='ocrx_word' id='word_1_672' title='bbox 3787 4313 3872 4365; x_wconf 81' lang='lat' dir='ltr'>im-</span> 
     </span>
    </p>
   </div>
   <div class='ocr_carea' id='block_1_46' title="bbox 536 4407 3871 4485">
    <p class='ocr_par' dir='ltr' id='par_1_46' title="bbox 536 4407 3871 4485">
     <span class='ocr_line' id='line_1_48' title="bbox 536 4407 3871 4485; baseline 0.001 -24"><span class='ocrx_word' id='word_1_673' title='bbox 536 4407 667 4477; x_wconf 81' lang='lat' dir='ltr'>rito,</span> <span class='ocrx_word' id='word_1_674' title='bbox 689 4407 825 4479; x_wconf 90' lang='lat' dir='ltr'>quia</span> <span class='ocrx_word' id='word_1_675' title='bbox 848 4407 1022 4479; x_wconf 87' lang='lat' dir='ltr'>patris</span> <span class='ocrx_word' id='word_1_676' title='bbox 1038 4410 1329 4480; x_wconf 88' lang='lat' dir='ltr'>splendor,</span> <span class='ocrx_word' id='word_1_677' title='bbox 1355 4411 1585 4479; x_wconf 86' lang='lat' dir='ltr'>rubens,</span> <span class='ocrx_word' id='word_1_678' title='bbox 1602 4412 1733 4484; x_wconf 90' lang='lat' dir='ltr'>quia</span> <span class='ocrx_word' id='word_1_679' title='bbox 1754 4415 1944 4483; x_wconf 88' lang='lat' dir='ltr'>partus</span> <span class='ocrx_word' id='word_1_680' title='bbox 1962 4414 2164 4468; x_wconf 84' lang='lat' dir='ltr'>estvir-</span> <span class='ocrx_word' id='word_1_681' title='bbox 2265 4416 2607 4470; x_wconf 87' lang='lat' dir='ltr'>maculatam</span> <span class='ocrx_word' id='word_1_682' title='bbox 2650 4414 2895 4469; x_wconf 89' lang='lat' dir='ltr'>induant</span> <span class='ocrx_word' id='word_1_683' title='bbox 2931 4415 3194 4485; x_wconf 84' lang='lat' dir='ltr'>gratiam.</span> <span class='ocrx_word' id='word_1_684' title='bbox 3239 4414 3380 4469; x_wconf 90' lang='lat' dir='ltr'>Ideo</span> <span class='ocrx_word' id='word_1_685' title='bbox 3409 4411 3657 4468; x_wconf 89' lang='lat' dir='ltr'>candida</span> <span class='ocrx_word' id='word_1_686' title='bbox 3695 4408 3871 4479; x_wconf 66' lang='lat' dir='ltr'>SponSil</span> 
     </span>
    </p>
   </div>
   <div class='ocr_carea' id='block_1_47' title="bbox 533 4500 3872 4578">
    <p class='ocr_par' dir='ltr' id='par_1_47' title="bbox 533 4500 3872 4578">
     <span class='ocr_line' id='line_1_49' title="bbox 533 4500 3872 4578; baseline -0.001 -22"><span class='ocrx_word' id='word_1_687' title='bbox 533 4500 701 4571; x_wconf 84' lang='lat' dir='ltr'>ginis.</span> <span class='ocrx_word' id='word_1_688' title='bbox 733 4501 899 4557; x_wconf 89' lang='lat' dir='ltr'>Color</span> <span class='ocrx_word' id='word_1_689' title='bbox 925 4501 981 4556; x_wconf 91' lang='lat' dir='ltr'>in</span> <span class='ocrx_word' id='word_1_690' title='bbox 1014 4520 1081 4558; x_wconf 92' lang='lat' dir='ltr'>eo</span> <span class='ocrx_word' id='word_1_691' title='bbox 1110 4502 1292 4575; x_wconf 87' lang='lat' dir='ltr'>fulget</span> <span class='ocrx_word' id='word_1_692' title='bbox 1318 4510 1373 4559; x_wconf 89' lang='lat' dir='ltr'>et</span> <span class='ocrx_word' id='word_1_693' title='bbox 1392 4505 1587 4561; x_wconf 85' lang='lat' dir='ltr'>rutilat</span> <span class='ocrx_word' id='word_1_694' title='bbox 1609 4505 1901 4578; x_wconf 89' lang='lat' dir='ltr'>utriusque</span> <span class='ocrx_word' id='word_1_695' title='bbox 1926 4512 2161 4564; x_wconf 65' lang='lat' dir='ltr'>naturae.</span> <span class='ocrx_word' id='word_1_696' title='bbox 2186 4501 2246 4572; x_wconf 88' lang='lat' dir='ltr'>D</span> <span class='ocrx_word' id='word_1_697' title='bbox 2265 4508 2521 4564; x_wconf 89' lang='lat' dir='ltr'>ascendit</span> <span class='ocrx_word' id='word_1_698' title='bbox 2554 4508 2626 4563; x_wconf 86' lang='lat' dir='ltr'>ad</span> <span class='ocrx_word' id='word_1_699' title='bbox 2662 4507 2972 4573; x_wconf 86' lang='lat' dir='ltr'>Christum,</span> <span class='ocrx_word' id='word_1_700' title='bbox 3013 4508 3148 4578; x_wconf 91' lang='lat' dir='ltr'>quia</span> <span class='ocrx_word' id='word_1_701' title='bbox 3174 4509 3233 4563; x_wconf 92' lang='lat' dir='ltr'>in</span> <span class='ocrx_word' id='word_1_702' title='bbox 3277 4507 3438 4562; x_wconf 88' lang='lat' dir='ltr'>lacte</span> <span class='ocrx_word' id='word_1_703' title='bbox 3482 4508 3751 4577; x_wconf 86' lang='lat' dir='ltr'>baptizata</span> <span class='ocrx_word' id='word_1_704' title='bbox 3776 4501 3872 4553; x_wconf 82' lang='lat' dir='ltr'>est:</span> 
     </span>
    </p>
   </div>
   <div class='ocr_carea' id='block_1_48' title="bbox 535 4592 3875 4672">
    <p class='ocr_par' dir='ltr' id='par_1_48' title="bbox 535 4592 3875 4672">
     <span class='ocr_line' id='line_1_50' title="bbox 535 4592 3875 4672; baseline 0.001 -25"><span class='ocrx_word' id='word_1_705' title='bbox 535 4592 814 4649; x_wconf 82' lang='lat' dir='ltr'>Memento</span> <span class='ocrx_word' id='word_1_706' title='bbox 840 4600 1032 4651; x_wconf 89' lang='lat' dir='ltr'>tamen</span> <span class='ocrx_word' id='word_1_707' title='bbox 1063 4598 1382 4671; x_wconf 85' lang='lat' dir='ltr'>antiquiora</span> <span class='ocrx_word' id='word_1_708' title='bbox 1413 4599 1468 4653; x_wconf 92' lang='lat' dir='ltr'>in</span> <span class='ocrx_word' id='word_1_709' title='bbox 1498 4615 1563 4654; x_wconf 93' lang='lat' dir='ltr'>eo</span> <span class='ocrx_word' id='word_1_710' title='bbox 1589 4597 1898 4655; x_wconf 86' lang='lat' dir='ltr'>divinitatis</span> <span class='ocrx_word' id='word_1_711' title='bbox 1923 4601 2167 4672; x_wconf 88' lang='lat' dir='ltr'>insignia</span> <span class='ocrx_word' id='word_1_712' title='bbox 2271 4603 2397 4658; x_wconf 91' lang='lat' dir='ltr'>ideo</span> <span class='ocrx_word' id='word_1_713' title='bbox 2425 4602 2704 4657; x_wconf 83' lang='lat' dir='ltr'>mirantur</span> <span class='ocrx_word' id='word_1_714' title='bbox 2738 4619 2864 4657; x_wconf 89' lang='lat' dir='ltr'>eam</span> <span class='ocrx_word' id='word_1_715' title='bbox 2910 4602 3163 4670; x_wconf 78' lang='lat' dir='ltr'>virtutes,</span> <span class='ocrx_word' id='word_1_716' title='bbox 3196 4602 3469 4656; x_wconf 87' lang='lat' dir='ltr'>dicentes</span> <span class='ocrx_word' id='word_1_717' title='bbox 3502 4618 3515 4655; x_wconf 89' lang='lat'><strong>:</strong></span> <span class='ocrx_word' id='word_1_718' title='bbox 3549 4602 3673 4668; x_wconf 62' lang='lat' dir='ltr'>Qua</span> <span class='ocrx_word' id='word_1_719' title='bbox 3698 4602 3769 4650; x_wconf 79' lang='lat' dir='ltr'>est</span> <span class='ocrx_word' id='word_1_720' title='bbox 3791 4594 3875 4645; x_wconf 66' lang='grc' dir='ltr'>Ιιεε</span> 
     </span>
    </p>
   </div>
   <div class='ocr_carea' id='block_1_49' title="bbox 534 4686 3879 4767">
    <p class='ocr_par' dir='ltr' id='par_1_49' title="bbox 534 4686 3879 4767">
     <span class='ocr_line' id='line_1_51' title="bbox 534 4686 3879 4767; baseline 0.003 -29"><span class='ocrx_word' id='word_1_721' title='bbox 534 4702 709 4757; x_wconf 88' lang='lat' dir='ltr'>quam</span> <span class='ocrx_word' id='word_1_722' title='bbox 735 4689 985 4760; x_wconf 88' lang='lat' dir='ltr'>corporis</span> <span class='ocrx_word' id='word_1_723' title='bbox 1025 4698 1409 4761; x_wconf 87' lang='lat' dir='ltr'>sacramenta;</span> <span class='ocrx_word' id='word_1_724' title='bbox 1450 4692 1585 4764; x_wconf 89' lang='lat' dir='ltr'>quia</span> <span class='ocrx_word' id='word_1_725' title='bbox 1626 4708 1742 4748; x_wconf 92' lang='lat' dir='ltr'>non</span> <span class='ocrx_word' id='word_1_726' title='bbox 1779 4694 1948 4764; x_wconf 75' lang='lat' dir='ltr'>ccepit</span> <span class='ocrx_word' id='word_1_727' title='bbox 1987 4711 2020 4747; x_wconf 89' lang='lat' dir='ltr'>a</span> <span class='ocrx_word' id='word_1_728' title='bbox 2051 4695 2162 4748; x_wconf 88' lang='lat' dir='ltr'>Vir-</span> <span class='ocrx_word' id='word_1_729' title='bbox 2268 4713 2386 4767; x_wconf 74' lang='lat' dir='ltr'>quae</span> <span class='ocrx_word' id='word_1_730' title='bbox 2415 4697 2653 4751; x_wconf 83' lang='lat' dir='ltr'>ascendit</span> <span class='ocrx_word' id='word_1_731' title='bbox 2693 4697 2949 4751; x_wconf 81' lang='lat' dir='ltr'>dealbata</span> <span class='ocrx_word' id='word_1_732' title='bbox 2995 4695 3200 4761; x_wconf 61' lang='lat' dir='ltr'>(Cant,</span> <span class='ocrx_word' id='word_1_733' title='bbox 3242 4712 3365 4761; x_wconf 83' lang='grc' dir='ltr'>νιιι,</span> <span class='ocrx_word' id='word_1_734' title='bbox 3411 4695 3507 4765; x_wconf 82' lang='lat'>5)?</span> <span class='ocrx_word' id='word_1_735' title='bbox 3537 4696 3678 4748; x_wconf 79' lang='lat' dir='ltr'>Ante</span> <span class='ocrx_word' id='word_1_736' title='bbox 3720 4686 3879 4761; x_wconf 76' lang='lat' dir='ltr'>paulu-</span> 
     </span>
    </p>
   </div>
   <div class='ocr_carea' id='block_1_50' title="bbox 536 4779 3879 4859">
    <p class='ocr_par' dir='ltr' id='par_1_50' title="bbox 536 4779 3879 4859">
     <span class='ocr_line' id='line_1_52' title="bbox 536 4779 3879 4859; baseline -0.001 -25"><span class='ocrx_word' id='word_1_737' title='bbox 536 4781 688 4849; x_wconf 87' lang='lat' dir='ltr'>gine,</span> <span class='ocrx_word' id='word_1_738' title='bbox 724 4779 823 4835; x_wconf 91' lang='lat' dir='ltr'>sed</span> <span class='ocrx_word' id='word_1_739' title='bbox 855 4782 951 4852; x_wconf 89' lang='lat' dir='ltr'>qui</span> <span class='ocrx_word' id='word_1_740' title='bbox 987 4786 1108 4836; x_wconf 87' lang='lat' dir='ltr'>erat</span> <span class='ocrx_word' id='word_1_741' title='bbox 1133 4784 1291 4838; x_wconf 89' lang='lat' dir='ltr'>venit</span> <span class='ocrx_word' id='word_1_742' title='bbox 1316 4786 1375 4839; x_wconf 89' lang='lat' dir='ltr'>in</span> <span class='ocrx_word' id='word_1_743' title='bbox 1407 4786 1718 4856; x_wconf 86' lang='lat' dir='ltr'>Virginem.</span> <span class='ocrx_word' id='word_1_744' title='bbox 2270 4792 2388 4844; x_wconf 87' lang='lat' dir='ltr'>tum</span> <span class='ocrx_word' id='word_1_745' title='bbox 2424 4790 2664 4857; x_wconf 88' lang='lat' dir='ltr'>dicebat,</span> <span class='ocrx_word' id='word_1_746' title='bbox 2692 4792 2868 4858; x_wconf 81' lang='lat' dir='ltr'>Nigra</span> <span class='ocrx_word' id='word_1_747' title='bbox 2890 4805 3007 4844; x_wconf 88' lang='lat' dir='ltr'>sum</span> <span class='ocrx_word' id='word_1_748' title='bbox 3033 4791 3236 4858; x_wconf 61' lang='lat' dir='ltr'>(Cant.</span> <span class='ocrx_word' id='word_1_749' title='bbox 3271 4806 3315 4853; x_wconf 90' lang='grc' dir='ltr'>ι,</span> <span class='ocrx_word' id='word_1_750' title='bbox 3339 4790 3435 4859; x_wconf 71' lang='grc'>4&gt;;</span> <span class='ocrx_word' id='word_1_751' title='bbox 3471 4802 3621 4842; x_wconf 91' lang='lat' dir='ltr'>nunc</span> <span class='ocrx_word' id='word_1_752' title='bbox 3652 4780 3879 4838; x_wconf 80' lang='lat' dir='ltr'>dealbata</span> 
     </span>
    </p>
   </div>
   <div class='ocr_carea' id='block_1_51' title="bbox 609 4872 3878 4951">
    <p class='ocr_par' dir='ltr' id='par_1_51' title="bbox 609 4872 3878 4951">
     <span class='ocr_line' id='line_1_53' title="bbox 609 4872 3878 4951; baseline 0.002 -24"><span class='ocrx_word' id='word_1_753' title='bbox 609 4876 697 4928; x_wconf 73' lang='lat'>59.</span> <span class='ocrx_word' id='word_1_754' title='bbox 729 4874 837 4944; x_wconf 80' lang='grc'>(43)</span> <span class='ocrx_word' id='word_1_755' title='bbox 874 4878 1064 4931; x_wconf 77' lang='lat' dir='ltr'>Frater</span> <span class='ocrx_word' id='word_1_756' title='bbox 1090 4892 1234 4933; x_wconf 85' lang='lat' dir='ltr'>meus</span> <span class='ocrx_word' id='word_1_757' title='bbox 1259 4879 1525 4933; x_wconf 82' lang='lat' dir='ltr'>candidus</span> <span class='ocrx_word' id='word_1_758' title='bbox 1553 4885 1603 4934; x_wconf 85' lang='lat' dir='ltr'>et</span> <span class='ocrx_word' id='word_1_759' title='bbox 1626 4880 1843 4935; x_wconf 79' lang='lat' dir='ltr'>rubens.</span> <span class='ocrx_word' id='word_1_760' title='bbox 1884 4881 2169 4936; x_wconf 83' lang='lat' dir='ltr'>Candidus</span> <span class='ocrx_word' id='word_1_761' title='bbox 2270 4884 2539 4949; x_wconf 88' lang='lat' dir='ltr'>cernitur,</span> <span class='ocrx_word' id='word_1_762' title='bbox 2562 4888 2619 4937; x_wconf 90' lang='lat' dir='ltr'>et</span> <span class='ocrx_word' id='word_1_763' title='bbox 2643 4882 2898 4938; x_wconf 86' lang='lat' dir='ltr'>ascendit</span> <span class='ocrx_word' id='word_1_764' title='bbox 2925 4882 2993 4936; x_wconf 89' lang='lat' dir='ltr'>ad</span> <span class='ocrx_word' id='word_1_765' title='bbox 3023 4883 3248 4951; x_wconf 69' lang='lat' dir='ltr'>costum,</span> <span class='ocrx_word' id='word_1_766' title='bbox 3276 4890 3337 4937; x_wconf 90' lang='lat' dir='ltr'>et</span> <span class='ocrx_word' id='word_1_767' title='bbox 3360 4882 3559 4937; x_wconf 81' lang='lat' dir='ltr'>innixa</span> <span class='ocrx_word' id='word_1_768' title='bbox 3588 4878 3684 4939; x_wconf 81' lang='lat' dir='ltr'>Dei</span> <span class='ocrx_word' id='word_1_769' title='bbox 3713 4872 3878 4935; x_wconf 53' lang='lat' dir='ltr'>Verbo:</span> 
     </span>
    </p>
   </div>
   <div class='ocr_carea' id='block_1_52' title="bbox 537 4968 2847 5048">
    <p class='ocr_par' dir='ltr' id='par_1_52' title="bbox 537 4968 2847 5048">
     <span class='ocr_line' id='line_1_54' title="bbox 537 4968 2847 5048; baseline 0.004 -27"><span class='ocrx_word' id='word_1_770' title='bbox 537 4968 795 5023; x_wconf 85' lang='lat' dir='ltr'>claritate</span> <span class='ocrx_word' id='word_1_771' title='bbox 853 4971 1091 5037; x_wconf 61' lang='lat' dir='ltr'>(eterna,</span> <span class='ocrx_word' id='word_1_772' title='bbox 1145 4971 1351 5026; x_wconf 87' lang='lat' dir='ltr'>rubens</span> <span class='ocrx_word' id='word_1_773' title='bbox 1403 4973 1588 5045; x_wconf 88' lang='lat' dir='ltr'>specie</span> <span class='ocrx_word' id='word_1_774' title='bbox 1639 4974 1842 5028; x_wconf 89' lang='lat' dir='ltr'>coloris</span> <span class='ocrx_word' id='word_1_775' title='bbox 1892 4974 2166 5041; x_wconf 85' lang='lat' dir='ltr'>humani,</span> <span class='ocrx_word' id='word_1_776' title='bbox 2272 4978 2388 5033; x_wconf 89' lang='lat' dir='ltr'>alta</span> <span class='ocrx_word' id='word_1_777' title='bbox 2409 4978 2531 5048; x_wconf 85' lang='lat' dir='ltr'>jam</span> <span class='ocrx_word' id='word_1_778' title='bbox 2564 4981 2847 5048; x_wconf 86' lang='lat' dir='ltr'>penetrat.</span> 
     </span>
    </p>
   </div>
   <div class='ocr_carea' id='block_1_53' title="bbox 536 5056 3876 5142">
    <p class='ocr_par' dir='ltr' id='par_1_53' title="bbox 536 5056 3876 5142">
     <span class='ocr_line' id='line_1_55' title="bbox 536 5056 3876 5142; baseline 0.002 -25"><span class='ocrx_word' id='word_1_779' title='bbox 536 5079 708 5134; x_wconf 89' lang='lat' dir='ltr'>quem</span> <span class='ocrx_word' id='word_1_780' title='bbox 741 5068 1099 5119; x_wconf 86' lang='lat' dir='ltr'>sacramento</span> <span class='ocrx_word' id='word_1_781' title='bbox 1141 5065 1549 5121; x_wconf 87' lang='lat' dir='ltr'>incarnationis</span> <span class='ocrx_word' id='word_1_782' title='bbox 1585 5068 1905 5139; x_wconf 86' lang='lat' dir='ltr'>assumpsit.</span> <span class='ocrx_word' id='word_1_783' title='bbox 1944 5069 2165 5123; x_wconf 84' lang='lat' dir='ltr'>Merito-</span> <span class='ocrx_word' id='word_1_784' title='bbox 2342 5076 2427 5126; x_wconf 79' lang='grc'>65.</span> <span class='ocrx_word' id='word_1_785' title='bbox 2463 5072 2571 5127; x_wconf 82' lang='lat' dir='ltr'>Nec</span> <span class='ocrx_word' id='word_1_786' title='bbox 2610 5071 2904 5125; x_wconf 89' lang='lat' dir='ltr'>immerito</span> <span class='ocrx_word' id='word_1_787' title='bbox 2943 5071 3058 5126; x_wconf 90' lang='lat' dir='ltr'>illic</span> <span class='ocrx_word' id='word_1_788' title='bbox 3096 5086 3382 5142; x_wconf 84' lang='lat' dir='ltr'>aquarum</span> <span class='ocrx_word' id='word_1_789' title='bbox 3422 5068 3777 5132; x_wconf 83' lang='lat' dir='ltr'>abundantia,</span> <span class='ocrx_word' id='word_1_790' title='bbox 3806 5056 3876 5113; x_wconf 66' lang='lat' dir='ltr'>ubi</span> 
     </span>
    </p>
   </div>
   <div class='ocr_carea' id='block_1_54' title="bbox 539 5154 3874 5236">
    <p class='ocr_par' dir='ltr' id='par_1_54' title="bbox 539 5154 3874 5236">
     <span class='ocr_line' id='line_1_56' title="bbox 539 5154 3874 5236; baseline 0.001 -26"><span class='ocrx_word' id='word_1_791' title='bbox 539 5173 648 5228; x_wconf 86' lang='lat' dir='ltr'>que</span> <span class='ocrx_word' id='word_1_792' title='bbox 691 5162 746 5211; x_wconf 92' lang='lat' dir='ltr'>et</span> <span class='ocrx_word' id='word_1_793' title='bbox 788 5157 976 5228; x_wconf 87' lang='lat' dir='ltr'>ipsum</span> <span class='ocrx_word' id='word_1_794' title='bbox 1024 5160 1175 5229; x_wconf 89' lang='lat' dir='ltr'>quod</span> <span class='ocrx_word' id='word_1_795' title='bbox 1221 5164 1307 5214; x_wconf 89' lang='lat' dir='ltr'>est</span> <span class='ocrx_word' id='word_1_796' title='bbox 1348 5160 1613 5231; x_wconf 80' lang='lat' dir='ltr'>rubeam,</span> <span class='ocrx_word' id='word_1_797' title='bbox 1660 5160 1808 5216; x_wconf 88' lang='lat' dir='ltr'>bene</span> <span class='ocrx_word' id='word_1_798' title='bbox 1849 5161 2003 5217; x_wconf 88' lang='lat' dir='ltr'>olet:</span> <span class='ocrx_word' id='word_1_799' title='bbox 2036 5163 2169 5233; x_wconf 90' lang='lat' dir='ltr'>quia</span> <span class='ocrx_word' id='word_1_800' title='bbox 2270 5166 2550 5233; x_wconf 82' lang='lat' dir='ltr'>Christus;</span> <span class='ocrx_word' id='word_1_801' title='bbox 2590 5164 2737 5219; x_wconf 87' lang='lat' dir='ltr'>unde</span> <span class='ocrx_word' id='word_1_802' title='bbox 2785 5181 2945 5219; x_wconf 89' lang='lat' dir='ltr'>mens</span> <span class='ocrx_word' id='word_1_803' title='bbox 2984 5165 3235 5219; x_wconf 87' lang='lat' dir='ltr'>humana</span> <span class='ocrx_word' id='word_1_804' title='bbox 3286 5165 3509 5236; x_wconf 88' lang='lat' dir='ltr'>repleri</span> <span class='ocrx_word' id='word_1_805' title='bbox 3551 5162 3750 5233; x_wconf 88' lang='lat' dir='ltr'>cupiat.</span> <span class='ocrx_word' id='word_1_806' title='bbox 3787 5154 3874 5207; x_wconf 60' lang='lat' dir='ltr'>Has</span> 
     </span>
    </p>
   </div>
   <div class='ocr_carea' id='block_1_55' title="bbox 536 5251 3872 5331">
    <p class='ocr_par' dir='ltr' id='par_1_55' title="bbox 536 5251 3872 5331">
     <span class='ocr_line' id='line_1_57' title="bbox 536 5251 3872 5331; baseline 0.001 -27"><span class='ocrx_word' id='word_1_807' title='bbox 536 5267 669 5307; x_wconf 88' lang='lat' dir='ltr'>caro</span> <span class='ocrx_word' id='word_1_808' title='bbox 698 5251 905 5307; x_wconf 86' lang='lat' dir='ltr'>Christi</span> <span class='ocrx_word' id='word_1_809' title='bbox 938 5252 1057 5306; x_wconf 89' lang='lat' dir='ltr'>sine</span> <span class='ocrx_word' id='word_1_810' title='bbox 1086 5258 1313 5324; x_wconf 89' lang='lat' dir='ltr'>peccato</span> <span class='ocrx_word' id='word_1_811' title='bbox 1349 5261 1452 5323; x_wconf 91' lang='lat' dir='ltr'>est,</span> <span class='ocrx_word' id='word_1_812' title='bbox 1485 5272 1654 5326; x_wconf 88' lang='lat' dir='ltr'>quam</span> <span class='ocrx_word' id='word_1_813' title='bbox 1683 5256 1883 5327; x_wconf 75' lang='lat' dir='ltr'>perfidi</span> <span class='ocrx_word' id='word_1_814' title='bbox 1913 5261 2166 5311; x_wconf 86' lang='lat' dir='ltr'>contrec-</span> <span class='ocrx_word' id='word_1_815' title='bbox 2273 5260 2389 5314; x_wconf 84' lang='lat' dir='ltr'>sitit</span> <span class='ocrx_word' id='word_1_816' title='bbox 2435 5276 2609 5331; x_wconf 88' lang='lat' dir='ltr'>aquas</span> <span class='ocrx_word' id='word_1_817' title='bbox 2659 5275 2878 5326; x_wconf 86' lang='lat' dir='ltr'>cervus,</span> <span class='ocrx_word' id='word_1_818' title='bbox 2923 5275 3065 5330; x_wconf 90' lang='lat' dir='ltr'>quas</span> <span class='ocrx_word' id='word_1_819' title='bbox 3117 5274 3247 5313; x_wconf 86' lang='lat' dir='ltr'>cum</span> <span class='ocrx_word' id='word_1_820' title='bbox 3304 5258 3542 5325; x_wconf 87' lang='lat' dir='ltr'>biberit,</span> <span class='ocrx_word' id='word_1_821' title='bbox 3592 5254 3738 5309; x_wconf 88' lang='lat' dir='ltr'>sitire</span> <span class='ocrx_word' id='word_1_822' title='bbox 3783 5260 3872 5302; x_wconf 82' lang='lat' dir='ltr'>non</span> 
     </span>
    </p>
   </div>
   <div class='ocr_carea' id='block_1_56' title="bbox 536 5338 3871 5425">
    <p class='ocr_par' dir='ltr' id='par_1_56' title="bbox 536 5338 3871 5425">
     <span class='ocr_line' id='line_1_58' title="bbox 536 5338 3871 5425; baseline 0.001 -27"><span class='ocrx_word' id='word_1_823' title='bbox 536 5349 978 5425; x_wconf 5' lang='lat' dir='ltr'>tantes,pmanus</span> <span class='ocrx_word' id='word_1_824' title='bbox 1007 5363 1137 5401; x_wconf 89' lang='lat' dir='ltr'>suas</span> <span class='ocrx_word' id='word_1_825' title='bbox 1174 5346 1638 5419; x_wconf 81' lang='lat' dir='ltr'>inquinavernnt,</span> <span class='ocrx_word' id='word_1_826' title='bbox 1684 5352 1858 5403; x_wconf 78' lang='lat' dir='ltr'>sancti</span> <span class='ocrx_word' id='word_1_827' title='bbox 1892 5367 2161 5405; x_wconf 58' lang='lat' dir='ltr'>venerano</span> <span class='ocrx_word' id='word_1_828' title='bbox 2273 5353 2466 5425; x_wconf 87' lang='lat' dir='ltr'>possit.</span> <span class='ocrx_word' id='word_1_829' title='bbox 2503 5354 2606 5407; x_wconf 88' lang='lat' dir='ltr'>Has</span> <span class='ocrx_word' id='word_1_830' title='bbox 2635 5369 2814 5425; x_wconf 88' lang='lat' dir='ltr'>aquas</span> <span class='ocrx_word' id='word_1_831' title='bbox 2840 5353 3014 5408; x_wconf 87' lang='lat' dir='ltr'>sitivit</span> <span class='ocrx_word' id='word_1_832' title='bbox 3038 5353 3328 5424; x_wconf 86' lang='lat' dir='ltr'>Propheta</span> <span class='ocrx_word' id='word_1_833' title='bbox 3356 5368 3493 5407; x_wconf 87' lang='lat' dir='ltr'>cum</span> <span class='ocrx_word' id='word_1_834' title='bbox 3523 5349 3657 5405; x_wconf 86' lang='lat' dir='ltr'>dixit</span> <span class='ocrx_word' id='word_1_835' title='bbox 3685 5363 3697 5400; x_wconf 91' lang='lat'><strong>:</strong></span> <span class='ocrx_word' id='word_1_836' title='bbox 3726 5366 3750 5391; x_wconf 75' lang='grc' dir='ltr'>α</span> <span class='ocrx_word' id='word_1_837' title='bbox 3774 5338 3871 5395; x_wconf 70' lang='lat' dir='ltr'>Siti&#39;</span> 
     </span>
    </p>
   </div>
   <div class='ocr_carea' id='block_1_57' title="bbox 3953 2560 3960 5023">
    <p class='ocr_par' dir='ltr' id='par_1_57' title="bbox 3953 2560 3958 3083">
     <span class='ocr_line' id='line_1_59' title="bbox 3954 2560 3958 2693; baseline 0 0"><span class='ocrx_word' id='word_1_838' title='bbox 3954 2560 3958 2693; x_wconf 52' lang='grc' dir='ltr'>ἱ</span> 
     </span>
     <span class='ocr_line' id='line_1_60' title="bbox 3954 2744 3957 2883; baseline 0 0"><span class='ocrx_word' id='word_1_839' title='bbox 3954 2744 3957 2883; x_wconf 69' lang='lat' dir='ltr'>l</span> 
     </span>
     <span class='ocr_line' id='line_1_61' title="bbox 3953 2930 3958 3083; baseline 0 0"><span class='ocrx_word' id='word_1_840' title='bbox 3953 2930 3958 3083; x_wconf 67' lang='grc' dir='ltr'>ἱ</span> 
     </span>
    </p>
   </div>
   <div class='ocr_carea' id='block_1_58' title="bbox 538 5422 3872 5517">
    <p class='ocr_par' dir='ltr' id='par_1_58' title="bbox 538 5422 3872 5517">
     <span class='ocr_line' id='line_1_62' title="bbox 538 5422 3872 5517; baseline 0 -28"><span class='ocrx_word' id='word_1_841' title='bbox 538 5443 637 5508; x_wconf 76' lang='lat' dir='ltr'>tes,</span> <span class='ocrx_word' id='word_1_842' title='bbox 670 5422 896 5510; x_wconf 70' lang='lat' dir='ltr'>pietatis</span> <span class='ocrx_word' id='word_1_843' title='bbox 922 5440 1098 5495; x_wconf 67' lang='lat' dir='ltr'>odore</span> <span class='ocrx_word' id='word_1_844' title='bbox 1129 5441 1473 5510; x_wconf 66' lang='lat' dir='ltr'>fragrarunt.</span> <span class='ocrx_word' id='word_1_845' title='bbox 2274 5422 2347 5501; x_wconf 74' lang='lat' dir='ltr'>vit</span> <span class='ocrx_word' id='word_1_846' title='bbox 2403 5448 2456 5501; x_wconf 91' lang='lat' dir='ltr'>in</span> <span class='ocrx_word' id='word_1_847' title='bbox 2504 5452 2557 5502; x_wconf 90' lang='lat' dir='ltr'>te</span> <span class='ocrx_word' id='word_1_848' title='bbox 2603 5422 2795 5501; x_wconf 49' lang='lat' dir='ltr'>ani—ma</span> <span class='ocrx_word' id='word_1_849' title='bbox 2842 5464 2971 5501; x_wconf 88' lang='lat' dir='ltr'>mea</span> <span class='ocrx_word' id='word_1_850' title='bbox 3011 5422 3176 5511; x_wconf 82' lang='lat' dir='ltr'>(Psal.</span> <span class='ocrx_word' id='word_1_851' title='bbox 3226 5462 3366 5513; x_wconf 83' lang='lat' dir='ltr'>an,</span> <span class='ocrx_word' id='word_1_852' title='bbox 3398 5449 3471 5517; x_wconf 87' lang='grc'>2).</span> <span class='ocrx_word' id='word_1_853' title='bbox 3506 5468 3531 5494; x_wconf 63' lang='grc' dir='ltr'>η</span> <span class='ocrx_word' id='word_1_854' title='bbox 3565 5442 3721 5497; x_wconf 82' lang='lat' dir='ltr'>Sedet</span> <span class='ocrx_word' id='word_1_855' title='bbox 3760 5446 3872 5504; x_wconf 55' lang='lat' dir='ltr'>erga</span> 
     </span>
    </p>
   </div>
   <div class='ocr_carea' id='block_1_59' title="bbox 598 5598 2347 5665">
    <p class='ocr_par' dir='ltr' id='par_1_59' title="bbox 598 5598 2347 5665">
     <span class='ocr_line' id='line_1_63' title="bbox 598 5598 2347 5665; baseline 0.003 -17"><span class='ocrx_word' id='word_1_856' title='bbox 598 5598 695 5657; x_wconf 75' lang='grc'>(41)</span> <span class='ocrx_word' id='word_1_857' title='bbox 724 5599 871 5662; x_wconf 79' lang='lat' dir='ltr'>Apol.</span> <span class='ocrx_word' id='word_1_858' title='bbox 904 5600 1077 5650; x_wconf 80' lang='lat' dir='ltr'>David</span> <span class='ocrx_word' id='word_1_859' title='bbox 1102 5614 1157 5659; x_wconf 79' lang='grc' dir='ltr'>ιι,</span> <span class='ocrx_word' id='word_1_860' title='bbox 1187 5614 1306 5665; x_wconf 88' lang='lat' dir='ltr'>cap.</span> <span class='ocrx_word' id='word_1_861' title='bbox 1332 5602 1382 5661; x_wconf 83' lang='lat'>9,</span> <span class='ocrx_word' id='word_1_862' title='bbox 1408 5614 1565 5651; x_wconf 89' lang='lat' dir='ltr'>num.</span> <span class='ocrx_word' id='word_1_863' title='bbox 1590 5602 1668 5652; x_wconf 74' lang='grc'>47.</span> 
     </span>
    </p>
   </div>
   <div class='ocr_carea' id='block_1_60' title="bbox 601 5665 3680 5740">
    <p class='ocr_par' dir='ltr' id='par_1_60' title="bbox 601 5665 3680 5740">
     <span class='ocr_line' id='line_1_64' title="bbox 601 5665 3680 5740; baseline -0.003 -13"><span class='ocrx_word' id='word_1_864' title='bbox 601 5665 699 5728; x_wconf 63' lang='grc' dir='ltr'>(η)</span> <span class='ocrx_word' id='word_1_865' title='bbox 734 5668 850 5740; x_wconf 75' lang='lat' dir='ltr'>Lib-</span> <span class='ocrx_word' id='word_1_866' title='bbox 884 5683 898 5719; x_wconf 73' lang='grc' dir='ltr'><strong><em>ι</em></strong></span> <span class='ocrx_word' id='word_1_867' title='bbox 925 5671 988 5721; x_wconf 65' lang='lat' dir='ltr'>de</span> <span class='ocrx_word' id='word_1_868' title='bbox 1021 5671 1181 5735; x_wconf 51' lang='lat' dir='ltr'>Virga</span> <span class='ocrx_word' id='word_1_869' title='bbox 1208 5685 1325 5736; x_wconf 70' lang='grc'>081)-</span> <span class='ocrx_word' id='word_1_870' title='bbox 1356 5674 1406 5733; x_wconf 69' lang='grc'><strong>8,</strong></span> <span class='ocrx_word' id='word_1_871' title='bbox 1433 5686 1588 5723; x_wconf 72' lang='lat' dir='ltr'>1mm-</span> <span class='ocrx_word' id='word_1_872' title='bbox 1617 5673 1692 5723; x_wconf 79' lang='grc'>47-</span> <span class='ocrx_word' id='word_1_873' title='bbox 2337 5678 2518 5739; x_wconf 70' lang='lat' dir='ltr'>(425)1n</span> <span class='ocrx_word' id='word_1_874' title='bbox 2546 5676 2679 5740; x_wconf 85' lang='lat' dir='ltr'>psal.</span> <span class='ocrx_word' id='word_1_875' title='bbox 2714 5686 2912 5737; x_wconf 79' lang='lat' dir='ltr'>oxvm,</span> <span class='ocrx_word' id='word_1_876' title='bbox 2943 5687 3108 5725; x_wconf 83' lang='lat' dir='ltr'>serm.</span> <span class='ocrx_word' id='word_1_877' title='bbox 3138 5677 3214 5735; x_wconf 76' lang='lat' dir='ltr'>t5,</span> <span class='ocrx_word' id='word_1_878' title='bbox 3244 5687 3407 5726; x_wconf 88' lang='lat' dir='ltr'>num.</span> <span class='ocrx_word' id='word_1_879' title='bbox 3441 5675 3496 5726; x_wconf 76' lang='lat'>1:2</span> <span class='ocrx_word' id='word_1_880' title='bbox 3525 5680 3577 5724; x_wconf 86' lang='lat' dir='ltr'>et</span> <span class='ocrx_word' id='word_1_881' title='bbox 3612 5674 3680 5722; x_wconf 86' lang='grc'>13.</span> 
     </span>
    </p>
   </div>
   <div class='ocr_carea' id='block_1_61' title="bbox 606 5739 3508 5812">
    <p class='ocr_par' dir='ltr' id='par_1_61' title="bbox 606 5739 3508 5812">
     <span class='ocr_line' id='line_1_65' title="bbox 606 5739 3508 5812; baseline 0.001 -22"><span class='ocrx_word' id='word_1_882' title='bbox 606 5742 699 5802; x_wconf 74' lang='grc'>·,43)</span> <span class='ocrx_word' id='word_1_883' title='bbox 739 5739 806 5812; x_wconf 69' lang='grc' dir='ltr'>ιιι</span> <span class='ocrx_word' id='word_1_884' title='bbox 825 5742 1017 5802; x_wconf 85' lang='lat' dir='ltr'>psalm.</span> <span class='ocrx_word' id='word_1_885' title='bbox 1048 5752 1246 5802; x_wconf 79' lang='lat' dir='ltr'>cxvni,</span> <span class='ocrx_word' id='word_1_886' title='bbox 1272 5757 1434 5794; x_wconf 88' lang='lat' dir='ltr'>serm.</span> <span class='ocrx_word' id='word_1_887' title='bbox 1466 5745 1516 5805; x_wconf 81' lang='grc'>5,</span> <span class='ocrx_word' id='word_1_888' title='bbox 1544 5757 1697 5795; x_wconf 88' lang='lat' dir='ltr'>num.</span> <span class='ocrx_word' id='word_1_889' title='bbox 1728 5746 1773 5793; x_wconf 90' lang='lat'>8.</span> <span class='ocrx_word' id='word_1_890' title='bbox 2337 5747 2428 5809; x_wconf 65' lang='grc' dir='ltr'>ζιϐ)</span> <span class='ocrx_word' id='word_1_891' title='bbox 2465 5748 2523 5797; x_wconf 89' lang='lat' dir='ltr'>In</span> <span class='ocrx_word' id='word_1_892' title='bbox 2547 5739 2682 5812; x_wconf 81' lang='lat' dir='ltr'>psel.</span> <span class='ocrx_word' id='word_1_893' title='bbox 2712 5758 2912 5809; x_wconf 83' lang='lat' dir='ltr'>cxvm,</span> <span class='ocrx_word' id='word_1_894' title='bbox 2941 5759 3103 5796; x_wconf 86' lang='lat' dir='ltr'>serm.</span> <span class='ocrx_word' id='word_1_895' title='bbox 3142 5746 3213 5810; x_wconf 84' lang='lat' dir='ltr'>l6,</span> <span class='ocrx_word' id='word_1_896' title='bbox 3238 5759 3401 5797; x_wconf 84' lang='lat' dir='ltr'>num.</span> <span class='ocrx_word' id='word_1_897' title='bbox 3432 5748 3508 5796; x_wconf 69' lang='grc'>31.</span> 
     </span>
    </p>
   </div>
   <div class='ocr_carea' id='block_1_62' title="bbox 598 5809 2163 5881">
    <p class='ocr_par' dir='ltr' id='par_1_62' title="bbox 598 5809 2163 5881">
     <span class='ocr_line' id='line_1_66' title="bbox 598 5809 2163 5881; baseline 0.003 -20"><span class='ocrx_word' id='word_1_898' title='bbox 598 5812 692 5881; x_wconf 67' lang='lat' dir='ltr'>tu)</span> <span class='ocrx_word' id='word_1_899' title='bbox 728 5809 849 5859; x_wconf 80' lang='lat' dir='ltr'>Lib.</span> <span class='ocrx_word' id='word_1_900' title='bbox 891 5812 952 5859; x_wconf 79' lang='lat' dir='ltr'>de</span> <span class='ocrx_word' id='word_1_901' title='bbox 993 5812 1349 5861; x_wconf 79' lang='lat' dir='ltr'>Renedictione</span> <span class='ocrx_word' id='word_1_902' title='bbox 1386 5813 1702 5877; x_wconf 64' lang='lat' dir='ltr'>patriarch,</span> <span class='ocrx_word' id='word_1_903' title='bbox 1731 5829 1849 5881; x_wconf 86' lang='lat' dir='ltr'>cap.</span> <span class='ocrx_word' id='word_1_904' title='bbox 1896 5816 1972 5876; x_wconf 90' lang='grc'><strong>11,</strong></span> <span class='ocrx_word' id='word_1_905' title='bbox 2010 5830 2163 5868; x_wconf 86' lang='lat' dir='ltr'>num.</span> 
     </span>
    </p>
   </div>
  </div>
