4000 6166
181 308 286 360 Quill

1133 301 1172 356 ι]
1210 302 1504 358 δυιιιινιπιδ
1544 307 1596 355 s.
1643 303 1949 358 manus“
1986 291 2395 360 'uo|.1.Ec'rl;s.

3336 308 3468 361 “203':

174 427 378 484 (Sinistus
425 439 580 494 super
631 422 1040 479 abundantiam
1093 442 1402 496 aquarum,
1460 431 1514 478 et
1563 442 1737 496 super
1759 438 1813 508 Α
1840 425 1998 479 Unde
2025 443 2154 480 cum
2184 427 2397 481 Martha
2429 428 2719 481 festinaret
2749 427 2895 481 circa
2925 428 3322 494 ministerium,
3352 429 3467 484 Ma—

172 517 547 593 plenitudinem,
583 521 643 570 et
687 516 816 574 ideo
853 519 954 589 qui
984 517 1235 590 baptizat
1275 519 1330 573 in
1369 536 1518 590 aqua
1556 519 1686 573 dicit
1721 537 1732 570 :

172 639 190 662 ιι
218 615 366 667 Etnos
382 626 567 666 omnes
589 610 659 665 de
681 611 1032 682 plenitudine
1054 613 1173 684 ejus
1193 613 1515 684 accepimus
1535 613 1736 683 (Io/(71..

170 726 196 772 ι,
226 711 311 774 16).
344 731 367 752 η
408 703 552 759 Unde
589 711 646 759 et
686 707 881 760 oculus
922 706 1334 778 suppliciorum
1375 723 1487 761 non
1521 706 1737 761 alienus

167 806 230 856 est
273 799 334 852 ab
383 799 630 864 Ecclesia,
687 799 819 870 quia
869 801 974 854 etsi
1021 799 1336 872 baptizabat
1388 803 1632 863 Joannes
1682 803 1735 856 in

167 895 312 958 Enou,
355 891 662 963 baptizabat
703 893 867 963 juxta
911 893 1104 962 Salim,
1158 894 1248 948 ubi
1301 901 1423 949 erat
1463 911 1739 967 aquarum

160 986 476 1052 abundantia,
509 991 564 1039 et
593 986 893 1042 duodecim
923 989 1124 1056 fontes,
1157 994 1214 1042 et
1239 989 1604 1060 septuaginta
1629 991 1734 1061 pal—

164 1097 344 1136 marum
373 1079 613 1134 arbores.
650 1081 756 1134 Hos
789 1081 970 1136 fontes
1005 1081 1173 1136 habet
1203 1081 1461 1150 Ecclesia,
1495 1083 1599 1136 hoc
1630 1087 1733 1148 est,

159 1175 200 1228 in
229 1173 387 1228 Veteri
415 1175 769 1228 Testamento
791 1175 1084 1230 duodecim
1110 1176 1480 1247 patriarchas,
1509 1177 1565 1230 in
1591 1178 1736 1232 Novo

159 1267 410 1322 duodecim
464 1268 778 1339 apostolos;
839 1269 1080 1340 ideque
1131 1271 1341 1325 dictum
1395 1275 1481 1325 est
1529 1288 1541 1324 :
1603 1294 1628 1320 ιι
1679 1273 1737 1326 lu

154 1361 369 1416 Ecclesiis
410 1361 724 1416 benedicite
770 1364 1074 1419 Dominum
1134 1365 1314 1419 Deum
1367 1365 1439 1420 de
1488 1365 1739 1421 fontibus

153 1455 291 1509 Israel
320 1456 480 1521 (Psal.
511 1472 676 1524 vau,
704 1457 816 1527 27).
855 1479 880 1505 ιι
912 1457 1004 1512 His
1039 1457 1294 1512 fontibus
1323 1463 1455 1513 ante
1503 1459 1735 1532 perfun-

147 1549 287 1617 ditur,
335 1547 674 1621 quicumque
727 1552 988 1622 mysteria
1035 1558 1388 1608 sacrosancta
1441 1553 1734 1624 consequi-

147 1649 242 1707 tur;
291 1641 370 1697 isti
411 1643 561 1698 enim
610 1644 798 1700 fontes
847 1661 914 1701 ex
962 1651 1172 1700 reterno
1221 1647 1376 1702 fonte
1425 1654 1734 1712 manantes,

149 1741 242 1791 toto
280 1736 406 1792 orbe
457 1737 766 1794 ﬂuxerunt.
815 1739 915 1796 Ubi
963 1740 1053 1796 isti
1097 1741 1303 1808 fontes,
1355 1741 1435 1795 ibi
1487 1742 1736 1797 ascensio

1841 519 1922 572 ria
1948 523 2138 574 autem
2170 520 2413 575 Verbum
2439 521 2668 576 Domini
2695 521 2938 590 audiret,
2961 539 3026 575 ea
3055 538 3180 593 qua:
3207 521 3472 577 audiebat

1841 613 1892 667 ei
1919 629 2046 684 quae
2090 613 2450 669 ministrabat
2496 616 2700 668 meruit
2741 615 3033 692 anteferri,
3069 613 3281 669 dicenti
3316 616 3466 671 enim

1839 706 2067 761 Martha:
2101 729 2111 760 :
2151 729 2178 756 ιι
2206 708 2469 773 Domine,
2506 725 2620 763 non
2661 714 2744 764 est
2777 708 2878 762 tibi
2908 725 3076 776 curae,
3125 708 3277 780 quod
3317 726 3474 764 soror

1842 816 1970 854 mea
1996 799 2228 874 reliquit
2267 818 2356 856 me
2388 802 2565 856 solam
2605 802 2974 856 ministrare?
3003 801 3099 856 Dic
3133 818 3272 874 ergo
3299 801 3383 857 illi
3414 807 3474 856 ut

1842 910 1932 948 me
1959 894 2216 966 adjuvet;
2245 918 2270 944 n
2292 896 2645 966 respondens
2673 895 2816 950 dixit
2841 897 3116 950 Dominus
3143 913 3154 950 :
3184 917 3209 945 (ι
3235 895 3468 960 Martha,

1840 987 2070 1056 Martha,
2105 988 2274 1043 Maria
2322 988 2524 1042 bonam
2575 992 2794 1059 partem
2836 989 3027 1061 elegit,
3059 1005 3188 1060 qua:
3239 1005 3350 1044 non
3379 1006 3474 1042 au-

1839 1080 2056 1134 feretur
2083 1080 2158 1136 illi
2191 1083 2365 1150 (,Luc.,
2394 1099 2445 1150 ις,
2476 1083 2678 1150 4042).
2709 1103 2734 1129 ››
2765 1083 2846 1136 [ta
2873 1082 3106 1136 verbum
3134 1098 3472 1152 cognoscere

1841 1173 2023 1245 majus
2070 1191 2214 1246 opus
2257 1193 2374 1229 esse
2416 1192 2588 1246 quam
2627 1176 2972 1236 ministrare.
3004 1175 3206 1230 divinae
3237 1173 3475 1229 auctori-

1843 1273 1954 1322 tate
1984 1268 2275 1323 sententia'
2304 1269 2591 1323 definitur.

1913 1367 1998 1416 69.
2049 1363 2155 1416 Sed
2211 1361 2446 1417 fortasse
2495 1362 2639 1417 dicat
2693 1362 2894 1434 aliquis
2953 1362 3164 1418 dictum
3225 1380 3345 1418 esse
3401 1363 3470 1417 ab

1842 1457 2105 1529 Apostolo
2157 1475 2168 1510 :
2219 1479 2244 1506 ι(
2293 1458 2411 1510 Non
2457 1456 2511 1510 in
2564 1473 2829 1510 sermone
2884 1473 3006 1510 esse
3056 1473 3293 1526 regnum
3345 1456 3467 1512 Dei.

1843 1551 1940 1604 sed
1969 1551 2024 1604 in
2057 1551 2262 1604 virtute
2291 1551 2328 1620 (Ι
2359 1551 2500 1612 σορκ,
2541 1567 2612 1618 iv,
2649 1551 2761 1618 ‘20).
2787 1573 2812 1599 η
2836 1550 3118 1620 Scriptum
3155 1567 3265 1604 non
3298 1567 3470 1621 nego,

1845 1647 1938 1697 θρα.)
1988 1646 2041 1698 in
2085 1661 2198 1716 quo
2243 1661 2526 1711 sermone,
2557 1661 2833 1715 cognosco
2873 1661 2886 1697 :
2923 1660 3128 1715 nempe
3173 1659 3347 1716 quem
3387 1643 3469 1698 in-

1845 1743 2010 1792 natus
2063 1737 2346 1806 effuderit,
2401 1739 2498 1810 qui
2555 1737 2915 1792 audientibus
2965 1753 3153 1792 sermo
3197 1735 3468 1810 prodesse

145 1831 450 1886 animarum.
485 1833 739 1904 Denique
781 1833 959 1890 Salim
1001 1834 1358 1906 interpretati
1387 1842 1515 1889 sunt
1546 1836 1732 1906 ipsum
1764 1809 1814 1878 Β
1843 1851 1954 1887 non
2008 1833 2203 1902 possit,
2249 1834 2344 1904 qui
2386 1833 2505 1886 sine
2553 1831 2876 1886 ostensione
2926 1831 2996 1885 sit
3029 1831 3261 1902 spiritus
3296 1835 3466 1903 atque

140 1925 503 1980 ascendentem
524 1943 542 1995 ;
574 1926 665 1982 ille
697 1927 852 1982 enim
894 1944 1022 1983 vere
1059 1929 1333 1996 ascendit,
1370 1929 1469 2000 qui
1505 1931 1734 2001 propria

141 2025 334 2087 peccata
363 2019 618 2091 deponit.
651 2022 762 2076 Hoc
785 2021 962 2094 igitur
994 2020 1250 2096 1602
1281 2024 1452 2078 verbo
1481 2024 1734 2094 purifica-

140 2111 272 2167 torize
296 2114 751 2170 sanctificationis
781 2133 913 2170 usus
942 2116 1300 2187 exprimitur.

191 2209 264 2260 66.
291 2205 464 2271 (Vers.
502 2211 614 2278 l3.)
648 2211 754 2278 (Π)
793 2211 948 2266 Geuw
973 2210 1086 2279 ejus
1122 2213 1262 2266 sicut
1289 2211 1487 2280 phiala:
1511 2229 1730 2266 aruum-

135 2302 204 2356 εἰς.
231 2303 497 2371 gignentes
527 2307 918 2370 unguentaria.
954 2304 1076 2364 tam
1106 2322 1285 2375 genas
1326 2309 1382 2359 et
1409 2310 1614 2360 caetera
1644 2305 1730 2360 in-

135 2393 412 2464 telligimus
439 2396 653 2451 animo:
682 2413 802 2451 esse
830 2397 1087 2463 virtutes,
1116 2397 1527 2468 doctorumque
1555 2399 1734 2454 diver-

134 2485 310 2554 sitates,
337 2489 434 2559 qui
457 2491 548 2544 vel
575 2489 894 2560 spiritalem
926 2491 1106 2545 menti
1131 2490 1470 2546 alimoniam
1499 2491 1728 2563 dispen-

131 2579 317 2636 satione
375 2583 580 2638 sedula
645 2583 1120 2650 subministrent,
1185 2585 1268 2638 vel
1334 2585 1732 2656 priedicatione

131 2673 280 2728 rrueis
308 2675 618 2731 Dominica:
651 2677 795 2731 sicut
826 2677 990 2731 Verbi
1031 2677 1285 2749 quadam
1317 2678 1469 2732 linea
1497 2679 1734 2750 alligent

129 2765 449 2834 audientem,
509 2769 600 2822 vel
651 2769 932 2824 modestia
980 2771 1282 2826 verecundi
1325 2777 1373 2825 et
1413 2773 1733 2842 juventutis

131 2857 241 2912 tlore
278 2861 616 2931 gratissimi.
671 2863 785 2917 Etsi
828 2882 862 2918 a
913 2870 1058 2918 tactu
1112 2865 1324 2935 pudore
1382 2871 1728 2932 revocentur,

128 2953 344 3009 redoleat
383 2961 584 3010 tamen
638 2957 696 3010 in
747 2958 834 3010 his
882 2957 1025 3012 odor
1070 2958 1274 3012 Christi
1317 2975 1330 3012 :
1384 2967 1436 3012 et
1482 2959 1624 3014 sicut
1671 2960 1729 3012 in

126 3047 259 3116 genis
282 3049 441 3119 quasi
465 3049 538 3104 de
572 3051 758 3122 capite
782 3049 1125 3106 sacerdotali
1152 3051 1445 3108 descendit
1477 3070 1731 3125 unguen-

123 3145 238 3207 tum,
269 3142 341 3197 sic
368 3147 425 3199 et
454 3145 517 3198 in
549 3144 642 3198 his
671 3144 896 3200 eluceat
925 3145 1290 3217 pulchritudo
1324 3146 1622 3202 doctrinm.

177 3237 253 3288 67.
289 3238 395 3306 (48)
433 3239 614 3294 Labia
643 3239 758 3307 ejus
791 3239 1126 3294 distillantia
1173 3241 1447 3308 myrrham
1483 3242 1730 3310 plenam.

119 3326 202 3380 Per
228 3332 523 3400 myrrham
565 3332 722 3386 enim
754 3333 1032 3403 passionis
1062 3338 1425 3405 unguentum
1457 3341 1513 3389 et
1544 3351 1729 3390 resur-

119 3421 356 3478 rectionis
417 3424 612 3496 gratia
664 3424 1000 3493 declaratur,
1053 3443 1176 3498 quae
1243 3427 1552 3482 redivivum
1608 3428 1732 3483 vitae

116 3513 317 3572 odorem
367 3519 663 3574 suscitatis
712 3525 1068 3575 mortuorum
1115 3520 1418 3576 visceribus
1461 3521 1730 3577 infundit.

114 3607 300 3666 Clausa:
327 3611 441 3667 sint
469 3612 658 3686 igitur
698 3611 980 3668 labiorum
1009 3614 1162 3670 fores
1197 3617 1448 3682 tuorum,
1481 3619 1539 3669 et
1568 3615 1729 3670 obse-

113 3705 273 3758 ratum
307 3713 550 3762 maneat
579 3706 727 3761 vocis
759 3706 1122 3776 vestibulum,
1154 3711 1292 3762 tunc
1321 3708 1560 3763 fortasse
1590 3724 1732 3763 rese-

114 3796 355 3865 randum,
419 3817 563 3855 cum
629 3799 882 3855 audieris
940 3800 1184 3857 Verbum
1248 3801 1364 3858 Dei.
1418 3803 1570 3858 Tunc
1633 3802 1732 3858 tibi

108 3890 315 3957 myrrha
345 3893 610 3960 sudabit,
641 3897 774 3948 tunc
803 3893 904 3948 tibi
931 3894 1290 3966 baptismatis
1316 3895 1584 3967 aspirabit
1609 3913 1733 3968 gra-

108 3981 188 4050 tia,
230 3989 288 4038 ut
336 3986 410 4040 ab
462 3987 778 4042 elementis
823 3987 1022 4042 mundi
1069 3989 1466 4057 commoriare,
1509 3995 1564 4044 et
1600 4007 1728 4044 eum

103 4073 302 4134 Christo
333 4096 640 4152 resurgas.

161 4171 240 4225 68.
270 4173 383 4243 (49)
424 4175 613 4231 Labia
649 4175 761 4244 ejus
804 4175 1139 4230 distﬂtuntia
1183 4177 1459 4244 myrrham
1492 4178 1725 4247 plenam.

103 4259 190 4315 Nos
221 4271 419 4321 autem
467 4267 692 4322 otiosos
734 4283 836 4323 nos
865 4272 1154 4340 putamus,
1184 4269 1230 4322 si
1269 4269 1444 4324 verbo
1477 4275 1729 4324 tantum-

104 4356 254 4412 modo
285 4361 534 4416 studere
575 4360 900 4427 videamur;
940 4366 998 4416 et
1037 4361 1213 4433 pluris
1243 4362 1592 4418 aestimamus
1634 4380 1734 4418 eos

98 4449 179 4517 qui
205 4457 555 4525 operantur,
583 4471 758 4528 quam
785 4470 884 4510 eos
909 4454 1009 4526 qui
1037 4455 1288 4510 studium
1315 4456 1731 4528 cognoscenda

99 4543 328 4601 veritatis
388 4553 714 4618 exercent;
759 4547 954 4604 dicunt
1007 4548 1162 4604 enim
1213 4549 1468 4622 plerique
1519 4567 1532 4604 :

95 4632 248 4695 homo
285 4647 344 4696 et
377 4658 573 4714 Opera
603 4641 748 4712 ejus,
783 4642 946 4714 quasi
988 4642 1088 4714 qui
1125 4642 1297 4698 verbo
1329 4643 1572 4710 studeat,
1611 4661 1731 4700 non

96 4737 364 4802 operatur,
396 4752 546 4791 cum
577 4736 764 4808 magis
805 4752 947 4808 opus
975 4735 1132 4792 istud
1165 4753 1337 4808 quam
1364 4743 1566 4793 caetera
1595 4738 1730 4794 sint.

94 4820 138 4876 Si
175 4825 326 4882 enim
373 4845 536 4900 opus
578 4829 802 4900 justitia
844 4833 947 4896 est,
977 4830 1022 4884 si
1064 4848 1206 4902 opus
1252 4831 1653 4902 temperantia,
1686 4832 1734 4886 si

95 4931 220 4985 opus
265 4921 606 4976 fortitudo:
660 4921 855 4994 utique
902 4940 1043 4995 opus
1083 4929 1168 4978 est
1211 4924 1384 4978 etiam
1422 4925 1729 4996 sapientia;

93 5007 199 5067 iste
241 5013 402 5069 enim
458 5018 716 5087 quatuor
762 5016 1102 5088 principales
1146 5017 1382 5072 virtutes
1428 5017 1728 5073 habentur.

94 5101 214 5158 Nam
259 5107 311 5162 si
356 5113 651 5180 operatur
685 5109 940 5165 Christus
978 5111 1289 5166 secundum
1327 5112 1480 5184 quod
1515 5111 1736 5182 justitia

92 5199 179 5264 est,
211 5199 418 5274 utique
465 5207 746 5273 operatur
786 5203 1100 5258 secundum
1142 5204 1293 5276 quod
1339 5205 1586 5260 Verbum
1628 5211 1731 5261 est.

93 5289 146 5342 ει
167 5294 532 5362 operabatur
559 5311 688 5350 cum
717 5299 865 5350 esset
902 5295 961 5350 in
993 5296 1272 5368 principio
1301 5297 1450 5369 apud
1481 5299 1729 5353 Patrem.

93 5379 335 5459 Denique
367 5404 488 5460 per
517 5387 707 5459 ipsum
736 5387 932 5444 omnia
965 5389 1114 5444 facta
1151 5395 1302 5459 sunt,
1335 5395 1400 5445 ut
1425 5391 1564 5446 scias
1605 5408 1736 5463 ope-

92 5484 324 5536 ratorem
355 5481 637 5537 omnium
667 5499 809 5549 esse,
848 5485 904 5537 et
931 5499 1072 5555 Opus
1115 5488 1371 5538 nostrum
1400 5501 1520 5540 esse
1545 5485 1732 5540 Chris-

91 5572 199 5626 tum
240 5575 472 5629 Jesum.
529 5575 754 5630 Etenim
799 5577 1116 5632 secundum
1157 5577 1310 5649 quod
1351 5578 1597 5634 Verbum
1628 5585 1732 5644 est,

91 5663 322 5722 Verbum
377 5667 820 5739 inquirentibus
864 5669 1081 5740 grande
1129 5687 1273 5741 opus
1325 5671 1566 5726 Verbum
1624 5676 1728 5726 est.

145 5785 236 5844 (Π)
262 5785 328 5836 ιιι
360 5788 516 5851 psal.
555 5798 749 5850 cxvm,
775 5803 940 5853 norm.
971 5792 1048 5852 15,
1080 5805 1232 5841 num.
1271 5793 1345 5842 14.

169 5859 233 5914 t8,
269 5859 332 5909 ιιι
361 5860 516 5928 psal.
563 5873 756 5926 cxvm,
784 5876 946 5915 serm.
984 5865 1058 5930 t8,
1090 5875 1245 5914 num.
1282 5864 1360 5920 ἢ.

1838 1926 2076 1980 virtutis.
2142 1928 2298 1980 lltmc
2366 1943 2689 1980 sermonem
2755 1925 2959 1979 Paulus
3019 1942 3136 1980 non
3201 1925 3469 1998 dignatur

1836 2036 2208 2090 cognoscere;
2271 2020 2388 2074 vult
2437 2019 2586 2074 enim
2643 2019 2826 2090 magis
2874 2019 3139 2074 virtutem
3184 2019 3468 2076 sermonis

1835 2113 2266 2168 commendare.
2319 2114 2569 2185 Denique
2618 2113 2843 2168 volebat
2899 2113 3070 2167 talem
3127 2129 3292 2167 suum
3349 2129 3468 2167 esse

1835 2209 2134 2278 Apostolus
2181 2224 2522 2272 sermonem,
2565 2206 2662 2278 qui
2705 2207 2760 2260 in
2810 2205 3140 2261 inﬁrmitate
3183 2206 3467 2274 veniebat,

1835 2307 1898 2354 ut
1923 2300 2060 2354 alios
2095 2302 2312 2356 faceret
2347 2301 2632 2367 fortiores,
2663 2299 2720 2354 in
2763 2301 2968 2355 timore
2997 2304 3053 2355 et
3095 2305 3374 2368 tremore;
3406 2307 3469 2354 ut

1839 2395 2106 2448 timentes
2155 2394 2296 2448 nihil
2348 2397 2695 2461 metuerent,
2741 2393 2847 2448 nisi
2895 2395 3194 2448 Dominum
3241 2395 3464 2461 Iesum;

1837 2491 2168 2553 trementes,
2221 2503 2418 2558 pacem
2468 2486 2588 2558 ejus
2649 2486 3229 2558 tranquillitatemque
3285 2503 3467 2541 serva-

1835 2587 1982 2634 rent.
2026 2581 2162 2636 Audi
2213 2597 2351 2652 ergo
2385 2581 2612 2652 qualem
2665 2579 2963 2651 Apostolus
3004 2597 3330 2635 sermonem
3371 2581 3469 2636 ha-

1835 2673 2005 2728 bebat
2047 2692 2058 2728 :
2105 2697 2132 2722 ‹‹
2175 2675 2243 2729 Et
2286 2691 2493 2739 sermo,
2543 2673 2749 2746 inquit,
2806 2691 2985 2740 meus,
3028 2679 3085 2729 et
3135 2673 3465 2744 praedicatio

1837 2785 1963 2822 mea
1994 2785 2108 2823 non
2139 2768 2196 2822 in
2231 2769 2595 2838 persuasione
2637 2768 2904 2823 humanae
2935 2767 3230 2839 sapientiae
3265 2767 3465 2822 verbo-

1838 2877 1982 2926 rum,
2013 2861 2105 2915 sed
2146 2861 2204 2916 in
2247 2861 2572 2916 ostensione
2617 2861 2849 2932 spiritus
2887 2864 2945 2915 et
2982 2860 3207 2915 virtutis
3245 2861 3287 2932 (Ι
3321 2861 3463 2921 σον..

1836 2971 1892 3024 ιι,
1925 2956 2008 3023 4);
2044 2978 2070 3002 ››
2099 2956 2232 3027 quia
2262 2954 2400 3010 fides
2438 2971 2550 3008 non
2585 2954 2640 3008 iu
2681 2953 2894 3010 forensi
2941 2970 3208 3009 sermone
3250 2953 3469 3026 sapien-

1833 3049 1948 3118 tiae,
1987 3049 2086 3104 sed
2129 3048 2184 3103 in
2231 3048 2553 3104 ostensione
2596 3047 2848 3120 spiritus,
2883 3047 2975 3102 sed
3019 3048 3073 3102 in
3119 3048 3216 3102 Dei
3260 3048 3464 3104 virtute

1755 3174 1808 3244 ρ
1839 3142 2124 3198 firmatur.

1907 3240 1996 3292 70.
2047 3239 2192 3308 Ergo
2238 3237 2296 3291 in
2352 3253 2616 3291 sermone
2665 3239 2992 3291 sanctorum
3042 3237 3216 3292 virtus
3260 3243 3364 3302 est,
3411 3238 3468 3292 in

1835 3347 2099 3386 sermone
2139 3337 2337 3386 autem
2362 3331 2575 3385 forensi
2605 3330 2712 3385 isto
2740 3336 2797 3385 et
2825 3329 3222 3402 philosophice
3256 3331 3470 3386 vanitas

1839 3424 2056 3480 mundi.
2100 3424 2381 3479 Virtutem
2429 3427 2622 3479 autem
2671 3440 2793 3478 esse
2839 3424 2900 3478 in
2951 3441 3214 3480 sermone
3254 3429 3472 3481 sancto-

1833 3535 1984 3584 rum,
2043 3518 2214 3572 etiam
2266 3517 2369 3572 iste
2427 3517 2709 3588 propheta
2751 3522 2806 3571 te
2858 3519 3123 3587 edoceat,
3171 3519 3268 3591 qui
3326 3519 3404 3574 ait
3456 3544 3464 3571 :

1841 3633 1866 3660 ‹‹
1908 3611 2186 3667 Dominus
2226 3610 2386 3666 dabit
2429 3610 2664 3666 verbum
2709 3611 3230 3682 evangelizantibus
3260 3612 3468 3668 virtute

1837 3706 2020 3760 multa
2047 3705 2212 3778 (Psal.
2245 3720 2408 3771 uvn,
2448 3706 2564 3775 l2);
2599 3727 2625 3754 ››
2655 3703 2760 3758 hoc
2797 3709 2904 3772 est,
2949 3707 3009 3758 ut
3048 3705 3224 3759 multa
3255 3705 3469 3776 possint

1835 3801 2046 3854 virtute
2092 3798 2465 3871 Evangelium
2509 3797 2840 3870 praedicare.
2881 3797 3182 3853 Probatum
3219 3803 3305 3853 est
3331 3814 3468 3870 ergo

1835 3893 1986 3966 quod
2024 3893 2082 3947 in
2111 3883 2401 3964 Evangelii
2437 3891 2843 3963 praedicatione
2875 3892 2948 3947 sit
2975 3890 3170 3958 virtus,
3199 3890 3468 3962 pradica-

1837 3987 1912 4042 tio
1951 3989 2144 4042 autem
2189 3985 2479 4058 Evangelii
2525 4001 2718 4040 sermo
2749 3991 3076 4041 sanctorum
3119 3990 3234 4054 est;
3265 3984 3339 4040 ita
3371 3987 3468 4040 du-

1833 4082 1996 4136 bium
2025 4097 2138 4135 non
2167 4079 2379 4135 residet
2405 4079 2544 4152 quin
2571 4079 2631 4133 in
2659 4095 2922 4134 sermone
2950 4081 3144 4134 sancto
3170 4077 3243 4133 sit
3269 4078 3463 4133 virtus.

1835 4177 1901 4230 Et
1944 4175 2064 4230 hinc
2097 4174 2330 4247 myrrha
2371 4173 2651 4230 distillans
2689 4191 2752 4229 ex
2794 4173 2954 4228 labiis
2995 4173 3221 4244 Sponsi,
3257 4173 3468 4228 scilicet

1835 4285 1936 4340 per
1959 4285 2128 4340 quam
2155 4268 2292 4324 vitia
2323 4267 2764 4323 mortificamur.

1906 4365 1992 4416 7t.
2036 4364 2212 4435 (Vers.
2265 4363 2372 4432 14.)
2422 4361 2534 4434 (50)
2580 4364 2782 4418 Manus
2835 4363 2983 4416 illius
3028 4363 3330 4424 tornutz'les,
3373 4378 3470 4415 au-

1835 4473 1956 4519 reae,
1999 4457 2172 4526 plena
2213 4455 2543 4524 hyacinthis.
2596 4454 2731 4509 Vide
2783 4470 2913 4526 qua:
2967 4470 3171 4508 manus
3223 4453 3468 4508 fecerint

1592 4541 1808 4614 EcceD
1835 4550 2149 4616 hominem,
2192 4553 2250 4604 et
2285 4565 2455 4621 quem
2499 4548 2795 4603 hominem
2842 4547 3112 4602 fecerint!
3149 4547 3310 4602 Illum
3357 4549 3465 4602 uti-

1834 4661 1946 4716 que
1979 4667 2003 4692 ‹‹
2035 4644 2218 4708 Quem
2252 4642 2561 4697 secundum
2589 4641 2876 4696 Christum
2915 4639 3228 4710 induimus,
3259 4658 3464 4714 exspo-

1835 4738 2039 4794 liantes
2092 4740 2338 4792 veterem
2394 4734 2691 4791 hominem
2747 4752 2876 4790 cum
2939 4736 3161 4791 actibus
3209 4736 3360 4802 suis,
3413 4741 3471 4790 et

1836 4831 2133 4886 induentes
2183 4846 2389 4884 novum
2446 4829 2542 4902 qui
2610 4836 2915 4886 renovatur
2977 4829 3050 4884 ad
3113 4829 3468 4902 agnitionem

1835 4925 2144 4979 secundum
2197 4923 2512 4996 imaginem
2563 4923 2685 4994 ejus
2724 4923 2822 4996 qui
2873 4923 3084 4978 creavit
3131 4938 3263 4976 eum
3310 4939 3323 4976 :
3377 4921 3470 4976 ubi

1838 5035 1949 5073 non
1989 5022 2076 5072 est
2101 5034 2317 5085 servus,
2348 5023 2404 5072 et
2439 5017 2602 5085 liber,
2637 5017 2736 5072 sed
2768 5017 2962 5071 omnia
3003 5020 3062 5069 et
3103 5015 3158 5069 in
3203 5016 3470 5070 omnibus

1837 5111 2092 5168 Christus
2120 5114 2365 5182 (001053.,
2405 5127 2484 5176 Ill,
2515 5110 2692 5175 9-H).
2730 5133 2756 5159 ››
2785 5110 3070 5166 Christum
3107 5125 3246 5180 ergo
3280 5108 3466 5162 indui-

1840 5223 1984 5273 mus,
2023 5205 2165 5260 sicut
2203 5212 2260 5260 et
2297 5205 2428 5260 alibi
2467 5205 2678 5260 dictum
2721 5207 2806 5259 est
2841 5221 2852 5258 :
2885 5226 2912 5254 ι(
2939 5202 3226 5259 Christum
3261 5201 3471 5257 induis-

1841 5301 1908 5355 tis
1957 5301 2184 5370 (Gulat..
2235 5315 2310 5367 ιιι,
2357 5299 2469 5371 27).
2523 5323 2550 5349 ››
2599 5297 2936 5370 Accepimus
2983 5296 3259 5368 Spiritum
3307 5313 3466 5351 sauc-

1841 5398 1983 5462 tum,
2008 5394 2108 5465 qui
2131 5410 2244 5448 non
2263 5394 2448 5448 solum
2472 5395 2662 5448 nostra
2685 5395 2910 5462 peccata
2933 5389 3190 5456 dimittit,
3213 5388 3262 5462 1

1837 5487 1939 5542 sed
1987 5488 2162 5542 etiam
2211 5504 2316 5542 nos
2362 5488 2497 5541 facit
2540 5484 2855 5538 sacerdotes
2899 5499 3027 5537 suos
3077 5483 3203 5538 aliis
3245 5488 3477 5556 peccata

1840 5580 2151 5637 dimittere.
2195 5581 2322 5636 Ideo
2364 5580 2444 5635 ait
2481 5578 2808 5649 Propheta:
2847 5599 2874 5628 ‹‹
2901 5577 2981 5632 Tu
3024 5577 3234 5634 tinxisti
3279 5595 3371 5632 me
3419 5583 3480 5632 et

1839 5675 2075 5746 posuisti
2099 5690 2272 5745 super
2293 5689 2384 5728 me
2413 5687 2648 5728 manum
2679 5675 2840 5727 tuam
2865 5672 3032 5743 (Psal.
3055 5687 3312 5738 cxxxvm,
3336 5674 3421 5740 5):
3453 5696 3481 5714 υ

1900 5795 2000 5856 (49)
2031 5794 2088 5842 tn
2119 5793 2252 5857 psal.
2283 5803 2484 5854 cxvnt,
2509 5804 2676 5844 serm.
2706 5793 2783 5854 tl,
2815 5804 2972 5844 num.
3006 5790 3082 5840 ll.

1903 5865 2002 5925 (δῦ)
2027 5864 2087 5914 In
2113 5863 2248 5928 psal.
2283 5875 2485 5927 cxvui,
2509 5875 2676 5915 eorm.
2711 5864 2785 5926 l0,
2818 5876 2971 5914 num.
3012 5862 3082 5912 t7.
