4072 6192
570 263 705 313 2035

1691 258 2036 314 COMMENT.
2078 258 2141 312 ΙΝ
2182 256 2467 313 CAN'l‘lCA
2504 257 2761 314 CANTIC.

3751 272 3862 324 2036

510 454 517 457 ν
570 381 738 437 finxit
764 397 867 453 per
903 383 1106 452 lutum,
1136 381 1324 454 posuit
1350 399 1585 437 manum
1625 399 1726 454 per
1760 382 2003 455 gratiam
2031 381 2195 454 spiri-
2221 393 2279 466 Α
2372 385 2461 437 76.
2490 382 2667 453 (Vers.
2702 383 2807 451 15.)
2836 404 2862 431 ί(
2894 383 3129 454 Species
3153 383 3277 455 ejus
3303 387 3368 438 ut
3392 384 3599 455 Libani,
3624 388 3804 446 electus
3822 400 3868 448 ut

566 475 767 543 talem,
811 475 945 530 licet
995 475 1254 547 plerique
1304 476 1455 531 hunc
1507 478 1791 547 psalmum
1836 494 1902 531 ex
1953 493 2199 548 persona

569 568 784 625 dictum
832 569 1135 625 Salvatoris
1175 570 1470 641 accipiant.
1502 571 1649 625 Audi
1686 570 1821 642 quia
1856 588 2063 625 manus
2092 571 2199 626 Do-

568 662 715 719 mini
740 663 914 719 etiam
940 663 1171 735 spiritus
1212 664 1439 730 dicitur,
1471 665 1681 719 clamat
1704 664 1809 720 Job
1839 684 1851 719 :
1890 688 1916 713 ι(
1950 665 2197 736 Spiritus

571 758 794 814 divinus
833 759 930 829 qui
975 758 1107 814 fecit
1145 775 1237 813 me
1278 758 1412 828 (Job,
1467 775 1654 826 χχχιιι,
1697 760 1774 827 4).
1827 783 1851 807 ››
1899 761 2022 814 lsta
2065 766 2199 814 sunt

570 868 708 923 ergo
735 868 941 906 manus
967 869 1093 923 qua
1121 851 1415 907 hominem
1458 858 1826 923 paraverunt,
1856 853 2109 909 Christus
2140 857 2193 907 et

572 946 829 1017 Spiritus.
2135 941 2148 956 ‘

644 1045 730 1094 72.
777 1041 922 1111 Ergo
969 1040 1244 1095 Dominus
1279 1042 1439 1095 Jesns
1479 1044 1537 1095 et
1576 1041 1829 1112 corporis
1874 1048 2074 1097 auctor
2112 1046 2199 1096 est

572 1136 769 1201 nostri,
809 1134 907 1205 qui
935 1134 1181 1205 primum
1220 1134 1353 1189 fecit
1392 1135 1687 1190 hominem
1730 1135 1801 1189 ad
1840 1136 2191 1207 imaginem:

573 1234 630 1283 et
655 1234 848 1299 postea
878 1229 945 1283 de
971 1228 1092 1283 luto
1120 1228 1303 1295 ﬁnxit,
1333 1232 1393 1283 et
1418 1228 1595 1283 voluit
1622 1230 1834 1283 salvare
1862 1229 2015 1301 quod
2054 1230 2195 1285 fece-

573 1325 681 1390 rat,
712 1322 925 1377 salvare
968 1322 1117 1391 quod
1159 1321 1547 1393 plasmaverat,
1583 1327 1643 1377 ut
1681 1325 1861 1377 totum
1898 1323 2194 1379 hominem

573 1415 790 1471 salvum
820 1415 1054 1471 faceret.
1094 1416 1217 1469 Ista
1243 1421 1375 1471 sunt
1414 1433 1617 1471 manus
1657 1416 1753 1472 Dei
1796 1417 2111 1486 tornatiles,
2141 1419 2197 1472 id

571 1515 671 1578 est,
729 1509 1015 1580 perfecta,
1059 1526 1245 1564 aurea
1296 1514 1529 1582 propter
1579 1510 1917 1583 sapientiam
1966 1511 2063 1583 qui
2113 1515 2196 1565 est

571 1602 844 1669 Christus,
883 1602 1070 1674 plena
1101 1602 1420 1674 hyacinthis
1452 1610 1691 1676 propter
1729 1604 2001 1675 Spiritum
2030 1622 2193 1659 sanc-

570 1702 693 1752 tum
723 1701 782 1751 et
806 1696 1219 1767 plenitudinem
1245 1696 1648 1753 charismatum
1674 1698 1814 1769 ejus.

2300 475 2476 531 cedri.
2509 498 2534 524 ››
2586 477 2641 531 ln
2688 475 2813 531 altis
2850 476 3088 543 habitat,
3132 481 3190 532 et
3229 477 3466 533 humilia
3504 482 3730 552 respicit,
3760 485 3869 556 quia

2298 570 2513 642 species
2539 569 2661 639 ejus
2693 569 2838 623 sicut
2869 570 3070 625 cedrus
3100 570 3318 638 Libani,
3352 588 3479 644 qua
3507 590 3709 630 comam
3734 578 3870 633 nubi-

2296 663 2423 733 bus,
2464 663 2710 718 radicem
2752 664 2921 718 terris
2963 664 3197 734 inserit;
3232 665 3568 737 principium
3604 669 3742 724 enim
3776 672 3875 742 ejus

2298 773 2329 811 e
2356 758 2519 824 coelo,
2548 756 2864 828 posteriora
2890 758 3012 828 ejus
3040 757 3097 812 in
3127 757 3291 813 terris
3326 758 3537 815 fructus
3563 762 3687 817 calo
3710 766 3872 835 proxi-

2298 866 2420 905 mos
2468 850 2787 905 ediderunt.
2834 851 2942 921 (53)
2989 852 3177 905 Genus
3217 851 3327 907 hoc
3371 852 3579 908 arboris
3621 871 3875 929 nunquam

2298 944 2507 999 amittit
2549 943 2895 999 viriditatem
2942 961 3125 1011 suam,
3173 943 3361 1001 hieme
3405 945 3566 1017 juxta
3605 965 3664 1003 ac
3714 954 3877 1007 astate

2299 1054 2520 1094 comam
2565 1038 2761 1109 pascit,
2802 1053 2905 1092 nec
2951 1038 3170 1093 diverso
3214 1041 3407 1095 colore
3445 1046 3699 1109 mutatur,
3728 1044 3878 1099 solam

2298 1132 2441 1187 hanc
2467 1132 2727 1187 arborem
2770 1137 2970 1188 ventus
3010 1149 3110 1188 suo
3144 1150 3441 1206 nunquam
3478 1135 3680 1191 honore
3712 1136 3880 1209 despo-

2297 1226 2415 1293 liat,
2445 1226 2566 1282 sola
2592 1243 2887 1299 nunquam
2922 1227 3100 1282 veteri
3132 1228 3358 1283 exuitur
3394 1228 3618 1296 amictu,
3646 1233 3736 1285 aut
3757 1248 3879 1288 novo

2298 1321 2437 1375 ﬂore
2474 1320 2729 1376 vestitur.
2772 1320 2858 1376 Sic
2899 1320 3213 1393 apostolica
3252 1338 3481 1394 quoque
3524 1324 3698 1394 gratia
3732 1326 3882 1382 nescit

2298 1415 2603 1484 defectum,
2635 1417 2693 1469 et
2729 1418 3005 1485 perpetua
3044 1418 3336 1472 venustate
3376 1416 3466 1471 sui
3505 1416 3679 1473 ﬂoret.
3710 1418 3882 1473 Anima

2299 1525 2435 1579 ergo
2460 1508 2746 1581 corrumpi
2776 1509 2975 1576 nescit,
3003 1526 3133 1582 qua
3159 1509 3503 1566 florentibus
3536 1511 3793 1566 membris
3818 1512 3879 1567 vi-

2299 1608 2412 1673 get,
2457 1619 2683 1673 semper
2717 1602 2959 1673 justitia
3000 1607 3452 1676 cauterarumque
3493 1603 3749 1659 virtutum
3785 1606 3881 1659 cul-

2301 1696 2455 1750 mina
2483 1696 2718 1766 patienti
2746 1696 3221 1767 magnanimitate
3248 1700 3558 1767 sustentat;
3580 1705 3635 1753 et
3657 1697 3771 1753 ideo
3790 1715 3884 1754 non

645 1794 731 1846 73.
780 1765 954 1861 (Vers.
1005 1791 1109 1851 l-i.)
1161 1790 1273 1861 (51)
1325 1793 1521 1847 Venter
1565 1792 1678 1861 ejus
1705 1765 1993 1847 ‘eburncus
2015 1836 2029 1855 ,
2081 1793 2194 1848 dis-
2218 1765 2274 1836 Β
2299 1765 2499 1845 deﬂuit
2533 1805 2722 1860 neque
2753 1765 2965 1857 deficit,
2995 1790 3127 1862 quia
3159 1790 3305 1845 nihil
3331 1791 3389 1845 in
3424 1808 3496 1845 ea
3523 1765 3796 1847 ruinosum
3818 1797 3885 1848 est

568 1887 769 1939 tinctus
805 1885 1063 1953 saphiris.
1117 1884 1432 1954 Apostolus,
1476 1904 1501 1935 ‹‹
1537 1885 1605 1938 Et
1645 1884 1709 1952 si,
1760 1886 1967 1957 inquit,
2016 1887 2194 1941 cruci-

570 1978 715 2032 ﬁxus
745 1981 827 2031 est
853 1993 924 2031 ex
954 1976 1289 2031 inﬁrmitate
1323 1976 1388 2045 (ΙΙ
1422 1980 1564 2035 Cor..
1594 1995 1708 2046 XIII,
1738 1980 1791 2044 4)
1809 1997 1823 2046 ;
1860 1999 1886 2030 ››
1913 1996 2040 2034 ecce
2071 1997 2199 2035 ven-

573 2077 681 2134 ter,
735 2070 791 2124 id
845 2076 948 2136 est,
998 2070 1185 2125 carnis
1237 2070 1541 2125 inﬁrmitas
1582 2089 1595 2125 :
1643 2094 1672 2121 «
1708 2073 1851 2127 Vivit
1893 2078 2083 2129 tamen
2128 2091 2197 2129 ex

569 2163 777 2218 virtute
826 2163 923 2218 Dei
972 2164 1189 2233 (Ibid);
1238 2186 1265 2213 ››
1304 2180 1431 2219 ecce
1472 2164 1760 2220 distinctio
1809 2166 2046 2238 sapbiri.
2094 2167 2195 2222 Sa-

570 2257 771 2329 phirus
805 2256 961 2311 enim
1008 2273 1074 2311 eo
1116 2256 1269 2327 quod
1317 2257 1442 2312 cali
1486 2259 1672 2313 sereni
1718 2260 1967 2329 speciem
2013 2268 2194 2332 gerat,

570 2367 698 2423 qua
741 2357 873 2405 sunt
908 2350 1213 2406 divinitatis
1260 2368 1433 2422 opera
1474 2352 1771 2423 signiﬁcat.
1814 2352 1954 2408 Onir
2004 2360 2197 2411 autem

566 2449 801 2517 propter
844 2444 1161 2500 castitatem
1213 2448 1270 2499 et
1320 2444 1566 2501 nitorem
1621 2449 1678 2501 et
1725 2449 2194 2519 perpetuitatem,

568 2554 793 2594 carnem
853 2538 1011 2593 illam
1064 2538 1343 2610 signiﬁcat
1390 2539 1712 2610 Salvatoris,
1761 2541 1830 2597 de
1877 2559 1992 2613 qua
2041 2543 2196 2600 idem

566 2632 866 2704 Apostolus
908 2631 1042 2688 dicit
1092 2649 1104 2686 :
1156 2655 1182 2681 ‹‹
1220 2632 1358 2697 Quia
1404 2634 1509 2689 etsi
1554 2633 1842 2691 Christum
1886 2637 2197 2693 secundum

569 2742 801 2782 carnem
851 2726 1132 2796 novimus,
1163 2726 1257 2782 sed
1302 2744 1453 2782 nunc
1493 2728 1617 2799 jam
1667 2745 1780 2783 non
1830 2730 2093 2786 novimus
2134 2732 2197 2801 (ll

571 2824 713 2881 Cor"
746 2838 797 2887 v,
831 2823 938 2891 16).
974 2843 1001 2870 ››

642 2916 727 2969 74.
786 2914 961 2984 (Vers.
1015 2918 1122 2983 l5.)
1170 2918 1282 2988 (52)
1333 2917 1508 2974 Crura
1556 2916 1707 2972 illius
1748 2920 2009 2974 columna
2058 2936 2199 2974 mar-

569 3024 775 3073 morea,
805 3009 1062 3076 fundata
1094 3024 1257 3081 super
1294 3011 1448 3065 bases
1488 3027 1705 3067 aureas.
1738 3011 2075 3083 Signiﬁcant
2103 3030 2195 3069 co-

2297 1900 2361 1938 ac
2408 1883 2728 1952 remissum,
2782 1882 2922 1937 nihil
2975 1883 3205 1950 mobile,
3252 1883 3395 1939 nihil
3438 1885 3736 1953 lubricum,
3770 1886 3884 1940 nihil

2297 1977 2449 2049 quod
2476 1976 2611 2031 vitio
2642 1977 2927 2031 sermonis
2956 1994 3021 2031 ex
3052 1994 3121 2032 ea
3150 1977 3332 2050 possit
3359 1977 3597 2034 effundi.

2370 2075 2457 2124 77.
2507 2070 2687 2141 (Vers.
2738 2071 2843 2140 16.)
2892 2091 2919 2121 α
2960 2071 3166 2126 Guttur
3213 2070 3363 2126 illius
3408 2072 3803 2143 suavissimum,
3846 2082 3888 2129 et

2299 2167 2449 2218 totus
2492 2164 2857 2219 desiderium.
2895 2164 3115 2219 Iudicia
3164 2165 3387 2220 Domini
3442 2181 3592 2234 vera,
3623 2168 3887 2239 justiﬁcata

2299 2258 2356 2311 in
2385 2256 2702 2328 semetipsa,
2731 2257 3128 2313 desiderabilia
3158 2275 3331 2330 super
3357 2276 3567 2316 aurum
3595 2266 3650 2315 et
3676 2260 3886 2334 lapidem

2297 2352 2612 2424 pretiosum
2643 2352 2890 2407 multum
2918 2353 3086 2422 (Psal.
3115 2367 3265 2421 xvni,
3313 2357 3395 2422 10,
3438 2355 3545 2423 ll).
3574 2378 3601 2404 »δ
3630 2355 3732 2425 (54)
3756 2354 3887 2419 Quod

2298 2462 2562 2502 severum
2605 2446 2664 2501 in
2702 2446 2848 2514 aliis,
2888 2446 2948 2501 in
2990 2446 3213 2502 Christo
3258 2447 3423 2502 dulce
3464 2451 3565 2516 est,
3612 2448 3668 2503 in
3704 2448 3889 2504 Christo

2298 2556 2467 2595 suave
2495 2544 2599 2607 est,
2630 2541 2766 2611 quia
2802 2539 2921 2611 ipse
2958 2540 3146 2595 suavis
3188 2546 3314 2595 est:
3351 2564 3377 2589 α
3409 2541 3662 2615 Denique
3700 2544 3887 2614 gustate

2300 2637 2359 2688 et
2384 2632 2568 2688 videte
2600 2633 2874 2705 quoniam
2910 2632 3093 2689 suavis
3122 2637 3208 2689 est
3238 2634 3521 2690 Dominus
3548 2636 3708 2707 (Psal.
3735 2652 3888 2695 χχχιιι,

2300 2730 2371 2798 9).
2404 2751 2431 2778 ››
2468 2727 2663 2782 Dulcia
2677 2727 2895 2798 judicia
2923 2727 3238 2796 confitenti,
3261 2729 3403 2800 quia.
3427 2729 3547 2802 ipse
3568 2728 3697 2785 dicit
3717 2746 3728 2784 :
3752 2750 3776 2778 ι(
3796 2728 3889 2799 Ego

2300 2837 2447 2889 sum,
2478 2837 2585 2893 ego
2612 2838 2761 2891 sum,
2790 2822 2889 2893 qui
2915 2820 3081 2876 deleo
3107 2820 3441 2893 iniquitates
3461 2827 3607 2889 tuas,
3628 2828 3683 2879 et
3706 2838 3891 2878 memor

2298 2931 2412 2971 non
2445 2930 2541 2969 ero
2570 2931 2583 2968 :
2628 2918 2687 2969 tu
2715 2920 2908 2970 autem
2937 2931 3166 2971 memor
3195 2921 3339 2983 esto,
3370 2920 3431 2971 ct
3457 2916 3787 2987 judicemur.
3813 2915 3889 2971 Dic

2299 3007 2627 3081 iniquitates
2657 3013 2799 3079 tuas,
2829 3014 2890 3064 ut
2907 3009 3242 3081 justiﬁceris
3270 3010 3425 3080 (Isa.,
3455 3027 3604 3079 mn,
3630 3014 3716 3077 25,
3743 3010 3841 3081 26).
3868 3032 3885 3057 υ

570 3103 793 3158 lumnas
830 3119 953 3157 esse
990 3102 1254 3158 Ecclesia
1301 3104 1622 3174 Apostolos,
1662 3105 1759 3176 qui
1802 3105 2024 3161 fundati
2068 3112 2275 3204 suntC
2306 3102 2495 3157 Dulcia
2514 3101 2734 3173 judicia
2759 3102 2953 3174 agenti
2987 3102 3411 3175 paenitentiam,
3433 3104 3565 3177 quia
3590 3104 3703 3177 ipse
3730 3103 3887 3160 dixit:

570 3196 627 3251 in
653 3196 860 3251 timore
891 3198 1103 3251 sancto.
1144 3196 1284 3251 Nam
1316 3195 1460 3251 sicut
1492 3199 1707 3266 Petrus,
1734 3200 1990 3267 Jacobus,
2019 3203 2196 3257 Joan-

571 3305 670 3343 nes
698 3295 754 3344 et
782 3288 1066 3343 Barnabas
1096 3290 1378 3345 columna
1398 3306 1520 3345 esse
1550 3290 1891 3347 videbantur
1918 3294 2195 3360 Ecclesia,

568 3383 646 3437 sic
677 3384 736 3437 et
763 3381 1088 3455 quicunque
1124 3382 1319 3439 vicerit
1356 3372 1464 3439 hoc
1498 3386 1792 3453 saculum,
1832 3387 1897 3441 tit
1931 3388 2199 3443 columna

571 3475 686 3543 Dei,
731 3491 906 3549 quam
946 3476 1247 3532 conﬁrmat
1286 3478 1384 3550 qui
1421 3477 1559 3533 dicit
1597 3496 1610 3533 :
1654 3500 1681 3528 ‹‹
1711 3480 1828 3550 Ego
1867 3480 2198 3536 conﬁrmavi

569 3570 857 3625 columnas
884 3570 1005 3641 ejus
1031 3572 1198 3637 (Psal.
1241 3587 1419 3641 Lxxiv,
1461 3573 1536 3640 4).
1572 3595 1597 3620 ο)
1629 3574 1710 3628 lta
1747 3579 1804 3628 et
1838 3573 1990 3629 basis
2026 3592 2199 3630 aurea

568 3664 740 3721 timor
765 3664 966 3736 plenus
992 3664 1325 3737 disciplina,
1358 3665 1489 3738 quia
1516 3666 1745 3722 initium
1771 3668 2065 3738 sapientia
2092 3675 2194 3724 est.

572 3760 626 3812 In
672 3758 879 3814 timore
933 3774 1070 3829 ergo
1120 3759 1466 3831 sapientium
1510 3760 1816 3831 apostolica
1869 3761 2198 3833 pradicatio

570 3858 840 3923 tanquam
886 3868 1057 3924 super
1099 3852 1285 3907 basim
1332 3869 1572 3908 auream
1621 3852 1890 3909 columna
1937 3855 2200 3911 ﬁrmatur

567 3945 793 4001 Christi.
828 3944 1003 4016 Igitur
1029 3944 1258 4017 eloquio
1296 3948 1355 4000 et
1387 3946 1695 4018 apostolico
1731 3949 1982 4003 sermoni
2019 3948 2194 4004 tribu-

572 4039 664 4094 nal
692 4043 777 4094 est
801 4039 977 4094 timor
997 4037 1156 4108 justi,
1185 4045 1241 4093 et
1266 4039 1415 4093 basis
1441 4056 1615 4094 aurea
1645 4040 1818 4112 plena
1844 4041 2195 4113 prudentia;

522 4112 531 4121 f
566 4133 931 4188 simulacrum
960 4138 1151 4188 autem
1188 4132 1401 4188 bonum
1440 4140 1712 4205 tanquam
1742 4134 1959 4206 efﬁgies
1987 4136 2192 4191 verita-

569 4227 659 4291 tis,
693 4242 878 4282 sermo
905 4230 1252 4282 sanctorum.

642 4324 730 4375 75.
763 4322 829 4376 Et
858 4321 986 4376 vide
1029 4325 1306 4393 tanquam
1338 4322 1519 4378 basim
1558 4339 1793 4378 auream
1824 4340 1943 4378 esse
1974 4327 2195 4378 sancto-

570 4431 695 4469 rum
727 4414 1023 4471 timorem.
1058 4416 1207 4487 Lege
1246 4416 1473 4484 Isaiam,
1511 4416 1640 4472 vide
1684 4418 1914 4489 quantis
1939 4418 2195 4489 subjece-

2306 3215 2336 3245 ‹‹
2372 3194 2655 3251 Gaudium
2691 3197 2800 3251 erit
2835 3212 3010 3267 super
3049 3214 3163 3252 uno
3200 3202 3504 3268 peccatore
3533 3198 3889 3271 paenitentiam

2301 3295 2528 3360 agente,
2568 3306 2741 3361 quam
2785 3291 2846 3345 in
2893 3290 3213 3361 nonaginta
3258 3297 3316 3346 et
3357 3308 3567 3347 novem
3603 3292 3777 3364 justis,
3813 3290 3892 3362 qui

2301 3399 2419 3438 non
2455 3383 2714 3454 indigent
2754 3383 3088 3454 panitentia
3114 3385 3281 3454 (Luc.,
3322 3402 3418 3453 xv,
3467 3388 3543 3454 7).
3575 3409 3602 3437 ››
3640 3386 3694 3442 Si
3738 3384 3891 3440 dulcia

2301 3484 2436 3533 sunt
2464 3477 2640 3550 igitur
2655 3477 2873 3549 judicia
2906 3477 3154 3548 Domini,
3184 3480 3479 3535 suavitatis
3505 3477 3555 3553 1
3572 3478 3752 3554 604
3775 3478 3891 3534 fruc-

2300 3575 2391 3625 tus
2437 3571 2734 3643 percipere
2782 3570 3159 3627 elaboremus.
3205 3572 3297 3627 Vis
3338 3573 3486 3629 scire
3529 3591 3699 3647 quam
3740 3570 3890 3628 dulcia

2292 3664 2510 3737 judicia
2536 3664 2803 3721 Domini?
2834 3688 2861 3715 ‹‹
2894 3665 2999 3730 Qui
3031 3665 3212 3722 credit
3241 3666 3301 3721 in
3322 3666 3470 3738 ipso,
3501 3684 3613 3735 non
3641 3666 3890 3739 judicatur

2299 3758 2505 3829 (Joan.,
2544 3775 2621 3826 ιιι,
2664 3760 2772 3830 18).
2810 3781 2837 3809 ››
2867 3759 3063 3814 Dulcia
3101 3775 3242 3832 ergo
3270 3759 3489 3832 judicia
3534 3758 3888 3823 credentibus;

2299 3853 2396 3924 qui
2421 3858 2613 3908 autem
2639 3868 2756 3907 non
2788 3852 3047 3920 credunt,
3078 3869 3192 3909 non
3212 3853 3647 3926 Christijudicio
3672 3850 3890 3910 damnati

2300 3949 2451 4015 sunt,
2484 3946 2581 4018 qui
2607 3946 2764 4002 venit
2790 3963 2905 4001 non
2935 3950 2997 4001 ut
3009 3945 3234 4019 judicet
3261 3948 3567 4018 mundum,
3597 3947 3694 4003 sed
3721 3950 3775 4001 ut
3800 3944 3889 3998 sal-

2299 4044 2392 4096 vet
2412 4045 2470 4095 et
2495 4040 2760 4107 redimat,
2787 4040 2887 4095 sed
2913 4040 3225 4112 impietatis
3247 4058 3363 4096 sua
3390 4041 3615 4098 subiere
3628 4039 3888 4113 judicium.

2298 4135 2396 4206 qui
2421 4134 2478 4189 in
2507 4133 2901 4189 remissionem
2934 4139 3295 4205 peccatorum
3325 4134 3565 4191 credere
3595 4134 3888 4191 noluerunt.

2299 4229 2422 4284 Non
2462 4227 2613 4282 enim
2662 4232 2898 4298 possunt
2945 4226 3017 4282 ad
3062 4227 3185 4299 ejus
3223 4227 3516 4299 pertinere
3563 4224 3888 4287 beneﬁcium,

2300 4337 2469 4393 quem
2500 4336 2841 4392 cognoscere
2868 4321 3212 4376 refutarunt.
3242 4321 3391 4393 Ergo
3419 4321 3517 4393 qui
3540 4337 3653 4377 non
3676 4316 3889 4375 credide-

2299 4419 2435 4470 runt
2454 4415 2514 4470 in
2536 4430 2688 4482 eum,
2708 4414 2925 4485 judicio
2944 4414 3069 4485 ejus
3090 4414 3359 4469 videntur
3379 4414 3624 4488 indigni.
3641 4410 3885 4470 Iudicium

570 4510 643 4565 rit
666 4509 951 4580 timorem,
984 4514 1045 4565 ut
1068 4510 1867 4582 faceretirreprehensibilem
1897 4515 1953 4566 et
1978 4498 2452 4570 bonumDenim
2497 4508 2619 4580 ejus
2658 4508 2798 4580 quid
2840 4507 2932 4577 sit,
2975 4524 3243 4579 agnosce,
3283 4508 3512 4564 dicente
3557 4509 3712 4580 ipso:
3753 4530 3775 4552 α
3801 4504 3888 4557 Hoc

571 4603 838 4658 timorem
869 4620 883 4657 :
918 4625 947 4652 «
976 4603 1241 4675 Spiritus,
1272 4604 1482 4675 inquit,
1516 4604 1810 4676 sapientia
1842 4610 1899 4659 et
1932 4604 2191 4660 intellec-

564 4700 677 4761 tus,
705 4695 937 4767 spiritus
972 4695 1193 4751 consilii
1231 4700 1403 4769 atque
1439 4697 1680 4764 virtutis,
1724 4697 1957 4770 spiritus
1995 4698 2192 4771 cogni-

567 4787 735 4843 tionis
762 4794 930 4859 atque
968 4789 1212 4860 pietatis,
1245 4789 1479 4861 spiritus
1520 4790 1740 4845 timoris
1784 4790 2009 4846 Domini
2037 4791 2192 4862 (Isu.,

568 4900 638 4949 x1,
672 4885 755 4953 2);
788 4903 815 4933 ››
846 4883 1073 4954 quantis
1099 4882 1363 4938 timorem
1395 4883 1657 4956 subjecit,
1688 4890 1749 4939 ut
1776 4884 2015 4941 haberet
2044 4884 2193 4955 quod

566 4977 723 5049 sequi
775 4977 980 5048 possit!
1023 4977 1367 5032 lnformatur
1415 4994 1517 5049 per
1563 4978 1917 5049 sapientiam,
1962 4978 2190 5033 instrui-

568 5078 659 5126 tur
698 5087 799 5143 per
837 5070 1207 5139 intellectum,
1249 5071 1490 5126 concilio
1520 5071 1806 5143 dirigitur,
1848 5072 2055 5128 virtute
2093 5074 2190 5127 fir-

566 5168 772 5233 matur,
805 5164 1133 5237 cognitione
1166 5164 1403 5237 regitur,
1436 5165 1644 5237 pietate
1681 5166 2005 5222 decoratur.
2039 5166 2191 5221 'I‘olle

562 5259 748 5314 timori
790 5258 1012 5315 Domini
1042 5259 1171 5325 ista,
1201 5261 1260 5313 et
1289 5262 1376 5314 est
1405 5259 1808 5314 irrationabilis
1836 5265 1891 5315 et
1916 5260 2191 5330 insipiens

565 5355 752 5421 timor,
786 5370 933 5408 unus
978 5370 1042 5408 ex
1075 5353 1184 5408 illis
1213 5371 1225 5407 :
1264 5374 1290 5402 ‹‹
1327 5354 1477 5408 Foris
1517 5369 1749 5425 pugna,
1780 5353 1931 5408 intus
1962 5355 2192 5408 timores

565 5448 625 5503 ill
660 5447 804 5511 Cor.,
835 5464 926 5516 vn,
960 5450 1045 5517 5);
1079 5469 1106 5497 ››
1143 5446 1349 5519 quibus
1386 5446 1633 5503 afﬂictus
1675 5452 1824 5502 esset
1862 5450 1917 5502 et
1960 5448 2188 5511 Paulus,

562 5541 671 5593 nisi
697 5540 985 5595 habuisset
1020 5541 1326 5596 Dominum
1354 5540 1761 5597 consolantem.

628 5670 721 5731 (51)
759 5672 875 5722 Lib.
904 5671 968 5723 de
991 5676 1365 5726 Incarnationo
1388 5675 1620 5727 Domini.

627 5741 723 5799 (52)
752 5740 813 5788 In
838 5741 970 5803 psal.
1003 5755 1200 5806 cxvni,
1232 5758 1395 5797 serm.
1421 5747 1471 5808 5,
1499 5760 1654 5796 num.
1686 5749 1763 5796 38.

630 5808 726 5868 (53)
752 5808 809 5855 In
840 5810 973 5871 psal.
1009 5823 1201 5873 cxvul,
1231 5828 1394 5868 serm.
1426 5820 1475 5879 4,
1503 5831 1657 5868 num.
1687 5817 1763 5869 3t.
1860 5848 1863 5849 ν

2297 4606 2486 4659 autem
2517 4602 2799 4674 judicium
2837 4605 2945 4670 est,
2986 4618 3099 4673 qua
3133 4602 3230 4657 lux
3270 4602 3427 4657 venit
3464 4603 3524 4657 in
3562 4603 3708 4657 hunc
3745 4613 3886 4653 mun-

2298 4696 2437 4752 dum
2459 4696 2640 4765 (lbid.,
2665 4698 2769 4765 19).
2798 4717 2825 4745 ››
2858 4695 3030 4751 Dulce
3053 4712 3211 4767 ergo,
3237 4696 3392 4768 quod
3421 4697 3517 4751 lux
3537 4702 3637 4764 est,
3660 4692 3807 4750 dulce
3817 4691 3889 4761 ju-

2298 4790 2529 4858 dicium,
2552 4790 2703 4862 quod
2729 4789 2995 4862 pracedit
3021 4788 3446 4857 misericordia;
3469 4790 3547 4845 sic
3573 4787 3720 4845 enim
3740 4784 3884 4854 scrip-

2297 4890 2419 4940 tum
2437 4887 2522 4939 est
2542 4902 2554 4939 :
2580 4907 2607 4933 ‹‹
2622 4883 3061 4939 Misericordiam
3077 4883 3426 4955 etjudicium
3444 4882 3677 4939 cantabo
3690 4880 3795 4944 tibi,
3808 4879 3885 4932 Do.

2297 4978 2451 5034 mine
2464 4980 2629 5046 (Psal.
2646 4995 2692 5045 c,
2716 4979 2789 5047 1).
2802 4999 2829 5028 ››
2853 4978 3023 5033 Dulce
3039 4975 3211 5032 etiam
3225 4982 3425 5049 guttur
3438 4975 3880 5032 etsuavissimum;

2294 5072 2448 5128 unde
2472 5073 2594 5128 hac
2624 5070 3009 5126 misericordia
3040 5071 3311 5143 pracedit
3330 5076 3386 5126 et
3407 5068 3805 5142 hocjudicium.

2364 5170 2452 5221 78.
2485 5166 2661 5235 (Vers.
2699 5167 2801 5235 16.)
2841 5186 2869 5213 (ι
2901 5165 2967 5219 Et
3004 5167 3156 5219 totus
3198 5163 3591 5219 desiderabilis
3619 5161 3737 5233 (55).
3766 5160 3874 5229 Spe-

2293 5262 2477 5315 ciosus
2518 5260 2702 5315 forma
2745 5275 2860 5331 pra
2898 5258 3029 5313 ﬁliis
3071 5257 3370 5313 hominum
3407 5257 3567 5327 (Psal.
3600 5270 3733 5319 xLiv,
3767 5252 3826 5319 3).
3856 5270 3874 5291 ιι

2295 5356 2472 5409 llomo
2492 5354 2703 5425 quippe
2722 5357 2845 5407 erat
2866 5351 3180 5407 secundum
3199 5367 3451 5419 carnem,
3467 5350 3562 5407 sed
3581 5348 3718 5404 ultra
3733 5338 3874 5400 bomi~

2295 5463 2450 5517 nem,
2466 5446 2780 5502 secundum
2807 5446 3059 5500 divinam
3083 5444 3499 5517 operationem.
3519 5441 3751 5512 Denique
3766 5448 3870 5490 cum

2294 5542 2583 5613 leprosum
2608 5545 2891 5611 tangeret,
2916 5539 3092 5594 homo
3112 5537 3431 5606 videbatur,
3448 5537 3541 5593 sed
3564 5535 3701 5591 ultra
3720 5524 3871 5586 homi-

2357 5676 2453 5736 (54)
2474 5675 2535 5724 In
2567 5673 2699 5737 psal.
2730 5684 2931 5732 cxvni,
2956 5684 3120 5723 serm.
3148 5672 3201 5732 5,
3227 5684 3380 5722 num.
3409 5670 3485 5720 43.

2357 5746 2448 5803 (55)
2481 5746 2652 5809 Epist.
2680 5745 2744 5795 46
2766 5744 2838 5795 ad
2863 5742 3140 5801 Sabinum,
3170 5756 3323 5794 num.
3350 5742 3397 5791 7.
