4072 6192
256 302 427 358 ΞΗΙΠ,
1282 304 1323 356 Ε
1365 284 1672 358 SCHll‘TIS
1812 288 1877 356 At

1984 302 2127 356 {USll
2169 304 2575 380 mittentes.
3491 308 3632 362 ξοδδ

253 438 421 487 nem,
474 439 607 477 cum
659 424 1022 501 cmundarct.
1085 426 1151 479 Et
1199 442 1331 479 cum
1386 429 1657 491 Lazarum
1720 424 2308 509 tleretAdiscipulos.
2367 428 2585 497 Moyses
2643 445 2746 498 per
2800 427 3089 482 desertum
3146 429 3301 484 duxit
3355 430 3629 502 populum

252 518 567 583 mortuum,
611 517 769 588 quasi
807 518 979 573 homo
1018 518 1205 587 tlebat,
1250 519 1351 574 sed
1388 537 1562 592 supra
1592 520 1882 575 hominem
1983 518 2328 588 Judaaorum,
2372 521 2625 577 Christus
2672 537 2772 593 per
2819 521 3103 577 seminata
3148 522 3323 590 ducit,
3369 523 3623 578 Christus

253 613 397 675 erat,
445 626 576 665 cum
628 616 919 666 mortuum
970 612 1172 667 vinctis
1213 612 1376 683 jubet
1420 613 1665 683 pedibus
1708 614 1879 668 exire.
1985 628 2089 683 per
2120 613 2238 668 lilia
2272 614 2454 682 ducit;
2488 615 2626 686 quia
2659 631 2764 686 per
2809 606 3129 686 passiOnem
3173 616 3295 686 ejus
3335 616 3621 672 desertum

252 703 433 758 Homo
473 704 769 759 videbatur
808 722 935 759 cum
977 706 1257 778 penderet
1300 707 1358 761 in
1409 724 1606 776 cruce;
1649 707 1743 762 sed
1786 724 1880 761 su-
1984 706 2154 761 ﬂoret
2192 713 2251 761 ut
2280 707 2483 763 lilium.
2518 709 2841 780 Sequemur
2880 725 3042 781 ergo,
3079 712 3140 764 ut
3167 709 3226 764 in
3270 709 3360 764 die
3389 710 3621 765 Sabbati

254 813 359 867 pra
397 798 691 854 hominem
736 816 865 854 cum
909 800 1171 855 reseratis
1211 801 1467 868 tumulis,
1506 805 1765 856 mortuos
1793 819 1881 856 re-
1985 798 2137 855 illius
2185 802 2402 873 magni,
2449 800 2504 855 in
2552 818 2666 872 quo
2720 802 2952 873 requies
2995 818 3205 874 magna
3254 805 3360 870 est,
3408 804 3624 857 fructus

251 892 570 947 suscitaret.
606 895 714 948 Nec
754 892 862 948 sibi
900 893 1301 949 adblandiatur
1333 894 1482 949 virus
1526 895 1883 966 Apollinaris,
1986 894 2344 966 colligamus.
2384 896 2493 950 Nec
2536 894 2774 951 verearis
2818 910 2889 951 ne
2933 896 3200 950 Pharisaei
3239 902 3508 951 accusent
3547 913 3629 951 se-

253 986 406 1056 quod
445 985 519 1039 ita
559 986 773 1059 legitur
815 1006 827 1041 :
877 1010 905 1035 ‹‹
944 989 1012 1042 Et
1058 988 1245 1060 specie
1294 989 1564 1043 inventus
1609 994 1674 1044 ut
1715 989 1885 1044 homo
1986 988 2204 1042 minata
2269 988 2637 1060 colligentes;
2693 989 2797 1044 etsi
2864 988 2943 1043 illi
3013 995 3311 1058 accusant,
3371 989 3625 1047 Christus

256 1081 538 1150 (Philipp.,
578 1098 633 1147 ιι,
666 1081 755 1151 7);
794 1105 819 1131 ››
854 1098 970 1137 non
1008 1082 1164 1137 enim
1203 1090 1447 1154 negatus
1483 1088 1567 1138 est
1599 1084 1774 1138 homo
1801 1085 1886 1137 Je-
1988 1084 2235 1148 excusat,
2279 1088 2336 1137 et
2380 1082 2597 1137 similes
2639 1083 2776 1138 facit
2817 1100 2957 1154 quas
3003 1083 3121 1138 vult
3163 1084 3382 1138 animas
3428 1100 3485 1138 se
3535 1101 3622 1138 se-

252 1190 369 1239 sus,
402 1191 532 1229 eum
560 1174 696 1230 alibi
724 1175 846 1247 ipse
874 1176 1079 1231 Paulus
1122 1176 1193 1231 de
1229 1194 1296 1231 eo
1325 1176 1478 1232 dicat
1509 1200 1517 1229 :
1559 1200 1585 1227 ‹‹
1616 1177 1887 1232 Mediator
1986 1180 2229 1245 quentes
2265 1176 2439 1231 David
2468 1176 2648 1244 illius,
2677 1177 2776 1248 qui
2815 1193 2987 1248 supra
3024 1177 3216 1249 legem
3252 1194 3457 1249 panem
3498 1195 3625 1249 pro-

252 1268 353 1322 Dei
396 1272 453 1322 et
494 1269 792 1325 hominum
840 1270 1011 1325 homo
1057 1270 1314 1326 Christus
1354 1272 1512 1326 Jesus
1552 1271 1594 1342 (l
1633 1274 1791 1334 Tim.,
1825 1288 1883 1338 ιι,
1991 1268 2287 1339 positionis
2341 1270 2749 1333 manducabat,
2805 1287 2965 1325 novae
3018 1271 3218 1341 gratiae
3274 1277 3625 1340 sacramenta

255 1364 338 1429 5);
370 1384 397 1411 »
428 1362 529 1417 sed
559 1363 927 1420 conﬁrmatus
955 1370 1058 1419 est.
1092 1364 1151 1420 ld
1176 1365 1329 1420 enim
1358 1370 1442 1419 est
1469 1382 1601 1420 usus
1630 1370 1687 1420 et
1714 1366 1888 1420 moris
1991 1363 2325 1435 prophetica
2348 1364 2468 1433 jam
2501 1369 2620 1418 tum
2648 1370 2839 1419 mente
2870 1364 3216 1435 concipiens.

251 1454 561 1527 Scripturas
588 1456 669 1512 sic
698 1456 1043 1529 significare,
1072 1459 1218 1513 sicut
1243 1462 1300 1514 et
1324 1459 1382 1514 in
1409 1460 1715 1530 Evangelio
1740 1459 1882 1531 legi-
2061 1460 2111 1510 2.
2167 1458 2341 1527 (Vers.
2391 1458 2468 1527 2.)
2517 1460 2627 1527 Ego
2676 1458 2871 1512 dilecta
2924 1474 3057 1520 meo,
3101 1465 3151 1513 et
3203 1459 3427 1513 dilectus
3482 1476 3627 1515 meus

249 1564 381 1603 mus
425 1568 437 1603 :
490 1571 517 1598 ‹‹
564 1551 632 1605 Et
675 1550 919 1607 vidimus
961 1552 1201 1623 gloriam
1245 1553 1387 1625 ejus,
1439 1553 1679 1624 gloriam
1728 1553 1887 1625 quasi
1991 1552 2139 1611 mihi,
2184 1553 2282 1620 qui
2315 1553 2570 1621 pascitur
2609 1553 2756 1605 inter
2799 1549 3053 1624 1605
3097 1552 3235 1605 lilia.
3280 1553 3384 1623 (58)
3426 1553 3625 1608 Facilis

250 1644 540 1716 unigeniti
566 1662 599 1698 a
634 1647 798 1700 Patre
840 1647 1041 1715 (Joan.,
1070 1664 1108 1712 ι,
1145 1648 1253 1717 th).
1288 1670 1315 1697 ››
1354 1646 1508 1703 Sicut
1547 1664 1684 1719 ergo
1724 1647 1885 1719 quasi
1990 1662 2091 1697 \‘nx
2131 1650 2185 1698 ct
2216 1644 2541 1699 communis
2576 1644 2814 1714 videtur,
2848 1646 2943 1700 sed
2985 1662 3297 1717 paucorum
3339 1652 3443 1701 est.
3477 1646 3626 1703 Satis

249 1737 586 1809 unigenitns
617 1738 844 1809 dicitur,
874 1746 930 1795 et
970 1757 1083 1795 non
1119 1740 1390 1796 abnuitur
1432 1741 1761 1813 nnigenitus
1788 1741 1885 1796 Dei
1910 1806 1953 1813 _
1994 1756 2153 1792 rarus
2183 1744 2267 1791 est
2301 1739 2455 1793 enim
2486 1738 2583 1809 qui
2624 1743 2807 1810 potest
2847 1739 3032 1794 dicere
3067 1756 3078 1793 :
3110 1742 3222 1807 Ego
3259 1740 3453 1795 dilecto
3488 1756 3622 1803 meo,

254 1806 447 1898 Filius,
477 1832 555 1887 ita
589 1836 645 1888 et
671 1806 845 1888 homo
873 1833 1100 1900 dicitur,
1126 1839 1182 1889 et
1208 1834 1483 1905 perfectio
1520 1806 1694 1889 finisse
1729 1835 1787 1889 in
1816 1851 1885 1889 eo
1909 1806 1963 1878 Β
1989 1839 2036 1887 cl
2080 1832 2304 1887 dilectas
2342 1806 2671 1887 meus—mihi.
2705 1832 2855 1896 Quid
2895 1836 2980 1886 est
3015 1806 3200 1887 dicere
3230 1850 3243 1887 :
3270 1834 3423 1888 Tuus
3458 1835 3626 1889 sum?

250 1925 503 1981 hominis
537 1943 650 1981 non
681 1931 945 1998 negatur.
1988 1925 2083 1981 ille
2115 1926 2267 1981 enim
2307 1926 2442 1981 dicit
2482 1926 2579 1998 qui
2619 1927 2872 1981 adhzeret
2907 1928 3021 1981 Deo
3063 1928 3193 1981 totis
3222 1927 3499 1996 sensibus,
3527 1929 3625 2001 qui

322 2022 410 2074 79.
449 2021 584 2074 Cum
632 2024 776 2077 esset
805 2021 982 2092 igitur
1020 2022 1077 2076 in
1117 2022 1306 2078 forma
1347 2022 1513 2090 servi,
1548 2023 1887 2078 humiliatus
1990 2019 2143 2074 aliud
2175 2020 2423 2092 cogitare
2461 2037 2573 2074 non
2622 2020 2800 2087 novit,
2841 2020 2932 2075 ille
2976 2021 3084 2077 hac
3121 2037 3258 2076 voce
3297 2021 3492 2087 utitur,
3526 2023 3625 2093 qui

246 2130 429 2185 usque
471 2114 543 2168 ad
589 2118 853 2181 mortem,
883 2121 1003 2170 erat
1043 2118 1239 2170 tamen
1270 2116 1329 2170 in
1370 2116 1465 2171 Dei
1508 2117 1707 2186 gloria.
1740 2117 1884 2181 Quid
1990 2117 2173 2185 potest
2212 2114 2401 2169 dicere
2443 2114 2681 2169 Domino
2712 2132 2724 2168 ε
2758 2135 2785 2163 ‹‹
2816 2113 3061 2170 Ostende
3089 2114 3251 2170 nobis
3289 2116 3537 2183 Patrem,
3568 2119 3627 2170 et

246 2207 303 2263 ei
336 2207 511 2277 igitur
544 2206 723 2262 obfuit
764 2209 1047 2264 servitus?
1072 2209 1278 2265 Servus
1304 2216 1499 2265 autem
1534 2210 1712 2265 factus
1742 2210 1882 2281 legi-
1988 2208 2197 2264 sufﬁcit
2238 2207 2398 2262 nobis
2436 2211 2639 2273 (Joau.,
2672 2224 2779 2274 xw,
2826 2208 2904 2277 8).
2944 2231 2969 2257 ››
3010 2209 3298 2280 Numquid
3338 2208 3446 2264 hac
3490 2226 3623 2265 voce

249 2304 362 2368 tur,
405 2301 539 2371 quia
578 2301 791 2372 legitur
832 2302 1011 2357 factus
1053 2319 1122 2358 ex
1166 2303 1406 2373 virgine,
1452 2307 1510 2357 et
1557 2310 1781 2359 creatus
1826 2305 1882 2357 in
1987 2301 2169 2355 utitur
2206 2301 2402 2355 avidus
2446 2302 2722 2372 pecuniae,
2766 2301 3018 2368 honoris,
3066 2303 3398 2373 potestatis?
3440 2303 3624 2358 Multis

247 2410 451 2461 carne;
495 2395 681 2450 omnis
724 2394 879 2450 enim
932 2402 1185 2451 creatura
1237 2397 1425 2462 servit,
1478 2398 1699 2452 dicente
1754 2416 1880 2468 pro-
1985 2411 2102 2450 non
2132 2401 2214 2449 est
2243 2394 2373 2449 satis
2405 2396 2586 2450 Deum
2614 2395 2778 2461 scire,
2812 2400 2867 2449 et
2894 2395 3125 2465 quidem
3158 2395 3431 2466 pluribus.
3456 2397 3624 2452 Tanti

243 2488 419 2559 pheta
452 2505 466 2542 :
511 2512 536 2536 ιι
576 2488 717 2552 Quia
758 2488 1020 2544 universa
1063 2490 1319 2544 serviunt
1358 2490 1457 2544 tibi
1496 2492 1671 2559 (Psal:
1700 2508 1881 2557 cxvui,
1982 2487 2201 2559 populi,
2248 2493 2419 2543 tantze
2467 2488 2747 2554 nationes,
2794 2488 2934 2542 tanti
2985 2488 3183 2543 divites
3224 2493 3621 2560 paupertatem

247 2581 322 2641 9).
355 2608 380 2629 υ
410 2582 535 2636 Haec
562 2588 643 2636 est
670 2582 872 2639 Christi
901 2582 1103 2654 gloria,
1127 2583 1260 2655 quia
1285 2584 1615 2639 servitutem
1642 2585 1884 2656 suscepit
1983 2585 2188 2652 putant
2233 2583 2471 2636 Domino
2521 2582 2764 2648 servire;
2813 2586 2867 2637 et
2911 2582 3008 2653 qui
3056 2598 3225 2653 supra
3270 2598 3471 2637 omnes
3514 2589 3620 2650 est,

246 2675 302 2728 in
347 2691 590 2746 corpore
630 2692 756 2743 suo,
798 2681 858 2732 ut
896 2676 1222 2732 libertatem
1265 2677 1530 2733 omnibus
1570 2678 1876 2732 redderet:
1985 2674 2095 2729 illis
2139 2676 2380 2747 exiguus
2427 2680 2485 2730 et
2532 2681 2807 2745 angustus
2858 2678 2972 2743 est;
3027 2675 3134 2729 illis
3186 2692 3301 2730 non
3349 2681 3437 2730 est
3488 2676 3623 2731 satis

245 2775 474 2840 peccata
504 2773 699 2823 nostra
740 2770 1005 2840 portavit,
1042 2775 1101 2825 ut
1134 2770 1333 2825 mundi
1376 2774 1674 2841 peccatum
1720 2772 1877 2825 tolle-
1985 2768 2078 2823 Dei
2113 2769 2300 2838 Filius,
2331 2769 2389 2822 in
2418 2785 2530 2839 quo
2559 2772 2695 2823 sunt
2719 2768 2938 2823 omnia.
2969 2768 3227 2839 Denique
3254 2769 3350 2823 ille
3379 2769 3529 2824 dives
3561 2769 3618 2824 in

247 2871 328 2916 ret
356 2879 370 2916 :
400 2879 614 2929 servus,
642 2869 960 2933 peccatum,
994 2863 1359 2919 maledictum
1389 2865 1568 2919 factus
1599 2866 1702 2933 est,
1736 2872 1795 2918 ut
1823 2871 1883 2919 tu
1985 2861 2275 2932 evangelio
2316 2862 2406 2916 cui
2449 2862 2663 2916 dictum
2695 2864 2781 2916 est
2820 2878 2833 2913 :
2876 2882 2902 2909 ‹‹
2943 2860 2999 2916 Si
3036 2861 3115 2915 vis
3158 2862 3437 2932 perfectus
3477 2879 3616 2929 esse,

243 2956 464 3027 peccati
494 2973 687 3010 servus
729 2973 851 3011 esse
891 2956 1213 3022 desisteres,
1248 2962 1304 3013 te
1338 2957 1546 3012 divinae
1581 2959 1881 3013 sententize
1986 2954 2167 3010 vende
2206 2956 2403 3011 omnia
2439 2972 2568 3028 quae
2595 2955 2791 3024 habes,
2826 2958 2884 3010 et
2909 2954 2982 3010 da
3009 2954 3353 3027 pauperibus
3382 2957 3619 3019 (Matth,

246 3049 545 3105 maledicto
589 3049 928 3106 absolveret.
975 3051 1068 3107 Ille
1109 3068 1247 3122 ergo
1289 3052 1648 3107 maledictum
1693 3069 1877 3107 suscc-
1980 3049 2277 3122 Xlx,2l);»
2303 3050 2482 3104 Deum
2505 3049 2611 3104 sibi
2632 3066 2747 3105 non
2767 3049 3028 3105 sufﬁcere
3041 3049 3339 3121 judicavit.
3366 3050 3616 3122 Denique

243 3144 327 3214 pit
355 3146 520 3197 tuum
551 3161 565 3197 :
599 3167 623 3191 ιι
658 3143 984 3199 Maledictus
1011 3144 1208 3215 (enim)
1238 3145 1422 3199 omnis
1453 3145 1551 3217 qui
1582 3147 1793 3217 pendet
1821 3146 1879 3201 in
1902 3173 1956 3245 Ο
1984 3149 2041 3197 ct
2079 3143 2443 3198 contristatus
2483 3147 2587 3212 est,
2625 3144 2786 3216 quasi
2828 3144 2979 3216 quod
3016 3143 3195 3215 pluris
3235 3146 3402 3212 esset,
3440 3144 3613 3201 relin-

240 3238 403 3308 ligno
447 3238 647 3307 (Deut,
680 3254 790 3303 xxi,
833 3240 951 3307 :23);
999 3262 1023 3286 ››

241 3332 426 3386 factus
462 3337 566 3398 est,
598 3337 659 3387 ut
684 3337 743 3385 tu
771 3331 1105 3386 benedictus
1137 3348 1287 3387 esses
1319 3333 1378 3387 in
1413 3332 1506 3387 Dei
1546 3349 1756 3404 regno;
1786 3333 1879 3388 ille

241 3425 661 3479 dehonestatus
705 3429 763 3479 et
801 3424 1145 3495 depretiatus
1187 3430 1289 3493 est,
1327 3442 1429 3480 nec
1468 3425 1682 3497 aliquid
1727 3426 1877 3482 aesti-

242 3523 462 3587 matus;
502 3518 595 3573 ille
638 3517 866 3573 dicebat
907 3535 919 3572 :
961 3539 987 3568 ι(
1032 3519 1092 3572 1ιι
1136 3534 1373 3573 vacuum
1416 3519 1668 3575 laboravi
1709 3521 1876 3591 (Psal.

242 3629 413 3680 Lxxn,
446 3614 554 3681 l3),
588 3635 614 3660 ››
641 3629 745 3685 per
779 3629 950 3684 quem
987 3612 1195 3668 meruit
1231 3613 1432 3669 Paulus
1466 3614 1673 3682 dicere,
1703 3635 1728 3661 ‹‹
1757 3614 1878 3668 Νοιι

240 3707 297 3760 in
329 3722 572 3761 vacuum
604 3706 857 3761 laboravi
887 3707 1166 3778 (Philipp.,
1198 3724 1255 3774 ιι,
1289 3708 1372 3777 16)
1390 3725 1406 3776 ;
1439 3729 1466 3757 ››
1499 3714 1559 3762 ιιι
1587 3707 1724 3762 boni
1755 3724 1881 3778 ope-

242 3799 318 3854 ris
358 3801 632 3868 fructum,
674 3805 730 3855 et
778 3800 1119 3872 evangelica:
1165 3801 1588 3872 praedicationis
1638 3800 1878 3872 gloriam

240 3893 358 3948 suis
401 3892 688 3948 conferret
726 3893 985 3959 servulis,
1018 3909 1123 3964 per
1162 3910 1333 3966 quam
1377 3894 1626 3950 universi
1660 3894 1879 3973 sarcina

236 3986 451 4052 laboris
480 3987 930 4042 absolverentur.

307 4083 400 4135 80.
450 4080 632 4147 (Vers.
690 4080 798 4151 t7.)
855 4080 964 4150 (56)
1018 4082 1164 4137 Talis
1210 4087 1287 4137 est
1339 4082 1564 4137 dilectus
1612 4097 1777 4145 meus,
1829 4089 1879 4137 et

236 4175 443 4228 amicus
470 4188 636 4236 meus,
666 4174 797 4243 [ilia
819 4175 1134 4230 Jerusalem.
1166 4174 1254 4230 Sic
1290 4174 1539 4231 Ecclesia
1568 4175 1653 4229 vel
1685 4174 1879 4230 anima

236 4271 434 4320 sancta
467 4266 692 4321 filiabus
728 4266 971 4322 caelestis
1008 4268 1157 4323 illius
1198 4267 1435 4323 civitatis
1463 4267 1710 4323 admista
1743 4270 1876 4323 Ver-

234 4360 377 4414 bum
437 4360 709 4432 requirit,
765 4366 822 4415 et
875 4360 1188 4433 quaerendo
1246 4361 1399 4416 illius
1452 4362 1509 4415 in
1565 4378 1622 4415 se
1676 4362 1881 4416 excitat

236 4453 621 4522 cbaritatem;
649 4453 762 4509 illis
797 4470 929 4509 vero
966 4454 1392 4526 requirentibus
1430 4459 1488 4510 et
1516 4455 1833 4511 dicentibus
1863 4473 1875 4511 :

1067 3238 1158 3293 ille
1204 3238 1565 3293 maledictum
1615 3238 1671 3293 in
1716 3256 1880 3295 cruce
1913 3236 1956 3245 “’
1982 3253 2157 3308 quere
2175 3236 2500 3307 juberetur,
2523 3237 2674 3309 quod
2702 3237 2891 3292 minus
2913 3243 3080 3302 esset,
3107 3237 3339 3307 eligere.
3361 3238 3458 3293 Ille
3479 3253 3616 3309 ergo

1982 3330 2121 3386 dicit
2163 3347 2176 3384 :
2221 3332 2371 3385 Tuus
2412 3347 2559 3400 sum,
2604 3331 2703 3403 qui
2748 3335 2939 3403 potest
2980 3331 3166 3387 dicere
3206 3347 3219 3385 :
3265 3353 3291 3380 α
3336 3332 3474 3388 Ecce
3513 3348 3619 3387 nos

1982 3425 2324 3496 reliquimus
2359 3424 2574 3493 omnia,
2606 3428 2665 3479 et
2694 3426 2868 3481 secuti
2900 3441 3095 3480 sumus
3137 3431 3190 3481 te
3218 3426 3403 3495 (lbid.,
3444 3428 3554 3497 27).
3589 3449 3612 3472 η

2053 3523 2105 3572 3.
2133 3519 2533 3589 Apostolorum
2569 3535 2671 3574 vox
2711 3519 2820 3573 ista
2851 3522 2954 3588 est,
2986 3536 3087 3574 nec
3119 3520 3380 3575 omnium
3420 3524 3612 3574 tamen

1983 3613 2399 3684 apostolorum;
2446 3628 2582 3666 nam
2624 3617 2681 3666 et
2726 3611 2899 3667 ludas
2942 3611 3232 3683 apostolus
3277 3613 3406 3680 fuit,
3453 3616 3510 3668 et
3556 3614 3614 3667 in

1980 3705 2240 3761 convivio
2278 3705 2481 3761 Christi
2525 3706 2673 3760 inter
2710 3706 2994 3776 apostolos
3031 3705 3417 3760 recumbebat.
3458 3706 3613 3762 Dice-

1980 3799 2083 3855 bat
2106 3804 2162 3855 et
2186 3800 2306 3871 ipse
2337 3817 2350 3854 :
2385 3800 2535 3854 Tuus
2560 3815 2723 3867 sum;
2750 3799 2850 3853 sed
2887 3815 3041 3865 voce,
3075 3815 3188 3854 non
3227 3800 3417 3854 corde.
3454 3800 3615 3855 Venit

1982 3897 2040 3947 et
2075 3892 2333 3949 introivit
2369 3893 2425 3947 in
2465 3910 2596 3948 eum
2632 3893 2896 3960 Satanas,
2935 3898 2992 3948 et
3031 3894 3200 3964 coepit
3236 3892 3424 3947 dicere
3454 3911 3467 3946 :
3498 3910 3610 3948 non

1983 3991 2068 4043 est
2098 3993 2246 4055 tuus,
2273 3988 2452 4057 Jesus,
2481 3987 2578 4043 sed
2610 4003 2771 4042 meus
2807 3993 2908 4042 est.
2939 3986 3196 4059 Denique
3232 4002 3298 4040 ea
3329 4003 3458 4058 quia
3484 4003 3611 4042 mea

1980 4086 2131 4150 sunt,
2159 4081 2391 4152 cogitat,
2423 4097 2551 4152 quae
2578 4096 2712 4136 mea
2747 4084 2881 4135 sunt
2916 4080 2972 4135 in
3005 4083 3232 4151 pectore
3262 4097 3366 4135 suo
3396 4080 3567 4135 volvit
3595 4099 3607 4134 :

1982 4179 2171 4230 tecum
2211 4173 2492 4246 epulatur,
2538 4180 2593 4229 et
2638 4191 2865 4230 mecum
2904 4175 3181 4246 pascitur;
3228 4192 3261 4229 a
3299 4178 3355 4229 te
3402 4191 3611 4246 panem

1980 4268 2213 4339 accepit,
2243 4286 2278 4323 a
2305 4285 2396 4323 me
2429 4269 2766 4340 pecuniam;
2788 4275 2981 4324 tecum
3008 4269 3173 4337 bibit,
3196 4272 3255 4325 et
3282 4268 3423 4325 mihi
3450 4275 3613 4324 tuum

1982 4362 2323 4433 sanguinem
2375 4362 2599 4431 vendit;
2652 4365 2783 4418 tuus
2840 4368 2923 4418 est
2972 4363 3292 4433 apostolus,
3344 4366 3402 4417 et
3454 4380 3616 4418 meus

1983 4457 2395 4512 mercenarius.
2446 4457 2565 4511 Non
2613 4461 2798 4527 potest
2843 4456 3033 4511 dicere
3078 4456 3363 4510 saacularis
3410 4473 3423 4510 :
3466 4457 3615 4511 Tuus

236 4575 261 4595 υ
319 4550 445 4611 Quo
498 4546 635 4603 abiit
681 4546 921 4603 dilectus
971 4552 1121 4617 tuus,
1164 4566 1197 4603 ο
1241 4548 1628 4621 pulcherrima
1674 4549 1875 4605 mulie-
1899 4542 1959 4615 D
1983 4567 2141 4616 sum;
2176 4551 2369 4621 plures
2404 4548 2558 4604 enim
2598 4549 2863 4604 dominos
2901 4548 3093 4603 habet.
3127 4548 3291 4603 Venit
3324 4548 3523 4615 libido,
3561 4556 3616 4603 et

232 4641 411 4696 rum?
436 4662 464 4691 ››
500 4641 621 4705 Quo
663 4640 966 4698 declinavit
1002 4641 1242 4697 dilectus
1272 4646 1423 4709 tuus,
1455 4646 1519 4697 ut
1555 4658 1876 4714 quaeramus

232 4751 371 4791 eum
406 4735 635 4789 tecum?

791 4869 1011 4923 CAPUT
1050 4869 1332 4925 SEXTUM.

316 5022 360 5070 t.
415 5017 594 5083 (Vers.
646 5016 715 5088 l.)
764 5017 871 5086 (£57)
922 5017 1173 5075 Dilectus.
1221 5016 1423 5089 inquit,
1470 5032 1615 5073 meus
1665 5019 1875 5074 descen-

230 5110 315 5165 dit
350 5112 408 5163 in
436 5110 654 5164 hortum
687 5126 848 5164 suum
879 5110 953 5164 ad
994 5111 1233 5165 areolam
1269 5114 1547 5173 aromatis,
1584 5116 1645 5166 ut
1685 5128 1875 5181 pasca-

232 5209 327 5258 tur
366 5205 425 5257 in
463 5203 652 5265 hortis,
684 5207 736 5258 et
776 5204 897 5257 lilia
937 5204 1179 5273 colligat.
1212 5203 1315 5259 Ubi
1358 5203 1601 5259 Verbum
1635 5208 1877 5276 quierat,

232 5287 502 5369 agnoscit
529 5313 544 5349 :
574 5296 727 5368 quod
756 5297 907 5351 inter
931 5296 1218 5352 orationes
1243 5302 1567 5353 sanctorum
1598 5306 1877 5364 moretur,

231 5395 289 5444 et
331 5389 491 5461 quod
528 5389 666 5461 ipsis
709 5390 1010 5458 inhaereat,
1052 5391 1227 5458 novit,
1270 5396 1327 5445 et
1370 5392 1522 5462 quod
1568 5392 1878 5448 Ecclesiam

234 5499 401 5537 suam
444 5484 531 5537 vel
573 5483 795 5538 animas
826 5484 1114 5554 justorum
1153 5500 1387 5539 suorum
1434 5486 1583 5540 inter
1626 5486 1741 5540 lilia
1783 5503 1877 5557 pa-

232 5579 379 5640 scat,
434 5575 722 5648 intelligit.
770 5577 880 5631 Hoc
928 5577 1267 5647 mysterium
1323 5576 1421 5631 tibi
1475 5578 1535 5632 in
1586 5578 1882 5651 evangelio

232 5670 676 5735 demonstravit,
711 5687 839 5724 cum
870 5670 927 5724 in
956 5670 1188 5725 sabbato
1219 5671 1449 5726 duceret
1474 5688 1573 5742 per
1602 5671 1881 5728 seminata

302 5794 402 5854 ('56)
435 5792 550 5842 Lib.
579 5792 644 5842 de
670 5794 836 5850 Isaac,
866 5806 984 5857 cap.
1011 5796 1061 5854 ϐ,
1092 5806 1245 5844 num.
1273 5794 1349 5845 56.

303 5865 405 5927 :57)
438 5863 580 5914 Ibid.
608 5863 704 5915 ubi
734 5877 916 5932 supra.

1980 4643 2117 4698 dicit
2148 4660 2161 4697 :
2192 4645 2347 4698 Meus
2381 4660 2469 4712 es;
2498 4642 2637 4713 quia
2666 4659 2737 4696 ea
2775 4659 2904 4713 quae
2940 4645 3071 4696 sunt
3104 4642 3377 4713 corporis,
3405 4659 3611 4698 concu-

1980 4736 2180 4809 piscis;
2212 4737 2269 4790 in
2310 4736 2460 4790 illius
2491 4736 2929 4791 adolescentulis:
2959 4751 3158 4791 amore
3197 4743 3251 4792 te
3292 4736 3438 4792 mihi
3478 4753 3610 4792 ven—

1983 4830 2208 4897 didisti;
2249 4830 2305 4884 in
2336 4830 2486 4884 illius
2516 4829 2820 4884 concubitu
2859 4830 3179 4885 meretricis
3217 4830 3471 4901 pretium
3508 4846 3613 4902 pro

1980 4928 2038 4978 te
2073 4922 2465 4979 annumeravi.
2498 4923 2655 4979 Venit
2689 4923 2949 4993 avaritia,
2987 4927 3045 4979 et
3083 4923 3220 4979 dicit
3257 4940 3269 4977 :
3297 4927 3613 4995 Argentum

1982 5022 2039 5072 et
2076 5033 2278 5071 aurum
2318 5017 2466 5089 quod
2506 5017 2702 5085 habes,
2731 5017 3019 5073 servitutis
3056 5021 3167 5072 tua:
3202 5016 3451 5087 pretium
3496 5020 3612 5074 est;

1982 5110 2258 5183 possessio
2306 5127 2483 5182 quam
2531 5116 2706 5180 tenes,
2744 5111 2893 5182 juris
2944 5110 3027 5165 tui
3077 5110 3312 5181 emptio,
3359 5110 3615 5165 venditio

1981 5204 2263 5260 libertatis
2287 5209 2401 5259 tua“:
2430 5210 2532 5260 est.
2565 5205 2728 5260 Venit
2757 5204 3004 5271 luxuria,
3033 5208 3091 5259 et
3124 5203 3262 5259 dicit
3289 5219 3302 5256 :
3330 5203 3481 5258 Meus
3519 5220 3613 5271 es;

1985 5298 2152 5354 unius
2180 5297 2290 5353 diei
2320 5298 2664 5367 convivium,
2694 5299 2944 5370 pretium
2982 5297 3109 5352 vitae
3148 5300 3267 5364 est;
3292 5296 3387 5352 ille
3420 5314 3615 5369 sump-

1982 5396 2073 5447 tus
2118 5392 2435 5463 epularum,
2476 5394 2559 5448 tui
2604 5392 2799 5464 capitis
2843 5392 3098 5459 licitatio,
3141 5391 3222 5444 tui
3262 5395 3348 5445 est
3391 5408 3617 5446 summa

1983 5489 2323 5541 contractus.
2386 5488 2451 5541 Et
2502 5486 2654 5558 quod
2708 5486 2869 5558 pejus
2924 5490 3044 5552 est,
3096 5500 3228 5539 caro
3285 5488 3511 5556 emptus
3560 5503 3619 5541 es

1982 5580 2189 5652 pretio,
2244 5580 2413 5635 vilior
2462 5579 2587 5635 cibo
2638 5596 2696 5634 es
2744 5582 2844 5634 tuo
2899 5595 2913 5632 :
2965 5577 3265 5649 pretiosior
3314 5584 3398 5634 est
3448 5580 3617 5633 unius

1985 5673 2098 5727 dici
2148 5690 2342 5728 mensa
2385 5679 2478 5727 tua
2527 5690 2698 5745 quam
2744 5673 2917 5726 totius
2962 5672 3238 5742 temporis
3284 5671 3427 5735 vita;
3471 5672 3621 5727 inter

2050 5798 2147 5859 (58)
2176 5796 2236 5846 In
2268 5796 2401 5860 psal.
2437 5806 2635 5857 cxvm,
2664 5808 2826 5847 serm.
2860 5796 2939 5856 t2,
2965 5808 3120 5847 num.
3148 5795 3226 5846 37.
