  <div class='ocr_page' id='page_1' title='image "/cluster/home/n/w/nwhite01/storage/ocr_20150623/15/hvd.32044048207278/401.png"; bbox 0 0 4000 6166; ppageno 0'>
   <div class='ocr_carea' id='block_1_1' title="bbox 519 229 656 279">
    <p class='ocr_par' dir='ltr' id='par_1_1' title="bbox 519 229 656 279">
     <span class='ocr_line' id='line_1_1' title="bbox 519 229 656 279; baseline -0.007 0"><span class='ocrx_word' id='word_1_1' title='bbox 519 229 656 279; x_wconf 72' lang='lat'>2039</span> 
     </span>
    </p>
   </div>
   <div class='ocr_carea' id='block_1_2' title="bbox 1644 216 2723 284">
    <p class='ocr_par' dir='ltr' id='par_1_2' title="bbox 1644 216 2723 284">
     <span class='ocr_line' id='line_1_2' title="bbox 1644 216 2723 284; baseline -0.003 -7"><span class='ocrx_word' id='word_1_2' title='bbox 1644 225 1985 284; x_wconf 73' lang='lat' dir='ltr'>CUMMENT.</span> <span class='ocrx_word' id='word_1_3' title='bbox 2012 216 2098 280; x_wconf 65' lang='grc' dir='ltr'>ἸΝ</span> <span class='ocrx_word' id='word_1_4' title='bbox 2138 222 2423 279; x_wconf 75' lang='lat' dir='ltr'>CANTICA</span> <span class='ocrx_word' id='word_1_5' title='bbox 2462 224 2723 279; x_wconf 82' lang='lat' dir='ltr'>CANTIC.</span> 
     </span>
    </p>
   </div>
   <div class='ocr_carea' id='block_1_3' title="bbox 3683 232 3780 287">
    <p class='ocr_par' dir='ltr' id='par_1_3' title="bbox 3683 232 3780 287">
     <span class='ocr_line' id='line_1_3' title="bbox 3683 232 3780 287; baseline -0.041 -4"><span class='ocrx_word' id='word_1_6' title='bbox 3683 232 3780 287; x_wconf 68' lang='lat'>2040</span> 
     </span>
    </p>
   </div>
   <div class='ocr_carea' id='block_1_4' title="bbox 518 342 3785 431">
    <p class='ocr_par' dir='ltr' id='par_1_4' title="bbox 518 342 3785 431">
     <span class='ocr_line' id='line_1_4' title="bbox 518 342 3785 431; baseline 0.001 -28"><span class='ocrx_word' id='word_1_7' title='bbox 518 346 719 403; x_wconf 78' lang='lat' dir='ltr'>calices</span> <span class='ocrx_word' id='word_1_8' title='bbox 771 351 827 402; x_wconf 88' lang='lat' dir='ltr'>te</span> <span class='ocrx_word' id='word_1_9' title='bbox 881 348 1125 415; x_wconf 79' lang='lat' dir='ltr'>redemi,</span> <span class='ocrx_word' id='word_1_10' title='bbox 1179 348 1331 404; x_wconf 86' lang='lat' dir='ltr'>inter</span> <span class='ocrx_word' id='word_1_11' title='bbox 1386 349 1582 421; x_wconf 85' lang='lat' dir='ltr'>epulas</span> <span class='ocrx_word' id='word_1_12' title='bbox 1636 349 1933 420; x_wconf 89' lang='lat' dir='ltr'>acquisivi.</span> <span class='ocrx_word' id='word_1_13' title='bbox 1987 348 2155 403; x_wconf 82' lang='lat' dir='ltr'>Venit</span> <span class='ocrx_word' id='word_1_14' title='bbox 2176 346 2562 431; x_wconf 74' lang='lat' dir='ltr'>Adebereut;</span> <span class='ocrx_word' id='word_1_15' title='bbox 2587 346 2845 419; x_wconf 74' lang='lat' dir='ltr'>plerique</span> <span class='ocrx_word' id='word_1_16' title='bbox 2866 346 3005 401; x_wconf 90' lang='lat' dir='ltr'>dum</span> <span class='ocrx_word' id='word_1_17' title='bbox 3033 346 3152 401; x_wconf 88' lang='lat' dir='ltr'>sine</span> <span class='ocrx_word' id='word_1_18' title='bbox 3169 342 3387 416; x_wconf 85' lang='lat' dir='ltr'>judicio</span> <span class='ocrx_word' id='word_1_19' title='bbox 3413 343 3785 418; x_wconf 81' lang='lat' dir='ltr'>loquuntur,ver-</span> 
     </span>
    </p>
   </div>
   <div class='ocr_carea' id='block_1_5' title="bbox 518 440 2155 513">
    <p class='ocr_par' dir='ltr' id='par_1_5' title="bbox 518 440 2155 513">
     <span class='ocr_line' id='line_1_5' title="bbox 518 440 2155 513; baseline -0.001 -16"><span class='ocrx_word' id='word_1_20' title='bbox 518 440 775 508; x_wconf 87' lang='lat' dir='ltr'>ambitio,</span> <span class='ocrx_word' id='word_1_21' title='bbox 806 446 863 497; x_wconf 92' lang='lat' dir='ltr'>et</span> <span class='ocrx_word' id='word_1_22' title='bbox 903 442 1040 496; x_wconf 84' lang='lat' dir='ltr'>dicit</span> <span class='ocrx_word' id='word_1_23' title='bbox 1066 442 1170 497; x_wconf 89' lang='lat' dir='ltr'>tibi</span> <span class='ocrx_word' id='word_1_24' title='bbox 1208 465 1218 495; x_wconf 91' lang='lat'><strong>:</strong></span> <span class='ocrx_word' id='word_1_25' title='bbox 1257 443 1427 497; x_wconf 88' lang='lat' dir='ltr'>Plane</span> <span class='ocrx_word' id='word_1_26' title='bbox 1465 458 1628 497; x_wconf 91' lang='lat' dir='ltr'>meus</span> <span class='ocrx_word' id='word_1_27' title='bbox 1664 458 1743 497; x_wconf 91' lang='lat' dir='ltr'>es.</span> <span class='ocrx_word' id='word_1_28' title='bbox 1781 441 1968 497; x_wconf 83' lang='lat' dir='ltr'>Nescis</span> <span class='ocrx_word' id='word_1_29' title='bbox 2001 442 2155 513; x_wconf 91' lang='lat' dir='ltr'>quod</span> 
     </span>
    </p>
   </div>
   <div class='ocr_carea' id='block_1_6' title="bbox 519 534 2154 607">
    <p class='ocr_par' dir='ltr' id='par_1_6' title="bbox 519 534 2154 607">
     <span class='ocr_line' id='line_1_6' title="bbox 519 534 2154 607; baseline -0.001 -17"><span class='ocrx_word' id='word_1_30' title='bbox 519 535 651 591; x_wconf 88' lang='lat' dir='ltr'>ideo</span> <span class='ocrx_word' id='word_1_31' title='bbox 692 536 977 607; x_wconf 83' lang='lat' dir='ltr'>imperare</span> <span class='ocrx_word' id='word_1_32' title='bbox 1023 535 1144 591; x_wconf 88' lang='lat' dir='ltr'>aliis</span> <span class='ocrx_word' id='word_1_33' title='bbox 1184 542 1235 590; x_wconf 91' lang='lat' dir='ltr'>te</span> <span class='ocrx_word' id='word_1_34' title='bbox 1280 536 1408 604; x_wconf 86' lang='lat' dir='ltr'>feci,</span> <span class='ocrx_word' id='word_1_35' title='bbox 1440 541 1504 590; x_wconf 89' lang='lat' dir='ltr'>ut</span> <span class='ocrx_word' id='word_1_36' title='bbox 1545 535 1686 591; x_wconf 90' lang='lat' dir='ltr'>mihi</span> <span class='ocrx_word' id='word_1_37' title='bbox 1721 537 1840 606; x_wconf 87' lang='lat' dir='ltr'>ipse</span> <span class='ocrx_word' id='word_1_38' title='bbox 1884 534 2154 591; x_wconf 78' lang='lat' dir='ltr'>servires?</span> 
     </span>
    </p>
   </div>
   <div class='ocr_carea' id='block_1_7' title="bbox 517 629 2154 702">
    <p class='ocr_par' dir='ltr' id='par_1_7' title="bbox 517 629 2154 702">
     <span class='ocr_line' id='line_1_7' title="bbox 517 629 2154 702; baseline 0 -20"><span class='ocrx_word' id='word_1_39' title='bbox 517 629 709 684; x_wconf 84' lang='lat' dir='ltr'>Nescis</span> <span class='ocrx_word' id='word_1_40' title='bbox 735 630 885 702; x_wconf 90' lang='lat' dir='ltr'>quod</span> <span class='ocrx_word' id='word_1_41' title='bbox 923 629 1047 684; x_wconf 88' lang='lat' dir='ltr'>ideo</span> <span class='ocrx_word' id='word_1_42' title='bbox 1086 633 1425 700; x_wconf 88' lang='lat' dir='ltr'>potestatem</span> <span class='ocrx_word' id='word_1_43' title='bbox 1466 629 1524 683; x_wconf 91' lang='lat' dir='ltr'>in</span> <span class='ocrx_word' id='word_1_44' title='bbox 1562 634 1618 683; x_wconf 89' lang='lat' dir='ltr'>te</span> <span class='ocrx_word' id='word_1_45' title='bbox 1656 629 1888 698; x_wconf 78' lang='lat' dir='ltr'>contuli,</span> <span class='ocrx_word' id='word_1_46' title='bbox 1924 632 1985 683; x_wconf 90' lang='lat' dir='ltr'>ut</span> <span class='ocrx_word' id='word_1_47' title='bbox 2013 645 2154 683; x_wconf 76' lang='lat' dir='ltr'>meae</span> 
     </span>
    </p>
   </div>
   <div class='ocr_carea' id='block_1_8' title="bbox 522 722 2156 795">
    <p class='ocr_par' dir='ltr' id='par_1_8' title="bbox 522 722 2156 795">
     <span class='ocr_line' id='line_1_8' title="bbox 522 722 2156 795; baseline -0.001 -19"><span class='ocrx_word' id='word_1_48' title='bbox 522 729 577 778; x_wconf 89' lang='lat' dir='ltr'>te</span> <span class='ocrx_word' id='word_1_49' title='bbox 626 723 966 793; x_wconf 87' lang='lat' dir='ltr'>subjicerem</span> <span class='ocrx_word' id='word_1_50' title='bbox 1016 724 1315 795; x_wconf 78' lang='lat' dir='ltr'>potestati?</span> <span class='ocrx_word' id='word_1_51' title='bbox 1356 727 1438 777; x_wconf 82' lang='lat' dir='ltr'>An</span> <span class='ocrx_word' id='word_1_52' title='bbox 1484 723 1716 793; x_wconf 83' lang='lat' dir='ltr'>ignoras</span> <span class='ocrx_word' id='word_1_53' title='bbox 1762 722 1868 793; x_wconf 88' lang='lat' dir='ltr'>ipsi</span> <span class='ocrx_word' id='word_1_54' title='bbox 1914 723 2156 777; x_wconf 86' lang='lat' dir='ltr'>Domino</span> 
     </span>
    </p>
   </div>
   <div class='ocr_carea' id='block_1_9' title="bbox 523 816 2154 888">
    <p class='ocr_par' dir='ltr' id='par_1_9' title="bbox 523 816 2154 888">
     <span class='ocr_line' id='line_1_9' title="bbox 523 816 2154 888; baseline 0 -17"><span class='ocrx_word' id='word_1_55' title='bbox 523 818 789 872; x_wconf 74' lang='lat' dir='ltr'>salvatori</span> <span class='ocrx_word' id='word_1_56' title='bbox 818 818 1030 873; x_wconf 90' lang='lat' dir='ltr'>dictum</span> <span class='ocrx_word' id='word_1_57' title='bbox 1062 834 1184 872; x_wconf 89' lang='lat' dir='ltr'>esse</span> <span class='ocrx_word' id='word_1_58' title='bbox 1211 818 1280 872; x_wconf 89' lang='lat' dir='ltr'>ab</span> <span class='ocrx_word' id='word_1_59' title='bbox 1309 819 1478 888; x_wconf 83' lang='lat' dir='ltr'>hujus</span> <span class='ocrx_word' id='word_1_60' title='bbox 1505 816 1705 871; x_wconf 89' lang='lat' dir='ltr'>mundi</span> <span class='ocrx_word' id='word_1_61' title='bbox 1729 816 2004 888; x_wconf 80' lang='lat' dir='ltr'>principe,</span> <span class='ocrx_word' id='word_1_62' title='bbox 2026 833 2154 871; x_wconf 91' lang='lat' dir='ltr'>cum</span> 
     </span>
    </p>
   </div>
   <div class='ocr_carea' id='block_1_10' title="bbox 524 910 2157 981">
    <p class='ocr_par' dir='ltr' id='par_1_10' title="bbox 524 910 2157 981">
     <span class='ocr_line' id='line_1_10' title="bbox 524 910 2157 981; baseline 0 -17"><span class='ocrx_word' id='word_1_63' title='bbox 524 913 577 964; x_wconf 92' lang='lat' dir='ltr'>ei</span> <span class='ocrx_word' id='word_1_64' title='bbox 615 911 947 966; x_wconf 80' lang='lat' dir='ltr'>ostendisset</span> <span class='ocrx_word' id='word_1_65' title='bbox 988 911 1184 966; x_wconf 84' lang='lat' dir='ltr'>omnia</span> <span class='ocrx_word' id='word_1_66' title='bbox 1226 927 1401 981; x_wconf 88' lang='lat' dir='ltr'>regna</span> <span class='ocrx_word' id='word_1_67' title='bbox 1444 910 1640 964; x_wconf 89' lang='lat' dir='ltr'>mundi</span> <span class='ocrx_word' id='word_1_68' title='bbox 1681 927 1692 964; x_wconf 92' lang='lat'>:</span> <span class='ocrx_word' id='word_1_69' title='bbox 1736 931 1763 959; x_wconf 79' lang='grc' dir='ltr'>ι(</span> <span class='ocrx_word' id='word_1_70' title='bbox 1795 910 1919 964; x_wconf 59' lang='lat' dir='ltr'>Haec</span> <span class='ocrx_word' id='word_1_71' title='bbox 1962 910 2157 965; x_wconf 85' lang='lat' dir='ltr'>omnia</span> 
     </span>
    </p>
   </div>
   <div class='ocr_carea' id='block_1_11' title="bbox 521 1002 2154 1075">
    <p class='ocr_par' dir='ltr' id='par_1_11' title="bbox 521 1002 2154 1075">
     <span class='ocr_line' id='line_1_11' title="bbox 521 1002 2154 1075; baseline -0.002 -16"><span class='ocrx_word' id='word_1_72' title='bbox 521 1004 624 1059; x_wconf 83' lang='lat' dir='ltr'>tibi</span> <span class='ocrx_word' id='word_1_73' title='bbox 670 1005 838 1072; x_wconf 86' lang='lat' dir='ltr'>dabo,</span> <span class='ocrx_word' id='word_1_74' title='bbox 871 1005 917 1058; x_wconf 93' lang='lat' dir='ltr'>si</span> <span class='ocrx_word' id='word_1_75' title='bbox 960 1004 1259 1075; x_wconf 86' lang='lat' dir='ltr'>procideus</span> <span class='ocrx_word' id='word_1_76' title='bbox 1297 1002 1621 1059; x_wconf 88' lang='lat' dir='ltr'>adoraveris</span> <span class='ocrx_word' id='word_1_77' title='bbox 1665 1020 1757 1058; x_wconf 88' lang='lat' dir='ltr'>me</span> <span class='ocrx_word' id='word_1_78' title='bbox 1798 1002 2042 1074; x_wconf 61' lang='lat' dir='ltr'>(Matth,</span> <span class='ocrx_word' id='word_1_79' title='bbox 2084 1020 2154 1065; x_wconf 82' lang='grc' dir='ltr'>ιν,</span> 
     </span>
    </p>
   </div>
   <div class='ocr_carea' id='block_1_12' title="bbox 525 1096 2156 1169">
    <p class='ocr_par' dir='ltr' id='par_1_12' title="bbox 525 1096 2156 1169">
     <span class='ocr_line' id='line_1_12' title="bbox 525 1096 2156 1169; baseline 0 -17"><span class='ocrx_word' id='word_1_80' title='bbox 525 1099 618 1169; x_wconf 83' lang='lat'>9)?</span> <span class='ocrx_word' id='word_1_81' title='bbox 644 1101 783 1154; x_wconf 83' lang='lat' dir='ltr'>Ante</span> <span class='ocrx_word' id='word_1_82' title='bbox 820 1114 957 1168; x_wconf 85' lang='lat' dir='ltr'>ergo</span> <span class='ocrx_word' id='word_1_83' title='bbox 992 1098 1110 1168; x_wconf 88' lang='lat' dir='ltr'>ipse</span> <span class='ocrx_word' id='word_1_84' title='bbox 1141 1098 1457 1168; x_wconf 83' lang='lat' dir='ltr'>subjicitur,</span> <span class='ocrx_word' id='word_1_85' title='bbox 1490 1097 1585 1168; x_wconf 90' lang='lat' dir='ltr'>qui</span> <span class='ocrx_word' id='word_1_86' title='bbox 1622 1097 1764 1152; x_wconf 88' lang='lat' dir='ltr'>alios</span> <span class='ocrx_word' id='word_1_87' title='bbox 1791 1097 1907 1151; x_wconf 83' lang='lat' dir='ltr'>vult</span> <span class='ocrx_word' id='word_1_88' title='bbox 1947 1096 2156 1152; x_wconf 86' lang='lat' dir='ltr'>habere</span> 
     </span>
    </p>
   </div>
   <div class='ocr_carea' id='block_1_13' title="bbox 525 1190 2153 1263">
    <p class='ocr_par' dir='ltr' id='par_1_13' title="bbox 525 1190 2153 1263">
     <span class='ocr_line' id='line_1_13' title="bbox 525 1190 2153 1263; baseline -0.002 -16"><span class='ocrx_word' id='word_1_89' title='bbox 525 1192 829 1263; x_wconf 80' lang='lat' dir='ltr'>subjectos.</span> <span class='ocrx_word' id='word_1_90' title='bbox 861 1192 1108 1245; x_wconf 88' lang='lat' dir='ltr'>Veniunt</span> <span class='ocrx_word' id='word_1_91' title='bbox 1149 1190 1341 1245; x_wconf 86' lang='lat' dir='ltr'>omnia</span> <span class='ocrx_word' id='word_1_92' title='bbox 1379 1190 1532 1258; x_wconf 87' lang='lat' dir='ltr'>vitia,</span> <span class='ocrx_word' id='word_1_93' title='bbox 1563 1196 1620 1245; x_wconf 87' lang='lat' dir='ltr'>et</span> <span class='ocrx_word' id='word_1_94' title='bbox 1648 1190 1876 1262; x_wconf 89' lang='lat' dir='ltr'>singula</span> <span class='ocrx_word' id='word_1_95' title='bbox 1914 1190 2111 1246; x_wconf 90' lang='lat' dir='ltr'>dicunt</span> <span class='ocrx_word' id='word_1_96' title='bbox 2142 1208 2153 1244; x_wconf 87' lang='lat'><strong>:</strong></span> 
     </span>
    </p>
   </div>
   <div class='ocr_carea' id='block_1_14' title="bbox 526 1284 2156 1357">
    <p class='ocr_par' dir='ltr' id='par_1_14' title="bbox 526 1284 2156 1357">
     <span class='ocr_line' id='line_1_14' title="bbox 526 1284 2156 1357; baseline -0.001 -17"><span class='ocrx_word' id='word_1_97' title='bbox 526 1287 681 1341; x_wconf 81' lang='lat' dir='ltr'>Meus</span> <span class='ocrx_word' id='word_1_98' title='bbox 713 1302 793 1339; x_wconf 90' lang='lat' dir='ltr'>es.</span> <span class='ocrx_word' id='word_1_99' title='bbox 821 1286 998 1350; x_wconf 84' lang='lat' dir='ltr'>Quem</span> <span class='ocrx_word' id='word_1_100' title='bbox 1031 1284 1178 1340; x_wconf 87' lang='lat' dir='ltr'>tanti</span> <span class='ocrx_word' id='word_1_101' title='bbox 1205 1288 1559 1356; x_wconf 88' lang='lat' dir='ltr'>competunt,</span> <span class='ocrx_word' id='word_1_102' title='bbox 1589 1301 1763 1357; x_wconf 88' lang='lat' dir='ltr'>quam</span> <span class='ocrx_word' id='word_1_103' title='bbox 1800 1284 1909 1339; x_wconf 90' lang='lat' dir='ltr'>vile</span> <span class='ocrx_word' id='word_1_104' title='bbox 1940 1284 2156 1339; x_wconf 90' lang='lat' dir='ltr'>manci-</span> 
     </span>
    </p>
   </div>
   <div class='ocr_carea' id='block_1_15' title="bbox 526 1377 2159 1451">
    <p class='ocr_par' dir='ltr' id='par_1_15' title="bbox 526 1377 2159 1451">
     <span class='ocr_line' id='line_1_15' title="bbox 526 1377 2159 1451; baseline -0.001 -17"><span class='ocrx_word' id='word_1_105' title='bbox 526 1380 683 1451; x_wconf 84' lang='lat' dir='ltr'>pium</span> <span class='ocrx_word' id='word_1_106' title='bbox 716 1379 831 1433; x_wconf 89' lang='lat' dir='ltr'>est!</span> <span class='ocrx_word' id='word_1_107' title='bbox 861 1378 1152 1442; x_wconf 85' lang='lat' dir='ltr'>Quomodo</span> <span class='ocrx_word' id='word_1_108' title='bbox 1184 1394 1322 1449; x_wconf 88' lang='lat' dir='ltr'>ergo</span> <span class='ocrx_word' id='word_1_109' title='bbox 1351 1383 1434 1447; x_wconf 91' lang='lat' dir='ltr'>tu,</span> <span class='ocrx_word' id='word_1_110' title='bbox 1464 1377 1563 1449; x_wconf 91' lang='lat' dir='ltr'>qui</span> <span class='ocrx_word' id='word_1_111' title='bbox 1593 1377 1924 1448; x_wconf 83' lang='lat' dir='ltr'>hujusmodi</span> <span class='ocrx_word' id='word_1_112' title='bbox 1953 1394 2033 1445; x_wconf 85' lang='lat' dir='ltr'>es,</span> <span class='ocrx_word' id='word_1_113' title='bbox 2064 1394 2159 1450; x_wconf 92' lang='lat' dir='ltr'>po-</span> 
     </span>
    </p>
   </div>
   <div class='ocr_carea' id='block_1_16' title="bbox 525 1471 2160 1543">
    <p class='ocr_par' dir='ltr' id='par_1_16' title="bbox 525 1471 2160 1543">
     <span class='ocr_line' id='line_1_16' title="bbox 525 1471 2160 1543; baseline -0.001 -16"><span class='ocrx_word' id='word_1_114' title='bbox 525 1476 612 1527; x_wconf 89' lang='lat' dir='ltr'>tes</span> <span class='ocrx_word' id='word_1_115' title='bbox 657 1471 878 1527; x_wconf 82' lang='lat' dir='ltr'>Christo</span> <span class='ocrx_word' id='word_1_116' title='bbox 925 1472 1116 1527; x_wconf 80' lang='lat' dir='ltr'>dicere</span> <span class='ocrx_word' id='word_1_117' title='bbox 1166 1491 1178 1526; x_wconf 88' lang='lat'><strong>:</strong></span> <span class='ocrx_word' id='word_1_118' title='bbox 1229 1473 1380 1527; x_wconf 89' lang='lat' dir='ltr'>Tuus</span> <span class='ocrx_word' id='word_1_119' title='bbox 1423 1472 1587 1526; x_wconf 80' lang='lat' dir='ltr'>sum?</span> <span class='ocrx_word' id='word_1_120' title='bbox 1632 1471 2014 1543; x_wconf 79' lang='lat' dir='ltr'>Respondebit</span> <span class='ocrx_word' id='word_1_121' title='bbox 2057 1471 2160 1526; x_wconf 84' lang='lat' dir='ltr'>tibi</span> 
     </span>
    </p>
   </div>
   <div class='ocr_carea' id='block_1_17' title="bbox 525 1564 2156 1638">
    <p class='ocr_par' dir='ltr' id='par_1_17' title="bbox 525 1564 2156 1638">
     <span class='ocr_line' id='line_1_17' title="bbox 525 1564 2156 1638; baseline -0.001 -17"><span class='ocrx_word' id='word_1_122' title='bbox 525 1565 619 1621; x_wconf 86' lang='lat' dir='ltr'>ille</span> <span class='ocrx_word' id='word_1_123' title='bbox 654 1583 667 1620; x_wconf 73' lang='grc' dir='ltr'>ε</span> <span class='ocrx_word' id='word_1_124' title='bbox 704 1590 725 1611; x_wconf 74' lang='grc' dir='ltr'>ιι</span> <span class='ocrx_word' id='word_1_125' title='bbox 757 1569 878 1623; x_wconf 83' lang='grc' dir='ltr'><strong>Νυιι</strong></span> <span class='ocrx_word' id='word_1_126' title='bbox 908 1566 1233 1638; x_wconf 85' lang='lat' dir='ltr'>quicunque</span> <span class='ocrx_word' id='word_1_127' title='bbox 1260 1566 1393 1621; x_wconf 90' lang='lat' dir='ltr'>dicit</span> <span class='ocrx_word' id='word_1_128' title='bbox 1421 1565 1581 1631; x_wconf 90' lang='lat' dir='ltr'>mihi,</span> <span class='ocrx_word' id='word_1_129' title='bbox 1609 1565 1865 1629; x_wconf 86' lang='lat' dir='ltr'>Domine,</span> <span class='ocrx_word' id='word_1_130' title='bbox 1898 1564 2156 1631; x_wconf 87' lang='lat' dir='ltr'>Domine,</span> 
     </span>
    </p>
   </div>
   <div class='ocr_carea' id='block_1_18' title="bbox 526 1660 2157 1732">
    <p class='ocr_par' dir='ltr' id='par_1_18' title="bbox 526 1660 2157 1732">
     <span class='ocr_line' id='line_1_18' title="bbox 526 1660 2157 1732; baseline -0.003 -19"><span class='ocrx_word' id='word_1_131' title='bbox 526 1660 759 1714; x_wconf 87' lang='lat' dir='ltr'>intrabit</span> <span class='ocrx_word' id='word_1_132' title='bbox 804 1660 859 1713; x_wconf 89' lang='lat' dir='ltr'>in</span> <span class='ocrx_word' id='word_1_133' title='bbox 914 1676 1156 1732; x_wconf 84' lang='lat' dir='ltr'>regnum</span> <span class='ocrx_word' id='word_1_134' title='bbox 1211 1661 1485 1715; x_wconf 69' lang='lat' dir='ltr'>caelorum</span> <span class='ocrx_word' id='word_1_135' title='bbox 1528 1660 1771 1731; x_wconf 58' lang='lat' dir='ltr'>(Matth,</span> <span class='ocrx_word' id='word_1_136' title='bbox 1818 1676 1912 1726; x_wconf 88' lang='lat' dir='ltr'>vii,</span> <span class='ocrx_word' id='word_1_137' title='bbox 1962 1664 2081 1731; x_wconf 75' lang='lat' dir='ltr'>2t};</span> <span class='ocrx_word' id='word_1_138' title='bbox 2131 1680 2157 1709; x_wconf 89' lang='lat'>»</span> 
     </span>
    </p>
   </div>
   <div class='ocr_carea' id='block_1_19' title="bbox 526 1753 2057 1825">
    <p class='ocr_par' dir='ltr' id='par_1_19' title="bbox 526 1753 2057 1825">
     <span class='ocr_line' id='line_1_19' title="bbox 526 1753 2057 1825; baseline 0 -18"><span class='ocrx_word' id='word_1_139' title='bbox 526 1770 643 1809; x_wconf 89' lang='lat' dir='ltr'>non</span> <span class='ocrx_word' id='word_1_140' title='bbox 670 1753 996 1825; x_wconf 83' lang='lat' dir='ltr'>quicunque</span> <span class='ocrx_word' id='word_1_141' title='bbox 1025 1754 1159 1808; x_wconf 86' lang='lat' dir='ltr'>dicit</span> <span class='ocrx_word' id='word_1_142' title='bbox 1186 1753 1328 1808; x_wconf 87' lang='lat' dir='ltr'>mihi</span> <span class='ocrx_word' id='word_1_143' title='bbox 1360 1771 1371 1807; x_wconf 89' lang='lat'><strong>:</strong></span> <span class='ocrx_word' id='word_1_144' title='bbox 1402 1754 1552 1808; x_wconf 91' lang='lat' dir='ltr'>Tuus</span> <span class='ocrx_word' id='word_1_145' title='bbox 1580 1770 1728 1817; x_wconf 89' lang='lat' dir='ltr'>sum,</span> <span class='ocrx_word' id='word_1_146' title='bbox 1761 1770 1923 1808; x_wconf 89' lang='lat' dir='ltr'>meus</span> <span class='ocrx_word' id='word_1_147' title='bbox 1955 1759 2057 1808; x_wconf 89' lang='lat' dir='ltr'>est.</span> 
     </span>
    </p>
   </div>
   <div class='ocr_carea' id='block_1_20' title="bbox 598 1843 2157 1916">
    <p class='ocr_par' dir='ltr' id='par_1_20' title="bbox 598 1843 2157 1916">
     <span class='ocr_line' id='line_1_20' title="bbox 598 1843 2157 1916; baseline 0.001 -18"><span class='ocrx_word' id='word_1_148' title='bbox 598 1846 650 1898; x_wconf 64' lang='grc' dir='ltr'>εἱς.</span> <span class='ocrx_word' id='word_1_149' title='bbox 684 1844 836 1899; x_wconf 79' lang='lat' dir='ltr'>Meus</span> <span class='ocrx_word' id='word_1_150' title='bbox 876 1843 1044 1915; x_wconf 85' lang='lat' dir='ltr'>plane</span> <span class='ocrx_word' id='word_1_151' title='bbox 1085 1860 1164 1909; x_wconf 88' lang='lat' dir='ltr'>es,</span> <span class='ocrx_word' id='word_1_152' title='bbox 1199 1844 1244 1896; x_wconf 92' lang='lat' dir='ltr'>si</span> <span class='ocrx_word' id='word_1_153' title='bbox 1285 1859 1481 1898; x_wconf 84' lang='lat' dir='ltr'>vocem</span> <span class='ocrx_word' id='word_1_154' title='bbox 1522 1860 1635 1898; x_wconf 90' lang='lat' dir='ltr'>non</span> <span class='ocrx_word' id='word_1_155' title='bbox 1679 1845 1989 1916; x_wconf 87' lang='lat' dir='ltr'>redarguat</span> <span class='ocrx_word' id='word_1_156' title='bbox 2022 1861 2157 1899; x_wconf 90' lang='lat' dir='ltr'>con-</span> 
     </span>
    </p>
   </div>
   <div class='ocr_carea' id='block_1_21' title="bbox 528 1937 2159 2010">
    <p class='ocr_par' dir='ltr' id='par_1_21' title="bbox 528 1937 2159 2010">
     <span class='ocr_line' id='line_1_21' title="bbox 528 1937 2159 2010; baseline 0.001 -19"><span class='ocrx_word' id='word_1_157' title='bbox 528 1937 784 2005; x_wconf 81' lang='lat' dir='ltr'>scientia,</span> <span class='ocrx_word' id='word_1_158' title='bbox 815 1937 863 1992; x_wconf 88' lang='lat' dir='ltr'>si</span> <span class='ocrx_word' id='word_1_159' title='bbox 893 1953 1219 1991; x_wconf 87' lang='lat' dir='ltr'>sermonem</span> <span class='ocrx_word' id='word_1_160' title='bbox 1257 1943 1418 1992; x_wconf 88' lang='lat' dir='ltr'>tuum</span> <span class='ocrx_word' id='word_1_161' title='bbox 1458 1937 1681 1992; x_wconf 87' lang='lat' dir='ltr'>animus</span> <span class='ocrx_word' id='word_1_162' title='bbox 1711 1942 1810 1992; x_wconf 92' lang='lat' dir='ltr'>aut</span> <span class='ocrx_word' id='word_1_163' title='bbox 1847 1954 2018 2010; x_wconf 83' lang='lat' dir='ltr'>opera</span> <span class='ocrx_word' id='word_1_164' title='bbox 2048 1955 2159 1993; x_wconf 89' lang='lat' dir='ltr'>non</span> 
     </span>
    </p>
   </div>
   <div class='ocr_carea' id='block_1_22' title="bbox 527 2030 2160 2105">
    <p class='ocr_par' dir='ltr' id='par_1_22' title="bbox 527 2030 2160 2105">
     <span class='ocr_line' id='line_1_22' title="bbox 527 2030 2160 2105; baseline 0.001 -20"><span class='ocrx_word' id='word_1_165' title='bbox 527 2030 798 2086; x_wconf 88' lang='lat' dir='ltr'>refutent.</span> <span class='ocrx_word' id='word_1_166' title='bbox 844 2032 961 2101; x_wconf 83' lang='lat' dir='ltr'>Ego</span> <span class='ocrx_word' id='word_1_167' title='bbox 999 2047 1113 2085; x_wconf 92' lang='lat' dir='ltr'>non</span> <span class='ocrx_word' id='word_1_168' title='bbox 1157 2047 1307 2102; x_wconf 90' lang='lat' dir='ltr'>nego</span> <span class='ocrx_word' id='word_1_169' title='bbox 1350 2047 1542 2086; x_wconf 90' lang='lat' dir='ltr'>meum</span> <span class='ocrx_word' id='word_1_170' title='bbox 1583 2047 1701 2085; x_wconf 88' lang='lat' dir='ltr'>esse</span> <span class='ocrx_word' id='word_1_171' title='bbox 1738 2048 1867 2086; x_wconf 90' lang='lat' dir='ltr'>eum</span> <span class='ocrx_word' id='word_1_172' title='bbox 1904 2033 2002 2103; x_wconf 88' lang='lat' dir='ltr'>qui</span> <span class='ocrx_word' id='word_1_173' title='bbox 2040 2034 2160 2105; x_wconf 86' lang='lat' dir='ltr'>ipse</span> 
     </span>
    </p>
   </div>
   <div class='ocr_carea' id='block_1_23' title="bbox 527 2125 2159 2197">
    <p class='ocr_par' dir='ltr' id='par_1_23' title="bbox 527 2125 2159 2197">
     <span class='ocr_line' id='line_1_23' title="bbox 527 2125 2159 2197; baseline 0.002 -19"><span class='ocrx_word' id='word_1_174' title='bbox 527 2141 586 2179; x_wconf 89' lang='lat' dir='ltr'>se</span> <span class='ocrx_word' id='word_1_175' title='bbox 631 2141 743 2180; x_wconf 89' lang='lat' dir='ltr'>non</span> <span class='ocrx_word' id='word_1_176' title='bbox 798 2131 984 2197; x_wconf 90' lang='lat' dir='ltr'>neget,</span> <span class='ocrx_word' id='word_1_177' title='bbox 1034 2130 1133 2180; x_wconf 88' lang='lat' dir='ltr'>aut</span> <span class='ocrx_word' id='word_1_178' title='bbox 1174 2128 1326 2180; x_wconf 88' lang='lat' dir='ltr'>certe</span> <span class='ocrx_word' id='word_1_179' title='bbox 1372 2125 1417 2179; x_wconf 88' lang='lat' dir='ltr'>si</span> <span class='ocrx_word' id='word_1_180' title='bbox 1466 2142 1568 2196; x_wconf 89' lang='lat' dir='ltr'>pro</span> <span class='ocrx_word' id='word_1_181' title='bbox 1617 2141 1709 2179; x_wconf 85' lang='lat' dir='ltr'>me</span> <span class='ocrx_word' id='word_1_182' title='bbox 1758 2125 2011 2197; x_wconf 88' lang='lat' dir='ltr'>seipsum</span> <span class='ocrx_word' id='word_1_183' title='bbox 2055 2126 2159 2182; x_wconf 87' lang='lat' dir='ltr'>sibi</span> 
     </span>
    </p>
   </div>
   <div class='ocr_carea' id='block_1_24' title="bbox 526 2218 2161 2290">
    <p class='ocr_par' dir='ltr' id='par_1_24' title="bbox 526 2218 2161 2290">
     <span class='ocr_line' id='line_1_24' title="bbox 526 2218 2161 2290; baseline 0 -17"><span class='ocrx_word' id='word_1_184' title='bbox 526 2219 789 2290; x_wconf 82' lang='lat' dir='ltr'>abneget.</span> <span class='ocrx_word' id='word_1_185' title='bbox 836 2218 976 2273; x_wconf 88' lang='lat' dir='ltr'>Nolo</span> <span class='ocrx_word' id='word_1_186' title='bbox 1022 2219 1231 2274; x_wconf 83' lang='lat' dir='ltr'>habere</span> <span class='ocrx_word' id='word_1_187' title='bbox 1275 2218 1560 2273; x_wconf 86' lang='lat' dir='ltr'>servulum</span> <span class='ocrx_word' id='word_1_188' title='bbox 1616 2219 1871 2290; x_wconf 80' lang='lat' dir='ltr'>plurimis</span> <span class='ocrx_word' id='word_1_189' title='bbox 1915 2219 2161 2275; x_wconf 87' lang='lat' dir='ltr'>dominis</span> 
     </span>
    </p>
   </div>
   <div class='ocr_carea' id='block_1_25' title="bbox 529 2311 2163 2384">
    <p class='ocr_par' dir='ltr' id='par_1_25' title="bbox 529 2311 2163 2384">
     <span class='ocr_line' id='line_1_25' title="bbox 529 2311 2163 2384; baseline 0.001 -18"><span class='ocrx_word' id='word_1_190' title='bbox 529 2311 891 2367; x_wconf 84' lang='lat' dir='ltr'>servientem.</span> <span class='ocrx_word' id='word_1_191' title='bbox 923 2313 1059 2366; x_wconf 84' lang='lat' dir='ltr'>Nam</span> <span class='ocrx_word' id='word_1_192' title='bbox 1093 2312 1382 2384; x_wconf 89' lang='lat' dir='ltr'>quomodo</span> <span class='ocrx_word' id='word_1_193' title='bbox 1421 2328 1580 2367; x_wconf 88' lang='lat' dir='ltr'>meus</span> <span class='ocrx_word' id='word_1_194' title='bbox 1619 2315 1721 2381; x_wconf 83' lang='lat' dir='ltr'>est,</span> <span class='ocrx_word' id='word_1_195' title='bbox 1752 2313 1795 2366; x_wconf 89' lang='lat' dir='ltr'>si</span> <span class='ocrx_word' id='word_1_196' title='bbox 1835 2313 1975 2368; x_wconf 89' lang='lat' dir='ltr'>mihi</span> <span class='ocrx_word' id='word_1_197' title='bbox 2015 2313 2163 2369; x_wconf 85' lang='lat' dir='ltr'>dicat</span> 
     </span>
    </p>
   </div>
   <div class='ocr_carea' id='block_1_26' title="bbox 524 2405 2159 2477">
    <p class='ocr_par' dir='ltr' id='par_1_26' title="bbox 524 2405 2159 2477">
     <span class='ocr_line' id='line_1_26' title="bbox 524 2405 2159 2477; baseline 0.002 -19"><span class='ocrx_word' id='word_1_198' title='bbox 524 2406 697 2461; x_wconf 85' lang='lat' dir='ltr'>verbo</span> <span class='ocrx_word' id='word_1_199' title='bbox 741 2423 753 2460; x_wconf 91' lang='lat'>:</span> <span class='ocrx_word' id='word_1_200' title='bbox 794 2407 945 2460; x_wconf 84' lang='lat' dir='ltr'>&#39;l‘uus</span> <span class='ocrx_word' id='word_1_201' title='bbox 984 2422 1130 2473; x_wconf 91' lang='lat' dir='ltr'>sum,</span> <span class='ocrx_word' id='word_1_202' title='bbox 1166 2412 1221 2460; x_wconf 90' lang='lat' dir='ltr'>et</span> <span class='ocrx_word' id='word_1_203' title='bbox 1261 2405 1529 2477; x_wconf 87' lang='lat' dir='ltr'>operibus</span> <span class='ocrx_word' id='word_1_204' title='bbox 1566 2412 1759 2477; x_wconf 83' lang='lat' dir='ltr'>neget,</span> <span class='ocrx_word' id='word_1_205' title='bbox 1798 2413 1854 2462; x_wconf 90' lang='lat' dir='ltr'>et</span> <span class='ocrx_word' id='word_1_206' title='bbox 1895 2407 2055 2462; x_wconf 85' lang='lat' dir='ltr'>factis</span> <span class='ocrx_word' id='word_1_207' title='bbox 2102 2424 2159 2462; x_wconf 87' lang='lat' dir='ltr'>se</span> 
     </span>
    </p>
   </div>
   <div class='ocr_carea' id='block_1_27' title="bbox 525 2498 2160 2571">
    <p class='ocr_par' dir='ltr' id='par_1_27' title="bbox 525 2498 2160 2571">
     <span class='ocr_line' id='line_1_27' title="bbox 525 2498 2160 2571; baseline 0.001 -18"><span class='ocrx_word' id='word_1_208' title='bbox 525 2499 747 2555; x_wconf 88' lang='lat' dir='ltr'>diabolo</span> <span class='ocrx_word' id='word_1_209' title='bbox 799 2498 1083 2570; x_wconf 90' lang='lat' dir='ltr'>adjudicet</span> <span class='ocrx_word' id='word_1_210' title='bbox 1145 2504 1200 2554; x_wconf 92' lang='lat' dir='ltr'>et</span> <span class='ocrx_word' id='word_1_211' title='bbox 1264 2499 1622 2571; x_wconf 84' lang='lat' dir='ltr'>obstringat?</span> <span class='ocrx_word' id='word_1_212' title='bbox 1674 2500 1797 2555; x_wconf 89' lang='lat' dir='ltr'>Non</span> <span class='ocrx_word' id='word_1_213' title='bbox 1852 2504 1937 2554; x_wconf 85' lang='lat' dir='ltr'>est</span> <span class='ocrx_word' id='word_1_214' title='bbox 1998 2517 2160 2556; x_wconf 89' lang='lat' dir='ltr'>meus</span> 
     </span>
    </p>
   </div>
   <div class='ocr_carea' id='block_1_28' title="bbox 524 2592 2156 2666">
    <p class='ocr_par' dir='ltr' id='par_1_28' title="bbox 524 2592 2156 2666">
     <span class='ocr_line' id='line_1_28' title="bbox 524 2592 2156 2666; baseline -0.001 -18"><span class='ocrx_word' id='word_1_215' title='bbox 524 2609 698 2666; x_wconf 87' lang='lat' dir='ltr'>quem</span> <span class='ocrx_word' id='word_1_216' title='bbox 756 2593 931 2648; x_wconf 92' lang='lat' dir='ltr'>libido</span> <span class='ocrx_word' id='word_1_217' title='bbox 994 2592 1302 2662; x_wconf 87' lang='lat' dir='ltr'>succendit,</span> <span class='ocrx_word' id='word_1_218' title='bbox 1350 2593 1487 2665; x_wconf 88' lang='lat' dir='ltr'>quia</span> <span class='ocrx_word' id='word_1_219' title='bbox 1556 2610 1684 2649; x_wconf 88' lang='lat' dir='ltr'>mea</span> <span class='ocrx_word' id='word_1_220' title='bbox 1747 2598 1833 2649; x_wconf 89' lang='lat' dir='ltr'>est</span> <span class='ocrx_word' id='word_1_221' title='bbox 1896 2594 2156 2661; x_wconf 82' lang='lat' dir='ltr'>castitas;</span> 
     </span>
    </p>
   </div>
   <div class='ocr_carea' id='block_1_29' title="bbox 528 2687 2156 2759">
    <p class='ocr_par' dir='ltr' id='par_1_29' title="bbox 528 2687 2156 2759">
     <span class='ocr_line' id='line_1_29' title="bbox 528 2687 2156 2759; baseline 0.001 -18"><span class='ocrx_word' id='word_1_222' title='bbox 528 2704 641 2742; x_wconf 90' lang='lat' dir='ltr'>non</span> <span class='ocrx_word' id='word_1_223' title='bbox 683 2692 767 2741; x_wconf 90' lang='lat' dir='ltr'>est</span> <span class='ocrx_word' id='word_1_224' title='bbox 809 2703 971 2742; x_wconf 89' lang='lat' dir='ltr'>meus</span> <span class='ocrx_word' id='word_1_225' title='bbox 1013 2703 1184 2758; x_wconf 89' lang='lat' dir='ltr'>quem</span> <span class='ocrx_word' id='word_1_226' title='bbox 1227 2703 1361 2741; x_wconf 89' lang='lat' dir='ltr'>cura</span> <span class='ocrx_word' id='word_1_227' title='bbox 1400 2687 1684 2759; x_wconf 86' lang='lat' dir='ltr'>spoliandi</span> <span class='ocrx_word' id='word_1_228' title='bbox 1732 2687 1983 2743; x_wconf 88' lang='lat' dir='ltr'>minores</span> <span class='ocrx_word' id='word_1_229' title='bbox 2027 2704 2156 2743; x_wconf 87' lang='lat' dir='ltr'>exa-</span> 
     </span>
    </p>
   </div>
   <div class='ocr_carea' id='block_1_30' title="bbox 529 2780 2161 2854">
    <p class='ocr_par' dir='ltr' id='par_1_30' title="bbox 529 2780 2161 2854">
     <span class='ocr_line' id='line_1_30' title="bbox 529 2780 2161 2854; baseline 0.001 -19"><span class='ocrx_word' id='word_1_230' title='bbox 529 2781 691 2851; x_wconf 85' lang='lat' dir='ltr'>gitat,</span> <span class='ocrx_word' id='word_1_231' title='bbox 725 2780 859 2852; x_wconf 88' lang='lat' dir='ltr'>quia</span> <span class='ocrx_word' id='word_1_232' title='bbox 902 2797 1033 2835; x_wconf 90' lang='lat' dir='ltr'>mea</span> <span class='ocrx_word' id='word_1_233' title='bbox 1075 2780 1302 2852; x_wconf 83' lang='lat' dir='ltr'>largitio</span> <span class='ocrx_word' id='word_1_234' title='bbox 1342 2785 1453 2848; x_wconf 87' lang='lat' dir='ltr'>est;</span> <span class='ocrx_word' id='word_1_235' title='bbox 1485 2796 1602 2836; x_wconf 89' lang='lat' dir='ltr'>non</span> <span class='ocrx_word' id='word_1_236' title='bbox 1646 2786 1730 2837; x_wconf 88' lang='lat' dir='ltr'>est</span> <span class='ocrx_word' id='word_1_237' title='bbox 1771 2797 1954 2851; x_wconf 88' lang='lat' dir='ltr'>meus,</span> <span class='ocrx_word' id='word_1_238' title='bbox 1990 2798 2161 2854; x_wconf 88' lang='lat' dir='ltr'>quem</span> 
     </span>
    </p>
   </div>
   <div class='ocr_carea' id='block_1_31' title="bbox 528 2874 2161 2948">
    <p class='ocr_par' dir='ltr' id='par_1_31' title="bbox 528 2874 2161 2948">
     <span class='ocr_line' id='line_1_31' title="bbox 528 2874 2161 2948; baseline 0.001 -19"><span class='ocrx_word' id='word_1_239' title='bbox 528 2891 667 2931; x_wconf 86' lang='lat' dir='ltr'>aura</span> <span class='ocrx_word' id='word_1_240' title='bbox 714 2874 1040 2930; x_wconf 86' lang='lat' dir='ltr'>mobilitatis</span> <span class='ocrx_word' id='word_1_241' title='bbox 1082 2874 1380 2947; x_wconf 80' lang='lat' dir='ltr'>inquietat,</span> <span class='ocrx_word' id='word_1_242' title='bbox 1423 2874 1561 2947; x_wconf 86' lang='lat' dir='ltr'>quia</span> <span class='ocrx_word' id='word_1_243' title='bbox 1603 2875 1987 2948; x_wconf 88' lang='lat' dir='ltr'>tranquillitas</span> <span class='ocrx_word' id='word_1_244' title='bbox 2033 2892 2161 2930; x_wconf 90' lang='lat' dir='ltr'>mea</span> 
     </span>
    </p>
   </div>
   <div class='ocr_carea' id='block_1_32' title="bbox 528 2968 2161 3040">
    <p class='ocr_par' dir='ltr' id='par_1_32' title="bbox 528 2968 2161 3040">
     <span class='ocr_line' id='line_1_32' title="bbox 528 2968 2161 3040; baseline 0.002 -18"><span class='ocrx_word' id='word_1_245' title='bbox 528 2972 632 3023; x_wconf 84' lang='lat' dir='ltr'>est.</span> <span class='ocrx_word' id='word_1_246' title='bbox 671 2969 791 3023; x_wconf 85' lang='lat' dir='ltr'>Non</span> <span class='ocrx_word' id='word_1_247' title='bbox 831 2974 917 3023; x_wconf 90' lang='lat' dir='ltr'>est</span> <span class='ocrx_word' id='word_1_248' title='bbox 955 2984 1117 3023; x_wconf 88' lang='lat' dir='ltr'>meus</span> <span class='ocrx_word' id='word_1_249' title='bbox 1152 2968 1269 3024; x_wconf 89' lang='lat' dir='ltr'>vini</span> <span class='ocrx_word' id='word_1_250' title='bbox 1309 2969 1540 3040; x_wconf 85' lang='lat' dir='ltr'>crapula</span> <span class='ocrx_word' id='word_1_251' title='bbox 1577 2970 1942 3037; x_wconf 88' lang='lat' dir='ltr'>temulentus,</span> <span class='ocrx_word' id='word_1_252' title='bbox 1969 2969 2161 3025; x_wconf 87' lang='lat' dir='ltr'>illuvie</span> 
     </span>
    </p>
   </div>
   <div class='ocr_carea' id='block_1_33' title="bbox 527 3061 2162 3135">
    <p class='ocr_par' dir='ltr' id='par_1_33' title="bbox 527 3061 2162 3135">
     <span class='ocr_line' id='line_1_33' title="bbox 527 3061 2162 3135; baseline 0.001 -18"><span class='ocrx_word' id='word_1_253' title='bbox 527 3061 850 3117; x_wconf 90' lang='lat' dir='ltr'>ambitionis</span> <span class='ocrx_word' id='word_1_254' title='bbox 873 3061 1151 3132; x_wconf 89' lang='lat' dir='ltr'>impurus,</span> <span class='ocrx_word' id='word_1_255' title='bbox 1172 3061 1368 3133; x_wconf 79' lang='lat' dir='ltr'>gloriae</span> <span class='ocrx_word' id='word_1_256' title='bbox 1388 3062 1671 3117; x_wconf 73' lang='lat' dir='ltr'>saecularis</span> <span class='ocrx_word' id='word_1_257' title='bbox 1690 3062 1951 3135; x_wconf 89' lang='lat' dir='ltr'>cupidus,</span> <span class='ocrx_word' id='word_1_258' title='bbox 1973 3063 2162 3118; x_wconf 88' lang='lat' dir='ltr'>ebrius</span> 
     </span>
    </p>
   </div>
   <div class='ocr_carea' id='block_1_34' title="bbox 528 3154 2160 3227">
    <p class='ocr_par' dir='ltr' id='par_1_34' title="bbox 528 3154 2160 3227">
     <span class='ocr_line' id='line_1_34' title="bbox 528 3154 2160 3227; baseline 0.001 -17"><span class='ocrx_word' id='word_1_259' title='bbox 528 3156 587 3210; x_wconf 89' lang='lat' dir='ltr'>in</span> <span class='ocrx_word' id='word_1_260' title='bbox 617 3154 956 3227; x_wconf 90' lang='lat' dir='ltr'>periculum,</span> <span class='ocrx_word' id='word_1_261' title='bbox 997 3154 1093 3225; x_wconf 89' lang='lat' dir='ltr'>qui</span> <span class='ocrx_word' id='word_1_262' title='bbox 1136 3170 1250 3209; x_wconf 90' lang='lat' dir='ltr'>non</span> <span class='ocrx_word' id='word_1_263' title='bbox 1288 3158 1474 3227; x_wconf 90' lang='lat' dir='ltr'>potest</span> <span class='ocrx_word' id='word_1_264' title='bbox 1511 3154 1717 3209; x_wconf 67' lang='lat' dir='ltr'>sobriae</span> <span class='ocrx_word' id='word_1_265' title='bbox 1749 3156 2160 3212; x_wconf 87' lang='lat' dir='ltr'>moderationis</span> 
     </span>
    </p>
   </div>
   <div class='ocr_carea' id='block_1_35' title="bbox 529 3247 2155 3322">
    <p class='ocr_par' dir='ltr' id='par_1_35' title="bbox 529 3247 2155 3322">
     <span class='ocr_line' id='line_1_35' title="bbox 529 3247 2155 3322; baseline 0 -19"><span class='ocrx_word' id='word_1_266' title='bbox 529 3264 757 3303; x_wconf 87' lang='lat' dir='ltr'>servare</span> <span class='ocrx_word' id='word_1_267' title='bbox 786 3247 1111 3319; x_wconf 79' lang='lat' dir='ltr'>vestigium.</span> <span class='ocrx_word' id='word_1_268' title='bbox 1144 3249 1253 3302; x_wconf 86' lang='lat' dir='ltr'>Pax</span> <span class='ocrx_word' id='word_1_269' title='bbox 1289 3263 1415 3302; x_wconf 90' lang='lat' dir='ltr'>sum</span> <span class='ocrx_word' id='word_1_270' title='bbox 1455 3264 1583 3319; x_wconf 85' lang='lat' dir='ltr'>ego,</span> <span class='ocrx_word' id='word_1_271' title='bbox 1611 3248 1833 3322; x_wconf 79' lang='lat' dir='ltr'>litigare</span> <span class='ocrx_word' id='word_1_272' title='bbox 1862 3266 1975 3304; x_wconf 89' lang='lat' dir='ltr'>non</span> <span class='ocrx_word' id='word_1_273' title='bbox 2001 3251 2155 3317; x_wconf 88' lang='lat' dir='ltr'>novi;</span> 
     </span>
    </p>
   </div>
   <div class='ocr_carea' id='block_1_36' title="bbox 532 3341 2155 3414">
    <p class='ocr_par' dir='ltr' id='par_1_36' title="bbox 532 3341 2155 3414">
     <span class='ocr_line' id='line_1_36' title="bbox 532 3341 2155 3414; baseline 0.001 -18"><span class='ocrx_word' id='word_1_274' title='bbox 532 3341 752 3414; x_wconf 88' lang='lat' dir='ltr'>utquid</span> <span class='ocrx_word' id='word_1_275' title='bbox 784 3341 1082 3396; x_wconf 86' lang='lat' dir='ltr'>mihicum</span> <span class='ocrx_word' id='word_1_276' title='bbox 1107 3342 1177 3397; x_wconf 92' lang='lat' dir='ltr'>de</span> <span class='ocrx_word' id='word_1_277' title='bbox 1207 3358 1321 3413; x_wconf 90' lang='lat' dir='ltr'>quo</span> <span class='ocrx_word' id='word_1_278' title='bbox 1356 3342 1543 3397; x_wconf 87' lang='lat' dir='ltr'>veniat</span> <span class='ocrx_word' id='word_1_279' title='bbox 1577 3342 1834 3398; x_wconf 84' lang='lat' dir='ltr'>diabolus</span> <span class='ocrx_word' id='word_1_280' title='bbox 1869 3347 1927 3398; x_wconf 91' lang='lat' dir='ltr'>et</span> <span class='ocrx_word' id='word_1_281' title='bbox 1962 3344 2155 3400; x_wconf 85' lang='lat' dir='ltr'>dicat:</span> 
     </span>
    </p>
   </div>
   <div class='ocr_carea' id='block_1_37' title="bbox 533 3435 2158 3504">
    <p class='ocr_par' dir='ltr' id='par_1_37' title="bbox 533 3435 2158 3504">
     <span class='ocr_line' id='line_1_37' title="bbox 533 3435 2158 3504; baseline 0.001 -14"><span class='ocrx_word' id='word_1_282' title='bbox 533 3435 682 3490; x_wconf 83' lang='lat' dir='ltr'>Meus</span> <span class='ocrx_word' id='word_1_283' title='bbox 713 3438 827 3504; x_wconf 84' lang='lat' dir='ltr'>est;</span> <span class='ocrx_word' id='word_1_284' title='bbox 862 3451 995 3490; x_wconf 89' lang='lat' dir='ltr'>nam</span> <span class='ocrx_word' id='word_1_285' title='bbox 1034 3435 1173 3490; x_wconf 91' lang='lat' dir='ltr'>mihi</span> <span class='ocrx_word' id='word_1_286' title='bbox 1203 3452 1305 3490; x_wconf 89' lang='lat' dir='ltr'>sua</span> <span class='ocrx_word' id='word_1_287' title='bbox 1340 3436 1487 3491; x_wconf 92' lang='lat' dir='ltr'>colla</span> <span class='ocrx_word' id='word_1_288' title='bbox 1511 3436 1781 3504; x_wconf 88' lang='lat' dir='ltr'>curvavit,</span> <span class='ocrx_word' id='word_1_289' title='bbox 1816 3453 1943 3492; x_wconf 89' lang='lat' dir='ltr'>mea</span> <span class='ocrx_word' id='word_1_290' title='bbox 1971 3437 2027 3491; x_wconf 90' lang='lat' dir='ltr'>in</span> <span class='ocrx_word' id='word_1_291' title='bbox 2062 3438 2158 3493; x_wconf 93' lang='lat' dir='ltr'>illo</span> 
     </span>
    </p>
   </div>
   <div class='ocr_carea' id='block_1_38' title="bbox 537 3529 2157 3601">
    <p class='ocr_par' dir='ltr' id='par_1_38' title="bbox 537 3529 2157 3601">
     <span class='ocr_line' id='line_1_38' title="bbox 537 3529 2157 3601; baseline 0.001 -18"><span class='ocrx_word' id='word_1_292' title='bbox 537 3530 697 3600; x_wconf 88' lang='lat' dir='ltr'>plura</span> <span class='ocrx_word' id='word_1_293' title='bbox 723 3529 944 3601; x_wconf 89' lang='lat' dir='ltr'>reperio</span> <span class='ocrx_word' id='word_1_294' title='bbox 973 3546 986 3584; x_wconf 90' lang='lat'><strong>:</strong></span> <span class='ocrx_word' id='word_1_295' title='bbox 1018 3546 1233 3585; x_wconf 88' lang='lat' dir='ltr'>nomen</span> <span class='ocrx_word' id='word_1_296' title='bbox 1263 3529 1369 3585; x_wconf 88' lang='lat' dir='ltr'>sibi</span> <span class='ocrx_word' id='word_1_297' title='bbox 1396 3533 1559 3585; x_wconf 91' lang='lat' dir='ltr'>tuum</span> <span class='ocrx_word' id='word_1_298' title='bbox 1589 3530 1854 3599; x_wconf 86' lang='lat' dir='ltr'>vindicat,</span> <span class='ocrx_word' id='word_1_299' title='bbox 1887 3536 1943 3585; x_wconf 90' lang='lat' dir='ltr'>et</span> <span class='ocrx_word' id='word_1_300' title='bbox 1966 3547 2157 3585; x_wconf 89' lang='lat' dir='ltr'>meum</span> 
     </span>
    </p>
   </div>
   <div class='ocr_carea' id='block_1_39' title="bbox 535 3623 2161 3696">
    <p class='ocr_par' dir='ltr' id='par_1_39' title="bbox 535 3623 2161 3696">
     <span class='ocr_line' id='line_1_39' title="bbox 535 3623 2161 3696; baseline 0.001 -20"><span class='ocrx_word' id='word_1_301' title='bbox 535 3639 759 3677; x_wconf 88' lang='lat' dir='ltr'>munus.</span> <span class='ocrx_word' id='word_1_302' title='bbox 789 3624 910 3678; x_wconf 87' lang='lat' dir='ltr'>Non</span> <span class='ocrx_word' id='word_1_303' title='bbox 951 3628 1035 3679; x_wconf 87' lang='lat' dir='ltr'>est</span> <span class='ocrx_word' id='word_1_304' title='bbox 1067 3640 1208 3695; x_wconf 91' lang='lat' dir='ltr'>ergo</span> <span class='ocrx_word' id='word_1_305' title='bbox 1237 3623 1466 3691; x_wconf 87' lang='lat' dir='ltr'>Christi,</span> <span class='ocrx_word' id='word_1_306' title='bbox 1496 3623 1601 3678; x_wconf 88' lang='lat' dir='ltr'>nisi</span> <span class='ocrx_word' id='word_1_307' title='bbox 1639 3626 1738 3696; x_wconf 92' lang='lat' dir='ltr'>qui</span> <span class='ocrx_word' id='word_1_308' title='bbox 1775 3629 1859 3679; x_wconf 90' lang='lat' dir='ltr'>est</span> <span class='ocrx_word' id='word_1_309' title='bbox 1888 3623 2106 3680; x_wconf 87' lang='lat' dir='ltr'>alienus</span> <span class='ocrx_word' id='word_1_310' title='bbox 2129 3641 2161 3678; x_wconf 70' lang='grc' dir='ltr'><strong>τι</strong></span> 
     </span>
    </p>
   </div>
   <div class='ocr_carea' id='block_1_40' title="bbox 531 3716 2160 3789">
    <p class='ocr_par' dir='ltr' id='par_1_40' title="bbox 531 3716 2160 3789">
     <span class='ocr_line' id='line_1_40' title="bbox 531 3716 2160 3789; baseline 0.001 -18"><span class='ocrx_word' id='word_1_311' title='bbox 531 3716 770 3772; x_wconf 84' lang='lat' dir='ltr'>crimine</span> <span class='ocrx_word' id='word_1_312' title='bbox 801 3733 813 3772; x_wconf 90' lang='lat'><strong>:</strong></span> <span class='ocrx_word' id='word_1_313' title='bbox 849 3733 966 3772; x_wconf 90' lang='lat' dir='ltr'>non</span> <span class='ocrx_word' id='word_1_314' title='bbox 998 3723 1083 3773; x_wconf 85' lang='lat' dir='ltr'>est</span> <span class='ocrx_word' id='word_1_315' title='bbox 1111 3717 1341 3785; x_wconf 88' lang='lat' dir='ltr'>Christi,</span> <span class='ocrx_word' id='word_1_316' title='bbox 1379 3716 1484 3771; x_wconf 89' lang='lat' dir='ltr'>nisi</span> <span class='ocrx_word' id='word_1_317' title='bbox 1509 3718 1604 3789; x_wconf 92' lang='lat' dir='ltr'>qui</span> <span class='ocrx_word' id='word_1_318' title='bbox 1636 3722 1821 3788; x_wconf 89' lang='lat' dir='ltr'>potest</span> <span class='ocrx_word' id='word_1_319' title='bbox 1850 3735 2079 3789; x_wconf 90' lang='lat' dir='ltr'>semper</span> <span class='ocrx_word' id='word_1_320' title='bbox 2103 3734 2160 3774; x_wconf 89' lang='lat' dir='ltr'>se</span> 
     </span>
    </p>
   </div>
   <div class='ocr_carea' id='block_1_41' title="bbox 532 3810 1496 3867">
    <p class='ocr_par' dir='ltr' id='par_1_41' title="bbox 532 3810 1496 3867">
     <span class='ocr_line' id='line_1_41' title="bbox 532 3810 1496 3867; baseline 0.001 -2"><span class='ocrx_word' id='word_1_321' title='bbox 532 3810 738 3867; x_wconf 81' lang='lat' dir='ltr'>Christi</span> <span class='ocrx_word' id='word_1_322' title='bbox 762 3812 1050 3866; x_wconf 87' lang='lat' dir='ltr'>servulum</span> <span class='ocrx_word' id='word_1_323' title='bbox 1080 3811 1496 3866; x_wconf 87' lang='lat' dir='ltr'>demonstrare.</span> 
     </span>
    </p>
   </div>
   <div class='ocr_carea' id='block_1_42' title="bbox 600 3904 2160 3974">
    <p class='ocr_par' dir='ltr' id='par_1_42' title="bbox 600 3904 2160 3974">
     <span class='ocr_line' id='line_1_42' title="bbox 600 3904 2160 3974; baseline 0.001 -16"><span class='ocrx_word' id='word_1_324' title='bbox 600 3908 652 3958; x_wconf 88' lang='lat'>5.</span> <span class='ocrx_word' id='word_1_325' title='bbox 705 3904 814 3974; x_wconf 77' lang='lat'>(59)</span> <span class='ocrx_word' id='word_1_326' title='bbox 863 3908 973 3973; x_wconf 86' lang='lat' dir='ltr'>Ego</span> <span class='ocrx_word' id='word_1_327' title='bbox 1022 3905 1214 3961; x_wconf 78' lang='lat' dir='ltr'>dilecto</span> <span class='ocrx_word' id='word_1_328' title='bbox 1259 3921 1391 3967; x_wconf 88' lang='lat' dir='ltr'>meo,</span> <span class='ocrx_word' id='word_1_329' title='bbox 1441 3911 1489 3960; x_wconf 86' lang='lat' dir='ltr'>et</span> <span class='ocrx_word' id='word_1_330' title='bbox 1537 3906 1766 3961; x_wconf 78' lang='lat' dir='ltr'>dilectus</span> <span class='ocrx_word' id='word_1_331' title='bbox 1815 3921 1959 3961; x_wconf 80' lang='lat' dir='ltr'>meus</span> <span class='ocrx_word' id='word_1_332' title='bbox 2008 3908 2160 3970; x_wconf 78' lang='lat' dir='ltr'>mihi,</span> 
     </span>
    </p>
   </div>
   <div class='ocr_carea' id='block_1_43' title="bbox 531 3998 2164 4067">
    <p class='ocr_par' dir='ltr' id='par_1_43' title="bbox 531 3998 2164 4067">
     <span class='ocr_line' id='line_1_43' title="bbox 531 3998 2164 4067; baseline 0.001 -15"><span class='ocrx_word' id='word_1_333' title='bbox 531 4000 630 4066; x_wconf 67' lang='lat' dir='ltr'>qui</span> <span class='ocrx_word' id='word_1_334' title='bbox 652 4001 901 4067; x_wconf 79' lang='lat' dir='ltr'>pascitur</span> <span class='ocrx_word' id='word_1_335' title='bbox 937 4001 1077 4053; x_wconf 78' lang='lat' dir='ltr'>inter</span> <span class='ocrx_word' id='word_1_336' title='bbox 1107 4000 1245 4054; x_wconf 72' lang='lat' dir='ltr'>lilia.</span> <span class='ocrx_word' id='word_1_337' title='bbox 1280 3998 1511 4054; x_wconf 90' lang='lat' dir='ltr'>Videtur</span> <span class='ocrx_word' id='word_1_338' title='bbox 1551 3999 1702 4054; x_wconf 89' lang='lat' dir='ltr'>inter</span> <span class='ocrx_word' id='word_1_339' title='bbox 1739 3999 1943 4054; x_wconf 90' lang='lat' dir='ltr'>dilecta</span> <span class='ocrx_word' id='word_1_340' title='bbox 1975 3999 2164 4055; x_wconf 89' lang='lat' dir='ltr'>dilecti</span> 
     </span>
    </p>
   </div>
   <div class='ocr_carea' id='block_1_44' title="bbox 533 4091 2160 4159">
    <p class='ocr_par' dir='ltr' id='par_1_44' title="bbox 533 4091 2160 4159">
     <span class='ocr_line' id='line_1_44' title="bbox 533 4091 2160 4159; baseline 0.002 -14"><span class='ocrx_word' id='word_1_341' title='bbox 533 4091 720 4145; x_wconf 87' lang='lat' dir='ltr'>dicere</span> <span class='ocrx_word' id='word_1_342' title='bbox 756 4108 770 4144; x_wconf 88' lang='lat'><strong>:</strong></span> <span class='ocrx_word' id='word_1_343' title='bbox 811 4112 837 4139; x_wconf 90' lang='grc'>‹‹</span> <span class='ocrx_word' id='word_1_344' title='bbox 869 4092 1159 4147; x_wconf 89' lang='lat' dir='ltr'>Secretum</span> <span class='ocrx_word' id='word_1_345' title='bbox 1207 4109 1402 4148; x_wconf 89' lang='lat' dir='ltr'>meum</span> <span class='ocrx_word' id='word_1_346' title='bbox 1444 4091 1605 4159; x_wconf 89' lang='lat' dir='ltr'>mihi,</span> <span class='ocrx_word' id='word_1_347' title='bbox 1649 4098 1929 4148; x_wconf 90' lang='lat' dir='ltr'>secretum</span> <span class='ocrx_word' id='word_1_348' title='bbox 1970 4109 2160 4149; x_wconf 85' lang='lat' dir='ltr'>meum</span> 
     </span>
    </p>
   </div>
   <div class='ocr_carea' id='block_1_45' title="bbox 533 4182 2161 4255">
    <p class='ocr_par' dir='ltr' id='par_1_45' title="bbox 533 4182 2161 4255">
     <span class='ocr_line' id='line_1_45' title="bbox 533 4182 2161 4255; baseline 0.004 -20"><span class='ocrx_word' id='word_1_349' title='bbox 533 4182 674 4237; x_wconf 87' lang='lat' dir='ltr'>mihi</span> <span class='ocrx_word' id='word_1_350' title='bbox 711 4183 859 4251; x_wconf 85' lang='lat' dir='ltr'>(lsa.,</span> <span class='ocrx_word' id='word_1_351' title='bbox 910 4200 1059 4252; x_wconf 77' lang='lat' dir='ltr'>xxrv,</span> <span class='ocrx_word' id='word_1_352' title='bbox 1106 4184 1212 4255; x_wconf 84' lang='lat' dir='ltr'>l6).</span> <span class='ocrx_word' id='word_1_353' title='bbox 1258 4206 1285 4235; x_wconf 83' lang='lat'>»</span> <span class='ocrx_word' id='word_1_354' title='bbox 1329 4185 1606 4250; x_wconf 67' lang='lat' dir='ltr'>Quaedam</span> <span class='ocrx_word' id='word_1_355' title='bbox 1652 4187 1809 4241; x_wconf 89' lang='lat' dir='ltr'>enim</span> <span class='ocrx_word' id='word_1_356' title='bbox 1858 4187 1914 4240; x_wconf 87' lang='lat' dir='ltr'>in</span> <span class='ocrx_word' id='word_1_357' title='bbox 1956 4188 2161 4242; x_wconf 86' lang='lat' dir='ltr'>exstasi</span> 
     </span>
    </p>
   </div>
   <div class='ocr_carea' id='block_1_46' title="bbox 532 4277 2161 4353">
    <p class='ocr_par' dir='ltr' id='par_1_46' title="bbox 532 4277 2161 4353">
     <span class='ocr_line' id='line_1_46' title="bbox 532 4277 2161 4353; baseline 0.003 -23"><span class='ocrx_word' id='word_1_358' title='bbox 532 4277 744 4332; x_wconf 80' lang='lat' dir='ltr'>amoris</span> <span class='ocrx_word' id='word_1_359' title='bbox 781 4277 866 4332; x_wconf 91' lang='lat' dir='ltr'>sui</span> <span class='ocrx_word' id='word_1_360' title='bbox 904 4278 1121 4333; x_wconf 88' lang='lat' dir='ltr'>occulta</span> <span class='ocrx_word' id='word_1_361' title='bbox 1152 4278 1282 4332; x_wconf 86' lang='lat' dir='ltr'>ﬁdei</span> <span class='ocrx_word' id='word_1_362' title='bbox 1325 4279 1687 4334; x_wconf 85' lang='lat' dir='ltr'>intellexerat</span> <span class='ocrx_word' id='word_1_363' title='bbox 1724 4280 2006 4352; x_wconf 84' lang='lat' dir='ltr'>mysteria,</span> <span class='ocrx_word' id='word_1_364' title='bbox 2035 4297 2161 4353; x_wconf 83' lang='lat' dir='ltr'>quae</span> 
     </span>
    </p>
   </div>
   <div class='ocr_carea' id='block_1_47' title="bbox 534 4370 2159 4445">
    <p class='ocr_par' dir='ltr' id='par_1_47' title="bbox 534 4370 2159 4445">
     <span class='ocr_line' id='line_1_47' title="bbox 534 4370 2159 4445; baseline 0.004 -22"><span class='ocrx_word' id='word_1_365' title='bbox 534 4387 637 4426; x_wconf 86' lang='lat' dir='ltr'>nec</span> <span class='ocrx_word' id='word_1_366' title='bbox 684 4370 817 4443; x_wconf 87' lang='lat' dir='ltr'>ipsis</span> <span class='ocrx_word' id='word_1_367' title='bbox 860 4372 1081 4427; x_wconf 83' lang='lat' dir='ltr'>ﬁliabus</span> <span class='ocrx_word' id='word_1_368' title='bbox 1120 4372 1435 4428; x_wconf 79' lang='lat' dir='ltr'>Jerusalem</span> <span class='ocrx_word' id='word_1_369' title='bbox 1482 4372 1839 4445; x_wconf 85' lang='lat' dir='ltr'>propalanda</span> <span class='ocrx_word' id='word_1_370' title='bbox 1882 4374 2159 4429; x_wconf 89' lang='lat' dir='ltr'>censebat.</span> 
     </span>
    </p>
   </div>
   <div class='ocr_carea' id='block_1_48' title="bbox 2181 1730 2238 1801">
    <p class='ocr_par' dir='ltr' id='par_1_48' title="bbox 2181 1730 2238 1801">
     <span class='ocr_line' id='line_1_48' title="bbox 2181 1730 2238 1801; baseline 0 0"><span class='ocrx_word' id='word_1_371' title='bbox 2181 1730 2238 1801; x_wconf 91' lang='grc' dir='ltr'><strong>Β</strong></span> 
     </span>
    </p>
   </div>
   <div class='ocr_carea' id='block_1_49' title="bbox 2255 440 3788 511">
    <p class='ocr_par' dir='ltr' id='par_1_49' title="bbox 2255 440 3788 511">
     <span class='ocr_line' id='line_1_49' title="bbox 2255 440 3788 511; baseline 0.003 -16"><span class='ocrx_word' id='word_1_372' title='bbox 2255 440 2393 495; x_wconf 86' lang='lat' dir='ltr'>bum</span> <span class='ocrx_word' id='word_1_373' title='bbox 2429 441 2703 496; x_wconf 86' lang='lat' dir='ltr'>emittunt</span> <span class='ocrx_word' id='word_1_374' title='bbox 2732 440 2886 511; x_wconf 88' lang='lat' dir='ltr'>quod</span> <span class='ocrx_word' id='word_1_375' title='bbox 2913 455 3175 496; x_wconf 88' lang='lat' dir='ltr'>revocare</span> <span class='ocrx_word' id='word_1_376' title='bbox 3213 456 3327 492; x_wconf 90' lang='lat' dir='ltr'>non</span> <span class='ocrx_word' id='word_1_377' title='bbox 3359 445 3580 510; x_wconf 88' lang='lat' dir='ltr'>possunt.</span> <span class='ocrx_word' id='word_1_378' title='bbox 3605 443 3707 499; x_wconf 85' lang='lat' dir='ltr'>Ideo</span> <span class='ocrx_word' id='word_1_379' title='bbox 3731 447 3788 502; x_wconf 88' lang='lat' dir='ltr'>vir</span> 
     </span>
    </p>
   </div>
   <div class='ocr_carea' id='block_1_50' title="bbox 2255 532 3791 600">
    <p class='ocr_par' dir='ltr' id='par_1_50' title="bbox 2255 532 3791 600">
     <span class='ocr_line' id='line_1_50' title="bbox 2255 532 3791 600; baseline 0.003 -10"><span class='ocrx_word' id='word_1_380' title='bbox 2255 533 2521 590; x_wconf 86' lang='lat' dir='ltr'>laudatur</span> <span class='ocrx_word' id='word_1_381' title='bbox 2545 534 2742 600; x_wconf 87' lang='lat' dir='ltr'>serius,</span> <span class='ocrx_word' id='word_1_382' title='bbox 2774 538 2833 589; x_wconf 92' lang='lat' dir='ltr'>et</span> <span class='ocrx_word' id='word_1_383' title='bbox 2860 551 2979 590; x_wconf 89' lang='lat' dir='ltr'>non</span> <span class='ocrx_word' id='word_1_384' title='bbox 3018 535 3255 590; x_wconf 90' lang='lat' dir='ltr'>otiosus.</span> <span class='ocrx_word' id='word_1_385' title='bbox 3284 532 3415 587; x_wconf 86' lang='lat' dir='ltr'>Erat</span> <span class='ocrx_word' id='word_1_386' title='bbox 3442 532 3588 588; x_wconf 86' lang='lat' dir='ltr'>homo</span> <span class='ocrx_word' id='word_1_387' title='bbox 3611 537 3791 593; x_wconf 82' lang='lat' dir='ltr'>abscon-</span> 
     </span>
    </p>
   </div>
   <div class='ocr_carea' id='block_1_51' title="bbox 2258 627 3795 699">
    <p class='ocr_par' dir='ltr' id='par_1_51' title="bbox 2258 627 3795 699">
     <span class='ocr_line' id='line_1_51' title="bbox 2258 627 3795 699; baseline 0.003 -16"><span class='ocrx_word' id='word_1_388' title='bbox 2258 628 2397 683; x_wconf 87' lang='lat' dir='ltr'>dens</span> <span class='ocrx_word' id='word_1_389' title='bbox 2426 644 2719 684; x_wconf 87' lang='lat' dir='ltr'>sermones</span> <span class='ocrx_word' id='word_1_390' title='bbox 2753 645 2903 696; x_wconf 89' lang='lat' dir='ltr'>suos,</span> <span class='ocrx_word' id='word_1_391' title='bbox 2937 631 2998 683; x_wconf 89' lang='lat' dir='ltr'>ut</span> <span class='ocrx_word' id='word_1_392' title='bbox 3034 627 3321 699; x_wconf 85' lang='lat' dir='ltr'>apostolus</span> <span class='ocrx_word' id='word_1_393' title='bbox 3356 627 3555 693; x_wconf 88' lang='lat' dir='ltr'>Paulus,</span> <span class='ocrx_word' id='word_1_394' title='bbox 3579 631 3657 699; x_wconf 87' lang='lat' dir='ltr'>qui</span> <span class='ocrx_word' id='word_1_395' title='bbox 3681 635 3795 687; x_wconf 79' lang='lat' dir='ltr'>novit</span> 
     </span>
    </p>
   </div>
   <div class='ocr_carea' id='block_1_52' title="bbox 2256 718 3798 794">
    <p class='ocr_par' dir='ltr' id='par_1_52' title="bbox 2256 718 3798 794">
     <span class='ocr_line' id='line_1_52' title="bbox 2256 718 3798 794; baseline 0.003 -19"><span class='ocrx_word' id='word_1_396' title='bbox 2256 722 2390 794; x_wconf 89' lang='lat' dir='ltr'>quid</span> <span class='ocrx_word' id='word_1_397' title='bbox 2411 722 2682 794; x_wconf 90' lang='lat' dir='ltr'>loquatur</span> <span class='ocrx_word' id='word_1_398' title='bbox 2707 721 2966 793; x_wconf 87' lang='lat' dir='ltr'>singulis,</span> <span class='ocrx_word' id='word_1_399' title='bbox 2989 727 3045 776; x_wconf 90' lang='lat' dir='ltr'>et</span> <span class='ocrx_word' id='word_1_400' title='bbox 3071 720 3299 793; x_wconf 89' lang='lat' dir='ltr'>quando</span> <span class='ocrx_word' id='word_1_401' title='bbox 3320 718 3448 791; x_wconf 88' lang='lat' dir='ltr'>quid</span> <span class='ocrx_word' id='word_1_402' title='bbox 3471 720 3603 792; x_wconf 90' lang='lat' dir='ltr'>loqui</span> <span class='ocrx_word' id='word_1_403' title='bbox 3626 723 3798 779; x_wconf 82' lang='lat' dir='ltr'>debeat.</span> 
     </span>
    </p>
   </div>
   <div class='ocr_carea' id='block_1_53' title="bbox 2329 816 3800 887">
    <p class='ocr_par' dir='ltr' id='par_1_53' title="bbox 2329 816 3800 887">
     <span class='ocr_line' id='line_1_53' title="bbox 2329 816 3800 887; baseline 0.003 -18"><span class='ocrx_word' id='word_1_404' title='bbox 2329 820 2378 869; x_wconf 85' lang='lat'>6.</span> <span class='ocrx_word' id='word_1_405' title='bbox 2430 817 2604 886; x_wconf 89' lang='lat' dir='ltr'>(Vers.</span> <span class='ocrx_word' id='word_1_406' title='bbox 2651 816 2726 885; x_wconf 84' lang='lat'>3.)</span> <span class='ocrx_word' id='word_1_407' title='bbox 2771 816 3120 887; x_wconf 74' lang='lat' dir='ltr'>Beneplacitu</span> <span class='ocrx_word' id='word_1_408' title='bbox 3164 830 3234 875; x_wconf 86' lang='lat' dir='ltr'>es,</span> <span class='ocrx_word' id='word_1_409' title='bbox 3276 829 3425 869; x_wconf 83' lang='lat' dir='ltr'>soror</span> <span class='ocrx_word' id='word_1_410' title='bbox 3462 831 3583 877; x_wconf 79' lang='lat' dir='ltr'>mea,</span> <span class='ocrx_word' id='word_1_411' title='bbox 3620 821 3800 886; x_wconf 81' lang='lat' dir='ltr'>speciosa</span> 
     </span>
    </p>
   </div>
   <div class='ocr_carea' id='block_1_54' title="bbox 2256 908 3804 971">
    <p class='ocr_par' dir='ltr' id='par_1_54' title="bbox 2256 908 3804 971">
     <span class='ocr_line' id='line_1_54' title="bbox 2256 908 3804 971; baseline 0 -6"><span class='ocrx_word' id='word_1_412' title='bbox 2256 913 2389 965; x_wconf 68' lang='lat' dir='ltr'>sicut</span> <span class='ocrx_word' id='word_1_413' title='bbox 2433 911 2753 971; x_wconf 79' lang='lat' dir='ltr'>Jerusalem,</span> <span class='ocrx_word' id='word_1_414' title='bbox 2812 910 3107 964; x_wconf 77' lang='lat' dir='ltr'>admiratio</span> <span class='ocrx_word' id='word_1_415' title='bbox 3156 911 3295 963; x_wconf 80' lang='lat' dir='ltr'>sicut</span> <span class='ocrx_word' id='word_1_416' title='bbox 3344 908 3595 964; x_wconf 82' lang='lat' dir='ltr'>ordinata.</span> <span class='ocrx_word' id='word_1_417' title='bbox 3638 911 3804 965; x_wconf 77' lang='lat' dir='ltr'>Veritas</span> 
     </span>
    </p>
   </div>
   <div class='ocr_carea' id='block_1_55' title="bbox 2259 1001 3805 1074">
    <p class='ocr_par' dir='ltr' id='par_1_55' title="bbox 2259 1001 3805 1074">
     <span class='ocr_line' id='line_1_55' title="bbox 2259 1001 3805 1074; baseline 0 -16"><span class='ocrx_word' id='word_1_418' title='bbox 2259 1003 2471 1058; x_wconf 88' lang='lat' dir='ltr'>amoris</span> <span class='ocrx_word' id='word_1_419' title='bbox 2497 1020 2567 1057; x_wconf 81' lang='lat' dir='ltr'>ex</span> <span class='ocrx_word' id='word_1_420' title='bbox 2604 1003 2688 1057; x_wconf 90' lang='lat' dir='ltr'>sui</span> <span class='ocrx_word' id='word_1_421' title='bbox 2723 1002 3109 1074; x_wconf 86' lang='lat' dir='ltr'>perpetuitate</span> <span class='ocrx_word' id='word_1_422' title='bbox 3137 1001 3413 1073; x_wconf 88' lang='lat' dir='ltr'>probatur</span> <span class='ocrx_word' id='word_1_423' title='bbox 3436 1002 3551 1071; x_wconf 83' lang='grc'><strong>(60).</strong></span> <span class='ocrx_word' id='word_1_424' title='bbox 3580 1003 3805 1058; x_wconf 86' lang='lat' dir='ltr'>Laudatur</span> 
     </span>
    </p>
   </div>
   <div class='ocr_carea' id='block_1_56' title="bbox 2260 1094 3809 1169">
    <p class='ocr_par' dir='ltr' id='par_1_56' title="bbox 2260 1094 3809 1169">
     <span class='ocr_line' id='line_1_56' title="bbox 2260 1094 3809 1169; baseline 0 -18"><span class='ocrx_word' id='word_1_425' title='bbox 2260 1097 2449 1168; x_wconf 82' lang='lat' dir='ltr'>itaque</span> <span class='ocrx_word' id='word_1_426' title='bbox 2493 1097 2712 1169; x_wconf 85' lang='lat' dir='ltr'>Sponsa</span> <span class='ocrx_word' id='word_1_427' title='bbox 2754 1114 2783 1151; x_wconf 88' lang='lat' dir='ltr'>a</span> <span class='ocrx_word' id='word_1_428' title='bbox 2824 1096 3067 1168; x_wconf 88' lang='lat' dir='ltr'>Sponso,</span> <span class='ocrx_word' id='word_1_429' title='bbox 3109 1094 3257 1166; x_wconf 89' lang='lat' dir='ltr'>quod</span> <span class='ocrx_word' id='word_1_430' title='bbox 3304 1098 3420 1149; x_wconf 88' lang='lat' dir='ltr'>tam</span> <span class='ocrx_word' id='word_1_431' title='bbox 3459 1094 3587 1150; x_wconf 88' lang='lat' dir='ltr'>bene</span> <span class='ocrx_word' id='word_1_432' title='bbox 3625 1103 3671 1150; x_wconf 91' lang='lat' dir='ltr'>et</span> <span class='ocrx_word' id='word_1_433' title='bbox 3705 1113 3809 1152; x_wconf 85' lang='lat' dir='ltr'>cou-</span> 
     </span>
    </p>
   </div>
   <div class='ocr_carea' id='block_1_57' title="bbox 2259 1188 3809 1262">
    <p class='ocr_par' dir='ltr' id='par_1_57' title="bbox 2259 1188 3809 1262">
     <span class='ocr_line' id='line_1_57' title="bbox 2259 1188 3809 1262; baseline 0 -17"><span class='ocrx_word' id='word_1_434' title='bbox 2259 1193 2476 1246; x_wconf 86' lang='lat' dir='ltr'>stanter</span> <span class='ocrx_word' id='word_1_435' title='bbox 2521 1190 2837 1262; x_wconf 89' lang='lat' dir='ltr'>requisierit</span> <span class='ocrx_word' id='word_1_436' title='bbox 2880 1206 3034 1245; x_wconf 86' lang='lat' dir='ltr'>eum.</span> <span class='ocrx_word' id='word_1_437' title='bbox 3087 1189 3328 1260; x_wconf 89' lang='lat' dir='ltr'>Ideoque</span> <span class='ocrx_word' id='word_1_438' title='bbox 3372 1188 3485 1259; x_wconf 84' lang='lat' dir='ltr'>jam</span> <span class='ocrx_word' id='word_1_439' title='bbox 3528 1205 3625 1243; x_wconf 88' lang='lat' dir='ltr'>non</span> <span class='ocrx_word' id='word_1_440' title='bbox 3671 1190 3809 1245; x_wconf 88' lang='lat' dir='ltr'>solum</span> 
     </span>
    </p>
   </div>
   <div class='ocr_carea' id='block_1_58' title="bbox 2257 1282 3812 1352">
    <p class='ocr_par' dir='ltr' id='par_1_58' title="bbox 2257 1282 3812 1352">
     <span class='ocr_line' id='line_1_58' title="bbox 2257 1282 3812 1352; baseline -0.001 -13"><span class='ocrx_word' id='word_1_441' title='bbox 2257 1300 2407 1339; x_wconf 81' lang='lat' dir='ltr'>soror</span> <span class='ocrx_word' id='word_1_442' title='bbox 2458 1284 2697 1350; x_wconf 88' lang='lat' dir='ltr'>dicitur,</span> <span class='ocrx_word' id='word_1_443' title='bbox 2753 1284 2847 1338; x_wconf 88' lang='lat' dir='ltr'>sed</span> <span class='ocrx_word' id='word_1_444' title='bbox 2905 1282 3075 1338; x_wconf 89' lang='lat' dir='ltr'>etiam</span> <span class='ocrx_word' id='word_1_445' title='bbox 3132 1283 3466 1352; x_wconf 74' lang='lat' dir='ltr'>beneplacita</span> <span class='ocrx_word' id='word_1_446' title='bbox 3515 1282 3812 1349; x_wconf 83' lang='lat' dir='ltr'>nominatur,</span> 
     </span>
    </p>
   </div>
   <div class='ocr_carea' id='block_1_59' title="bbox 2259 1375 3816 1450">
    <p class='ocr_par' dir='ltr' id='par_1_59' title="bbox 2259 1375 3816 1450">
     <span class='ocr_line' id='line_1_59' title="bbox 2259 1375 3816 1450; baseline -0.003 -17"><span class='ocrx_word' id='word_1_447' title='bbox 2259 1379 2422 1449; x_wconf 88' lang='lat' dir='ltr'>quasi</span> <span class='ocrx_word' id='word_1_448' title='bbox 2473 1378 2525 1433; x_wconf 91' lang='lat' dir='ltr'>ei</span> <span class='ocrx_word' id='word_1_449' title='bbox 2588 1378 2941 1450; x_wconf 87' lang='lat' dir='ltr'>complacita,</span> <span class='ocrx_word' id='word_1_450' title='bbox 3004 1376 3140 1449; x_wconf 87' lang='lat' dir='ltr'>quia</span> <span class='ocrx_word' id='word_1_451' title='bbox 3200 1375 3534 1447; x_wconf 89' lang='lat' dir='ltr'>complacuit</span> <span class='ocrx_word' id='word_1_452' title='bbox 3588 1376 3738 1443; x_wconf 89' lang='lat' dir='ltr'>Patri;</span> <span class='ocrx_word' id='word_1_453' title='bbox 3778 1384 3816 1432; x_wconf 85' lang='lat' dir='ltr'>et</span> 
     </span>
    </p>
   </div>
   <div class='ocr_carea' id='block_1_60' title="bbox 2258 1470 3815 1544">
    <p class='ocr_par' dir='ltr' id='par_1_60' title="bbox 2258 1470 3815 1544">
     <span class='ocr_line' id='line_1_60' title="bbox 2258 1470 3815 1544; baseline -0.001 -18"><span class='ocrx_word' id='word_1_454' title='bbox 2258 1474 2497 1544; x_wconf 78' lang='lat' dir='ltr'>speciosa</span> <span class='ocrx_word' id='word_1_455' title='bbox 2542 1475 2681 1527; x_wconf 75' lang='lat' dir='ltr'>sicut</span> <span class='ocrx_word' id='word_1_456' title='bbox 2719 1472 3038 1534; x_wconf 75' lang='lat' dir='ltr'>Jerusalem,</span> <span class='ocrx_word' id='word_1_457' title='bbox 3081 1470 3379 1525; x_wconf 75' lang='lat' dir='ltr'>admiratio</span> <span class='ocrx_word' id='word_1_458' title='bbox 3416 1472 3549 1525; x_wconf 72' lang='lat' dir='ltr'>sicut</span> <span class='ocrx_word' id='word_1_459' title='bbox 3587 1470 3815 1535; x_wconf 77' lang='lat' dir='ltr'>ordinata;</span> 
     </span>
    </p>
   </div>
   <div class='ocr_carea' id='block_1_61' title="bbox 2262 1562 3818 1637">
    <p class='ocr_par' dir='ltr' id='par_1_61' title="bbox 2262 1562 3818 1637">
     <span class='ocr_line' id='line_1_61' title="bbox 2262 1562 3818 1637; baseline -0.002 -18"><span class='ocrx_word' id='word_1_460' title='bbox 2262 1566 2409 1637; x_wconf 90' lang='lat' dir='ltr'>quod</span> <span class='ocrx_word' id='word_1_461' title='bbox 2452 1565 2693 1620; x_wconf 81' lang='lat' dir='ltr'>civitatis</span> <span class='ocrx_word' id='word_1_462' title='bbox 2734 1570 2962 1619; x_wconf 60' lang='lat' dir='ltr'>aeterna:</span> <span class='ocrx_word' id='word_1_463' title='bbox 3001 1564 3266 1618; x_wconf 86' lang='lat' dir='ltr'>universa</span> <span class='ocrx_word' id='word_1_464' title='bbox 3306 1562 3517 1618; x_wconf 89' lang='lat' dir='ltr'>habeat</span> <span class='ocrx_word' id='word_1_465' title='bbox 3557 1563 3818 1634; x_wconf 82' lang='lat' dir='ltr'>mysteria:</span> 
     </span>
    </p>
   </div>
   <div class='ocr_carea' id='block_1_62' title="bbox 2263 1656 3822 1728">
    <p class='ocr_par' dir='ltr' id='par_1_62' title="bbox 2263 1656 3822 1728">
     <span class='ocr_line' id='line_1_62' title="bbox 2263 1656 3822 1728; baseline -0.002 -15"><span class='ocrx_word' id='word_1_466' title='bbox 2263 1663 2320 1714; x_wconf 87' lang='lat' dir='ltr'>et</span> <span class='ocrx_word' id='word_1_467' title='bbox 2361 1659 2719 1714; x_wconf 85' lang='lat' dir='ltr'>admirationi</span> <span class='ocrx_word' id='word_1_468' title='bbox 2764 1660 2833 1712; x_wconf 88' lang='lat' dir='ltr'>sit</span> <span class='ocrx_word' id='word_1_469' title='bbox 2882 1657 3147 1713; x_wconf 87' lang='lat' dir='ltr'>omnibus</span> <span class='ocrx_word' id='word_1_470' title='bbox 3191 1656 3513 1711; x_wconf 82' lang='lat' dir='ltr'>videntibus</span> <span class='ocrx_word' id='word_1_471' title='bbox 3556 1672 3685 1721; x_wconf 85' lang='lat' dir='ltr'>eam,</span> <span class='ocrx_word' id='word_1_472' title='bbox 3721 1657 3822 1728; x_wconf 76' lang='lat' dir='ltr'>quia</span> 
     </span>
    </p>
   </div>
   <div class='ocr_carea' id='block_1_63' title="bbox 2260 1750 3822 1826">
    <p class='ocr_par' dir='ltr' id='par_1_63' title="bbox 2260 1750 3822 1826">
     <span class='ocr_line' id='line_1_63' title="bbox 2260 1750 3822 1826; baseline -0.004 -18"><span class='ocrx_word' id='word_1_473' title='bbox 2260 1753 2433 1826; x_wconf 85' lang='lat' dir='ltr'>plena</span> <span class='ocrx_word' id='word_1_474' title='bbox 2474 1758 2536 1807; x_wconf 89' lang='lat' dir='ltr'>ut</span> <span class='ocrx_word' id='word_1_475' title='bbox 2576 1752 2835 1825; x_wconf 62' lang='lat' dir='ltr'>aequitas,</span> <span class='ocrx_word' id='word_1_476' title='bbox 2868 1755 3042 1822; x_wconf 89' lang='lat' dir='ltr'>atque</span> <span class='ocrx_word' id='word_1_477' title='bbox 3083 1752 3334 1822; x_wconf 80' lang='lat' dir='ltr'>perfecta</span> <span class='ocrx_word' id='word_1_478' title='bbox 3374 1753 3483 1815; x_wconf 88' lang='lat' dir='ltr'>est;</span> <span class='ocrx_word' id='word_1_479' title='bbox 3514 1755 3567 1804; x_wconf 91' lang='lat' dir='ltr'>et</span> <span class='ocrx_word' id='word_1_480' title='bbox 3601 1750 3822 1821; x_wconf 79' lang='lat' dir='ltr'>fulgorem</span> 
     </span>
    </p>
   </div>
   <div class='ocr_carea' id='block_1_64' title="bbox 2261 1841 3824 1914">
    <p class='ocr_par' dir='ltr' id='par_1_64' title="bbox 2261 1841 3824 1914">
     <span class='ocr_line' id='line_1_64' title="bbox 2261 1841 3824 1914; baseline -0.005 -12"><span class='ocrx_word' id='word_1_481' title='bbox 2261 1848 2329 1902; x_wconf 86' lang='lat' dir='ltr'>de</span> <span class='ocrx_word' id='word_1_482' title='bbox 2356 1846 2521 1901; x_wconf 89' lang='lat' dir='ltr'>Verbi</span> <span class='ocrx_word' id='word_1_483' title='bbox 2559 1847 2771 1901; x_wconf 89' lang='lat' dir='ltr'>lumine</span> <span class='ocrx_word' id='word_1_484' title='bbox 2800 1850 3081 1910; x_wconf 87' lang='lat' dir='ltr'>mutuata,</span> <span class='ocrx_word' id='word_1_485' title='bbox 3113 1845 3251 1898; x_wconf 88' lang='lat' dir='ltr'>dum</span> <span class='ocrx_word' id='word_1_486' title='bbox 3279 1842 3338 1898; x_wconf 90' lang='lat' dir='ltr'>id</span> <span class='ocrx_word' id='word_1_487' title='bbox 3366 1859 3587 1914; x_wconf 89' lang='lat' dir='ltr'>semper</span> <span class='ocrx_word' id='word_1_488' title='bbox 3612 1841 3824 1907; x_wconf 80' lang='lat' dir='ltr'>intendit,</span> 
     </span>
    </p>
   </div>
   <div class='ocr_carea' id='block_1_65' title="bbox 2262 1936 3827 2008">
    <p class='ocr_par' dir='ltr' id='par_1_65' title="bbox 2262 1936 3827 2008">
     <span class='ocr_line' id='line_1_65' title="bbox 2262 1936 3827 2008; baseline -0.004 -14"><span class='ocrx_word' id='word_1_489' title='bbox 2262 1940 2334 1995; x_wconf 92' lang='lat' dir='ltr'>sit</span> <span class='ocrx_word' id='word_1_490' title='bbox 2384 1941 2558 1996; x_wconf 89' lang='lat' dir='ltr'>etiam</span> <span class='ocrx_word' id='word_1_491' title='bbox 2613 1939 2875 1995; x_wconf 83' lang='lat' dir='ltr'>terribilis</span> <span class='ocrx_word' id='word_1_492' title='bbox 2925 1938 3121 1993; x_wconf 90' lang='lat' dir='ltr'>ordine</span> <span class='ocrx_word' id='word_1_493' title='bbox 3174 1936 3445 2008; x_wconf 69' lang='lat' dir='ltr'>quodam~</span> <span class='ocrx_word' id='word_1_494' title='bbox 3477 1936 3544 1990; x_wconf 91' lang='lat' dir='ltr'>ad</span> <span class='ocrx_word' id='word_1_495' title='bbox 3594 1952 3827 1992; x_wconf 86' lang='lat' dir='ltr'>summum</span> 
     </span>
    </p>
   </div>
   <div class='ocr_carea' id='block_1_66' title="bbox 2265 2034 2853 2106">
    <p class='ocr_par' dir='ltr' id='par_1_66' title="bbox 2265 2034 2853 2106">
     <span class='ocr_line' id='line_1_66' title="bbox 2265 2034 2853 2106; baseline -0.002 -18"><span class='ocrx_word' id='word_1_496' title='bbox 2265 2042 2530 2106; x_wconf 87' lang='lat' dir='ltr'>provecta</span> <span class='ocrx_word' id='word_1_497' title='bbox 2558 2034 2853 2089; x_wconf 86' lang='lat' dir='ltr'>virtutum.</span> 
     </span>
    </p>
   </div>
   <div class='ocr_carea' id='block_1_67' title="bbox 2335 2125 3834 2199">
    <p class='ocr_par' dir='ltr' id='par_1_67' title="bbox 2335 2125 3834 2199">
     <span class='ocr_line' id='line_1_67' title="bbox 2335 2125 3834 2199; baseline -0.005 -18"><span class='ocrx_word' id='word_1_498' title='bbox 2335 2133 2387 2181; x_wconf 78' lang='lat'>7.</span> <span class='ocrx_word' id='word_1_499' title='bbox 2432 2130 2540 2199; x_wconf 78' lang='grc'><strong>(61)</strong></span> <span class='ocrx_word' id='word_1_500' title='bbox 2585 2129 2819 2183; x_wconf 80' lang='lat' dir='ltr'>Pulchra</span> <span class='ocrx_word' id='word_1_501' title='bbox 2865 2143 2936 2186; x_wconf 88' lang='lat' dir='ltr'>es.</span> <span class='ocrx_word' id='word_1_502' title='bbox 2981 2126 3183 2198; x_wconf 87' lang='lat' dir='ltr'>inquit,</span> <span class='ocrx_word' id='word_1_503' title='bbox 3224 2127 3404 2180; x_wconf 80' lang='lat' dir='ltr'>amica</span> <span class='ocrx_word' id='word_1_504' title='bbox 3447 2140 3580 2186; x_wconf 87' lang='lat' dir='ltr'>mea,</span> <span class='ocrx_word' id='word_1_505' title='bbox 3618 2125 3772 2178; x_wconf 79' lang='lat' dir='ltr'>suavis</span> <span class='ocrx_word' id='word_1_506' title='bbox 3801 2127 3834 2175; x_wconf 80' lang='lat' dir='ltr'>et</span> 
     </span>
    </p>
   </div>
   <div class='ocr_carea' id='block_1_68' title="bbox 2261 2214 3832 2292">
    <p class='ocr_par' dir='ltr' id='par_1_68' title="bbox 2261 2214 3832 2292">
     <span class='ocr_line' id='line_1_68' title="bbox 2261 2214 3832 2292; baseline -0.006 -15"><span class='ocrx_word' id='word_1_507' title='bbox 2261 2224 2474 2285; x_wconf 83' lang='lat' dir='ltr'>decora,</span> <span class='ocrx_word' id='word_1_508' title='bbox 2533 2229 2640 2276; x_wconf 87' lang='lat' dir='ltr'>etc.</span> <span class='ocrx_word' id='word_1_509' title='bbox 2697 2222 2765 2275; x_wconf 87' lang='lat' dir='ltr'>Et</span> <span class='ocrx_word' id='word_1_510' title='bbox 2831 2236 2958 2275; x_wconf 83' lang='lat' dir='ltr'>vere</span> <span class='ocrx_word' id='word_1_511' title='bbox 3014 2220 3280 2292; x_wconf 89' lang='lat' dir='ltr'>pulchra,</span> <span class='ocrx_word' id='word_1_512' title='bbox 3338 2235 3468 2289; x_wconf 64' lang='lat' dir='ltr'>quae</span> <span class='ocrx_word' id='word_1_513' title='bbox 3533 2215 3752 2272; x_wconf 89' lang='lat' dir='ltr'>intendit</span> <span class='ocrx_word' id='word_1_514' title='bbox 3792 2214 3832 2267; x_wconf 87' lang='lat' dir='ltr'>in</span> 
     </span>
    </p>
   </div>
   <div class='ocr_carea' id='block_1_69' title="bbox 2263 2307 3838 2387">
    <p class='ocr_par' dir='ltr' id='par_1_69' title="bbox 2263 2307 3838 2387">
     <span class='ocr_line' id='line_1_69' title="bbox 2263 2307 3838 2387; baseline -0.006 -16"><span class='ocrx_word' id='word_1_515' title='bbox 2263 2316 2425 2371; x_wconf 88' lang='lat' dir='ltr'>illum</span> <span class='ocrx_word' id='word_1_516' title='bbox 2471 2316 2541 2370; x_wconf 91' lang='lat' dir='ltr'>de</span> <span class='ocrx_word' id='word_1_517' title='bbox 2584 2331 2699 2387; x_wconf 92' lang='lat' dir='ltr'>quo</span> <span class='ocrx_word' id='word_1_518' title='bbox 2742 2313 2949 2369; x_wconf 88' lang='lat' dir='ltr'>dicitur</span> <span class='ocrx_word' id='word_1_519' title='bbox 2978 2332 2989 2367; x_wconf 88' lang='lat'>:</span> <span class='ocrx_word' id='word_1_520' title='bbox 3023 2335 3052 2363; x_wconf 77' lang='grc' dir='ltr'>α</span> <span class='ocrx_word' id='word_1_521' title='bbox 3080 2313 3383 2384; x_wconf 88' lang='lat' dir='ltr'>Speciosus</span> <span class='ocrx_word' id='word_1_522' title='bbox 3410 2311 3593 2366; x_wconf 86' lang='lat' dir='ltr'>forma</span> <span class='ocrx_word' id='word_1_523' title='bbox 3617 2326 3721 2381; x_wconf 69' lang='lat' dir='ltr'>prie</span> <span class='ocrx_word' id='word_1_524' title='bbox 3744 2307 3838 2362; x_wconf 63' lang='lat' dir='ltr'>lilii:</span> 
     </span>
    </p>
   </div>
   <div class='ocr_carea' id='block_1_70' title="bbox 2262 2403 3839 2479">
    <p class='ocr_par' dir='ltr' id='par_1_70' title="bbox 2262 2403 3839 2479">
     <span class='ocr_line' id='line_1_70' title="bbox 2262 2403 3839 2479; baseline -0.006 -15"><span class='ocrx_word' id='word_1_525' title='bbox 2262 2410 2563 2465; x_wconf 87' lang='lat' dir='ltr'>hominum</span> <span class='ocrx_word' id='word_1_526' title='bbox 2593 2409 2762 2479; x_wconf 79' lang='lat' dir='ltr'>(Psal.</span> <span class='ocrx_word' id='word_1_527' title='bbox 2791 2424 2936 2476; x_wconf 75' lang='lat' dir='ltr'>xciv,</span> <span class='ocrx_word' id='word_1_528' title='bbox 2966 2405 3039 2479; x_wconf 85' lang='grc'><strong>3).</strong></span> <span class='ocrx_word' id='word_1_529' title='bbox 3071 2429 3097 2455; x_wconf 77' lang='grc' dir='ltr'><em>η</em></span> <span class='ocrx_word' id='word_1_530' title='bbox 3129 2405 3287 2461; x_wconf 82' lang='lat' dir='ltr'>Unde</span> <span class='ocrx_word' id='word_1_531' title='bbox 3315 2411 3376 2461; x_wconf 90' lang='lat' dir='ltr'>et</span> <span class='ocrx_word' id='word_1_532' title='bbox 3404 2422 3507 2461; x_wconf 90' lang='lat' dir='ltr'>nos</span> <span class='ocrx_word' id='word_1_533' title='bbox 3533 2403 3839 2459; x_wconf 79' lang='lat' dir='ltr'>intendamus</span> 
     </span>
    </p>
   </div>
   <div class='ocr_carea' id='block_1_71' title="bbox 2262 2495 3840 2576">
    <p class='ocr_par' dir='ltr' id='par_1_71' title="bbox 2262 2495 3840 2576">
     <span class='ocr_line' id='line_1_71' title="bbox 2262 2495 3840 2576; baseline -0.008 -18"><span class='ocrx_word' id='word_1_534' title='bbox 2262 2507 2542 2576; x_wconf 89' lang='lat' dir='ltr'>quantum</span> <span class='ocrx_word' id='word_1_535' title='bbox 2571 2519 2870 2574; x_wconf 90' lang='lat' dir='ltr'>possumus</span> <span class='ocrx_word' id='word_1_536' title='bbox 2893 2501 3151 2556; x_wconf 87' lang='lat' dir='ltr'>animum</span> <span class='ocrx_word' id='word_1_537' title='bbox 3178 2500 3236 2554; x_wconf 88' lang='lat' dir='ltr'>in</span> <span class='ocrx_word' id='word_1_538' title='bbox 3263 2498 3383 2566; x_wconf 89' lang='lat' dir='ltr'>illo,</span> <span class='ocrx_word' id='word_1_539' title='bbox 3408 2504 3465 2554; x_wconf 89' lang='lat' dir='ltr'>et</span> <span class='ocrx_word' id='word_1_540' title='bbox 3492 2498 3551 2552; x_wconf 91' lang='lat' dir='ltr'>in</span> <span class='ocrx_word' id='word_1_541' title='bbox 3577 2497 3666 2552; x_wconf 92' lang='lat' dir='ltr'>illo</span> <span class='ocrx_word' id='word_1_542' title='bbox 3691 2495 3840 2550; x_wconf 82' lang='lat' dir='ltr'>simus.</span> 
     </span>
    </p>
   </div>
   <div class='ocr_carea' id='block_1_72' title="bbox 2260 2588 3838 2666">
    <p class='ocr_par' dir='ltr' id='par_1_72' title="bbox 2260 2588 3838 2666">
     <span class='ocr_line' id='line_1_72' title="bbox 2260 2588 3838 2666; baseline -0.007 -14"><span class='ocrx_word' id='word_1_543' title='bbox 2260 2596 2405 2652; x_wconf 88' lang='lat' dir='ltr'>Illud</span> <span class='ocrx_word' id='word_1_544' title='bbox 2445 2597 2641 2651; x_wconf 90' lang='lat' dir='ltr'>animo</span> <span class='ocrx_word' id='word_1_545' title='bbox 2685 2602 3002 2663; x_wconf 88' lang='lat' dir='ltr'>teneamus,</span> <span class='ocrx_word' id='word_1_546' title='bbox 3037 2594 3191 2666; x_wconf 92' lang='lat' dir='ltr'>quod</span> <span class='ocrx_word' id='word_1_547' title='bbox 3234 2597 3318 2648; x_wconf 85' lang='lat' dir='ltr'>est</span> <span class='ocrx_word' id='word_1_548' title='bbox 3365 2593 3679 2664; x_wconf 88' lang='lat' dir='ltr'>pulchrum,</span> <span class='ocrx_word' id='word_1_549' title='bbox 3713 2588 3838 2643; x_wconf 83' lang='lat' dir='ltr'>deco-</span> 
     </span>
    </p>
   </div>
   <div class='ocr_carea' id='block_1_73' title="bbox 2261 2682 3845 2758">
    <p class='ocr_par' dir='ltr' id='par_1_73' title="bbox 2261 2682 3845 2758">
     <span class='ocr_line' id='line_1_73' title="bbox 2261 2682 3845 2758; baseline -0.007 -12"><span class='ocrx_word' id='word_1_550' title='bbox 2261 2708 2411 2758; x_wconf 89' lang='lat' dir='ltr'>rum,</span> <span class='ocrx_word' id='word_1_551' title='bbox 2439 2691 2687 2758; x_wconf 82' lang='lat' dir='ltr'>bonum;</span> <span class='ocrx_word' id='word_1_552' title='bbox 2721 2694 2785 2744; x_wconf 88' lang='lat' dir='ltr'>ut</span> <span class='ocrx_word' id='word_1_553' title='bbox 2820 2688 2916 2744; x_wconf 88' lang='lat' dir='ltr'>ﬁat</span> <span class='ocrx_word' id='word_1_554' title='bbox 2958 2686 3373 2743; x_wconf 90' lang='lat' dir='ltr'>illuminatione</span> <span class='ocrx_word' id='word_1_555' title='bbox 3416 2686 3538 2757; x_wconf 82' lang='lat' dir='ltr'>ejus</span> <span class='ocrx_word' id='word_1_556' title='bbox 3578 2690 3632 2739; x_wconf 89' lang='lat' dir='ltr'>et</span> <span class='ocrx_word' id='word_1_557' title='bbox 3669 2682 3845 2752; x_wconf 81' lang='lat' dir='ltr'>fulgore</span> 
     </span>
    </p>
   </div>
   <div class='ocr_carea' id='block_1_74' title="bbox 2261 2774 3844 2855">
    <p class='ocr_par' dir='ltr' id='par_1_74' title="bbox 2261 2774 3844 2855">
     <span class='ocr_line' id='line_1_74' title="bbox 2261 2774 3844 2855; baseline -0.008 -17"><span class='ocrx_word' id='word_1_558' title='bbox 2261 2785 2509 2855; x_wconf 83' lang='lat' dir='ltr'>speciosa</span> <span class='ocrx_word' id='word_1_559' title='bbox 2553 2783 2750 2838; x_wconf 88' lang='lat' dir='ltr'>anima</span> <span class='ocrx_word' id='word_1_560' title='bbox 2795 2787 3005 2851; x_wconf 89' lang='lat' dir='ltr'>nostra,</span> <span class='ocrx_word' id='word_1_561' title='bbox 3045 2784 3103 2835; x_wconf 91' lang='lat' dir='ltr'>et</span> <span class='ocrx_word' id='word_1_562' title='bbox 3147 2796 3308 2835; x_wconf 89' lang='lat' dir='ltr'>mens</span> <span class='ocrx_word' id='word_1_563' title='bbox 3361 2778 3626 2834; x_wconf 90' lang='lat' dir='ltr'>dilucida.</span> <span class='ocrx_word' id='word_1_564' title='bbox 3656 2777 3775 2831; x_wconf 83' lang='lat' dir='ltr'>Nam</span> <span class='ocrx_word' id='word_1_565' title='bbox 3813 2774 3844 2824; x_wconf 86' lang='lat' dir='ltr'>si</span> 
     </span>
    </p>
   </div>
   <div class='ocr_carea' id='block_1_75' title="bbox 2262 2871 3848 2948">
    <p class='ocr_par' dir='ltr' id='par_1_75' title="bbox 2262 2871 3848 2948">
     <span class='ocr_line' id='line_1_75' title="bbox 2262 2871 3848 2948; baseline -0.006 -15"><span class='ocrx_word' id='word_1_566' title='bbox 2262 2879 2409 2934; x_wconf 91' lang='lat' dir='ltr'>oculi</span> <span class='ocrx_word' id='word_1_567' title='bbox 2457 2877 2633 2932; x_wconf 89' lang='lat' dir='ltr'>nostri</span> <span class='ocrx_word' id='word_1_568' title='bbox 2669 2893 2800 2932; x_wconf 90' lang='lat' dir='ltr'>cum</span> <span class='ocrx_word' id='word_1_569' title='bbox 2847 2877 3036 2948; x_wconf 88' lang='lat' dir='ltr'>aliqua</span> <span class='ocrx_word' id='word_1_570' title='bbox 3074 2874 3448 2930; x_wconf 79' lang='lat' dir='ltr'>abducuntur</span> <span class='ocrx_word' id='word_1_571' title='bbox 3492 2871 3742 2943; x_wconf 85' lang='lat' dir='ltr'>caligine,</span> <span class='ocrx_word' id='word_1_572' title='bbox 3771 2882 3848 2938; x_wconf 54' lang='lat' dir='ltr'>pa.</span> 
     </span>
    </p>
   </div>
   <div class='ocr_carea' id='block_1_76' title="bbox 2260 2958 3849 3042">
    <p class='ocr_par' dir='ltr' id='par_1_76' title="bbox 2260 2958 3849 3042">
     <span class='ocr_line' id='line_1_76' title="bbox 2260 2958 3849 3042; baseline -0.009 -15"><span class='ocrx_word' id='word_1_573' title='bbox 2260 2977 2494 3027; x_wconf 91' lang='lat' dir='ltr'>scuntur</span> <span class='ocrx_word' id='word_1_574' title='bbox 2530 2987 2799 3042; x_wconf 84' lang='lat' dir='ltr'>agrorum</span> <span class='ocrx_word' id='word_1_575' title='bbox 2842 2969 3145 3036; x_wconf 87' lang='lat' dir='ltr'>viriditate,</span> <span class='ocrx_word' id='word_1_576' title='bbox 3187 2973 3244 3021; x_wconf 89' lang='lat' dir='ltr'>et</span> <span class='ocrx_word' id='word_1_577' title='bbox 3288 2967 3484 3039; x_wconf 90' lang='lat' dir='ltr'>specie</span> <span class='ocrx_word' id='word_1_578' title='bbox 3523 2962 3757 3021; x_wconf 83' lang='lat' dir='ltr'>nemoris</span> <span class='ocrx_word' id='word_1_579' title='bbox 3787 2958 3849 3012; x_wconf 84' lang='lat' dir='ltr'>vel</span> 
     </span>
    </p>
   </div>
   <div class='ocr_carea' id='block_1_77' title="bbox 2262 3052 3852 3134">
    <p class='ocr_par' dir='ltr' id='par_1_77' title="bbox 2262 3052 3852 3134">
     <span class='ocr_line' id='line_1_77' title="bbox 2262 3052 3852 3134; baseline -0.009 -12"><span class='ocrx_word' id='word_1_580' title='bbox 2262 3066 2414 3122; x_wconf 79' lang='lat' dir='ltr'>collis</span> <span class='ocrx_word' id='word_1_581' title='bbox 2455 3064 2714 3120; x_wconf 90' lang='lat' dir='ltr'>umbrosi</span> <span class='ocrx_word' id='word_1_582' title='bbox 2760 3079 2994 3119; x_wconf 90' lang='lat' dir='ltr'>omnem</span> <span class='ocrx_word' id='word_1_583' title='bbox 3038 3061 3494 3134; x_wconf 65' lang='lat' dir='ltr'>inaequalitatem</span> <span class='ocrx_word' id='word_1_584' title='bbox 3538 3052 3852 3131; x_wconf 62' lang='lat' dir='ltr'>aegrescenti:</span> 
     </span>
    </p>
   </div>
   <div class='ocr_carea' id='block_1_78' title="bbox 2263 3146 3851 3230">
    <p class='ocr_par' dir='ltr' id='par_1_78' title="bbox 2263 3146 3851 3230">
     <span class='ocr_line' id='line_1_78' title="bbox 2263 3146 3851 3230; baseline -0.011 -15"><span class='ocrx_word' id='word_1_585' title='bbox 2263 3160 2497 3216; x_wconf 90' lang='lat' dir='ltr'>obtutus</span> <span class='ocrx_word' id='word_1_586' title='bbox 2522 3158 2823 3230; x_wconf 89' lang='lat' dir='ltr'>repellunt,</span> <span class='ocrx_word' id='word_1_587' title='bbox 2852 3163 2907 3212; x_wconf 89' lang='lat' dir='ltr'>et</span> <span class='ocrx_word' id='word_1_588' title='bbox 2933 3156 3179 3228; x_wconf 90' lang='lat' dir='ltr'>quadam</span> <span class='ocrx_word' id='word_1_589' title='bbox 3210 3154 3429 3210; x_wconf 87' lang='lat' dir='ltr'>salubri</span> <span class='ocrx_word' id='word_1_590' title='bbox 3460 3152 3641 3225; x_wconf 89' lang='lat' dir='ltr'>specie</span> <span class='ocrx_word' id='word_1_591' title='bbox 3670 3146 3851 3222; x_wconf 71' lang='lat' dir='ltr'>pupilla</span> 
     </span>
    </p>
   </div>
   <div class='ocr_carea' id='block_1_79' title="bbox 2261 3240 3939 3327">
    <p class='ocr_par' dir='ltr' id='par_1_79' title="bbox 2261 3240 3939 3327">
     <span class='ocr_line' id='line_1_79' title="bbox 2261 3240 3939 3327; baseline -0.011 -18"><span class='ocrx_word' id='word_1_592' title='bbox 2261 3255 2398 3327; x_wconf 69' lang='lat' dir='ltr'>ipsae</span> <span class='ocrx_word' id='word_1_593' title='bbox 2435 3256 2605 3325; x_wconf 89' lang='lat' dir='ltr'>atque</span> <span class='ocrx_word' id='word_1_594' title='bbox 2642 3251 2809 3307; x_wconf 89' lang='lat' dir='ltr'>orbes</span> <span class='ocrx_word' id='word_1_595' title='bbox 2836 3249 3074 3306; x_wconf 91' lang='lat' dir='ltr'>colorari</span> <span class='ocrx_word' id='word_1_596' title='bbox 3109 3248 3389 3304; x_wconf 88' lang='lat' dir='ltr'>videntur</span> <span class='ocrx_word' id='word_1_597' title='bbox 3419 3265 3435 3302; x_wconf 84' lang='lat'><strong>:</strong></span> <span class='ocrx_word' id='word_1_598' title='bbox 3472 3249 3686 3319; x_wconf 87' lang='lat' dir='ltr'>quanto</span> <span class='ocrx_word' id='word_1_599' title='bbox 3715 3240 3855 3311; x_wconf 82' lang='lat' dir='ltr'>magis</span> 
     </span>
    </p>
   </div>
   <div class='ocr_carea' id='block_1_80' title="bbox 2261 3337 3857 3413">
    <p class='ocr_par' dir='ltr' id='par_1_80' title="bbox 2261 3337 3857 3413">
     <span class='ocr_line' id='line_1_80' title="bbox 2261 3337 3857 3413; baseline -0.011 -10"><span class='ocrx_word' id='word_1_600' title='bbox 2261 3348 2355 3403; x_wconf 91' lang='lat' dir='ltr'>hic</span> <span class='ocrx_word' id='word_1_601' title='bbox 2401 3346 2606 3402; x_wconf 90' lang='lat' dir='ltr'>mentis</span> <span class='ocrx_word' id='word_1_602' title='bbox 2656 3346 2870 3413; x_wconf 91' lang='lat' dir='ltr'>oculus,</span> <span class='ocrx_word' id='word_1_603' title='bbox 2917 3360 3048 3399; x_wconf 89' lang='lat' dir='ltr'>cum</span> <span class='ocrx_word' id='word_1_604' title='bbox 3098 3342 3238 3398; x_wconf 90' lang='lat' dir='ltr'>illud</span> <span class='ocrx_word' id='word_1_605' title='bbox 3291 3356 3597 3397; x_wconf 86' lang='lat' dir='ltr'>summum</span> <span class='ocrx_word' id='word_1_606' title='bbox 3647 3337 3857 3392; x_wconf 84' lang='lat' dir='ltr'>intuetur</span> 
     </span>
    </p>
   </div>
   <div class='ocr_carea' id='block_1_81' title="bbox 2260 3429 3857 3509">
    <p class='ocr_par' dir='ltr' id='par_1_81' title="bbox 2260 3429 3857 3509">
     <span class='ocr_line' id='line_1_81' title="bbox 2260 3429 3857 3509; baseline -0.009 -12"><span class='ocrx_word' id='word_1_607' title='bbox 2260 3442 2497 3509; x_wconf 88' lang='lat' dir='ltr'>bonum,</span> <span class='ocrx_word' id='word_1_608' title='bbox 2527 3446 2583 3495; x_wconf 91' lang='lat' dir='ltr'>et</span> <span class='ocrx_word' id='word_1_609' title='bbox 2610 3439 2668 3494; x_wconf 91' lang='lat' dir='ltr'>in</span> <span class='ocrx_word' id='word_1_610' title='bbox 2698 3455 2765 3494; x_wconf 90' lang='lat' dir='ltr'>eo</span> <span class='ocrx_word' id='word_1_611' title='bbox 2798 3443 3073 3507; x_wconf 89' lang='lat' dir='ltr'>versatur,</span> <span class='ocrx_word' id='word_1_612' title='bbox 3102 3440 3275 3509; x_wconf 91' lang='lat' dir='ltr'>atque</span> <span class='ocrx_word' id='word_1_613' title='bbox 3307 3453 3379 3492; x_wconf 89' lang='lat' dir='ltr'>eo</span> <span class='ocrx_word' id='word_1_614' title='bbox 3411 3434 3682 3508; x_wconf 87' lang='lat' dir='ltr'>pascitur,</span> <span class='ocrx_word' id='word_1_615' title='bbox 3707 3429 3857 3502; x_wconf 75' lang='lat' dir='ltr'>Splen-</span> 
     </span>
    </p>
   </div>
   <div class='ocr_carea' id='block_1_82' title="bbox 2263 3521 3857 3607">
    <p class='ocr_par' dir='ltr' id='par_1_82' title="bbox 2263 3521 3857 3607">
     <span class='ocr_line' id='line_1_82' title="bbox 2263 3521 3857 3607; baseline -0.009 -17"><span class='ocrx_word' id='word_1_616' title='bbox 2263 3534 2442 3590; x_wconf 91' lang='lat' dir='ltr'>descit</span> <span class='ocrx_word' id='word_1_617' title='bbox 2479 3538 2649 3607; x_wconf 89' lang='lat' dir='ltr'>atque</span> <span class='ocrx_word' id='word_1_618' title='bbox 2683 3533 2885 3589; x_wconf 90' lang='lat' dir='ltr'>enitet.</span> <span class='ocrx_word' id='word_1_619' title='bbox 2915 3530 3028 3603; x_wconf 81' lang='lat'>(62)</span> <span class='ocrx_word' id='word_1_620' title='bbox 3055 3532 3292 3586; x_wconf 84' lang='lat' dir='ltr'>Pulchra</span> <span class='ocrx_word' id='word_1_621' title='bbox 3328 3536 3395 3585; x_wconf 85' lang='lat' dir='ltr'>ut</span> <span class='ocrx_word' id='word_1_622' title='bbox 3434 3526 3740 3585; x_wconf 80' lang='lat' dir='ltr'>Jerusalem.</span> <span class='ocrx_word' id='word_1_623' title='bbox 3765 3521 3857 3578; x_wconf 79' lang='lat' dir='ltr'>Non</span> 
     </span>
    </p>
   </div>
   <div class='ocr_carea' id='block_1_83' title="bbox 2260 3612 3939 3701">
    <p class='ocr_par' dir='ltr' id='par_1_83' title="bbox 2260 3612 3939 3701">
     <span class='ocr_line' id='line_1_83' title="bbox 2260 3612 3939 3701; baseline -0.011 -17"><span class='ocrx_word' id='word_1_624' title='bbox 2260 3628 2454 3685; x_wconf 89' lang='lat' dir='ltr'>caduci</span> <span class='ocrx_word' id='word_1_625' title='bbox 2512 3627 2706 3701; x_wconf 89' lang='lat' dir='ltr'>itaque</span> <span class='ocrx_word' id='word_1_626' title='bbox 2764 3625 2869 3681; x_wconf 87' lang='lat' dir='ltr'>ista</span> <span class='ocrx_word' id='word_1_627' title='bbox 2922 3630 3009 3680; x_wconf 91' lang='lat' dir='ltr'>est</span> <span class='ocrx_word' id='word_1_628' title='bbox 3059 3625 3322 3697; x_wconf 89' lang='lat' dir='ltr'>corporis</span> <span class='ocrx_word' id='word_1_629' title='bbox 3380 3618 3758 3696; x_wconf 86' lang='lat' dir='ltr'>pulchritudo,</span> <span class='ocrx_word' id='word_1_630' title='bbox 3798 3612 3860 3666; x_wconf 85' lang='lat' dir='ltr'>vel</span> 
     </span>
    </p>
   </div>
   <div class='ocr_carea' id='block_1_84' title="bbox 2262 3702 3939 3803">
    <p class='ocr_par' dir='ltr' id='par_1_84' title="bbox 2262 3702 3939 3803">
     <span class='ocr_line' id='line_1_84' title="bbox 2262 3702 3939 3803; baseline -0.008 -25"><span class='ocrx_word' id='word_1_631' title='bbox 2262 3722 2460 3778; x_wconf 91' lang='lat' dir='ltr'>morbo</span> <span class='ocrx_word' id='word_1_632' title='bbox 2501 3722 2755 3794; x_wconf 87' lang='lat' dir='ltr'>peritura</span> <span class='ocrx_word' id='word_1_633' title='bbox 2784 3720 2870 3774; x_wconf 91' lang='lat' dir='ltr'>vel</span> <span class='ocrx_word' id='word_1_634' title='bbox 2912 3718 3091 3785; x_wconf 90' lang='lat' dir='ltr'>senio,</span> <span class='ocrx_word' id='word_1_635' title='bbox 3124 3718 3225 3773; x_wconf 87' lang='lat' dir='ltr'>sed</span> <span class='ocrx_word' id='word_1_636' title='bbox 3264 3718 3446 3773; x_wconf 89' lang='lat' dir='ltr'>nullis</span> <span class='ocrx_word' id='word_1_637' title='bbox 3486 3714 3721 3772; x_wconf 82' lang='lat' dir='ltr'>obnoxia</span> <span class='ocrx_word' id='word_1_638' title='bbox 3755 3707 3858 3764; x_wconf 82' lang='lat' dir='ltr'>casi-</span> 
     </span>
    </p>
   </div>
   <div class='ocr_carea' id='block_1_85' title="bbox 2261 3798 3939 3887">
    <p class='ocr_par' dir='ltr' id='par_1_85' title="bbox 2261 3798 3939 3887">
     <span class='ocr_line' id='line_1_85' title="bbox 2261 3798 3939 3887; baseline -0.007 -15"><span class='ocrx_word' id='word_1_639' title='bbox 2261 3817 2388 3885; x_wconf 87' lang='lat' dir='ltr'>bus,</span> <span class='ocrx_word' id='word_1_640' title='bbox 2435 3814 2688 3887; x_wconf 90' lang='lat' dir='ltr'>opinioni</span> <span class='ocrx_word' id='word_1_641' title='bbox 2732 3814 3011 3869; x_wconf 87' lang='lat' dir='ltr'>bonorum</span> <span class='ocrx_word' id='word_1_642' title='bbox 3060 3828 3365 3883; x_wconf 87' lang='lat' dir='ltr'>nunquam</span> <span class='ocrx_word' id='word_1_643' title='bbox 3418 3809 3695 3865; x_wconf 87' lang='lat' dir='ltr'>moritura</span> <span class='ocrx_word' id='word_1_644' title='bbox 3730 3798 3862 3859; x_wconf 73' lang='lat' dir='ltr'>meri-</span> <span class='ocrx_word' id='word_1_645' title='bbox 3938 3798 3939 3861; x_wconf 65' lang='grc' dir='ltr'>ξ</span> 
     </span>
    </p>
   </div>
   <div class='ocr_carea' id='block_1_86' title="bbox 3930 518 3940 771">
    <p class='ocr_par' dir='ltr' id='par_1_86' title="bbox 3930 518 3940 771">
     <span class='ocr_line' id='line_1_86' title="bbox 3930 518 3940 771; baseline 0 0"><span class='ocrx_word' id='word_1_646' title='bbox 3930 518 3940 771; x_wconf 78' lang='grc' dir='ltr'><strong>Ι</strong></span> 
     </span>
    </p>
   </div>
   <div class='ocr_carea' id='block_1_87' title="bbox 2261 3896 3939 3983">
    <p class='ocr_par' dir='ltr' id='par_1_87' title="bbox 2261 3896 3939 3983">
     <span class='ocr_line' id='line_1_87' title="bbox 2261 3896 3939 3983; baseline -0.01 -17"><span class='ocrx_word' id='word_1_647' title='bbox 2261 3916 2486 3979; x_wconf 85' lang='lat' dir='ltr'>torum;</span> <span class='ocrx_word' id='word_1_648' title='bbox 2543 3908 2814 3981; x_wconf 88' lang='lat' dir='ltr'>quoniam</span> <span class='ocrx_word' id='word_1_649' title='bbox 2868 3924 2981 3962; x_wconf 89' lang='lat' dir='ltr'>non</span> <span class='ocrx_word' id='word_1_650' title='bbox 3039 3905 3309 3961; x_wconf 88' lang='lat' dir='ltr'>humanis</span> <span class='ocrx_word' id='word_1_651' title='bbox 3358 3905 3512 3977; x_wconf 86' lang='lat' dir='ltr'>jam,</span> <span class='ocrx_word' id='word_1_652' title='bbox 3566 3901 3663 3956; x_wconf 88' lang='lat' dir='ltr'>sed</span> <span class='ocrx_word' id='word_1_653' title='bbox 3711 3896 3867 3953; x_wconf 68' lang='lat' dir='ltr'>cales-</span> 
     </span>
    </p>
   </div>
   <div class='ocr_carea' id='block_1_88' title="bbox 2263 3990 3939 4077">
    <p class='ocr_par' dir='ltr' id='par_1_88' title="bbox 2263 3990 3939 4077">
     <span class='ocr_line' id='line_1_88' title="bbox 2263 3990 3939 4077; baseline -0.01 -18"><span class='ocrx_word' id='word_1_654' title='bbox 2263 4004 2434 4073; x_wconf 88' lang='lat' dir='ltr'>tibus,</span> <span class='ocrx_word' id='word_1_655' title='bbox 2486 4018 2732 4075; x_wconf 88' lang='lat' dir='ltr'>quorum</span> <span class='ocrx_word' id='word_1_656' title='bbox 2784 4001 2958 4056; x_wconf 90' lang='lat' dir='ltr'>vitam</span> <span class='ocrx_word' id='word_1_657' title='bbox 3018 3999 3151 4054; x_wconf 88' lang='lat' dir='ltr'>vivit</span> <span class='ocrx_word' id='word_1_658' title='bbox 3213 3998 3268 4053; x_wconf 90' lang='lat' dir='ltr'>in</span> <span class='ocrx_word' id='word_1_659' title='bbox 3338 3996 3538 4064; x_wconf 89' lang='lat' dir='ltr'>terris,</span> <span class='ocrx_word' id='word_1_660' title='bbox 3592 3995 3753 4065; x_wconf 87' lang='lat' dir='ltr'>digna</span> <span class='ocrx_word' id='word_1_661' title='bbox 3805 3990 3868 4041; x_wconf 74' lang='lat' dir='ltr'>est</span> <span class='ocrx_word' id='word_1_662' title='bbox 3938 4024 3939 4077; x_wconf 46' lang='lat' dir='ltr'>i</span> 
     </span>
    </p>
   </div>
   <div class='ocr_carea' id='block_1_89' title="bbox 2262 4080 3867 4169">
    <p class='ocr_par' dir='ltr' id='par_1_89' title="bbox 2262 4080 3867 4169">
     <span class='ocr_line' id='line_1_89' title="bbox 2262 4080 3867 4169; baseline -0.014 -16"><span class='ocrx_word' id='word_1_663' title='bbox 2262 4096 2604 4169; x_wconf 89' lang='lat' dir='ltr'>comparari.</span> <span class='ocrx_word' id='word_1_664' title='bbox 2664 4095 2907 4166; x_wconf 86' lang='lat' dir='ltr'>Ideoque</span> <span class='ocrx_word' id='word_1_665' title='bbox 2974 4094 3229 4165; x_wconf 89' lang='lat' dir='ltr'>Sponsus</span> <span class='ocrx_word' id='word_1_666' title='bbox 3278 4094 3529 4164; x_wconf 76' lang='lat' dir='ltr'>Sponsae</span> <span class='ocrx_word' id='word_1_667' title='bbox 3574 4089 3689 4160; x_wconf 88' lang='lat' dir='ltr'>jam</span> <span class='ocrx_word' id='word_1_668' title='bbox 3748 4080 3867 4155; x_wconf 75' lang='lat' dir='ltr'>quasi</span> 
     </span>
    </p>
   </div>
   <div class='ocr_carea' id='block_1_90' title="bbox 2262 4188 2767 4265">
    <p class='ocr_par' dir='ltr' id='par_1_90' title="bbox 2262 4188 2767 4265">
     <span class='ocr_line' id='line_1_90' title="bbox 2262 4188 2767 4265; baseline -0.008 -19"><span class='ocrx_word' id='word_1_669' title='bbox 2262 4192 2549 4265; x_wconf 73' lang='lat' dir='ltr'>perfectte,</span> <span class='ocrx_word' id='word_1_670' title='bbox 2582 4188 2720 4244; x_wconf 89' lang='lat' dir='ltr'>dicit</span> <span class='ocrx_word' id='word_1_671' title='bbox 2755 4206 2767 4242; x_wconf 91' lang='lat'>:</span> 
     </span>
    </p>
   </div>
   <div class='ocr_carea' id='block_1_91' title="bbox 2334 4270 3939 4357">
    <p class='ocr_par' dir='ltr' id='par_1_91' title="bbox 2334 4270 3939 4357">
     <span class='ocr_line' id='line_1_91' title="bbox 2334 4270 3939 4357; baseline -0.009 -16"><span class='ocrx_word' id='word_1_672' title='bbox 2334 4288 2385 4340; x_wconf 90' lang='lat'>8.</span> <span class='ocrx_word' id='word_1_673' title='bbox 2430 4284 2605 4353; x_wconf 87' lang='lat' dir='ltr'>(Vers.</span> <span class='ocrx_word' id='word_1_674' title='bbox 2648 4282 2724 4354; x_wconf 77' lang='grc'>4.)</span> <span class='ocrx_word' id='word_1_675' title='bbox 2773 4282 2880 4352; x_wconf 88' lang='grc'><strong>(63)</strong></span> <span class='ocrx_word' id='word_1_676' title='bbox 2921 4282 3119 4347; x_wconf 79' lang='lat' dir='ltr'>Auerte</span> <span class='ocrx_word' id='word_1_677' title='bbox 3161 4280 3347 4334; x_wconf 82' lang='lat' dir='ltr'>oculos</span> <span class='ocrx_word' id='word_1_678' title='bbox 3400 4285 3520 4334; x_wconf 86' lang='lat' dir='ltr'>tuos</span> <span class='ocrx_word' id='word_1_679' title='bbox 3564 4294 3597 4330; x_wconf 87' lang='lat' dir='ltr'>a</span> <span class='ocrx_word' id='word_1_680' title='bbox 3640 4292 3733 4337; x_wconf 80' lang='lat' dir='ltr'>me,</span> <span class='ocrx_word' id='word_1_681' title='bbox 3772 4270 3871 4341; x_wconf 68' lang='lat' dir='ltr'>quia</span> <span class='ocrx_word' id='word_1_682' title='bbox 3938 4350 3939 4357; x_wconf 10' lang='grc' dir='ltr'>γ</span> 
     </span>
    </p>
   </div>
   <div class='ocr_carea' id='block_1_92' title="bbox 2260 4362 3870 4445">
    <p class='ocr_par' dir='ltr' id='par_1_92' title="bbox 2260 4362 3870 4445">
     <span class='ocr_line' id='line_1_92' title="bbox 2260 4362 3870 4445; baseline -0.009 -11"><span class='ocrx_word' id='word_1_683' title='bbox 2260 4395 2343 4434; x_wconf 80' lang='lat' dir='ltr'>me</span> <span class='ocrx_word' id='word_1_684' title='bbox 2381 4378 2602 4433; x_wconf 81' lang='lat' dir='ltr'>avolure</span> <span class='ocrx_word' id='word_1_685' title='bbox 2633 4378 2898 4445; x_wconf 79' lang='lat' dir='ltr'>fecerunt.</span> <span class='ocrx_word' id='word_1_686' title='bbox 2937 4374 3059 4429; x_wconf 85' lang='lat' dir='ltr'>Noli</span> <span class='ocrx_word' id='word_1_687' title='bbox 3095 4376 3294 4428; x_wconf 88' lang='lat' dir='ltr'>contra</span> <span class='ocrx_word' id='word_1_688' title='bbox 3333 4389 3431 4428; x_wconf 86' lang='lat' dir='ltr'>me</span> <span class='ocrx_word' id='word_1_689' title='bbox 3476 4369 3760 4427; x_wconf 83' lang='lat' dir='ltr'>intendere</span> <span class='ocrx_word' id='word_1_690' title='bbox 3795 4362 3870 4416; x_wconf 81' lang='lat' dir='ltr'>de-</span> 
     </span>
    </p>
   </div>
   <div class='ocr_carea' id='block_1_93' title="bbox 538 4458 3875 4540">
    <p class='ocr_par' dir='ltr' id='par_1_93' title="bbox 538 4458 3875 4540">
     <span class='ocr_line' id='line_1_93' title="bbox 538 4458 3875 4540; baseline -0.004 -14"><span class='ocrx_word' id='word_1_691' title='bbox 538 4488 560 4506; x_wconf 73' lang='lat'>&quot;</span> <span class='ocrx_word' id='word_1_692' title='bbox 600 4464 926 4536; x_wconf 81' lang='lat' dir='ltr'>Mysterium</span> <span class='ocrx_word' id='word_1_693' title='bbox 964 4464 1221 4539; x_wconf 79' lang='grc'><strong>1606</strong></span> <span class='ocrx_word' id='word_1_694' title='bbox 1262 4466 1411 4538; x_wconf 90' lang='lat' dir='ltr'>regis</span> <span class='ocrx_word' id='word_1_695' title='bbox 1444 4466 1661 4521; x_wconf 89' lang='lat' dir='ltr'>bonum</span> <span class='ocrx_word' id='word_1_696' title='bbox 1701 4472 1787 4521; x_wconf 89' lang='lat' dir='ltr'>est</span> <span class='ocrx_word' id='word_1_697' title='bbox 1817 4466 2243 4540; x_wconf 86' lang='lat' dir='ltr'>abscondereD</span> <span class='ocrx_word' id='word_1_698' title='bbox 2267 4472 2494 4527; x_wconf 90' lang='lat' dir='ltr'>votione</span> <span class='ocrx_word' id='word_1_699' title='bbox 2548 4471 2720 4525; x_wconf 88' lang='lat' dir='ltr'>nimia</span> <span class='ocrx_word' id='word_1_700' title='bbox 2772 4486 2836 4523; x_wconf 89' lang='lat' dir='ltr'>ac</span> <span class='ocrx_word' id='word_1_701' title='bbox 2888 4468 3018 4523; x_wconf 84' lang='lat' dir='ltr'>ﬁde.</span> <span class='ocrx_word' id='word_1_702' title='bbox 3074 4465 3525 4522; x_wconf 83' lang='lat' dir='ltr'>Possibilitatem</span> <span class='ocrx_word' id='word_1_703' title='bbox 3579 4469 3781 4517; x_wconf 72' lang='lat' dir='ltr'>natura:</span> <span class='ocrx_word' id='word_1_704' title='bbox 3835 4458 3875 4507; x_wconf 64' lang='grc' dir='ltr'>εὶ</span> 
     </span>
    </p>
   </div>
   <div class='ocr_carea' id='block_1_94' title="bbox 535 4558 2163 4632">
    <p class='ocr_par' dir='ltr' id='par_1_94' title="bbox 535 4558 2163 4632">
     <span class='ocr_line' id='line_1_94' title="bbox 535 4558 2163 4632; baseline 0.001 -19"><span class='ocrx_word' id='word_1_705' title='bbox 535 4558 708 4621; x_wconf 66' lang='lat' dir='ltr'>i1‘0b.,</span> <span class='ocrx_word' id='word_1_706' title='bbox 738 4576 832 4626; x_wconf 85' lang='lat' dir='ltr'>xu,</span> <span class='ocrx_word' id='word_1_707' title='bbox 862 4559 949 4629; x_wconf 87' lang='lat'>7);</span> <span class='ocrx_word' id='word_1_708' title='bbox 976 4582 1002 4608; x_wconf 73' lang='grc' dir='ltr'><strong>ι)</strong></span> <span class='ocrx_word' id='word_1_709' title='bbox 1028 4565 1226 4631; x_wconf 88' lang='lat' dir='ltr'>peccat</span> <span class='ocrx_word' id='word_1_710' title='bbox 1251 4561 1409 4615; x_wconf 91' lang='lat' dir='ltr'>enim</span> <span class='ocrx_word' id='word_1_711' title='bbox 1440 4561 1575 4629; x_wconf 88' lang='lat' dir='ltr'>Deo,</span> <span class='ocrx_word' id='word_1_712' title='bbox 1607 4561 1702 4632; x_wconf 91' lang='lat' dir='ltr'>qui</span> <span class='ocrx_word' id='word_1_713' title='bbox 1732 4561 2033 4617; x_wconf 89' lang='lat' dir='ltr'>commissa</span> <span class='ocrx_word' id='word_1_714' title='bbox 2061 4561 2163 4615; x_wconf 86' lang='lat' dir='ltr'>sibi</span> 
     </span>
    </p>
   </div>
   <div class='ocr_carea' id='block_1_95' title="bbox 534 4651 2165 4726">
    <p class='ocr_par' dir='ltr' id='par_1_95' title="bbox 534 4651 2165 4726">
     <span class='ocr_line' id='line_1_95' title="bbox 534 4651 2165 4726; baseline 0.004 -23"><span class='ocrx_word' id='word_1_715' title='bbox 534 4651 806 4722; x_wconf 81' lang='lat' dir='ltr'>mysteria</span> <span class='ocrx_word' id='word_1_716' title='bbox 843 4653 1129 4723; x_wconf 86' lang='lat' dir='ltr'>putaverit</span> <span class='ocrx_word' id='word_1_717' title='bbox 1167 4654 1420 4724; x_wconf 84' lang='lat' dir='ltr'>indignis</span> <span class='ocrx_word' id='word_1_718' title='bbox 1460 4672 1580 4709; x_wconf 88' lang='lat' dir='ltr'>esse</span> <span class='ocrx_word' id='word_1_719' title='bbox 1608 4655 1916 4726; x_wconf 89' lang='lat' dir='ltr'>vulganda.</span> <span class='ocrx_word' id='word_1_720' title='bbox 1947 4655 2165 4709; x_wconf 86' lang='lat' dir='ltr'>Pericu-</span> 
     </span>
    </p>
   </div>
   <div class='ocr_carea' id='block_1_96' title="bbox 528 4744 2164 4817">
    <p class='ocr_par' dir='ltr' id='par_1_96' title="bbox 528 4744 2164 4817">
     <span class='ocr_line' id='line_1_96' title="bbox 528 4744 2164 4817; baseline 0.003 -19"><span class='ocrx_word' id='word_1_721' title='bbox 528 4745 649 4799; x_wconf 89' lang='lat' dir='ltr'>lum</span> <span class='ocrx_word' id='word_1_722' title='bbox 698 4744 886 4817; x_wconf 81' lang='lat' dir='ltr'>itaque</span> <span class='ocrx_word' id='word_1_723' title='bbox 928 4751 1011 4801; x_wconf 90' lang='lat' dir='ltr'>est</span> <span class='ocrx_word' id='word_1_724' title='bbox 1049 4764 1165 4801; x_wconf 91' lang='lat' dir='ltr'>non</span> <span class='ocrx_word' id='word_1_725' title='bbox 1206 4747 1393 4802; x_wconf 89' lang='lat' dir='ltr'>solum</span> <span class='ocrx_word' id='word_1_726' title='bbox 1432 4749 1575 4803; x_wconf 89' lang='lat' dir='ltr'>falsa</span> <span class='ocrx_word' id='word_1_727' title='bbox 1612 4748 1823 4817; x_wconf 89' lang='lat' dir='ltr'>dicere,</span> <span class='ocrx_word' id='word_1_728' title='bbox 1858 4749 1951 4805; x_wconf 88' lang='lat' dir='ltr'>sed</span> <span class='ocrx_word' id='word_1_729' title='bbox 1994 4749 2164 4803; x_wconf 85' lang='lat' dir='ltr'>etiam</span> 
     </span>
    </p>
   </div>
   <div class='ocr_carea' id='block_1_97' title="bbox 531 4840 2160 4914">
    <p class='ocr_par' dir='ltr' id='par_1_97' title="bbox 531 4840 2160 4914">
     <span class='ocr_line' id='line_1_97' title="bbox 531 4840 2160 4914; baseline 0.004 -23"><span class='ocrx_word' id='word_1_730' title='bbox 531 4854 685 4908; x_wconf 59' lang='lat' dir='ltr'>Vara,</span> <span class='ocrx_word' id='word_1_731' title='bbox 714 4840 761 4893; x_wconf 86' lang='lat' dir='ltr'>si</span> <span class='ocrx_word' id='word_1_732' title='bbox 798 4840 924 4912; x_wconf 91' lang='lat' dir='ltr'>quis</span> <span class='ocrx_word' id='word_1_733' title='bbox 956 4857 1023 4895; x_wconf 85' lang='lat' dir='ltr'>ea</span> <span class='ocrx_word' id='word_1_734' title='bbox 1054 4840 1307 4896; x_wconf 89' lang='lat' dir='ltr'>insinuet</span> <span class='ocrx_word' id='word_1_735' title='bbox 1336 4841 1543 4913; x_wconf 91' lang='lat' dir='ltr'>quibus</span> <span class='ocrx_word' id='word_1_736' title='bbox 1582 4859 1693 4897; x_wconf 91' lang='lat' dir='ltr'>non</span> <span class='ocrx_word' id='word_1_737' title='bbox 1728 4848 1972 4914; x_wconf 86' lang='lat' dir='ltr'>oportet.</span> <span class='ocrx_word' id='word_1_738' title='bbox 2002 4843 2160 4908; x_wconf 86' lang='lat' dir='ltr'>Quod</span> 
     </span>
    </p>
   </div>
   <div class='ocr_carea' id='block_1_98' title="bbox 532 4933 2163 5006">
    <p class='ocr_par' dir='ltr' id='par_1_98' title="bbox 532 4933 2163 5006">
     <span class='ocr_line' id='line_1_98' title="bbox 532 4933 2163 5006; baseline 0.004 -21"><span class='ocrx_word' id='word_1_739' title='bbox 532 4934 733 4988; x_wconf 68' lang='lat' dir='ltr'>vitium</span> <span class='ocrx_word' id='word_1_740' title='bbox 798 4933 1277 5006; x_wconf 77' lang='lat' dir='ltr'>quadripertitum</span> <span class='ocrx_word' id='word_1_741' title='bbox 1344 4941 1459 5002; x_wconf 89' lang='lat' dir='ltr'>est,</span> <span class='ocrx_word' id='word_1_742' title='bbox 1521 4936 1603 4991; x_wconf 90' lang='lat' dir='ltr'>vel</span> <span class='ocrx_word' id='word_1_743' title='bbox 1659 4936 2032 5004; x_wconf 89' lang='lat' dir='ltr'>adulationis,</span> <span class='ocrx_word' id='word_1_744' title='bbox 2082 4939 2163 4991; x_wconf 83' lang='lat' dir='ltr'>vel</span> 
     </span>
    </p>
   </div>
   <div class='ocr_carea' id='block_1_99' title="bbox 531 5027 2160 5100">
    <p class='ocr_par' dir='ltr' id='par_1_99' title="bbox 531 5027 2160 5100">
     <span class='ocr_line' id='line_1_99' title="bbox 531 5027 2160 5100; baseline 0.004 -22"><span class='ocrx_word' id='word_1_745' title='bbox 531 5028 803 5091; x_wconf 63' lang='lat' dir='ltr'>avaritiae,</span> <span class='ocrx_word' id='word_1_746' title='bbox 852 5029 936 5082; x_wconf 91' lang='lat' dir='ltr'>vel</span> <span class='ocrx_word' id='word_1_747' title='bbox 984 5027 1297 5099; x_wconf 56' lang='lat' dir='ltr'>jactantia’,</span> <span class='ocrx_word' id='word_1_748' title='bbox 1345 5027 1430 5082; x_wconf 92' lang='lat' dir='ltr'>vel</span> <span class='ocrx_word' id='word_1_749' title='bbox 1480 5027 1838 5100; x_wconf 88' lang='lat' dir='ltr'>loquacitatis</span> <span class='ocrx_word' id='word_1_750' title='bbox 1890 5030 2160 5099; x_wconf 67' lang='lat' dir='ltr'>incautae;</span> 
     </span>
    </p>
   </div>
   <div class='ocr_carea' id='block_1_100' title="bbox 535 5120 2166 5194">
    <p class='ocr_par' dir='ltr' id='par_1_100' title="bbox 535 5120 2166 5194">
     <span class='ocr_line' id='line_1_100' title="bbox 535 5120 2166 5194; baseline 0.005 -23"><span class='ocrx_word' id='word_1_751' title='bbox 535 5123 666 5192; x_wconf 76' lang='lat' dir='ltr'>quia</span> <span class='ocrx_word' id='word_1_752' title='bbox 691 5122 829 5176; x_wconf 89' lang='lat' dir='ltr'>dum</span> <span class='ocrx_word' id='word_1_753' title='bbox 858 5121 1076 5177; x_wconf 89' lang='lat' dir='ltr'>adulari</span> <span class='ocrx_word' id='word_1_754' title='bbox 1105 5121 1226 5175; x_wconf 91' lang='lat' dir='ltr'>vult</span> <span class='ocrx_word' id='word_1_755' title='bbox 1248 5120 1471 5194; x_wconf 89' lang='lat' dir='ltr'>aliquis,</span> <span class='ocrx_word' id='word_1_756' title='bbox 1499 5122 1551 5177; x_wconf 90' lang='lat' dir='ltr'>ei</span> <span class='ocrx_word' id='word_1_757' title='bbox 1579 5121 1666 5176; x_wconf 90' lang='lat' dir='ltr'>cui</span> <span class='ocrx_word' id='word_1_758' title='bbox 1692 5122 1961 5194; x_wconf 89' lang='lat' dir='ltr'>loquitur,</span> <span class='ocrx_word' id='word_1_759' title='bbox 1990 5124 2166 5179; x_wconf 72' lang='lat' dir='ltr'>effun-</span> 
     </span>
    </p>
   </div>
   <div class='ocr_carea' id='block_1_101' title="bbox 532 5215 2161 5289">
    <p class='ocr_par' dir='ltr' id='par_1_101' title="bbox 532 5215 2161 5289">
     <span class='ocr_line' id='line_1_101' title="bbox 532 5215 2161 5289; baseline 0.002 -20"><span class='ocrx_word' id='word_1_760' title='bbox 532 5215 614 5270; x_wconf 88' lang='lat' dir='ltr'>dit</span> <span class='ocrx_word' id='word_1_761' title='bbox 655 5215 991 5289; x_wconf 87' lang='lat' dir='ltr'>mysterium</span> <span class='ocrx_word' id='word_1_762' title='bbox 1028 5234 1039 5269; x_wconf 90' lang='lat'>:</span> <span class='ocrx_word' id='word_1_763' title='bbox 1075 5215 1334 5271; x_wconf 90' lang='lat' dir='ltr'>nonnulli</span> <span class='ocrx_word' id='word_1_764' title='bbox 1376 5215 1548 5271; x_wconf 90' lang='lat' dir='ltr'>etiam</span> <span class='ocrx_word' id='word_1_765' title='bbox 1593 5216 1777 5271; x_wconf 91' lang='lat' dir='ltr'>studio</span> <span class='ocrx_word' id='word_1_766' title='bbox 1816 5218 1974 5284; x_wconf 90' lang='lat' dir='ltr'>lucri,</span> <span class='ocrx_word' id='word_1_767' title='bbox 2018 5236 2161 5273; x_wconf 85' lang='lat' dir='ltr'>mer-</span> 
     </span>
    </p>
   </div>
   <div class='ocr_carea' id='block_1_102' title="bbox 531 5310 2163 5380">
    <p class='ocr_par' dir='ltr' id='par_1_102' title="bbox 531 5310 2163 5380">
     <span class='ocr_line' id='line_1_102' title="bbox 531 5310 2163 5380; baseline 0.003 -20"><span class='ocrx_word' id='word_1_768' title='bbox 531 5311 727 5365; x_wconf 74' lang='lat' dir='ltr'>cedem</span> <span class='ocrx_word' id='word_1_769' title='bbox 776 5310 1113 5380; x_wconf 90' lang='lat' dir='ltr'>proditionis</span> <span class='ocrx_word' id='word_1_770' title='bbox 1158 5314 1494 5380; x_wconf 88' lang='lat' dir='ltr'>sequuntur,</span> <span class='ocrx_word' id='word_1_771' title='bbox 1542 5315 1608 5363; x_wconf 88' lang='lat' dir='ltr'>ut</span> <span class='ocrx_word' id='word_1_772' title='bbox 1654 5310 1897 5379; x_wconf 88' lang='lat' dir='ltr'>tegenda</span> <span class='ocrx_word' id='word_1_773' title='bbox 1940 5311 2163 5366; x_wconf 83' lang='lat' dir='ltr'>silentio</span> 
     </span>
    </p>
   </div>
   <div class='ocr_carea' id='block_1_103' title="bbox 534 5402 2162 5475">
    <p class='ocr_par' dir='ltr' id='par_1_103' title="bbox 534 5402 2162 5475">
     <span class='ocr_line' id='line_1_103' title="bbox 534 5402 2162 5475; baseline 0.004 -23"><span class='ocrx_word' id='word_1_774' title='bbox 534 5402 780 5457; x_wconf 70' lang='lat' dir='ltr'>vendant</span> <span class='ocrx_word' id='word_1_775' title='bbox 807 5403 1120 5475; x_wconf 86' lang='lat' dir='ltr'>loquendo;</span> <span class='ocrx_word' id='word_1_776' title='bbox 1149 5402 1239 5459; x_wconf 86' lang='lat' dir='ltr'>alii</span> <span class='ocrx_word' id='word_1_777' title='bbox 1274 5405 1335 5457; x_wconf 90' lang='lat' dir='ltr'>ut</span> <span class='ocrx_word' id='word_1_778' title='bbox 1372 5403 1539 5474; x_wconf 90' lang='lat' dir='ltr'>plura</span> <span class='ocrx_word' id='word_1_779' title='bbox 1578 5418 1813 5457; x_wconf 89' lang='lat' dir='ltr'>noscere</span> <span class='ocrx_word' id='word_1_780' title='bbox 1845 5404 2162 5468; x_wconf 82' lang='lat' dir='ltr'>videantur,</span> 
     </span>
    </p>
   </div>
   <div class='ocr_carea' id='block_1_104' title="bbox 533 5495 2163 5568">
    <p class='ocr_par' dir='ltr' id='par_1_104' title="bbox 533 5495 2163 5568">
     <span class='ocr_line' id='line_1_104' title="bbox 533 5495 2163 5568; baseline 0.003 -21"><span class='ocrx_word' id='word_1_781' title='bbox 533 5498 590 5546; x_wconf 69' lang='lat' dir='ltr'>ct</span> <span class='ocrx_word' id='word_1_782' title='bbox 628 5495 919 5551; x_wconf 89' lang='lat' dir='ltr'>scientiam</span> <span class='ocrx_word' id='word_1_783' title='bbox 964 5514 1126 5552; x_wconf 88' lang='lat' dir='ltr'>suam</span> <span class='ocrx_word' id='word_1_784' title='bbox 1159 5497 1445 5568; x_wconf 89' lang='lat' dir='ltr'>jactiteut,</span> <span class='ocrx_word' id='word_1_785' title='bbox 1485 5496 1751 5567; x_wconf 89' lang='lat' dir='ltr'>aperiunt</span> <span class='ocrx_word' id='word_1_786' title='bbox 1790 5497 1938 5568; x_wconf 91' lang='lat' dir='ltr'>quod</span> <span class='ocrx_word' id='word_1_787' title='bbox 1982 5498 2163 5552; x_wconf 88' lang='lat' dir='ltr'>celare</span> 
     </span>
    </p>
   </div>
   <div class='ocr_carea' id='block_1_105' title="bbox 593 5641 1450 5705">
    <p class='ocr_par' dir='ltr' id='par_1_105' title="bbox 593 5641 1450 5705">
     <span class='ocr_line' id='line_1_105' title="bbox 593 5641 1450 5705; baseline -0.002 -14"><span class='ocrx_word' id='word_1_788' title='bbox 593 5642 687 5705; x_wconf 77' lang='grc'><strong>(59)</strong></span> <span class='ocrx_word' id='word_1_789' title='bbox 724 5641 786 5690; x_wconf 89' lang='lat' dir='ltr'>In</span> <span class='ocrx_word' id='word_1_790' title='bbox 814 5641 945 5704; x_wconf 88' lang='lat' dir='ltr'>psal.</span> <span class='ocrx_word' id='word_1_791' title='bbox 978 5653 1181 5701; x_wconf 85' lang='lat' dir='ltr'>cxvm,</span> <span class='ocrx_word' id='word_1_792' title='bbox 1206 5655 1371 5692; x_wconf 88' lang='lat' dir='ltr'>serm.</span> <span class='ocrx_word' id='word_1_793' title='bbox 1401 5641 1450 5692; x_wconf 70' lang='lat'>3.</span> 
     </span>
    </p>
   </div>
   <div class='ocr_carea' id='block_1_106' title="bbox 590 5711 1578 5774">
    <p class='ocr_par' dir='ltr' id='par_1_106' title="bbox 590 5711 1578 5774">
     <span class='ocr_line' id='line_1_106' title="bbox 590 5711 1578 5774; baseline -0.004 -9"><span class='ocrx_word' id='word_1_794' title='bbox 590 5713 685 5774; x_wconf 83' lang='lat'>(80)</span> <span class='ocrx_word' id='word_1_795' title='bbox 716 5711 832 5762; x_wconf 90' lang='lat' dir='ltr'>Lib.</span> <span class='ocrx_word' id='word_1_796' title='bbox 866 5711 927 5760; x_wconf 77' lang='lat' dir='ltr'>de</span> <span class='ocrx_word' id='word_1_797' title='bbox 957 5712 1134 5769; x_wconf 84' lang='lat' dir='ltr'>Isaac,</span> <span class='ocrx_word' id='word_1_798' title='bbox 1159 5726 1206 5761; x_wconf 93' lang='lat' dir='ltr'>c.</span> <span class='ocrx_word' id='word_1_799' title='bbox 1237 5713 1288 5773; x_wconf 88' lang='lat'>7,</span> <span class='ocrx_word' id='word_1_800' title='bbox 1313 5726 1466 5762; x_wconf 88' lang='lat' dir='ltr'>num.</span> <span class='ocrx_word' id='word_1_801' title='bbox 1498 5714 1578 5768; x_wconf 77' lang='lat'>57.</span> 
     </span>
    </p>
   </div>
   <div class='ocr_carea' id='block_1_107' title="bbox 592 5780 1296 5843">
    <p class='ocr_par' dir='ltr' id='par_1_107' title="bbox 592 5780 1296 5843">
     <span class='ocr_line' id='line_1_107' title="bbox 592 5780 1296 5843; baseline -0.003 -12"><span class='ocrx_word' id='word_1_802' title='bbox 592 5784 690 5843; x_wconf 81' lang='grc'><strong>(61)</strong></span> <span class='ocrx_word' id='word_1_803' title='bbox 720 5780 892 5841; x_wconf 84' lang='lat' dir='ltr'>Epist.</span> <span class='ocrx_word' id='word_1_804' title='bbox 924 5780 995 5826; x_wconf 80' lang='lat' dir='ltr'>ad</span> <span class='ocrx_word' id='word_1_805' title='bbox 1026 5782 1296 5836; x_wconf 74' lang='lat' dir='ltr'>Irenaeum.</span> 
     </span>
    </p>
   </div>
   <div class='ocr_carea' id='block_1_108' title="bbox 2265 4553 3874 4641">
    <p class='ocr_par' dir='ltr' id='par_1_108' title="bbox 2265 4553 3874 4641">
     <span class='ocr_line' id='line_1_108' title="bbox 2265 4553 3874 4641; baseline -0.011 -21"><span class='ocrx_word' id='word_1_806' title='bbox 2265 4564 2606 4620; x_wconf 87' lang='lat' dir='ltr'>conditionis</span> <span class='ocrx_word' id='word_1_807' title='bbox 2658 4562 2904 4635; x_wconf 80' lang='lat' dir='ltr'>propriae</span> <span class='ocrx_word' id='word_1_808' title='bbox 2955 4576 3331 4633; x_wconf 88' lang='lat' dir='ltr'>supergressa</span> <span class='ocrx_word' id='word_1_809' title='bbox 3398 4575 3492 4626; x_wconf 90' lang='lat' dir='ltr'>es,</span> <span class='ocrx_word' id='word_1_810' title='bbox 3521 4556 3681 4641; x_wconf 79' lang='lat' dir='ltr'>quia</span> <span class='ocrx_word' id='word_1_811' title='bbox 3727 4553 3874 4607; x_wconf 87' lang='lat' dir='ltr'>lucem</span> 
     </span>
    </p>
   </div>
   <div class='ocr_carea' id='block_1_109' title="bbox 2264 4649 3876 4726">
    <p class='ocr_par' dir='ltr' id='par_1_109' title="bbox 2264 4649 3876 4726">
     <span class='ocr_line' id='line_1_109' title="bbox 2264 4649 3876 4726; baseline -0.01 -14"><span class='ocrx_word' id='word_1_812' title='bbox 2264 4656 2722 4713; x_wconf 89' lang='lat' dir='ltr'>inaccessibilem</span> <span class='ocrx_word' id='word_1_813' title='bbox 2759 4673 2790 4709; x_wconf 91' lang='lat' dir='ltr'>e</span> <span class='ocrx_word' id='word_1_814' title='bbox 2824 4655 3058 4726; x_wconf 89' lang='lat' dir='ltr'>regione</span> <span class='ocrx_word' id='word_1_815' title='bbox 3098 4652 3314 4708; x_wconf 90' lang='lat' dir='ltr'>intueri</span> <span class='ocrx_word' id='word_1_816' title='bbox 3352 4657 3444 4707; x_wconf 88' lang='lat' dir='ltr'>est</span> <span class='ocrx_word' id='word_1_817' title='bbox 3482 4666 3671 4723; x_wconf 85' lang='lat' dir='ltr'>grave.</span> <span class='ocrx_word' id='word_1_818' title='bbox 3699 4649 3876 4703; x_wconf 69' lang='lat' dir='ltr'>Avertr.</span> 
     </span>
    </p>
   </div>
   <div class='ocr_carea' id='block_1_110' title="bbox 2268 4738 3875 4823">
    <p class='ocr_par' dir='ltr' id='par_1_110' title="bbox 2268 4738 3875 4823">
     <span class='ocr_line' id='line_1_110' title="bbox 2268 4738 3875 4823; baseline -0.012 -16"><span class='ocrx_word' id='word_1_819' title='bbox 2268 4752 2473 4823; x_wconf 90' lang='lat' dir='ltr'>inquit,</span> <span class='ocrx_word' id='word_1_820' title='bbox 2518 4752 2698 4805; x_wconf 81' lang='lat' dir='ltr'>oculos</span> <span class='ocrx_word' id='word_1_821' title='bbox 2753 4756 2870 4805; x_wconf 84' lang='lat' dir='ltr'>tuos</span> <span class='ocrx_word' id='word_1_822' title='bbox 2919 4766 2953 4801; x_wconf 76' lang='grc' dir='ltr'>ιι</span> <span class='ocrx_word' id='word_1_823' title='bbox 3002 4764 3112 4813; x_wconf 85' lang='lat' dir='ltr'>me;</span> <span class='ocrx_word' id='word_1_824' title='bbox 3160 4763 3226 4801; x_wconf 87' lang='lat' dir='ltr'>eo</span> <span class='ocrx_word' id='word_1_825' title='bbox 3276 4745 3445 4818; x_wconf 86' lang='lat' dir='ltr'>quod</span> <span class='ocrx_word' id='word_1_826' title='bbox 3500 4738 3875 4816; x_wconf 88' lang='lat' dir='ltr'>plenitudinem</span> 
     </span>
    </p>
   </div>
   <div class='ocr_carea' id='block_1_111' title="bbox 2267 4829 3875 4914">
    <p class='ocr_par' dir='ltr' id='par_1_111' title="bbox 2267 4829 3875 4914">
     <span class='ocr_line' id='line_1_111' title="bbox 2267 4829 3875 4914; baseline -0.012 -15"><span class='ocrx_word' id='word_1_827' title='bbox 2267 4844 2580 4899; x_wconf 89' lang='lat' dir='ltr'>divinitatis</span> <span class='ocrx_word' id='word_1_828' title='bbox 2613 4844 2758 4914; x_wconf 86' lang='lat' dir='ltr'>ejus,</span> <span class='ocrx_word' id='word_1_829' title='bbox 2798 4847 2855 4898; x_wconf 90' lang='lat' dir='ltr'>et</span> <span class='ocrx_word' id='word_1_830' title='bbox 2894 4840 3255 4913; x_wconf 86' lang='lat' dir='ltr'>splendorem</span> <span class='ocrx_word' id='word_1_831' title='bbox 3300 4839 3427 4893; x_wconf 84' lang='lat' dir='ltr'>veri</span> <span class='ocrx_word' id='word_1_832' title='bbox 3476 4835 3704 4893; x_wconf 87' lang='lat' dir='ltr'>luminis</span> <span class='ocrx_word' id='word_1_833' title='bbox 3739 4829 3875 4886; x_wconf 82' lang='lat' dir='ltr'>susti-</span> 
     </span>
    </p>
   </div>
   <div class='ocr_carea' id='block_1_112' title="bbox 2265 4936 2775 5008">
    <p class='ocr_par' dir='ltr' id='par_1_112' title="bbox 2265 4936 2775 5008">
     <span class='ocr_line' id='line_1_112' title="bbox 2265 4936 2775 5008; baseline -0.004 -17"><span class='ocrx_word' id='word_1_834' title='bbox 2265 4955 2402 4993; x_wconf 82' lang='lat' dir='ltr'>nere</span> <span class='ocrx_word' id='word_1_835' title='bbox 2434 4954 2545 4992; x_wconf 90' lang='lat' dir='ltr'>non</span> <span class='ocrx_word' id='word_1_836' title='bbox 2578 4936 2775 5008; x_wconf 88' lang='lat' dir='ltr'>possit.</span> 
     </span>
    </p>
   </div>
   <div class='ocr_carea' id='block_1_113' title="bbox 2339 5017 3875 5098">
    <p class='ocr_par' dir='ltr' id='par_1_113' title="bbox 2339 5017 3875 5098">
     <span class='ocr_line' id='line_1_113' title="bbox 2339 5017 3875 5098; baseline -0.008 -13"><span class='ocrx_word' id='word_1_837' title='bbox 2339 5036 2389 5085; x_wconf 80' lang='lat'>9.</span> <span class='ocrx_word' id='word_1_838' title='bbox 2427 5033 2729 5085; x_wconf 90' lang='lat' dir='ltr'>Possumus</span> <span class='ocrx_word' id='word_1_839' title='bbox 2755 5032 2947 5084; x_wconf 88' lang='lat' dir='ltr'>tamen</span> <span class='ocrx_word' id='word_1_840' title='bbox 2976 5032 3033 5083; x_wconf 89' lang='lat' dir='ltr'>et</span> <span class='ocrx_word' id='word_1_841' title='bbox 3068 5028 3144 5082; x_wconf 91' lang='lat' dir='ltr'>sic</span> <span class='ocrx_word' id='word_1_842' title='bbox 3182 5027 3451 5098; x_wconf 87' lang='lat' dir='ltr'>accipere</span> <span class='ocrx_word' id='word_1_843' title='bbox 3480 5043 3493 5080; x_wconf 89' lang='lat'><strong>:</strong></span> <span class='ocrx_word' id='word_1_844' title='bbox 3527 5027 3712 5081; x_wconf 79' lang='lat' dir='ltr'>Aeerte</span> <span class='ocrx_word' id='word_1_845' title='bbox 3735 5017 3875 5073; x_wconf 53' lang='lat' dir='ltr'>oeulos</span> 
     </span>
    </p>
   </div>
   <div class='ocr_carea' id='block_1_114' title="bbox 2269 5109 3871 5195">
    <p class='ocr_par' dir='ltr' id='par_1_114' title="bbox 2269 5109 3871 5195">
     <span class='ocr_line' id='line_1_114' title="bbox 2269 5109 3871 5195; baseline -0.011 -15"><span class='ocrx_word' id='word_1_846' title='bbox 2269 5134 2387 5180; x_wconf 81' lang='lat' dir='ltr'>tuos</span> <span class='ocrx_word' id='word_1_847' title='bbox 2430 5142 2464 5180; x_wconf 93' lang='lat' dir='ltr'>a</span> <span class='ocrx_word' id='word_1_848' title='bbox 2506 5140 2616 5189; x_wconf 86' lang='lat' dir='ltr'>me;</span> <span class='ocrx_word' id='word_1_849' title='bbox 2664 5123 2769 5177; x_wconf 88' lang='lat' dir='ltr'>etsi</span> <span class='ocrx_word' id='word_1_850' title='bbox 2825 5127 2881 5177; x_wconf 88' lang='lat' dir='ltr'>tu</span> <span class='ocrx_word' id='word_1_851' title='bbox 2936 5121 3185 5195; x_wconf 85' lang='lat' dir='ltr'>perfecta</span> <span class='ocrx_word' id='word_1_852' title='bbox 3229 5137 3316 5187; x_wconf 90' lang='lat' dir='ltr'>es,</span> <span class='ocrx_word' id='word_1_853' title='bbox 3372 5120 3505 5174; x_wconf 70' lang='lat' dir='ltr'>alia:</span> <span class='ocrx_word' id='word_1_854' title='bbox 3552 5114 3684 5172; x_wconf 88' lang='lat' dir='ltr'>mihi</span> <span class='ocrx_word' id='word_1_855' title='bbox 3722 5109 3871 5166; x_wconf 77' lang='lat' dir='ltr'>adhuc</span> 
     </span>
    </p>
   </div>
   <div class='ocr_carea' id='block_1_115' title="bbox 2264 5207 3871 5282">
    <p class='ocr_par' dir='ltr' id='par_1_115' title="bbox 2264 5207 3871 5282">
     <span class='ocr_line' id='line_1_115' title="bbox 2264 5207 3871 5282; baseline -0.011 -8"><span class='ocrx_word' id='word_1_856' title='bbox 2264 5218 2621 5275; x_wconf 59' lang='lat' dir='ltr'>redimendae</span> <span class='ocrx_word' id='word_1_857' title='bbox 2677 5219 2811 5271; x_wconf 92' lang='lat' dir='ltr'>sunt</span> <span class='ocrx_word' id='word_1_858' title='bbox 2863 5216 3090 5282; x_wconf 77' lang='lat' dir='ltr'>animae,</span> <span class='ocrx_word' id='word_1_859' title='bbox 3141 5213 3271 5268; x_wconf 59' lang='lat' dir='ltr'>alia:</span> <span class='ocrx_word' id='word_1_860' title='bbox 3338 5212 3664 5269; x_wconf 58' lang='lat' dir='ltr'>fulcienda.</span> <span class='ocrx_word' id='word_1_861' title='bbox 3715 5207 3871 5261; x_wconf 73' lang='lat' dir='ltr'>Elevas</span> 
     </span>
    </p>
   </div>
   <div class='ocr_carea' id='block_1_116' title="bbox 2268 5292 3868 5380">
    <p class='ocr_par' dir='ltr' id='par_1_116' title="bbox 2268 5292 3868 5380">
     <span class='ocr_line' id='line_1_116' title="bbox 2268 5292 3868 5380; baseline -0.008 -14"><span class='ocrx_word' id='word_1_862' title='bbox 2268 5313 2422 5367; x_wconf 88' lang='lat' dir='ltr'>enim</span> <span class='ocrx_word' id='word_1_863' title='bbox 2470 5328 2563 5365; x_wconf 90' lang='lat' dir='ltr'>me</span> <span class='ocrx_word' id='word_1_864' title='bbox 2612 5310 2884 5377; x_wconf 87' lang='lat' dir='ltr'>vivendo;</span> <span class='ocrx_word' id='word_1_865' title='bbox 2936 5324 3041 5380; x_wconf 90' lang='lat' dir='ltr'>ego</span> <span class='ocrx_word' id='word_1_866' title='bbox 3092 5312 3288 5361; x_wconf 88' lang='lat' dir='ltr'>autem</span> <span class='ocrx_word' id='word_1_867' title='bbox 3342 5307 3473 5362; x_wconf 88' lang='lat' dir='ltr'>ideo</span> <span class='ocrx_word' id='word_1_868' title='bbox 3520 5298 3781 5363; x_wconf 85' lang='lat' dir='ltr'>descendi,</span> <span class='ocrx_word' id='word_1_869' title='bbox 3823 5292 3868 5344; x_wconf 68' lang='lat' dir='ltr'>Ill</span> 
     </span>
    </p>
   </div>
   <div class='ocr_carea' id='block_1_117' title="bbox 2268 5391 3870 5470">
    <p class='ocr_par' dir='ltr' id='par_1_117' title="bbox 2268 5391 3870 5470">
     <span class='ocr_line' id='line_1_117' title="bbox 2268 5391 3870 5470; baseline -0.014 -10"><span class='ocrx_word' id='word_1_870' title='bbox 2268 5421 2466 5460; x_wconf 86' lang='lat' dir='ltr'>omnes</span> <span class='ocrx_word' id='word_1_871' title='bbox 2497 5405 2728 5459; x_wconf 88' lang='lat' dir='ltr'>elevem.</span> <span class='ocrx_word' id='word_1_872' title='bbox 2762 5402 2874 5459; x_wconf 86' lang='lat' dir='ltr'>Etsi</span> <span class='ocrx_word' id='word_1_873' title='bbox 2902 5401 3139 5470; x_wconf 84' lang='lat' dir='ltr'>surrexi,</span> <span class='ocrx_word' id='word_1_874' title='bbox 3166 5403 3223 5455; x_wconf 90' lang='lat' dir='ltr'>et</span> <span class='ocrx_word' id='word_1_875' title='bbox 3249 5400 3450 5456; x_wconf 86' lang='lat' dir='ltr'>habeo</span> <span class='ocrx_word' id='word_1_876' title='bbox 3484 5396 3655 5470; x_wconf 82' lang='lat' dir='ltr'>patris</span> <span class='ocrx_word' id='word_1_877' title='bbox 3690 5391 3870 5446; x_wconf 84' lang='lat' dir='ltr'>sedem.</span> 
     </span>
    </p>
   </div>
   <div class='ocr_carea' id='block_1_118' title="bbox 2264 5476 3869 5569">
    <p class='ocr_par' dir='ltr' id='par_1_118' title="bbox 2264 5493 3869 5569">
     <span class='ocr_line' id='line_1_118' title="bbox 2264 5493 3869 5569; baseline -0.009 -16"><span class='ocrx_word' id='word_1_878' title='bbox 2264 5505 2459 5553; x_wconf 82' lang='lat' dir='ltr'>tamen</span> <span class='ocrx_word' id='word_1_879' title='bbox 2492 5498 2773 5569; x_wconf 86' lang='lat' dir='ltr'>orphanos</span> <span class='ocrx_word' id='word_1_880' title='bbox 2802 5512 2917 5550; x_wconf 89' lang='lat' dir='ltr'>non</span> <span class='ocrx_word' id='word_1_881' title='bbox 2951 5494 3270 5566; x_wconf 88' lang='lat' dir='ltr'>relinquam</span> <span class='ocrx_word' id='word_1_882' title='bbox 3318 5509 3439 5560; x_wconf 84' lang='lat' dir='ltr'>vos,</span> <span class='ocrx_word' id='word_1_883' title='bbox 3479 5493 3704 5562; x_wconf 88' lang='lat' dir='ltr'>paterno</span> <span class='ocrx_word' id='word_1_884' title='bbox 3734 5493 3869 5555; x_wconf 74' lang='lat' dir='ltr'>quaSl</span> 
     </span>
    </p>
   </div>
   <div class='ocr_carea' id='block_1_119' title="bbox 2328 5640 3399 5707">
    <p class='ocr_par' dir='ltr' id='par_1_119' title="bbox 2328 5640 3399 5707">
     <span class='ocr_line' id='line_1_119' title="bbox 2328 5640 3399 5707; baseline -0.009 -13"><span class='ocrx_word' id='word_1_885' title='bbox 2328 5644 2423 5707; x_wconf 75' lang='lat'>(62)</span> <span class='ocrx_word' id='word_1_886' title='bbox 2452 5643 2568 5693; x_wconf 86' lang='lat' dir='ltr'>Lib.</span> <span class='ocrx_word' id='word_1_887' title='bbox 2597 5643 2661 5694; x_wconf 77' lang='lat' dir='ltr'>de</span> <span class='ocrx_word' id='word_1_888' title='bbox 2697 5643 2864 5705; x_wconf 53' lang='lat' dir='ltr'>Virg,</span> <span class='ocrx_word' id='word_1_889' title='bbox 2895 5655 3015 5706; x_wconf 88' lang='lat' dir='ltr'>cap.</span> <span class='ocrx_word' id='word_1_890' title='bbox 3044 5643 3094 5700; x_wconf 86' lang='lat'>8,</span> <span class='ocrx_word' id='word_1_891' title='bbox 3124 5653 3278 5689; x_wconf 88' lang='lat' dir='ltr'>num.</span> <span class='ocrx_word' id='word_1_892' title='bbox 3319 5640 3399 5687; x_wconf 75' lang='grc'>47.</span> 
     </span>
    </p>
   </div>
   <div class='ocr_carea' id='block_1_120' title="bbox 2334 5710 3310 5779">
    <p class='ocr_par' dir='ltr' id='par_1_120' title="bbox 2334 5710 3310 5779">
     <span class='ocr_line' id='line_1_120' title="bbox 2334 5710 3310 5779; baseline -0.002 -12"><span class='ocrx_word' id='word_1_893' title='bbox 2334 5714 2427 5779; x_wconf 75' lang='grc'><strong>(63)</strong></span> <span class='ocrx_word' id='word_1_894' title='bbox 2452 5714 2567 5771; x_wconf 85' lang='lat' dir='ltr'>Lib.</span> <span class='ocrx_word' id='word_1_895' title='bbox 2605 5714 2668 5765; x_wconf 76' lang='lat' dir='ltr'>de</span> <span class='ocrx_word' id='word_1_896' title='bbox 2692 5716 2863 5771; x_wconf 82' lang='lat' dir='ltr'>Isaac,</span> <span class='ocrx_word' id='word_1_897' title='bbox 2887 5727 2933 5764; x_wconf 89' lang='lat' dir='ltr'>c.</span> <span class='ocrx_word' id='word_1_898' title='bbox 2964 5715 3016 5773; x_wconf 82' lang='lat'>7,</span> <span class='ocrx_word' id='word_1_899' title='bbox 3048 5724 3198 5762; x_wconf 86' lang='lat' dir='ltr'>num.</span> <span class='ocrx_word' id='word_1_900' title='bbox 3225 5710 3310 5765; x_wconf 76' lang='lat'>57..</span> 
     </span>
    </p>
   </div>
  </div>
