4000 6166
200 336 312 390 2041

1189 334 1229 389 Ε
1266 334 1566 389 SCRIPTIS
1601 336 1654 388 ὃ.
1698 333 2015 388 AMBRUSH
2055 328 2463 389 CULLEUI’US.

3373 338 3513 391 2042

197 456 415 529 praesidio
449 452 756 520 destitutos,
789 456 879 510 sed
920 458 1220 527 praesentia
1262 474 1387 512 mea
1428 474 1522 511 vos
1562 457 1766 512 conlir-
1797 468 1853 540 Α
1874 455 2000 511 est?
2017 457 2192 511 Terra
2214 457 2365 511 enim
2389 474 2516 529 quin
2540 458 2683 514 bona
2704 465 2805 526 est,
2829 459 3027 512 fertilis
3047 462 3215 530 atque
3232 459 3507 525 fecunda;

198 550 350 607 mabo.
394 548 553 603 Habes
590 547 649 602 in
693 549 1000 620 Evangelio
1042 550 1147 605 hoc
1192 551 1466 622 scriptum
1505 570 1518 605 :
1560 571 1586 598 (ι
1630 551 1768 605 Ecce

193 660 279 714 ego
333 641 588 696 vobiscum
651 657 776 696 sum
838 658 1022 714 usque
1085 644 1151 697 ad
1221 645 1769 699 consummationem

187 737 353 792 mundi
395 737 623 803 (Matt/iu
674 752 860 805 xxvui,
908 738 1023 809 20).
1071 760 1098 787 ››
1146 742 1347 793 Averte
1395 755 1533 811 ergo
1580 739 1770 793 oculos

182 849 209 883 ιι
236 846 332 897 me,
359 829 483 900 quia
510 845 600 883 me
630 828 831 885 elevas.
867 828 1093 894 Quanto
1125 831 1277 886 enim
1307 833 1435 903 quis
1472 832 1543 887 ad
1573 833 1763 887 Domi-

186 940 300 979 num
340 923 583 989 intendit,
633 927 788 979 tanto
833 924 1082 995 amplius
1128 925 1426 981 Dominum
1474 927 1676 994 elevat,
1715 933 1770 982 et

183 1020 278 1088 ipse
323 1017 570 1071 elevatur.
621 1017 780 1072 Unde
831 1022 888 1071 et
945 1019 1037 1073 ille
1088 1018 1166 1073 ait
1224 1037 1235 1073 :
1290 1044 1317 1067 u
1374 1020 1632 1075 Exaltabo
1690 1028 1765 1087 te,

182 1110 401 1175 Domine,
440 1110 705 1181 quoniam
752 1112 1047 1183 suscepisti
1092 1130 1183 1167 me
1218 1115 1387 1182 (Psul.
1431 1131 1575 1180 xxix,
1617 1120 1693 1180 ‘2).
1740 1138 1765 1163 ››

175 1206 373 1262 Sanctus
403 1206 551 1260 enim
589 1207 795 1262 exaltat
826 1207 1151 1276 Dominum,
1182 1214 1441 1279 peccator
1482 1210 1761 1265 humiliat.

179 1300 282 1353 Vult
318 1315 445 1370 ergo
485 1304 737 1355 avertere
779 1301 934 1355 illam
978 1303 1189 1371 oculos,
1220 1320 1290 1357 ne
1335 1319 1462 1357 eam
1508 1302 1763 1358 conside~

174 1410 300 1460 rans,
326 1393 466 1465 quod
486 1393 609 1464 jam
644 1394 716 1448 ad
753 1395 1049 1466 superiora
1084 1396 1246 1467 sequi
1290 1397 1486 1468 possit,
1517 1398 1769 1453 elevetur

173 1493 218 1540 et
239 1488 451 1541 caeteras
474 1487 694 1542 animus
722 1487 1102 1559 derelinquat.
1138 1489 1267 1543 Ideo
1293 1493 1350 1544 et
1377 1491 1436 1545 in
1467 1492 1767 1562 Evangelia

172 1597 262 1634 non
306 1580 559 1635 omnibus
607 1581 920 1653 discipulis,
970 1582 1067 1637 sed
1126 1582 1559 1653 perl‘ectioribus
1607 1601 1762 1639 suam

168 1672 378 1744 gloriam
410 1673 820 1730 demonstravit
850 1677 1090 1745 (Matth.,
1123 1694 1252 1745 xvn,
1290 1681 1338 1745 1,
1367 1676 1445 1746 2).
1476 1678 1765 1733 Constilue

169 1783 297 1821 nunc
318 1767 562 1838 aliquem
588 1768 909 1838 doctorem,
940 1770 1038 1841 qui
1065 1787 1189 1825 rem
1218 1770 1516 1827 obscuram
1544 1773 1767 1843 aperire

166 1859 277 1913 velit
313 1860 684 1930 audientibus,
729 1839 1214 1934 quemadmodum
1264 1864 1369 1919 etsi
1406 1865 1524 1936 ipse
1567 1839 1843 1935 potensB

166 1953 212 2007 in
245 1970 494 2009 sermone
537 1956 610 2010 sit
645 1959 701 2011 et
731 1956 996 2025 scientia,
1029 1958 1438 2013 condescendat
1467 1965 1656 2014 tamen
1696 1959 1766 2014 ad

163 2063 333 2102 eorum
362 2047 664 2117 inscitiam,
694 2050 790 2121 qui
824 2067 939 2105 non
980 2050 1325 2123 intelligunt,
1356 2058 1413 2106 et
1438 2052 1681 2124 simplici
1710 2060 1768 2107 et

159 2142 388 2210 planiore
428 2149 602 2215 atque
648 2144 854 2199 usitato
899 2161 1167 2200 sermone
1221 2150 1434 2215 utatur,
1484 2150 1546 2200 ut
1590 2146 1767 2218 possit

158 2234 387 2307 intelligi.
443 2236 500 2292 Si
560 2237 686 2310 quis
740 2237 918 2310 igitur
971 2238 1122 2293 inter
1173 2238 1470 2293 audientes
1518 2239 1767 2295 vivacior

157 2344 300 2384 sensu
339 2329 425 2398 sit,
457 2332 557 2402 qui
587 2332 755 2387 facile
793 2332 955 2404 sequi
994 2331 1191 2403 possit,
1221 2332 1406 2387 elevat
1437 2350 1570 2387 eum
1599 2339 1765 2404 atque

155 2424 357 2478 excutit.
407 2426 568 2480 nunc
622 2425 819 2481 videns
872 2425 1074 2482 doctor
1118 2430 1360 2494 revocat,
1410 2430 1471 2481 ut
1520 2429 1766 2497 patiatur

155 2516 312 2586 magis
340 2516 632 2573 doctorem
673 2518 1071 2574 humilioribus
1100 2517 1353 2592 1607
1394 2523 1451 2574 et
1487 2520 1760 2591 planiori-

148 2607 234 2662 bus
259 2609 580 2680 immorari;
612 2628 727 2683 quo
755 2616 813 2667 et
838 2613 1030 2667 czeteri
1066 2613 1225 2684 sequi
1257 2613 1496 2685 possint.

212 2705 284 2756 10.
330 2706 509 2775 (Vere.
576 2709 626 2773 5,
681 2705 756 2776 7.)
810 2707 914 2776 (64)
969 2706 1261 2761 Laudatur
1315 2706 1491 2762 etiam
1544 2708 1765 2779 Sponsa

143 2795 275 2864 quod
325 2798 544 2868 fidelis,
593 2799 747 2871 quod
799 2798 968 2854 verbo
1018 2804 1241 2871 potens,
1291 2801 1441 2872 quod
1492 2801 1767 2857 fructibus

141 2889 360 2946 fecunda
408 2892 682 2959 diversis,
728 2892 876 2965 quod
931 2910 1044 2949 una
1092 2894 1163 2949 sit
1204 2894 1501 2962 columba,
1548 2895 1764 2951 habens

141 2984 345 3054 spiritus
388 2987 693 3056 unitatem,
740 2988 799 3041 in
840 3004 950 3059 qua
994 2988 1069 3042 sit
1110 3005 1241 3059 pax,
1274 3005 1404 3060 quas
1441 2988 1573 3044 facit
1607 2996 1762 3045 utra-

142 3092 235 3146 que
276 3095 473 3147 unum,
524 3083 588 3134 et
629 3097 759 3152 quae
800 3097 913 3135 non
956 3081 1026 3135 sit
1065 3080 1379 3153 composita
1419 3099 1489 3137 ex
1527 3082 1762 3139 diversis

136 3170 417 3228 elementis
448 3173 719 3229 discreta:
744 3174 1299 3247 compugnantisque
1337 3181 1576 3231 naturas.
1614 3176 1762 3242 Quid
1784 3206 1837 3278 Ο

134 3264 268 3320 enim
304 3271 423 3323 tam
469 3267 788 3335 diversum,
833 3285 1003 3340 quam
1053 3269 1203 3340 ignis
1248 3272 1304 3324 et
1344 3286 1513 3342 aqua,
1564 3286 1662 3325 aer
1703 3274 1763 3325 et

132 3363 281 3427 terra,
309 3377 375 3416 ex
406 3361 627 3433 quibus
656 3361 912 3434 corporis
948 3362 1129 3417 nostri
1167 3370 1424 3418 creatura
1460 3364 1761 3420 consistit?

132 3453 317 3511 Anima
355 3460 562 3511 autem
605 3455 904 3511 benedicta
946 3456 1130 3510 omnis
1174 3456 1437 3528 simplex,
1470 3474 1599 3530 quae
1642 3457 1762 3512 imi-

131 3548 265 3601 tatur
301 3548 643 3604 dicentem:
684 3568 710 3599 (ι
759 3550 827 3605 Ut
872 3566 1072 3605 omnes
1121 3567 1300 3605 unum
1345 3550 1477 3619 sint,
1526 3551 1671 3606 sicut
1708 3555 1777 3607 et

132 3642 200 3705 tu,
242 3641 429 3711 Pater,
477 3643 540 3698 in
595 3659 709 3711 me,
758 3648 814 3697 et
857 3659 967 3715 ego
1015 3644 1074 3698 in
1117 3650 1191 3708 te,
1235 3650 1292 3698 et
1343 3643 1450 3716 ipsi
1498 3644 1555 3698 in
1598 3644 1761 3700 nobis

129 3750 292 3789 unum
336 3737 457 3792 sint
510 3737 720 3808 (10am,
765 3753 892 3805 xvn,
941 3737 1064 3805 2t);
1102 3760 1127 3785 ι»
1169 3738 1287 3792 haec
1326 3738 1481 3793 enim
1517 3741 1602 3793 est
1631 3755 1761 3795 con-

126 3830 414 3885 summatio
458 3836 639 3902 atque
687 3830 989 3903 perfectio,
1031 3831 1185 3886 unde
1230 3837 1286 3886 et
1330 3832 1549 3887 addidit
1584 3850 1596 3886 ε
1636 3834 1762 3888 «Ut

123 3919 223 3974 sint
264 3939 473 3993 unum,
526 3922 677 3979 sicut
719 3926 777 3979 et
815 3940 916 3979 nos
962 3940 1144 3980 unum
1191 3940 1419 3993 sumus;
1453 3930 1510 3980 et
1549 3942 1658 3997 ego
1700 3927 1759 3981 in

125 4011 219 4081 bis,
269 4022 325 4069 et
371 4022 436 4071 tu
494 4017 555 4072 in
606 4033 719 4087 me,
774 4021 838 4072 nt
886 4016 1000 4073 sint
1046 4019 1429 4074 consummati
1469 4004 1534 4073 in
1580 4036 1757 4074 unum

122 4106 293 4171 ιιὸἱιιη
322 4112 437 4180 23).
479 4134 509 4161 ››
544 4111 672 4165 Haec
708 4115 793 4166 est
822 4128 961 4183 ergo
996 4128 1109 4167 una
1136 4111 1402 4167 columba
1428 4117 1601 4185 atque
1629 4131 1758 4184 per-

122 4200 275 4266 fecta,
306 4220 440 4275 quae
486 4204 735 4277 simplex
776 4210 946 4277 atque
986 4205 1319 4279 spiritualis,
1369 4223 1551 4278 neque
1593 4206 1763 4278 hujus

120 4293 375 4352 turbatur
413 4298 681 4370 corporis
711 4298 1089 4370 passionibus,
1129 4298 1186 4353 in
1216 4315 1331 4371 quo
1360 4300 1497 4354 foris
1531 4317 1757 4373 pugnas,

122 4386 264 4443 intus
295 4390 546 4448 timores
574 4397 720 4448 sunt.
753 4393 1009 4465 Denique
1038 4393 1141 4447 hoc
1168 4393 1341 4448 verbo
1372 4393 1601 4449 unitatis
1629 4412 1759 4450 con-

119 4482 362 4540 cordiam
405 4491 467 4541 et
512 4502 709 4557 pacem
752 4486 1058 4559 significari
1099 4486 1385 4559 Scriptura
1424 4505 1526 4543 nos
1564 4489 1756 4557 docet,

1872 566 1997 621 qua:
2026 554 2218 605 autem
2253 552 2421 617 mala,
2455 568 2520 606 ea
2536 552 2730 623 jejuna
2757 557 2926 624 atque
2958 551 3187 620 sterilis;
3218 570 3343 624 qua!
3378 570 3509 607 vero

1870 644 2093 712 fertilis,
2154 646 2276 699 haec
2334 649 2390 700 et
2444 646 2667 701 decora.
2722 644 2869 710 Quid
2930 645 3084 700 enim
3145 645 3313 716 pleno
3368 662 3508 718 agro

1872 737 2184 807 pulchrius,
2214 755 2343 793 cum
2373 755 2533 810 seges
2558 738 2815 807 fluctuat,
2847 755 2974 793 cum
3006 754 3175 810 poma
3200 738 3506 799 irrutilant.

1871 832 1957 886 vel
1986 847 2114 886 cum
2148 849 2388 887 uvarum
2417 840 2565 888 serta
2596 833 2939 904 dependent,
2968 836 3065 887 aut
3094 832 3278 887 baccis
3310 837 3510 887 onusta

1871 925 1997 979 olea
2034 926 2330 993 curvescit,
2362 927 2444 982 vel
2478 927 2738 982 viridanti
2768 927 3028 998 gramine
3069 926 3348 982 montium
3381 942 3505 980 ver-

1870 1018 2029 1085 tices,
2062 1019 2288 1075 vallium
2321 1020 2563 1075 humilia
2592 1021 2947 1075 vestiuntur?

1946 1116 2028 1167 l2.
2069 1114 2336 1169 Omnium
2377 1114 2529 1169 enim
2563 1115 2844 1170 bonorum
2890 1120 3085 1170 auctor
3127 1118 3213 1169 est
3238 1116 3417 1183 Dens;
3449 1119 3507 1170 et

1870 1223 1998 1277 quae
2028 1211 2158 1261 sunt
2198 1209 2340 1278 ejus,
2382 1210 2631 1278 profecto
2671 1208 2861 1262 omnia
2902 1208 3053 1264 bona
3087 1212 3238 1276 sunt,
3286 1215 3343 1264 et
3380 1226 3505 1264 nus-

1869 1316 2042 1371 quam
2070 1300 2184 1355 illic
2212 1302 2461 1371 malum;
2487 1308 2537 1356 et
2563 1302 2607 1357 si
2636 1302 2693 1357 in
2725 1303 2818 1357 illo
2843 1319 3007 1357 meus
3031 1308 3228 1358 nostra
3256 1309 3504 1367 maneat,

1870 1394 2087 1448 malum
2131 1394 2328 1451 nescit.
2360 1395 2566 1450 Anima
2602 1395 2779 1466 igitur
2817 1412 2944 1468 quae
2987 1397 3041 1451 in
3086 1397 3196 1451 Deo
3234 1413 3347 1452 non
3383 1413 3503 1451 ma-

1870 1492 1988 1554 net,
2023 1487 2142 1559 ipsa
2173 1488 2277 1543 sibi
2321 1493 2523 1544 auctor
2560 1490 2839 1544 malorum
2884 1497 2986 1553 est,
3028 1489 3220 1562 itaque
3262 1497 3455 1562 peccat
3490 1507 3502 1544 :

1872 1582 2075 1636 Anima
2127 1586 2319 1637 autem
2372 1599 2489 1653 quae
2538 1592 2745 1655 peccat,
2800 1587 2922 1653 ipsa
2974 1586 3265 1650 morietur;
3318 1582 3503 1639 aureis

1869 1674 2023 1730 enim
2066 1675 2312 1730 vinculis
2338 1676 2517 1731 soluta
2555 1676 2848 1743 virtutum,
2885 1693 3066 1748 prona
3100 1676 3283 1731 fertur
3310 1675 3504 1747 praeci-

1872 1768 2029 1845 pitio,
2073 1773 2130 1823 et
2165 1769 2379 1825 labitur
2420 1770 2490 1824 ad
2525 1770 2814 1825 inferiora.
2862 1770 3067 1827 Anima
3110 1775 3298 1824 autem
3344 1770 3501 1824 beata

1870 1866 1977 1932 est,
2009 1880 2177 1934 quam
2209 1864 2365 1918 nulla
2395 1864 2629 1918 adversa
2651 1863 2900 1935 corporis
2929 1863 3119 1935 praelia
3148 1867 3501 1935 expugnant.

1868 1959 1998 2011 Haec
2043 1957 2243 2011 anima
2291 1958 2436 2012 sicut
2490 1974 2687 2029 passer
2731 1958 2935 2031 laqueo
2977 1957 3252 2023 contrito,
3300 1956 3502 2011 evolat.

1869 2050 2018 2104 Escae
2048 2051 2200 2106 enim
2229 2052 2508 2106 malorum
2545 2057 2677 2107 sunt
2706 2052 3023 2123 voluptates
3055 2067 3339 2122 corporeae
3372 2068 3385 2105 :
3416 2050 3505 2104 his

1870 2144 2126 2216 quisquis
2170 2144 2434 2211 intendit,
2485 2145 2694 2217 laqueo
2748 2145 2981 2200 innectit
3026 2145 3275 2200 animam
3322 2161 3501 2198 suam.

1867 2238 1973 2302 Qui
1999 2245 2191 2293 autem
2235 2239 2306 2293 ab
2349 2240 2487 2293 escis
2532 2239 2653 2310 ejus
2695 2243 2993 2309 temperat,
3045 2242 3101 2293 et
3142 2239 3212 2293 de
3253 2237 3506 2292 tenebris

1868 2333 1988 2402 ejus
2014 2332 2144 2397 exit,
2190 2333 2313 2401 ejus
2341 2334 2537 2386 anima
2578 2333 2761 2403 fulget
2805 2335 2865 2385 ut
2903 2332 3239 2396 diluculum,
3286 2331 3357 2385 de
3396 2347 3501 2401 qua

1868 2426 2079 2480 dicitur
2114 2442 2125 2479 ε

1944 2522 2025 2574 13.
2079 2520 2259 2587 (Vers.
2301 2520 2376 2587 9.)
2422 2522 2679 2586 Quaenam
2724 2524 2799 2573 est
2846 2521 2953 2574 haec
2998 2521 3329 2590 prespiciens
3381 2523 3499 2572 tnu-

1866 2630 2031 2684 quum
2093 2613 2426 2674 diluculum,
2478 2613 2711 2683 pulchra
2780 2614 2921 2667 sicut
2991 2613 3165 2666 (una?
3227 2610 3503 2683 Prospicit

1867 2706 2024 2761 enim
2051 2712 2319 2778 tanquam
2347 2706 2415 2760 de
2437 2706 2609 2760 domo
2634 2705 2833 2773 libera,
2860 2723 2962 2761 nec
2988 2705 3155 2760 dicit:
3186 2728 3211 2755 ‹‹
3233 2704 3503 2761 Tenebrae

1867 2800 2207 2873 cooperiunt
2236 2816 2346 2868 me,
2376 2804 2430 2855 et
2467 2799 2710 2871 parietes
2747 2800 3103 2855 circumdant
3143 2817 3254 2865 me,
3286 2805 3342 2855 et
3377 2799 3503 2871 quis

1865 2896 1969 2949 scit
2019 2895 2063 2947 si
2114 2893 2266 2949 videt
2320 2894 2634 2949 Altissimus
2678 2895 2888 2965 (Eccli.,
2941 2910 3089 2959 xxiii,
3146 2893 3274 2962 26)?
3318 2915 3343 2941 ι)
3391 2892 3500 2949 Sed

1865 2989 1983 3060 ipsa
2014 2986 2200 3057 magis
2226 2987 2411 3041 lucem
2447 2986 2662 3056 expetit
2700 2989 2974 3058 tanquam
3016 2988 3073 3042 in
3112 2986 3499 3058 superioribus

1866 3082 2067 3136 domus
2096 3097 2232 3148 suae,
2265 3080 2318 3135 id
2345 3086 2450 3146 est,
2479 3081 2731 3152 corporis
2759 3082 2842 3134 sui
2869 3099 2884 3149 ;
2915 3087 2971 3136 et
3007 3096 3181 3152 supra
3213 3079 3497 3134 mundum

1866 3175 2068 3247 posita,
2108 3174 2297 3229 divina
2337 3174 2591 3229 intuetur
2630 3177 2689 3227 et
2731 3173 2801 3228 ad
2846 3178 3057 3228 aiterna
3095 3190 3152 3229 se
3196 3175 3395 3239 elevat,
3440 3176 3501 3227 ut

1864 3270 1978 3324 Deo
2019 3268 2194 3335 adsit;
2230 3268 2351 3339 jam
2383 3268 2577 3322 lumen
2619 3284 2854 3322 suorum
2897 3284 3130 3340 operum
3177 3266 3321 3322 sicut
3366 3268 3499 3323 luna

1865 3361 2062 3416 orbem
2096 3379 2265 3416 suum
2298 3365 2416 3416 toto
2447 3361 2584 3416 orbe
2612 3361 3035 3417 circumferens.

1942 3456 2021 3509 14.
2070 3455 2247 3524 (Vers.
2298 3455 2401 3523 l0).
2450 3457 2514 3509 In
2559 3456 2772 3509 hortum
2816 3458 2964 3508 nucis
3003 3455 3274 3517 descendi,
3322 3454 3503 3509 videre

1865 3550 1919 3602 in
1952 3551 2238 3603 nutivitate
2265 3550 2537 3612 torrentis,
2577 3554 2626 3603 et
2657 3551 2913 3618 inspicere
2941 3549 2991 3602 si
3017 3550 3280 3616 ﬂoruisset
3318 3551 3498 3607 vinea,

1861 3648 1910 3696 et
1936 3644 2328 3712 germinassent
2363 3643 2511 3695 mula
2539 3645 2747 3712 punica
2784 3643 2911 3712 (65).
2946 3640 3222 3696 Invitatur
3252 3640 3498 3713 denique

1861 3736 1961 3791 Dei
2000 3734 2247 3789 Verbum
2284 3734 2343 3789 in
2384 3735 2614 3790 hortum
2654 3736 2832 3803 nucis,
2861 3735 2919 3789 in
2962 3752 3076 3807 quo
3118 3735 3331 3789 fructus
3369 3751 3499 3807 pro—

1864 3830 2104 3903 phetica:
2139 3828 2414 3897 lectionis,
2471 3832 2530 3883 et
2577 3829 2942 3883 sacerdotalis
2985 3834 3068 3884 est
3113 3828 3318 3899 gratia,
3369 3845 3499 3899 qum

1860 3939 2054 3978 amara
2077 3923 2136 3978 in
2165 3921 2591 3992 tentationibus,
2620 3922 2761 3977 dura
2797 3922 2855 3977 in
2886 3922 3191 3987 laboribus,
3222 3922 3279 3976 in
3319 3922 3496 3977 virtu-

1861 4017 2010 4073 tibus
2050 4016 2421 4072 interioribus
2461 4017 2754 4072 fructuosa
2796 4022 2896 4072 est.
2928 4015 3091 4071 Unde
3129 4015 3301 4070 etiam
3341 4015 3497 4088 virga

1859 4114 2048 4167 Aaron
2088 4126 2270 4165 nucea
2303 4110 2517 4180 ﬂoruit,
2569 4128 2681 4165 non
2720 4110 2843 4181 jam
2876 4113 3085 4165 natura
3117 4126 3236 4176 sua,
3267 4110 3363 4165 sed
3394 4110 3500 4164 vir-

1861 4207 1982 4259 tute
2022 4208 2258 4260 secreta.
2293 4205 2607 4261 Descendat
2643 4221 2780 4278 ergo
2809 4205 2868 4259 in
2910 4206 3163 4273 hortum,
3203 4210 3264 4259 ut
3302 4204 3497 4260 vinde-

1859 4298 2005 4353 miet
2034 4298 2228 4366 ﬁdem,
2256 4299 2442 4371 capiat
2482 4298 2707 4365 odores,
2748 4299 3021 4370 pabulum
3062 4298 3291 4352 cmleste
3334 4314 3496 4369 repe-

1862 4391 1994 4461 riat,
2027 4392 2363 4447 suavitatem
2396 4393 2574 4447 nostri
2611 4392 2793 4447 mellis
2822 4390 3104 4462 epuletur.

1936 4489 2019 4540 l5.
2056 4488 2162 4555 (66)
2198 4487 2342 4540 Dum
2378 4485 2529 4540 enim
2563 4486 2827 4541 laudatur
2851 4502 2885 4539 a
2910 4485 3146 4555 Sponso,
3179 4485 3498 4539 verecunde

119 4573 301 4632 dicens
337 4602 346 4631 :
390 4602 420 4627 «ι
454 4579 758 4635 Multitudo
786 4584 978 4635 autem
1010 4581 1369 4636 credentium
1400 4581 1643 4637 habebat
1667 4573 1840 4645 corD
1864 4577 2158 4649 refugiens
2193 4595 2387 4633 coram
2420 4578 2667 4644 laudari;
2701 4577 2909 4633 deinde
2952 4578 3146 4648 sponsi
3184 4593 3375 4633 amore
3412 4595 3501 4631 re-

117 4681 283 4726 unum
313 4675 375 4727 et
405 4672 671 4728 animam
696 4691 891 4742 unam,
920 4680 1112 4730 etnon
1142 4677 1265 4729 erat
1286 4676 1564 4745 separatio
1595 4676 1651 4730 in
1682 4677 1759 4731 eis

116 4760 219 4815 ulla
251 4765 427 4832 (Ach,
466 4782 543 4835 iv,
576 4769 687 4836 32).
724 4789 748 4813 »ι

184 4858 261 4911 11.
310 4859 429 4915 Nec
479 4859 660 4914 otiose
700 4860 1061 4915 fecunditatis
1099 4861 1359 4916 laudatur
1399 4863 1610 4929 anima,
1647 4880 1757 4917 non

112 4948 282 5006 solum
317 4953 483 5025 quod
528 4952 600 5008 sit
637 4952 883 5009 fecunda
913 4953 1234 5019 virtutibus,
1267 4955 1365 5010 sed
1396 4954 1568 5010 etiam
1607 4957 1755 5028 quod

112 5040 244 5098 nihil
278 5044 509 5102 habeat
548 5046 606 5102 in
639 5063 696 5103 se
726 5047 891 5114 mali;
920 5046 1055 5104 illud
1099 5048 1255 5103 enim
1287 5047 1557 5104 decorum
1591 5053 1758 5123 atque

112 5137 431 5203 speciosum
494 5143 602 5207 est,
660 5142 718 5196 in
774 5158 889 5213 quo
946 5140 1086 5196 nihil
1140 5141 1210 5196 sit
1267 5142 1419 5196 mali.
1474 5143 1756 5198 Decorum

113 5227 259 5285 enim
308 5232 478 5304 quod
527 5233 775 5304 bonum;
820 5235 974 5307 quod
1017 5238 1208 5290 autem
1255 5235 1611 5303 indecorum,
1651 5237 1758 5292 hoc

111 5324 342 5381 malum.
387 5326 670 5399 Speciosa
706 5328 1022 5384 fecunditas
1063 5334 1147 5383 est
1178 5328 1461 5385 bonorum
1494 5346 1755 5402 operum,

107 5419 392 5474 contraria
430 5436 578 5494 ergo
620 5422 962 5494 speciositati
1007 5422 1306 5493 sterilitas;
1348 5422 1621 5496 quoniam
1659 5424 1755 5497 qui

106 5508 359 5576 privatur
390 5514 591 5586 specie
616 5516 704 5570 vel
736 5515 957 5586 decore,
986 5516 1044 5570 in
1075 5531 1145 5571 eo
1173 5519 1257 5571 est
1290 5533 1466 5572 omne
1492 5518 1706 5572 malum
1741 5534 1753 5571 :

107 5604 253 5672 quod
302 5611 517 5663 autem
562 5609 812 5676 malum,
861 5609 970 5665 hoc
1015 5609 1205 5665 sterile
1255 5615 1312 5665 et
1361 5610 1751 5666 infecundum.

102 5695 266 5765 Cujus
306 5699 395 5754 rei
451 5701 606 5771 quod
657 5702 980 5758 evidentius
1027 5702 1323 5771 indicium,
1374 5720 1545 5775 quam
1602 5710 1755 5759 terra

161 5815 257 5890 (μ)
282 5819 410 5890 Lib.
446 5819 517 5871 de
543 5823 709 5885 Isaac,
743 5837 867 5890 cap.
891 5826 945 5885 7,
976 5839 1126 5878 num.
1153 5827 1234 5888 59,
1264 5826 1328 5877 60
1356 5829 1409 5878 et
1431 5826 1511 5878 61.

168 5887 253 5949 {65;
286 5889 411 5941 Lib.
440 5890 514 5940 de
547 5887 879 5959 Virginitatc,
912 5910 1032 5962 cap.
1066 5897 1142 5961 16,
1171 5887 1323 5949 num.
1356 5898 1434 5951 98.

1861 4677 2072 4739 vocata,
2118 4673 2193 4727 ait
2246 4688 2259 4725 :
2309 4675 2369 4728 ιη
2428 4673 2641 4726 hortum
2694 4674 2847 4726 nucis
2902 4672 3155 4727 descendi
3202 4672 3385 4727 ridere
3443 4675 3499 4725 in

1860 4768 2151 4821 nutivitale
2189 4768 2462 4820 torrentis.
2513 4765 2612 4819 Ubi
2645 4764 2799 4819 enim
2830 4771 2913 4820 est
2953 4766 3217 4833 Ecclesia,
3259 4766 3363 4821 nisi
3404 4765 3498 4820 ubi

1862 4860 2020 4931 virga
2042 4865 2099 4915 et
2130 4858 2309 4930 gratia
2342 4862 2507 4914 lloret
2537 4858 2942 4913 sacerdotalis?
2982 4859 3060 4915 Ibi
3106 4863 3191 4914 est
3227 4860 3498 4931 frequen-

1863 4957 1949 5008 ter
1979 4958 2040 5007 ut
2078 4954 2135 5008 in
2177 4951 2660 5007 amaritudinibus
2705 4958 2760 5007 ct
2801 4953 2858 5008 in
2912 4952 3324 5008 tentationibus
3369 4969 3495 5023 pro-

1860 5046 2042 5102 betur.
2094 5048 2200 5101 Per
2243 5063 2448 5102 nucem
2492 5045 2907 5102 amaritudines
2954 5045 3346 5118 intelligimus,
3400 5062 3502 5117 per

1860 5143 2169 5195 torrentem
2207 5139 2574 5207 tentationes,
2613 5140 2713 5195 sed
2757 5144 2946 5194 tamen
2986 5138 3334 5208 tolerabiles,
3367 5140 3499 5211 quia

1861 5234 2134 5307 scriptum
2194 5238 2273 5289 est
2332 5252 2344 5289 :
2401 5256 2425 5281 ‹‹
2486 5235 2821 5289 Torrentem
2886 5232 3252 5305 pertransivit
3307 5233 3497 5289 anima

1860 5334 2054 5383 nostra
2080 5328 2249 5401 (Psal.
2290 5345 2473 5395 cxxni,
2504 5329 2580 5395 ὅ).
2614 5348 2642 5377 ιι
2673 5329 2863 5398 Itaque
2902 5325 3195 5382 descendit
3222 5326 3279 5382 in
3308 5326 3495 5383 locum

1858 5423 2282 5487 amaritudinis,
2319 5421 2414 5477 ubi
2445 5422 2609 5476 ﬂoret
2649 5420 2772 5474 vitis
2808 5426 2862 5475 et
2903 5421 3189 5476 malorum
3236 5427 3503 5492 granatu-

1858 5532 1990 5572 rum
2016 5517 2202 5589 specie
2230 5517 2485 5571 diversus
2513 5521 2569 5570 et
2608 5513 2905 5585 multiplex
2947 5515 3188 5582 fructus,
3217 5516 3316 5589 qui
3342 5518 3501 5571 velut

1861 5627 1975 5665 uno
2006 5609 2261 5682 tegmine
2292 5609 2461 5665 totius
2487 5608 2742 5679 corporis
2777 5608 2886 5662 lide
2919 5611 2975 5662 et
3013 5609 3288 5665 cbaritate
3320 5611 3502 5664 muni-

1859 5709 1972 5757 tur.

1924 5824 2022 5884 (66)
2047 5824 2163 5875 Lib.
2197 5823 2262 5873 de
2290 5827 2462 5881 Isaac,
2492 5835 2543 5872 c.
2568 5826 2620 5888 8,
2645 5836 2796 5874 num.
2828 5824 2906 5875 61.

3566 5802 3687 5879 ,ΑΓ
3792 5784 3926 5851 κλίί

3480 5884 3575 6033 μί

3484 6090 3503 6166 ‘l
