4072 6192
366 1294 369 1301 ἱ
475 1222 538 1271 ut
580 1218 767 1273 bonus
811 1224 1018 1286 rector,
1067 1220 1341 1277 revocavit
1386 1237 1416 1274 a
1467 1222 1624 1292 lapsu
1673 1240 1685 1275 :

483 252 619 305 iflill

1612 253 1950 312 ΕΟΜΜΕΝΤ.
1994 255 2057 308 I.\'

2208 255 2384 310 \"I'ICA
2426 256 2683 312 (ZANTIC.
3669 261 3778 315 20ii

549 371 806 448 1608
846 377 923 427 16.
954 342 1138 429 lnilla
1166 391 1304 447 ergo
1330 376 1713 433 amaritudine
1743 395 1858 433 non
1888 396 2104 449 cogno-
2134 378 2393 462 Adiuut,
2451 384 2505 433 et
2561 395 2789 434 cursum
2848 380 3154 434 retardant.
3217 383 3284 433 At
3330 395 3453 433 vero
3506 380 3625 434 boni
3674 384 3781 453 equi

475 467 555 521 vit
597 484 653 520 se
704 467 928 529 anima,
977 490 1003 515 α
1053 470 1413 540 corruptibile
1462 471 1612 524 enim
1666 488 1870 542 corpus
1916 477 2110 544 gravat

2208 472 2417 537 volant,
2459 477 2515 526 et
2545 490 2575 526 a
2620 474 2781 527 terris
2815 474 2887 528 ad
2919 473 3214 544 superiora
3259 489 3316 524 se
3359 472 3656 543 subriguut,
3685 476 3786 531 ani-

471 561 743 625 animam,
771 564 830 615 et
874 567 1170 617 terrenum
1214 563 1610 619 habitaculum
1657 566 1769 619 cito
1809 565 2111 620 inclinatur
2211 582 2479 637 mamque
2520 568 2770 635 elevant;
2808 566 3058 621 maxime
3085 566 3129 619 si
3151 566 3357 637 jugum
3400 565 3622 620 habeant
3646 557 3788 623 suave

478 654 653 724 (Sap.,
684 672 757 722 ix,
789 658 893 724 15).
923 678 949 704 n
982 657 1052 712 Se
1076 664 1269 711 autem
1299 674 1637 728 cognoscere
1668 675 1893 731 semper
1917 660 2104 715 debet.

475 747 587 803 Sed
622 751 871 803 tentatus
897 755 980 805 est
1008 752 1227 819 Petrus,
1260 756 1317 805 et
1355 769 1466 807 non
1507 770 1565 805 se
1606 753 1961 824 cognovit'et
2005 756 2104 808 Pe-

474 846 629 909 trus;
668 859 802 898 nam
847 843 892 897 si
936 845 1309 916 cognovisset,
1356 862 1463 900 non
1498 851 1760 918 negasset
1792 852 2104 902 auctorem.

473 935 578 990 Sed
612 937 881 1006 cognovit
907 954 1038 992 eum
1067 939 1338 994 Christus.
1369 940 1625 1012 Denique
1655 940 1945 1011 cognovit,
1976 941 2109 1013 quia

476 1033 534 1083 et
588 1030 869 1102 respexit;
932 1033 1222 1103 cognoscit
1281 1034 1432 1088 enim
1498 1034 1774 1089 Dominus
1826 1035 1925 1106 qui
1976 1038 2109 1089 sunt

476 1122 599 1193 ejus
633 1140 644 1178 :
675 1128 733 1178 et
773 1128 1052 1195 tanquam
1100 1126 1263 1182 suum
1315 1114 1737 1183 misericordiae
1765 1145 1882 1183 suae
1933 1128 2107 1183 frenis

1736 1225 1923 1277 rector
1971 1239 2106 1294 ergo

477 1315 673 1365 noster
698 1311 951 1366 Christus
976 1314 1078 1367 est.
1110 1312 1269 1368 Unde
1301 1319 1358 1368 et
1382 1314 1636 1386 sequitur
1665 1332 1677 1368 :

550 1408 632 1458 17.
676 1404 849 1476 (Vers.
896 1406 1005 1475 11.)
1045 1406 1154 1477 (67)
1188 1409 1373 1462 Posuit
1414 1424 1495 1463 me
1528 1425 1718 1464 currus
1750 1409 2059 1465 Aminadab
2089 1429 2105 1465 :

475 1513 542 1553 eo
569 1498 720 1569 quod
757 1498 947 1553 anima
988 1500 1375 1571 conjungatur
1415 1502 1662 1573 corpori,
1703 1506 1759 1557 et
1800 1504 1951 1558 velut
1979 1503 2102 1575 qui-

474 1590 601 1646 dam
646 1607 923 1663 equorum
971 1593 1343 1650 frementium
1391 1612 1625 1665 currus,
1687 1601 1971 1652 rectorem
2018 1597 2104 1653 sui

474 1693 691 1755 quierat
719 1685 1008 1758 aurigam.
1037 1688 1353 1744 Aminadab
1377 1690 1530 1744 enim
1560 1694 1719 1761 pater
1737 1693 1954 1746 Naason
1978 1690 2104 1758 fuit,

2211 666 2268 713 et
2297 676 2441 714 onus
2470 660 2592 714 leve
2621 660 2859 715 dicentis
2890 677 2903 713 :
2939 683 2965 706 «
2992 660 3187 715 Tollite
3208 659 3414 730 jugum
3448 676 3624 714 meum
3647 678 3792 733 super

2208 768 2333 819 vos;
2356 753 2565 823 jugum
2608 753 2760 809 enim
2801 770 2996 808 meum
3040 769 3209 807 suave
3245 760 3347 819 est,
3377 757 3431 807 et
3460 770 3593 808 onus
3629 771 3791 809 meum

2209 847 2331 901 leve
2358 849 2599 915 (Matth,
2635 864 2704 913 χι,
2733 850 2822 913 29,
2854 850 2962 911 30).
3002 872 3022 891 ιι

2279 944 2365 995 20.
2399 942 2518 1012 Ipse
2554 945 2737 995 rector
2763 945 2867 1007 est,
2900 941 2999 1013 qui
3039 941 3191 994 novit
3226 955 3402 1011 equos
3434 940 3672 1012 proprios
3704 960 3791 1013 gu—

2206 1035 2473 1111 bernare,
2505 1040 2570 1089 ut
2597 1035 2839 1106 aequalis
2870 1035 3130 1090 omnium
3162 1050 3357 1088 cursus
3396 1034 3491 1099 sit;
3532 1035 3796 1091 velociores

2209 1127 2516 1198 prudentia
2543 1128 2986 1200 tardat,justitia
3024 1127 3299 1182 admonet
3340 1128 3559 1197 flagello
3595 1130 3800 1200 proprio

2207 1219 2525 1291 segniores;
2558 1222 2934 1293 temperantia
2965 1219 3399 1289 mansuetiores,
3427 1220 3684 1275 fortitudo
3709 1221 3795 1277 du-

2207 1314 2387 1370 riores
2439 1315 2644 1370 reddit.
2700 1316 2858 1369 Novit
2911 1315 3176 1383 copulare
3223 1313 3525 1381 discordes,
3571 1330 3639 1368 ne
3683 1313 3803 1369 forte

2208 1424 2439 1463 currum
2494 1424 2659 1463 suum
2717 1408 3012 1479 dissipent.
3065 1410 3259 1480 Itaque
3312 1407 3441 1462 licet.
3496 1406 3805 1478 intelligibili

2208 1503 2527 1573 spectaculo
2594 1502 2786 1557 videre
2857 1518 3328 1573 unamquamque
3394 1502 3634 1555 animam
3696 1516 3803 1555 cum

2208 1612 2437 1652 summo
2464 1595 2772 1653 certamine
2796 1596 2867 1651 ad
2895 1597 3102 1651 coelum
3130 1595 3272 1667 rapi,
3300 1594 3630 1650 festinantes
3656 1610 3807 1665 equos

2209 1692 2304 1762 qui
2330 1693 2550 1762 priores
2579 1690 2935 1762 prmveniant
2960 1690 3029 1744 ad
3054 1689 3314 1744 bravium
3339 1687 3562 1754 Christi,
3592 1703 3807 1757 quorum

475 1777 621 1834 sicut
670 1779 729 1833 in
782 1781 1045 1837 Numeris
1093 1782 1336 1853 legimus
1387 1759 1590 1850 (Num.,
1644 1801 1680 1852 ι,
1719 1789 1794 1852 7),
1848 1785 1943 1856 qui
1970 1759 2363 1856 'erathrius
2410 1759 2741 1856 imponatur
2778 1784 2966 1854 palma
3014 1783 3343 1838 cervicibus.
3390 1782 3483 1838 Isti
3530 1784 3654 1834 sunt
3696 1780 3808 1853 equi

473 1872 738 1943 princeps
757 1874 957 1946 populi
975 1877 999 1929 .l
1009 1875 1136 1941 uda,
1161 1875 1320 1945 cujus
1347 1876 1530 1947 ﬁgura
1556 1877 1802 1933 refertur
1829 1879 1897 1933 ad
1923 1879 2106 1933 Chris-

476 1968 617 2031 tum,
651 1966 748 2039 qui
779 1982 943 2022 verus
978 1969 1170 2040 populi
1196 1969 1461 2042 princeps
1503 1971 1755 2026 animam
1778 1971 1915 2042 justi
1955 1973 2106 2026 velut

475 2076 703 2114 currum
749 2062 994 2133 agitator
1035 2062 1364 2131 ascendens,
1418 2064 1582 2118 Verbi
1626 2064 1867 2119 habenis
1908 2066 2107 2137 guber-

475 2158 593 2218 nat,
627 2170 698 2207 ne
735 2155 1109 2210 violentorum
1143 2172 1424 2227 equorum
1451 2157 1643 2212 furore
1677 2158 1732 2212 in
1770 2174 2023 2230 praeceps
2051 2164 2108 2214 et

473 2246 713 2318 abrupta
760 2249 1033 2319 rapiatur.
1084 2250 1230 2306 Sunt
1277 2252 1436 2305 enim
1493 2251 1614 2322 ejus
1664 2253 1815 2307 velut
1860 2256 2107 2323 quatuor

476 2339 611 2411 equi
649 2346 895 2413 quatuor
921 2342 1245 2397 affectiones
1284 2363 1297 2397 :
1337 2345 1443 2415 ira,
1472 2344 1775 2416 cupiditas,
1829 2347 2101 2418 voluptas,

475 2434 645 2488 timor
673 2451 685 2488 :
717 2434 921 2507 quibus
952 2437 1267 2492 furentibus
1306 2454 1436 2493 cum
1478 2440 1713 2510 coeperit
1750 2439 1864 2511 agi,
1895 2456 2106 2512 nequa-

475 2544 647 2600 quam
684 2529 929 2601 seipsam
958 2531 1270 2603 cognoscit.
1304 2533 1679 2603 Corruptibile
1713 2533 1865 2588 enim
1899 2549 2104 2606 corpus

470 2621 721 2677 animam
761 2628 981 2693 gravat,
1024 2628 1081 2679 et
1124 2628 1399 2697 tauquam
1447 2625 1927 2682 irrationabilium
1977 2627 2101 2681 ani-

475 2715 710 2770 malium
763 2732 961 2771 currus
1017 2716 1251 2772 invitam
1310 2716 1492 2790 rapit,
1554 2718 1902 2773 volventibus
1956 2720 2103 2773 curis

448 2809 624 2863 velut
668 2810 913 2881 quodam
960 2810 1182 2881 impetu
1214 2818 1608 2882 proruentem,
1657 2812 1840 2867 donec
1888 2829 2098 2867 memo-

472 2908 613 2958 ratae
638 2904 892 2976 corporis
919 2904 1204 2975 passiones
1234 2905 1396 2960 Verbi
1430 2906 1634 2960 virtute
1669 2907 1982 2961 mitescant.

547 2998 632 3051 18.
675 2998 801 3052 Haec
844 2997 1007 3053 Verbi
1045 3003 1309 3070 tanquam
1349 2998 1485 3053 boni
1524 2998 1819 3070 agitatoris
1845 3008 1928 3053 est
1968 3019 2097 3071 pro-

2210 1878 2448 1949 subjecti
2479 1878 2607 1932 fidei
2643 1877 2809 1948 jngo,
2838 1877 3054 1931 astricti
3087 1876 3310 1931 vinculo
3339 1874 3638 1942 charitatis,
3661 1873 3806 1944 justi-

2209 1972 2303 2025 tia:
2331 1971 2528 2038 frenis,
2558 1971 2886 2026 retinaculis
2913 1970 3255 2025 sobrietatis.

2279 2068 2367 2118 21.
2411 2064 2649 2119 Pulchre
2689 2081 2827 2135 ergo
2872 2063 2989 2118 ait:
3028 2065 3215 2118 Posuit
3256 2080 3338 2118 me
3382 2080 3572 2118 currus
3613 2064 3809 2119 Amina-

2206 2159 2337 2220 dab,
2376 2158 2483 2212 hoc
2519 2161 2621 2225 est,
2666 2164 2823 2227 pater
2871 2157 3068 2228 populi
3100 2174 3112 2211 :
3154 2157 3277 2229 ipse
3308 2162 3503 2212 autem
3539 2155 3633 2228 qui
3674 2158 3815 2226 pater

2206 2252 2419 2323 populi,
2453 2251 2601 2306 idem
2635 2254 2800 2322 pater
2828 2252 3066 2317 Naason,
3104 2251 3157 2305 id
3191 2256 3294 2318 est,
3328 2255 3675 2323 serpentum.
3712 2249 3812 2301 lam

2205 2354 2263 2401 tu
2292 2345 2475 2399 recole
2504 2344 2628 2417 quis
2656 2344 2802 2398 sicut
2827 2360 3063 2416 serpens
3092 2345 3148 2399 in
3174 2360 3343 2399 cruce
3370 2342 3701 2415 pependerit
3726 2355 3813 2413 pro

2206 2440 2389 2494 salute
2419 2439 2831 2505 universorum,
2856 2442 2913 2492 et
2941 2438 3227 2509 intelligas
3254 2438 3416 2492 illam
3442 2437 3685 2491 animam
3710 2450 3813 2488 esse

2207 2532 2521 2603 pacificam,
2552 2531 2641 2586 cui
2681 2533 2845 2585 Pater
2878 2532 3024 2586 Deus
3051 2532 3267 2605 praesul
3298 2532 3391 2597 sit,
3430 2530 3676 2586 Christus
3710 2526 3812 2598 agi-

2207 2631 2387 2689 tator;
2430 2626 2564 2698 quia
2608 2626 2880 2697 scriptum
2931 2632 3015 2679 est
3060 2625 3166 2680 hoc
3211 2641 3428 2680 nomen
3466 2626 3524 2679 in
3572 2622 3765 2678 nostris
3805 2643 3811 2671 ;

2208 2723 2450 2787 «Pater,
2499 2726 2678 2790 pater,
2728 2719 2973 2790 agitator
3013 2720 3183 2773 Israel
3239 2720 3328 2789 (IV
3376 2723 3528 2789 Περ..
3577 2735 3628 2777 II,
3672 2718 3813 2785 12).»

2206 2814 2301 2869 Hic
2330 2829 2468 2884 ergo
2497 2812 2747 2884 agitator
2774 2811 2911 2866 dicit
2944 2830 2955 2865 :

2276 2911 2362 2961 2?.
2412 2907 2581 2975 (Vers.
2633 2905 2742 2976 12.)
2776 2908 3111 2970 Convertere,
3154 2908 3479 2970 Sunamitis,
3520 2912 3814 2961 convertere.

2207 3002 2353 3056 Bene
2392 3006 2448 3055 et
2493 2999 2651 3071 quasi
2698 2998 2947 3070 agitator
2990 2999 3145 3066 dicit,
3193 3005 3249 3054 et
3288 3000 3454 3071 quasi
3497 3000 3569 3054 ad
3613 3012 3814 3053 currum

470 3090 744 3160 videntis,
790 3106 861 3145 ne
902 3091 981 3145 illi
1025 3092 1235 3145 animae
1275 3108 1402 3163 qua?
1443 3092 1501 3146 in
1547 3109 1605 3147 se
1639 3110 1755 3148 non
1800 3100 1884 3148 est
1931 3096 2102 3150 morti
2123 3124 2179 3198 Ο
2204 3094 2380 3149 dicit:
2414 3096 2745 3155 Convertere,
2775 3094 3091 3157 Sunumitis,
3139 3093 3243 3148 hoc
3284 3098 3392 3163 est,
3426 3093 3678 3166 paciﬁca;
3710 3105 3817 3163 qua:

472 3183 739 3251 obnoxia,
782 3200 984 3255 corpus
1025 3185 1262 3239 mortale
1302 3186 1687 3255 conjunctum,
1728 3186 2101 3257 agitationem
2130 3183 2178 3198 ”
2204 3188 2361 3243 enim
2396 3187 2631 3258 paciﬁca
2673 3190 2759 3241 est
2801 3186 3012 3253 anima,
3043 3186 3152 3241 cito
3194 3203 3251 3241 se
3290 3188 3576 3242 convertit
3615 3188 3667 3239 et
3708 3200 3815 3239 cor-

471 3278 556 3332 sui
596 3277 768 3331 faciat
804 3293 925 3331 esse
964 3276 1274 3331 difficilem.
1307 3279 1494 3332 Primo
1532 3279 1710 3351 igitur
1751 3280 1851 3334 hos
1894 3280 2104 3337 veloces
2203 3281 2360 3353 rigit,
2391 3280 2612 3336 etiamsi
2639 3286 2771 3334 ante
2813 3280 3094 3350 peccavit;
3125 3285 3179 3336 et
3208 3282 3390 3353 magis
3419 3297 3547 3336 cani

470 3369 728 3442 corporis
756 3375 944 3425 motus
973 3369 1236 3436 domitet,
1268 3375 1324 3426 et
1363 3388 1507 3427 nexu
1540 3372 1777 3427 rationis
1807 3373 2057 3431 infrenet
2088 3393 2099 3429 :

472 3464 674 3519 deinde
705 3470 901 3519 caveat
928 3480 1000 3519 ne
1033 3463 1246 3537 dispari
1274 3471 1432 3522 motu
1461 3482 1521 3521 se
1549 3467 1703 3522 velut
1743 3467 1876 3539 equi
1912 3468 2101 3539 impli-

386 3608 395 3613 ,
470 3563 632 3626 cent;
668 3564 729 3613 ut
755 3557 973 3613 bonum
1000 3564 1099 3612 aut
1125 3557 1423 3631 improbus
1454 3560 1759 3628 decoloret,
1785 3565 1885 3616 aut
1910 3562 2101 3618 tardus

469 3651 773 3723 impediat,
826 3655 926 3707 aut
986 3652 1247 3708 turbidus
1309 3653 1602 3726 inquietet.
1669 3655 1881 3711 Fremit
1948 3656 2100 3711 enim

468 3762 650 3819 equus
677 3744 927 3814 malitiaz,
952 3763 1186 3820 seseque
1207 3747 1478 3820 jactando
1509 3764 1742 3804 currum
1773 3749 1950 3818 laedit,
1981 3767 2103 3821 gra-

466 3845 561 3896 vat
595 3839 877 3912 jngalem.
924 3841 1080 3896 Hunc
1121 3841 1306 3896 bonus
1339 3842 1539 3913 auriga
1583 3842 1899 3911 demulcet,
1943 3850 2001 3898 et
2041 3844 2096 3899 in

468 3950 734 4005 campum
777 3932 1028 3989 veritatis
1076 3935 1302 4003 emittit,
1335 3935 1550 3990 fraudis
1590 3935 1841 3992 declinat
1880 3938 2097 3993 anfrac-

469 4032 578 4082 tus.
620 4029 792 4082 Tutus
835 4028 903 4082 ad
946 4028 1238 4100 superiora
1277 4046 1475 4083 cursus
1514 4035 1617 4098 est,
1659 4030 2006 4101 periculosus
2031 4032 2099 4087 ad

466 4120 746 4176 inferiora
796 4120 1119 4177 descensus.
1166 4123 1298 4178 Inde
1336 4124 1495 4195 quasi
1538 4124 1684 4179 bene
1727 4124 1951 4180 emeriti
2002 4127 2099 4198 qui

468 4215 1066 4287 portaveruntjugum
1112 4216 1301 4280 Verbi,
1349 4233 1531 4289 usque
1574 4217 1641 4272 ad
1693 4218 1908 4273 Domini
1957 4236 2099 4290 prae-

468 4325 602 4378 sepe
650 4308 957 4376 ducuntur,
1006 4309 1064 4363 in
1110 4326 1223 4381 quo
1266 4326 1381 4365 non
1430 4310 1627 4365 fenum
1672 4316 1757 4364 est
1795 4328 1946 4380 esca,
2004 4314 2099 4368 sed

465 4402 625 4474 panis
674 4403 772 4475 qui
820 4403 1113 4459 descendit
1159 4403 1226 4458 de
1274 4403 1433 4459 caelo.
1495 4404 1672 4475 Hujus
1719 4421 1918 4460 currus
1964 4410 2102 4461 rotae

2203 3374 2458 3430 Christus
2500 3374 2771 3442 ascendit,
2809 3380 2865 3427 et
2895 3390 3095 3445 regere
3132 3373 3428 3445 dignatur,
3458 3375 3548 3428 cui
3584 3372 3773 3426 dicitur
3804 3386 3814 3421 :

2182 3491 2231 3517 ,α
2270 3468 2521 3522 Ascende
2550 3467 2608 3523 in
2639 3484 2815 3539 equos
2855 3464 2999 3534 tuos,
3037 3473 3094 3522 et
3135 3468 3426 3539 equitatus
3467 3474 3595 3522 tuus
3634 3464 3817 3519 sanitas

2203 3563 2453 3632 (Habeto,
2507 3578 2590 3627 III,
2640 3563 2710 3631 8).
2767 3582 2793 3611 υ
2844 3563 2910 3615 Et
2950 3559 3085 3615 alibi
3129 3577 3203 3614 ;‹‹
3248 3560 3447 3616 Misisti
3499 3576 3670 3632 equos
3710 3565 3818 3610 tuos

2199 3655 2425 3711 Tharsis
2466 3655 2653 3725 (ιδίάυ
2692 3657 2795 3725 15).
2828 3677 2853 3703 ››
2887 3653 2948 3708 Hi
2996 3657 3129 3709 sunt
3174 3654 3311 3725 equi
3360 3652 3593 3710 Christi.
3636 3656 3813 3707 Ascen-

2202 3750 2285 3805 dit
2321 3765 2460 3819 ergo
2495 3765 2674 3820 equos
2699 3763 2831 3803 suos
2859 3748 3145 3815 Christus;
3177 3748 3438 3802 ascendit
3466 3747 3698 3801 Verbum
3737 3742 3813 3797 Dei

2200 3844 2419 3898 animas
2461 3842 2603 3914 pias.
2631 3844 2773 3898 Cum
2813 3840 2982 3896 fuerit
3019 3840 3211 3896 anima
3254 3849 3450 3896 nostra
3495 3840 3740 3913 pacifica,
3767 3840 3815 3889 ut

2202 3936 2427 3991 dicatur
2455 3936 2504 3990 ei
2536 3952 2549 3989 :
2581 3938 2915 3997 Convertere,
2962 3941 3282 3998 convertere,
3329 3936 3652 3996 Sunamitis,
3684 3928 3816 4002 quod

2200 4029 2493 4108 pacificam
2526 4028 2821 4101 signiﬁcat,
2854 4034 2987 4083 tunc
3025 4028 3265 4098 accipiet
3301 4027 3363 4082 in
3392 4045 3453 4082 se
3484 4028 3628 4082 sicut
3660 4024 3819 4096 signa-

2202 4122 2394 4177 culum
2434 4122 2743 4188 Christum,
2772 4121 2881 4177 boc
2912 4126 3017 4187 est,
3052 4121 3371 4192 imaginem
3416 4121 3540 4188 Dei,
3571 4123 3632 4174 ut
3661 4119 3726 4172 sit
3758 4116 3815 4169 ad

2201 4216 2515 4288 imaginem
2567 4233 2580 4269 :
2639 4216 2915 4287 quoniam
2966 4236 2991 4263 ‹‹
3044 4214 3242 4279 Qualis
3285 4215 3549 4279 caelestis,
3604 4212 3733 4268 tales
3770 4216 3818 4263 et

2200 4313 2470 4377 caelestes,
2501 4315 2558 4364 et
2585 4314 2809 4381 oportet
2839 4326 2939 4363 nos
2980 4314 3210 4380 portare
3250 4308 3565 4380 imaginem
3604 4305 3817 4362 caelestis

2200 4404 2241 4475 (I
2274 4404 2420 4467 Cor.,
2452 4420 2542 4471 xv,
2572 4404 2681 4475 48),
2718 4421 2744 4453 ιο
2775 4402 2827 4458 id
2857 4408 2963 4469 est,
3003 4418 3223 4473 pacem.
3268 4405 3455 4475 Atque
3496 4408 3559 4457 ut
3599 4400 3817 4455 sciamus

467 4501 617 4564 sunt,
651 4496 721 4552 de
758 4496 962 4569 quibus
1000 4497 1143 4552 dixit
1188 4498 1471 4570 Propheta
1506 4515 1517 4552 :
1558 4520 1583 4546 υ
1612 4499 1681 4553 Et
1709 4497 1938 4571 spiritus
1969 4495 2400 4567 vitieDverum
2440 4513 2584 4564 esse,
2631 4496 2803 4551 habes
2856 4496 2912 4551 in
2955 4496 3169 4551 eisdem
3215 4496 3483 4564 Canticis,
3527 4496 3586 4549 in
3636 4493 3815 4549 ultimo

466 4592 587 4644 erat
613 4589 670 4643 in
700 4589 838 4645 rotis
866 4591 1102 4660 (Ezech.,
1134 4606 1170 4658 ι,
1197 4593 1323 4661 20);
1350 4613 1376 4640 »
1399 4607 1466 4646 eo
1489 4591 1643 4664 quod
1665 4608 1864 4647 currus
1890 4592 2098 4648 anima:

465 4688 613 4738 teres
647 4688 817 4755 atque
846 4684 1126 4739 rotundus
1162 4684 1285 4739 sine
1319 4685 1428 4740 ulla
1469 4685 1783 4740 offensione
1821 4686 2095 4741 volvatur.

540 4780 625 4832 19.
658 4776 766 4847 (68)
792 4779 980 4832 Posuit
1006 4794 1087 4833 me
1124 4793 1316 4833 currus
1352 4779 1685 4835 Aminadab.
1715 4780 1924 4834 Anima
1959 4796 2097 4851 ergo

463 4888 681 4938 currus,
728 4886 859 4943 quas
903 4871 1118 4925 bonum
1170 4876 1450 4927 rectorem
1494 4872 1757 4928 sustinet.
1802 4873 1856 4928 Si
1901 4890 2100 4928 currus

464 4968 550 5019 est
585 4965 794 5034 anima,
840 4965 1010 5019 habet
1048 4981 1223 5036 equos
1264 4966 1352 5020 vel
1395 4964 1580 5022 bonos
1611 4967 1694 5021 vel
1731 4967 1929 5022 malos.
1963 4967 2097 5023 Boni

463 5059 594 5131 equi
623 5059 858 5114 virtutes
887 5058 1093 5115 animae
1123 5074 1136 5112 :
1166 5059 1300 5114 mali
1332 5059 1471 5131 equi
1511 5060 1806 5132 passiones
1845 5061 2101 5133 corporis

466 5158 619 5208 sunt.
655 5154 845 5209 Bonus
873 5168 1012 5226 ergo
1056 5155 1245 5207 rector
1284 5153 1462 5208 malos
1501 5169 1677 5226 equos
1719 5153 2011 5227 restringit
2047 5162 2103 5210 et

466 5250 725 5316 revocat,
780 5247 957 5303 bonos
1010 5245 1224 5302 incitat.
1284 5246 1422 5301 Boni
1477 5247 1608 5319 equi
1658 5254 1788 5302 sunt
1835 5254 2099 5320 quatuor,

466 5341 793 5412 prudentia,
844 5340 1249 5413 temperantia,
1298 5339 1595 5408 fortitudo,
1634 5341 1857 5411 justitia
1902 5359 1916 5397 :
1965 5342 2098 5398 mali

465 5435 598 5505 equi
654 5435 964 5501 iracundia,
1018 5434 1499 5506 concupiscentia,
1554 5434 1746 5501 timor,
1806 5435 2096 5506 iniquitas.

468 5528 759 5581 Interdum
802 5528 906 5600 ipsi
953 5527 1084 5600 equi
1126 5528 1275 5582 inter
1319 5544 1377 5582 se
1417 5527 1709 5595 dissident,
1756 5533 1812 5583 et
1854 5533 1953 5583 aut
1993 5527 2101 5583 ira-

470 5616 681 5670 cundia
723 5620 1029 5687 protendit,
1063 5624 1164 5674 aut
1199 5622 1371 5676 timor
1404 5638 1415 5675 :
1448 5627 1504 5677 et
1539 5639 1597 5676 se
1630 5622 1873 5677 invicem
1914 5622 2100 5694 impe-

533 5735 628 5806 (67)
810 5736 874 5806 de
910 5738 1239 5800 Virginitate,
1266 5755 1383 5806 cap.
1425 5744 1501 5801 l5,
1530 5757 1683 5796 num.
1714 5745 1793 5793 95.

538 5805 633 5867 (es)
665 5803 779 5852 Lib.
817 5805 879 5854 de
911 5807 1079 5865 Isaac,
1108 5825 1153 5859 c.
1184 5814 1231 5872 8,
1262 5803 1412 5865 nuin.
1444 5817 1523 5869 65.

2191 4593 2314 4665 jam
2348 4592 2612 4664 perfectae
2640 4590 2846 4645 animas
2872 4590 3001 4659 dici,
3032 4589 3183 4661 quod
3212 4593 3269 4644 et
3299 4587 3444 4644 mihi
3472 4589 3623 4644 dicat
3650 4584 3815 4642 Domi-

2198 4702 2307 4740 nus
2334 4686 2494 4740 Jesus
2526 4702 2537 4738 :
2577 4706 2603 4732 ‹‹
2645 4686 2795 4738 Pone
2835 4699 2927 4738 me
2955 4688 3018 4737 ut
3044 4683 3409 4754 signaculum
3442 4683 3501 4737 in
3530 4699 3626 4737 cor
3651 4687 3813 4741 tuum,

2201 4781 2264 4833 ut
2295 4778 2653 4850 signaculum
2692 4777 2748 4832 in
2779 4776 3073 4831 brachium
3106 4780 3269 4831 tuum
3297 4778 3507 4848 (Cant,
3537 4792 3647 4843 vni,
3673 4775 3751 4844 6);
3790 4794 3809 4817 ι)

2202 4876 2263 4926 ut
2304 4873 2487 4927 luceat
2529 4888 2636 4944 pax
2679 4871 2735 4927 in
2783 4869 2951 4925 corde
2998 4886 3149 4938 meo,
3194 4875 3252 4924 et
3295 4870 3350 4924 in
3383 4870 3648 4942 operibus
3691 4864 3814 4921 meis

2199 4965 2473 5035 Christus,
2506 4966 2789 5020 formetur
2829 4964 2885 5017 in
2932 4980 3023 5018 me
3060 4963 3362 5035 sapientia,
3396 4968 3455 5018 et
3493 4961 3724 5035 justitia,
3768 4962 3810 5011 et

2204 5060 2545 5132 redemptio.

2712 5194 2933 5248 CAPUT
2972 5192 3333 5247 SEPTIMUM.

2280 5347 2327 5396 1.
2364 5342 2538 5411 (Vers.
2581 5343 2650 5409 1.)
2680 5342 2788 5408 (69)
2823 5341 2997 5406 Quam
3032 5339 3254 5409 speciosi
3281 5340 3425 5404 facti
3449 5343 3575 5392 sunt
3622 5346 3809 5403 gressus

2205 5437 2286 5491 tui
2329 5437 2387 5489 in
2426 5434 2832 5495 calceamentis,
2870 5433 2991 5502 [ilia
3028 5430 3373 5487 Aminadab!
3417 5429 3628 5486 Moduli
3660 5428 3806 5494 femo-

2202 5546 2326 5584 rum
2352 5534 2567 5583 tuorum
2593 5527 2794 5582 similes
2816 5526 3117 5596 torquibus,
3138 5540 3293 5595 opere
3313 5540 3567 5579 manuum
3587 5518 3805 5587 artiﬁcis.

2204 5623 2325 5677 Non
2369 5624 2453 5676 est
2495 5620 2731 5675 dubium
2777 5636 3000 5691 gressus
3045 5618 3136 5675 hic
3181 5634 3406 5692 quoque
3443 5608 3806 5680 Ecclesizeﬁel

2269 5743 2365 5807 (69)
2394 5742 2452 5792 In
2486 5741 2620 5807 psal.
2653 5751 2850 5802 cxvni,
2881 5753 3046 5793 serm.
3078 5741 3155 5800 17,
3182 5753 3315 5793 num
3348 5739 3404 5791 14
3427 5723 3481 5789 et
3510 5747 3623 5799 seq.

4002 2454 4011 2753 Ξ
