4072 6192
294 272 432 325 2045
1324 278 1365 333 Ε
1405 275 1707 333 ΞΟΗΙΡΤΙδ
1746 278 1799 329 S.
1844 277 1913 331 Ah

2023 276 2157 331 .OSII
2198 277 2259 329 Ct
2272 276 2609 332 ILLECTUS.
3522 271 3657 325 2046

294 393 503 450 animae
539 397 829 469 profectus
869 397 1196 469 signiﬁcari.
1232 422 1259 449 ‹‹
1289 399 1474 465 Quam
1518 399 1757 472 speciosi
1799 403 1930 454 sunt
1952 415 2009 484 Α
2031 415 2119 453 sos
2149 415 2373 471 gressus
2406 399 2649 453 Verbum
2687 398 2910 461 habeat,
2941 414 3068 451 cuni
3108 398 3176 454 de
3209 398 3511 453 moralibus
3539 398 3653 452 dis-
3692 406 3697 409 ‘

292 487 1928 565 pedesevangelizantiumpacem,evangelizantiumbona
2031 497 2277 564 putatur.
2313 495 2377 548 Et
2414 491 2653 563 apostoli
2695 491 2825 546 ideo
2866 492 3100 546 fortasse
3143 492 3311 546 nudis
3350 492 3656 547 mittuntur

288 582 444 653 (Isa.,
486 600 577 652 ιιι,
620 584 703 653 7)l
753 606 781 633 ››
827 586 1031 658 Utique
1074 588 1353 659 speciosos
1403 588 1539 644 dicit
1580 590 1924 662 evangelica:
2028 586 2284 657 pedibus,
2314 603 2388 641 ne
2416 586 2796 641 obumbretur
2822 600 3019 640 eorum
3057 582 3379 656 disputatio,
3407 585 3503 641 sed
3532 585 3651 640 elu-

290 676 709 747 prazdicationis
754 685 809 733 et
849 679 1247 751 disputationis
1289 697 1645 754 progressus,
1687 688 1747 738 ut
1785 683 1923 739 alibi

290 768 502 824 dicitur
536 789 549 825 :
588 793 615 820 ‹‹
655 772 1084 843 Transgredere
1117 773 1358 829 ﬂumina
1401 777 1553 847 (150.,
1603 793 1730 846 xui,
1772 776 1846 845 2),
1893 802 1920 826 ››

288 863 401 919 hoc
437 868 539 929 est,
584 864 798 922 ﬂuenta
838 869 895 921 et
931 866 1151 924 lubrica
1176 868 1336 924 istius
1365 870 1565 925 mundi
1596 872 1921 925 transcurre

288 958 478 1015 stabili
509 959 717 1014 mentis
749 959 994 1016 incessu.
1020 962 1177 1027 Quod
1209 963 1278 1018 de
1317 964 1523 1021 animae
1565 965 1780 1020 incessu
1812 964 1919 1019 dici

289 1051 471 1107 David
510 1052 807 1109 evidenter
840 1054 1090 1110 ostendit
1129 1055 1375 1112 aﬁ'erens
1414 1058 1565 1130 quod
1608 1062 1920 1113 torrentem

283 1143 657 1217 iniquitatum
686 1147 883 1202 anima
912 1164 1013 1203 sua
1037 1148 1309 1205 transiret
1341 1153 1501 1221 (Psal.
1535 1167 1719 1221 cxxm,
1748 1154 1819 1223 5).

357 1243 410 1294 2.
455 1239 568 1296 Sed
605 1241 740 1313 quid
781 1241 887 1303 sibi
933 1242 1052 1298 vult
1092 1244 1244 1316 quod
1283 1244 1381 1311 ait,
1426 1244 1485 1300 in
1518 1247 1920 1301 calceamentis

287 1332 569 1404 speciosos
613 1350 733 1390 esse
778 1351 1005 1406 gressus
1049 1337 1346 1392 Ecclesiae?
1388 1339 1656 1410 Legimus
1702 1338 1915 1399 dictum

285 1425 361 1481 ad
388 1427 617 1498 Moysen
649 1446 662 1482 :
698 1450 724 1475 ι‹
754 1428 915 1485 Solve
954 1429 1413 1486 calceamentum
1444 1432 1658 1503 pedum
1689 1439 1917 1489 tuorum

286 1521 511 1583 (Exod,
551 1537 625 1590 ιιι,
672 1521 761 1591 5);
804 1544 831 1571 ››
875 1539 988 1594 quo
1032 1524 1253 1580 videtur
1291 1523 1640 1596 admonitus,
1683 1544 1755 1582 ne
1793 1544 1915 1583 cor-

284 1613 577 1685 poralibus
628 1614 862 1671 vinculis
912 1620 1208 1673 teneretur
1256 1617 1537 1674 astrictus.
1594 1620 1742 1692 Ergo
1795 1638 1916 1693 spe-

283 1708 500 1762 ciosam
549 1708 608 1762 in
661 1709 907 1766 Canticis
954 1710 1234 1783 signiﬁcat
1284 1712 1493 1767 anima:
1546 1714 1917 1785 pulchritudi-

280 1817 437 1867 nem,
480 1818 610 1873 quae
656 1819 824 1858 carne
866 1807 1142 1876 tanquam
1188 1806 1573 1862 calceameuto
1617 1807 1819 1877 utitur,
1862 1777 1994 1865 etB

280 1892 339 1948 in
387 1894 510 1966 ipso
559 1896 951 1952 calceamento
997 1898 1482 1969 impedimentum
1523 1917 1637 1956 non
1684 1902 1915 1973 patitur,

282 1987 387 2041 sed
448 1988 699 2044 incessus
764 1990 974 2046 decore
1032 1993 1324 2063 praecellit.
1387 1994 1609 2049 Calceat
1663 2012 1799 2067 ergo
1862 2014 1919 2051 se

280 2082 478 2137 anima
518 2082 955 2140 ecclesiasticam
988 2085 1258 2157 gratiam,
1296 2092 1360 2141 ut
1387 2104 1620 2144 cursum
1648 2090 1774 2146 vitta
1809 2091 1915 2147 hu-

272 2175 374 2245 jus
401 2182 458 2232 et
488 2177 793 2233 transitum
830 2195 960 2234 cum
998 2179 1200 2236 decore
1231 2184 1550 2254 praetereat.
1583 2184 1741 2248 Quod
1773 2184 1838 2239 ﬁt
1871 2186 1915 2240 si

281 2270 742 2326 calceamentum
782 2289 947 2328 suum
990 2290 1103 2328 non
1139 2274 1404 2346 inquinet
1447 2275 1568 2331 luto
1612 2279 1914 2350 corporali,

280 2380 401 2418 non
446 2362 502 2418 in
542 2365 808 2420 vitiorum
846 2372 1074 2438 mergat
1107 2370 1410 2440 voragine;
1443 2371 1489 2425 si
1529 2372 1766 2442 castiget
1799 2390 1917 2428 car-

280 2474 423 2512 nem
452 2474 635 2524 suam,
665 2476 734 2514 ne
778 2464 1035 2516 moretur
1065 2461 1138 2516 ad
1176 2479 1428 2534 cursum,
1459 2469 1515 2519 et
1544 2464 1753 2521 arvinte
1786 2467 1913 2539 pin-

280 2550 413 2622 guis
454 2552 705 2622 pondere
752 2558 1158 2625 prmgravetur.
1208 2556 1423 2612 Bonum
1467 2558 1916 2616 calceamentum

278 2643 492 2699 animm
522 2644 792 2721 pudicitia
832 2651 938 2715 cst,
977 2646 1163 2703 bonus
1195 2665 1423 2720 gressus
1456 2656 1538 2706 est
1569 2651 1627 2705 in
1658 2652 1912 2724 vestigio,

280 2737 574 2793 castitatis.
639 2738 931 2811 Sapientia
981 2724 1197 2796 autem.
1235 2745 1474 2797 amictus
1528 2749 1615 2799 est
1673 2746 1911 2815 animae;

278 2831 437 2886 unde
477 2831 750 2903 scriptum
782 2838 905 2889 est:
943 2858 967 2883 α
1002 2836 1227 2891 Honora
1265 2853 1413 2907 eam,
1452 2844 1509 2893 et
1538 2840 1917 2910 amplectetur

280 2929 335 2979 te
368 2926 575 2995 (Prom,
614 2943 685 2992 ιν,
726 2929 800 2997 8).
839 2952 864 2975 ››
912 2928 1151 2984 Utamur
1183 2946 1322 3003 ergo
1363 2947 1598 3004 corpore
1638 2937 1914 3006 tanquam

278 3018 669 3073 calceamento
713 3020 783 3075 ad
834 3020 1120 3077 inferioris
1161 3040 1337 3096 Opera
1378 3024 1645 3081 virtutis:
1687 3026 1759 3082 ad
1806 3028 1912 3085 mi-

2024 686 2167 735 ceat.
2213 683 2405 752 itaque
2452 680 2696 735 Ecclesia
2738 679 2850 735 ﬁlia
2892 677 3233 743 Aminadab,
3279 678 3383 733 hoc
3421 682 3524 747 est,
3563 695 3654 731 vo-

2022 775 2255 831 luntarii
2292 775 2377 829 vel
2416 773 2796 846 beneplaciti;
2841 773 2975 844 quia
3017 771 3364 826 voluntarius
3403 786 3528 826 eam
3569 774 3650 826 vel

2022 868 2413 941 beneplacitus
2461 868 2853 940 congregavit,
2901 870 2957 922 et
2996 866 3053 921 in
3099 865 3495 921 calceamentis
3535 880 3656 937 spe.-

2022 963 2173 1018 ciosa
2203 968 2305 1018 est.
2340 962 2645 1034 Meritoque
2671 962 2933 1017 additum
2964 965 3046 1015 est
3081 978 3092 1015 :

2098 1055 2354 1131 1610
2391 1059 2443 1110 6.
2494 1056 2707 1111 Moduli
2740 1057 3007 1123 femorum
3050 1060 3261 1111 tuorum
3304 1054 3505 1109 similes
3549 1059 3653 1107 tor-

2021 1151 2234 1221 quibus,
2261 1166 2415 1221 opere
2439 1166 2702 1205 manuum
2726 1152 2986 1219 artiﬁcis;
3012 1151 3073 1203 ut
3096 1146 3444 1220 posteritatis
3471 1146 3655 1204 Eccle-

2021 1244 2119 1299 siae
2146 1247 2486 1299 ornamenta
2511 1248 2877 1298 canerentur.
2908 1245 3011 1297 Per
3035 1242 3224 1298 femur
3247 1241 3402 1297 enim
3424 1239 3650 1312 insigne

2021 1337 2404 1409 generationis
2444 1336 2821 1409 agnoscimus,
2854 1336 3022 1408 juxta
3061 1336 3198 1391 illud
3229 1352 3242 1389 :
3276 1356 3303 1384 ‹‹
3343 1334 3648 1407 Accingere

2022 1430 2279 1501 gladium
2337 1435 2499 1485 tuum
2552 1447 2725 1502 super
2771 1431 2979 1497 femur,
3036 1428 3429 1501 potentissime
3481 1428 3646 1498 (Psul.

2020 1541 2165 1589 xuv,
2213 1527 2289 1593 ei);
2343 1548 2370 1573 ››
2421 1541 2537 1596 quo
2583 1523 2938 1596 signiﬁcatur
2977 1523 3128 1596 quod
3173 1522 3338 1577 Filius
3375 1521 3474 1576 Dei
3515 1537 3645 1577 cum

2018 1619 2389 1697 semetipsum
2437 1618 2803 1686 exinanisset,
2847 1617 3008 1672 Verbi
3060 1617 3348 1672 accinctus
3393 1614 3649 1671 divinita~

2020 1716 2158 1779 tem,
2184 1717 2241 1767 et
2277 1712 2704 1784 generationem
2753 1710 3037 1766 calceatus
3077 1710 3415 1778 humanam,
3448 1706 3645 1781 prodi-

2020 1809 2105 1861 ret
2146 1822 2214 1860 ex
2267 1806 2494 1878 Virgine
2540 1805 2805 1861 omnibus
2850 1805 3087 1860 daturus
3131 1804 3394 1859 salutem.
3440 1800 3649 1857 Moduli

2018 1903 2213 1954 autem
2251 1899 2522 1956 dicuntur
2549 1904 2891 1955 ornamenta
2918 1899 3184 1970 pretiosa,
3214 1913 3342 1969 quae
3380 1894 3647 1968 suspendi

2019 1999 2408 2049 matronarum
2438 1992 2749 2048 cervicibus
2775 1993 2981 2047 solent.
3015 1992 3223 2046 Tantus
3250 2007 3391 2061 ergo
3418 2004 3649 2062 proces-

2018 2103 2113 2143 sus
2141 2087 2399 2143 Ecclesiaa
2438 2087 2806 2157 signiﬁcatur,
2840 2092 2901 2140 ut
2938 2084 3290 2140 ornamentis
3317 2081 3648 2156 pretiosissiv

2020 2180 2128 2238 mis
2166 2184 2537 2252 comparatus
2574 2180 2665 2248 sit,
2699 2186 2755 2235 et
2788 2179 3086 2252 torquibus
3126 2176 3646 2250 triumphantium;

2018 2275 2140 2331 haec
2186 2274 2341 2329 enim
2394 2279 2732 2330 ornamenta
2789 2280 2920 2328 sunt
2972 2273 3332 2328 bellatorum.
3382 2269 3543 2325 Unde
3594 2274 3652 2322 et

2018 2368 2392 2440 Symmachus
2441 2367 2823 2440 Epitrachelia
2866 2367 3027 2433 dixit,
3071 2367 3176 2421 hoc
3222 2369 3326 2433 est,
3372 2381 3498 2435 qua:
3538 2363 3651 2417 sint

2017 2462 2160 2517 circa
2206 2462 2434 2517 collum.
2482 2462 2611 2517 Sive
2654 2477 2792 2533 ergo
2839 2460 3134 2532 generatio
3176 2458 3380 2514 Christi
3421 2473 3491 2512 ex
3529 2456 3646 2510 Vir-

2018 2556 2171 2627 gine,
2234 2554 2348 2609 sive
2411 2555 2669 2611 Ecclesiae
2735 2553 3112 2626 propagatio,
3174 2550 3359 2622 specie
3411 2548 3646 2622 quidem

2016 2654 2291 2721 tanquam
2343 2665 2516 2703 manu
2562 2647 2795 2703 artiﬁcis
2828 2646 3127 2718 torquibus
3165 2644 3469 2713 adornatis,
3504 2659 3647 2697 vera!

2016 2748 2210 2797 autem
2253 2741 2478 2796 virtutis
2522 2741 2761 2812 insignis
2802 2740 3187 2812 spiritualibus
3223 2737 3463 2794 cervices
3502 2735 3645 2791 ﬁde-

2016 2836 2155 2891 lium
2186 2836 2500 2891 adornavit.
2537 2836 2793 2907 Denique
2835 2839 2952 2890 tota
2990 2835 3095 2889 ista
3130 2831 3434 2904 descriptio
3465 2846 3645 2886 mem-

2016 2930 2247 2984 brorum
2269 2929 2527 2984 Ecclesiaa
2556 2931 2720 3000 plena
2739 2928 2960 2983 decoris
2978 2931 3036 2982 et
3055 2925 3240 2982 laudis
3262 2928 3366 2981 est.
3391 2926 3532 2979 Nam
3552 2931 3607 2979 et
3630 2941 3641 2977 :

2085 3028 2137 3077 7.
2183 3024 2360 3095 (Vers.
2411 3024 2488 3093 2.)
2533 3024 2825 3079 Umbilicus
2863 3022 2976 3093 ejus
3014 3027 3275 3092 tanquam
3313 3026 3492 3074 crater
3535 3026 3645 3072 tor-

281 3112 607 3179 nisterium,
659 3130 770 3168 non
836 3120 1225 3186 praeceptum;
1275 3118 1347 3173 ad
1390 3118 1749 3193 obsequium,
1798 3138 1910 3179 non
1933 3146 1989 3220 Ο
2013 3119 2200 3173 nutitis
2231 3118 2585 3188 praedicatur,
2618 3116 2784 3172 misto
2817 3132 2933 3170 non
2972 3115 3272 3181 deﬁciens;
3302 3130 3370 3169 eo
3405 3111 3557 3185 quod
3588 3112 3643 3166 in

278 3204 755 3275 delectationem;
777 3207 847 3263 ad
880 3209 1285 3278 obedientiam,
1314 3228 1431 3266 non
1461 3212 1909 3282 dissensionem;

278 3302 337 3352 et
380 3299 437 3352 in
481 3298 569 3353 via
604 3300 894 3372 sapientia:
927 3304 1233 3376 vestigium
1274 3305 1637 3374 collocemus,
1666 3324 1737 3363 ne
1765 3325 1915 3381 gres-

277 3409 377 3446 sus
407 3398 633 3449 nostros
658 3393 741 3449 vis
768 3397 1038 3452 torrentis
1064 3398 1257 3471 aliqua
1282 3400 1603 3456 concludat.

350 3488 406 3539 3.
454 3485 585 3542 Ideo
628 3488 698 3543 ad
736 3489 960 3561 Moysen
999 3490 1216 3546 dictum
1263 3498 1347 3547 est
1379 3510 1391 3547 :
1429 3516 1455 3543 ‹‹
1500 3494 1661 3551 Solve
1702 3496 1912 3551 calcea-

279 3583 545 3634 mentum
577 3580 794 3651 (Ετιδοίιυ
836 3600 912 3649 ιιι,
957 3587 1026 3653 5).
1079 3606 1104 3632 ››
1144 3586 1365 3643 Dictum
1407 3591 1493 3641 est
1529 3591 1586 3643 et
1618 3588 1688 3643 ad
1725 3590 1912 3645 Jesum

277 3673 433 3728 Nave
475 3675 669 3743 (Iosue,
701 3691 754 3743 ν,
799 3677 906 3747 16).
938 3678 1010 3733 De
1050 3677 1273 3734 Christo
1316 3686 1509 3735 autem
1550 3682 1766 3738 dictum
1798 3700 1913 3738 non

278 3770 388 3833 est,
442 3766 543 3822 sed
608 3768 792 3840 magis
845 3771 1125 3843 scriptum
1182 3778 1286 3839 est,
1335 3773 1555 3830 dicente
1609 3775 1909 3847 Baptista:

282 3884 307 3904 «ι
354 3860 488 3915 Post
522 3878 613 3917 me
650 3862 806 3917 venit
834 3864 937 3933 vir,
972 3865 1134 3937 cujus
1165 3882 1279 3920 non
1317 3883 1441 3923 sum
1472 3868 1682 3940 dignus
1709 3870 1915 3935 calcea-

278 3959 473 4009 menta
520 3960 743 4026 portare
785 3955 1029 4027 (Matth.,
1077 3975 1154 4025 ιιι,
1206 3959 1292 4029 ll)
1310 3976 1327 4029 ;
1372 3984 1398 4008 η
1454 3962 1589 4033 quia
1634 3962 1716 4018 illi
1765 3964 1913 4019 bene

275 4048 678 4119 admonentur,
712 4055 776 4105 ut
820 4052 1045 4107 solvant
1084 4052 1536 4110 calceamentum
1580 4073 1771 4126 suum,
1814 4058 1913 4129 qui

277 4142 403 4197 sine
460 4147 688 4214 peccato
736 4160 857 4199 esse
907 4161 1021 4200 non
1072 4149 1362 4218 poterant.
1412 4148 1507 4205 Hic
1559 4156 1751 4205 autem
1798 4168 1910 4206 non

276 4234 463 4290 solum
496 4236 941 4294 calceamentum
981 4256 1097 4295 non
1135 4240 1320 4309 solvit,
1351 4242 1446 4298 sed
1488 4242 1660 4298 etiam
1700 4244 1911 4299 calcea-

277 4333 479 4385 menta
525 4330 767 4386 aliorum
818 4332 1087 4400 absolvit;
1135 4334 1268 4404 quia
1319 4352 1434 4390 non
1476 4337 1661 4392 solum
1708 4355 1913 4410 corpus

278 4440 451 4478 suum
483 4442 517 4479 a
557 4426 796 4497 peccatis
834 4426 1088 4483 immune
1131 4429 1389 4496 servavit,
1435 4431 1531 4486 sed
1571 4432 1742 4487 etiam
1788 4450 1909 4488 om-

282 4518 447 4572 nium
476 4517 632 4574 dedit
654 4519 1074 4591 indulgentiam
1100 4527 1491 4595 peccatorum.

360 4614 410 4666 «i.
443 4613 590 4684 Ergo
616 4614 860 4668 Ecclesia
887 4615 956 4670 ad
989 4615 1372 4672 imitationem
1413 4618 1621 4674 Christi
1663 4620 1918 4690 speciosa

281 4709 388 4773 est,
446 4709 502 4760 et
565 4705 625 4760 in
679 4707 1073 4765 calceamentis
1125 4710 1283 4764 omni
1336 4709 1527 4767 abluta
1578 4711 1802 4768 delicto.
1856 4715 1919 4769 Et

279 4800 525 4855 fortasse
567 4800 798 4872 quando
846 4802 1189 4874 sapientiam
1232 4802 1387 4860 inter
1417 4803 1702 4875 perfectos
1731 4807 1913 4881 loqui-

283 4896 398 4961 tur,
426 4893 681 4964 speciosa
709 4900 794 4950 est
834 4893 891 4950 in
924 4896 1309 4968 superioribus
1341 4897 1649 4966 membris;
1686 4900 1917 4971 quando

277 4990 474 5042 autem
524 4986 693 5043 etiam
744 4988 1025 5046 inferioris
1074 4991 1288 5063 gradus
1339 4996 1439 5047 aut
1489 4991 1767 5048 doctrina:
1818 4994 1918 5049 ho-

280 5080 471 5136 mines
499 5080 744 5137 Verbum
785 5088 1124 5154 sequuntur,
1152 5083 1285 5139 ﬁdei
1314 5084 1521 5140 seriem
1556 5102 1669 5141 non
1700 5086 1917 5142 oblivis-

277 5178 510 5241 cuntur,
564 5175 869 5231 sacerdotis
922 5181 1205 5249 praecepta
1265 5178 1614 5247 custodiunt,
1662 5180 1915 5252 speciosa

276 5267 364 5317 est
400 5263 462 5317 in
501 5263 914 5319 calceamentis.
960 5266 1303 5338 Plerumque
1338 5267 1522 5322 clerus
1566 5269 1794 5339 erravit,
1836 5287 1916 5324 sa-

278 5351 482 5407 cerdos
544 5354 780 5408 mutavit
834 5355 1173 5410 sententiam
1200 5399 1214 5426 ,
1271 5355 1471 5413 divites
1532 5376 1663 5414 cum
1724 5359 1912 5415 saeculi

275 5442 443 5496 istius
487 5446 718 5498 terreno
757 5459 895 5515 rege
936 5448 1256 5512 senserunt,
1297 5448 1537 5519 pOpulus
1575 5449 1745 5504 ﬁdem
1787 5465 1916 5520 pro-

274 5530 465 5602 priam
494 5531 824 5587 reservavit.

349 5626 403 5677 5.
441 5621 602 5678 Unde
642 5623 814 5679 etiam
861 5624 932 5679 de
974 5626 1215 5682 Domino
1262 5628 1392 5682 Jesn
1437 5627 1580 5684 bene
1609 5644 1915 5700 possumus

274 5711 486 5777 dicere,
515 5710 650 5781 quia
690 5715 747 5766 et
785 5711 845 5767 in
876 5713 964 5768 his
998 5731 1126 5786 quas
1157 5716 1470 5788 corporalia
1510 5722 1660 5781 sunt,
1692 5717 1909 5789 specio-

345 5833 440 5895 σο)
472 5833 647 5899 Epist.
676 5833 750 5883 ad
766 5834 1035 5885 Irenaeum.

2017 3212 2175 3266 omni
2224 3212 2485 3266 doctrina
2537 3214 2830 3277 tornalus,
2875 3208 3234 3281 plenitudine
3284 3206 3643 3280 cognitionis,

2015 3311 2071 3361 et
2112 3310 2244 3376 potu
2298 3322 2411 3359 non
2464 3304 2650 3359 deﬁcit
2700 3303 2962 3377 spiritali.
3017 3304 3083 3357 Et
3125 3307 3325 3357 venter
3367 3300 3490 3371 ejus
3534 3316 3647 3354 non

2016 3400 2203 3454 solum
2254 3415 2459 3454 acervo
2508 3398 2701 3463 tritici,
2743 3398 2798 3452 id
2843 3400 2949 3460 est,
2994 3397 3132 3451 cibis
3175 3394 3499 3451 fortioribus
3535 3410 3644 3448 co:—

2015 3493 2174 3547 lestis
2225 3491 2479 3565 mysterii
2527 3493 2839 3563 saginetur,
2901 3507 3098 3545 verum
3151 3490 3321 3544 etiam
3376 3494 3647 3560 tanquam

2015 3586 2146 3641 liliis
2212 3585 2551 3658 quibusdam
2623 3585 2924 3640 moralium
2995 3584 3269 3638 suavitate
3337 3583 3645 3654 repleatur.

2015 3679 2170 3736 Unde
2210 3686 2264 3735 et
2315 3679 2434 3751 ipsa
2477 3685 2751 3751 tanquam
2791 3678 2941 3733 bene
2975 3677 3177 3732 merita
3213 3675 3412 3747 regina
3441 3674 3646 3730 Christi

2017 3773 2294 3845 sanguine
2320 3779 2647 3840 coronatur,
2679 3772 2824 3827 sicut
2855 3771 3128 3842 scriptum
3158 3776 3240 3826 est
3272 3787 3285 3823 :
3316 3772 3386 3825 Et
3425 3774 3649 3824 ornatus

2015 3870 2210 3939 capitis
2248 3869 2337 3923 sui
2370 3871 2506 3923 sicut
2548 3882 2818 3938 purpura.
2870 3863 3112 3937 Sanguis
3143 3863 3349 3920 Christi
3392 3878 3645 3934 purpura

2014 3964 2119 4031 est,
2158 3961 2259 4033 qui
2300 3960 2483 4016 inﬁcit
2524 3961 2849 4019 sanctorum
2888 3960 3130 4028 animas,
3172 3974 3285 4013 non
3324 3956 3508 4011 solum
3547 3971 3645 4010 co—

2013 4056 2134 4109 lore
2156 4054 2557 4127 resplendens,
2581 4054 2676 4110 sed
2699 4054 2874 4109 etiam
2896 4055 3204 4126 potestate;
3228 4051 3362 4124 quia
3386 4065 3548 4122 reges
3569 4049 3647 4102 fa-

2015 4148 2112 4218 cit,
2148 4154 2205 4204 et
2230 4148 2497 4204 meliores
2522 4164 2691 4220 reges
2717 4148 2924 4219 quibus
2951 4162 3195 4219 regnum
3223 4146 3321 4201 dat
3344 4150 3643 4200 aeternum.

2086 4246 2138 4298 8.
2191 4244 2296 4314 (70)
2348 4242 2642 4297 Umbilicus
2682 4248 2809 4298 tuus
2850 4246 2909 4297 ut
2946 4248 3122 4297 crater
3163 4241 3458 4301 tornatilis,
3508 4254 3647 4292 nun-

2017 4353 2181 4407 quam
2210 4337 2460 4406 indigens
2493 4337 2718 4408 poculis.
2761 4335 3071 4392 Umbilicus
3107 4334 3315 4389 animae
3354 4349 3420 4388 ac
3454 4334 3647 4388 venter

2017 4430 2242 4486 subtilis
2272 4434 2356 4486 est
2396 4430 2548 4486 illius
2582 4448 2709 4503 qua:
2737 4430 2989 4486 ascendit
3032 4428 3104 4483 ad
3134 4427 3455 4495 Christum;
3485 4425 3643 4480 ideo-

1936 4513 1995 4585 D
2019 4540 2133 4596 que
2173 4524 2434 4579 laudatur
2469 4540 2601 4579 voce
2642 4524 2850 4595 Sponsi
2888 4522 3160 4576 dicentis:
3191 4521 3483 4576 Umbilicus
3522 4522 3646 4573 tuus

2017 4623 2080 4672 ut
2118 4623 2297 4673 crater
2336 4618 2633 4679 tornatilis,
2666 4633 2773 4671 non
2812 4617 3057 4685 deﬁciens
3097 4617 3282 4681 misto;
3312 4617 3496 4669 venter
3525 4617 3647 4667 tuus

2020 4726 2240 4765 acervus
2271 4712 2441 4767 tritici
2482 4712 2685 4765 muniti
2722 4712 2863 4765 inter
2896 4709 3039 4764 lilia.
3073 4709 3161 4763 Est
3205 4707 3360 4763 enim
3396 4707 3456 4762 in
3491 4707 3644 4762 omni

2018 4804 2275 4859 doctrina
2317 4809 2593 4873 tornatus,
2623 4809 2679 4860 et
2723 4807 2889 4875 potus
2923 4803 3194 4874 spiritalis
3231 4818 3344 4857 non
3377 4800 3647 4856 deﬁciens

2017 4897 2393 4970 plenitudine,
2443 4903 2500 4954 et
2544 4897 2851 4954 caelestium
2901 4902 3250 4952 secretorum
3301 4892 3643 4965 cognitione.

2017 4992 2225 5045 Venter
2268 5008 2497 5063 quoque
2544 4993 2754 5048 anima.-
2804 4991 3089 5064 mysticus,
3136 4990 3282 5044 sicut
3324 4986 3645 5051 umbilicus,

2017 5102 2128 5157 quo
2182 5089 2382 5139 ventre
2432 5102 2548 5141 non
2600 5086 2782 5142 solum
2831 5086 3037 5141 fortem
3089 5083 3280 5139 cibum
3320 5080 3496 5136 sumit
3536 5097 3647 5154 quo

2017 5179 2194 5235 corda
2241 5183 2564 5249 firmantur,
2611 5180 2711 5236 sed
2750 5179 2919 5235 etiam
2961 5195 3129 5233 suave
3175 5194 3237 5231 ac
3279 5174 3645 5231 florulentum

2016 5286 2131 5343 quo
2158 5271 2530 5326 delectantur.

2089 5361 2141 5414 9.
2200 5361 2372 5429 (Vers.
2427 5360 2503 5430 4.)
2550 5360 2657 5430 (7l)
2711 5359 2867 5413 Oculi
2907 5359 2989 5412 tui
3038 5364 3237 5425 stagna
3289 5357 3347 5408 in
3394 5354 3643 5413 Hesebon,

2014 5451 2075 5504 in
2128 5451 2302 5520 portis
2352 5449 2482 5517 filiae
2531 5449 2844 5510 multorum,
2905 5461 3063 5501 nares
3124 5450 3230 5500 tua:
3286 5446 3421 5498 sicut
3483 5445 3649 5497 turris

2012 5539 2231 5595 Libani.
2264 5538 2474 5610 Stagna
2514 5537 2572 5591 in
2610 5536 2865 5591 Hesebon
2907 5535 3047 5608 quid
3092 5538 3195 5601 est,
3235 5532 3343 5589 nisi
3387 5533 3446 5586 in
3488 5532 3645 5604 cogi-

2013 5627 2328 5683 tationibus
2377 5626 2811 5683 rationabilibus
2858 5625 3229 5693 abundantia,
3282 5641 3408 5697 qum
3458 5626 3545 5677 est
3591 5622 3644 5677 in

2013 5716 2196 5788 portis
2225 5717 2504 5785 Ecclesiae,
2534 5715 2624 5771 cui
2660 5715 2863 5771 merito
2891 5715 3147 5771 defertur
3176 5713 3483 5772 multitudo
3511 5714 3643 5768 doc-

2076 5838 2173 5901 (7l)
2206 5838 2264 5888 In
2296 5838 2429 5905 psal.
2460 5849 2660 5902 CXVIII,
2688 5852 2851 5890 serm.
2888 5841 2956 5891 lti.
