4000 6166
490 276 626 331 2047

1621 275 1965 330 COMMENT.
2012 273 2075 328 ΙΝ
2118 273 2410 328 ΟΛΝΤΝᾺ
2450 271 2711 327 CAN'I‘IC.

3649 282 3747 334 2018

484 400 690 454 trinae?
738 398 875 453 Filia
917 398 1072 453 enim
1121 400 1452 464 multorum,
1497 400 1875 471 plurimarum
1911 398 2199 481 doctri-A
2221 398 2472 451 cundum
2519 398 2867 467 profectum;
2916 394 3147 449 tertium
3195 392 3491 448 secundum
3524 400 3754 468 perfectio-

487 506 691 549 narum
731 492 1026 565 posteritas
1068 498 1151 547 est
1193 496 1249 546 et
1297 494 1546 556 effectus,
1581 493 1740 564 cujus
1776 509 1941 547 nares
1983 491 2120 547 odor

488 592 571 640 est
600 585 1026 652 sacriﬁciorum,
1062 586 1296 641 ﬂoribus
1330 587 1594 641 omnibus
1623 591 1919 657 prrrstans.

565 682 647 734 10.
682 680 791 750 (72)
833 683 1009 735 Nasus
1042 684 1164 735 tuus
1200 683 1340 735 sicut
1386 683 1551 736 turris
1581 682 1814 745 Libani;
1848 681 2119 750 praecelsa

425 796 429 807 «
492 790 664 844 supra
708 773 973 841 modum,
1021 777 1078 828 et
1120 773 1252 828 ideo
1283 773 1552 845 prospicit
1603 774 1803 829 faciem
1848 775 2115 839 Damasci,

494 866 765 935 gentilem
815 867 1029 921 scilicet
1071 868 1347 939 populum
1395 868 1654 935 odorans,
1697 872 1751 922 et
1793 867 1963 923 fidem
1997 868 2120 939 ejus

489 961 649 1032 cujus
698 962 884 1032 gratia
930 961 1265 1015 delictorum
1318 978 1551 1016 suorum
1597 961 1920 1033 detergeret
1958 962 2115 1018 faeto-

490 1069 631 1109 rem.
667 1055 852 1110 Facies
880 1055 1057 1126 igitur
1085 1056 1341 1110 Damasci
1369 1055 1511 1110 fides
1537 1062 1617 1110 est
1650 1055 1928 1127 gentium,
1964 1056 2118 1111 nullo

494 1148 838 1203 obumbrata
889 1150 1118 1214 amictu,
1174 1150 1326 1204 nullo
1374 1149 1644 1220 adoperta
1696 1149 1920 1218 vestitu,
1967 1150 2121 1205 nuda

492 1258 555 1294 ac
604 1241 797 1309 libera,
848 1242 987 1297 caelo
1032 1243 1211 1314 magis
1254 1244 1473 1297 intenta
1516 1260 1685 1314 quam
1734 1243 1914 1298 terris.
1967 1244 2119 1298 Hanc

491 1336 853 1404 speculantur
908 1340 965 1389 et
1016 1336 1363 1408 proapiciunt
1416 1353 1580 1391 nares
1633 1336 1914 1405 Ecclesiae,
1964 1337 2120 1409 quod

491 1444 659 1483 suave
701 1435 785 1483 est
828 1429 886 1483 in
936 1448 1000 1483 ea
1048 1434 1105 1483 et
1147 1430 1387 1484 odorum
1434 1430 1793 1501 aspirationis
1834 1435 1890 1484 et
1925 1430 2121 1501 gratias

492 1522 845 1594 colligentes.

576 1619 657 1670 tl.
700 1619 765 1672 Et
803 1618 971 1684 bene,
1012 1619 1182 1673 Nares
1219 1618 1331 1687 ejus
1370 1622 1507 1673 sicut
1538 1620 1707 1673 turris
1732 1619 1963 1685 Libani;
1991 1617 2121 1690 quia

492 1709 550 1763 in
595 1710 879 1765 sacrificiis
927 1710 1068 1764 odor
1115 1711 1298 1779 suavis
1351 1710 1606 1766 Ecclesia:
1654 1713 1759 1780 est,
1807 1711 1866 1765 in
1917 1711 2121 1782 quibus

2221 507 2374 544 nem.
2412 494 2472 544 In
2517 490 2702 561 primo
2737 488 2897 560 quasi
2932 490 2985 542 in
3017 487 3371 543 institutione
3402 489 3559 544 adhuc
3585 495 3757 549 umbras

2222 585 2373 638 videt
2406 584 2618 649 anima,
2655 582 2897 638 necdum
2935 582 3094 636 Verbi
3135 580 3611 653 appropinquantis
3639 603 3761 642 rem.

2218 678 2431 732 latione
2461 680 2807 744 commotas;
2847 682 2903 731 et
2938 675 3069 730 ideo
3099 675 3283 729 adhuc
3312 675 3365 728 ei
3400 674 3509 729 dies
3541 677 3763 749 Evangelii

2224 788 2337 826 non
2389 770 2735 841 refulgebat;
2780 771 2837 824 in
2886 769 3136 824 secundo
3182 769 3301 823 sine
3340 767 3633 827 umbrarum
3667 790 3765 829 con-

2222 865 2437 918 fusione
2479 864 2685 918 odores
2718 863 2841 935 pios
2878 863 3063 934 carpit
3097 881 3107 916 :
3142 862 3198 916 in
3244 863 3411 916 tertio
3443 863 3545 933 jam
3576 868 3771 936 perfecta

2222 957 2476 1028 requiem
2510 958 2567 1012 in
2606 974 2661 1011 se
2701 957 2882 1011 Verbo
2926 956 3222 1020 ministrat,
3265 961 3325 1009 ut
3356 964 3671 1012 convertatur
3697 973 3769 1015 su-

2219 1068 2499 1124 peream,
2533 1055 2585 1104 et
2622 1053 2791 1121 caput
2817 1067 2981 1104 suum
3018 1050 3253 1103 reclinet
3292 1055 3455 1121 atque
3484 1053 3773 1121 requiescat;

2221 1151 2277 1199 et
2305 1145 2506 1199 invitat
2534 1144 2601 1198 ad
2636 1159 2837 1215 agrum
2870 1159 3032 1197 suum
3063 1144 3256 1197 dicens
3290 1161 3302 1197 :

2297 1239 2381 1292 14.
2422 1239 2597 1307 (Vers.
2636 1242 2718 1303 tt,
2764 1239 2871 1307 l2.)
2916 1239 3065 1297 Veni,
3098 1239 3277 1304 frater
3307 1252 3468 1296 meus,
3498 1254 3711 1293 (exeamus
3743 1244 3781 1294 in

2220 1348 2441 1400 agrum,
2494 1334 2880 1402 rcquiescamus
2942 1334 2999 1385 in
3053 1332 3304 1385 castellis.
3362 1332 3533 1401 Supra
3576 1333 3633 1385 ad
3678 1333 3782 1387 hor—

2221 1430 2345 1479 tum
2382 1424 2683 1494 invitabat;
2715 1424 2805 1479 hic
2841 1425 2909 1479 ad
2940 1440 3143 1495 agrum
3177 1424 3485 1479 habentem
3516 1442 3618 1480 non
3643 1428 3786 1482 solum

2222 1521 2430 1574 tlornm
2480 1519 2740 1591 gratiam,
2793 1518 2893 1572 sed
2947 1519 3121 1573 etiam
3164 1518 3415 1573 triticum
3446 1523 3500 1571 ct
3537 1508 3787 1585 hordeum,

2222 1614 2329 1668 hoc
2379 1616 2494 1680 est,
2551 1611 2859 1667 solidarum
2920 1613 3350 1666 firmamentum
3411 1613 3697 1679 virtutum,
3747 1622 3792 1666 ut

2222 1707 2437 1761 fructus
2479 1706 2600 1778 ejus
2628 1706 2882 1777 aspiciat.
2920 1709 3351 1775 Requiescamus,
3398 1706 3585 1777 inquit,
3624 1709 3671 1759 in
3705 1722 3792 1761 cas-

494 1808 577 1856 est
622 1803 751 1857 boni
794 1803 984 1858 odoris
1024 1805 1202 1858 hostia
1238 1805 1492 1858 remissio
1534 1810 1913 1877 peccatorum.
1948 1782 2197 1860 SumeB
2222 1802 2383 1863 tellis,
2419 1799 2486 1854 ad
2520 1817 2648 1873 qua:
2684 1801 2859 1855 Adam
2891 1815 3019 1854 cum
3053 1800 3123 1853 de
3154 1799 3412 1870 paradiso
3442 1800 3639 1871 ejectus
3666 1807 3798 1865 esset,

494 1896 671 1967 igitur
703 1897 804 1951 has
846 1914 1032 1965 nares,
1070 1916 1102 1952 o
1146 1899 1337 1965 homo,
1367 1902 1430 1953 ut
1461 1916 1493 1952 a
1536 1899 1990 1969 graveoleutibus
2016 1898 2118 1954 llo-

492 1990 714 2044 rulenta
762 2006 1046 2060 secernas,
1097 1995 1153 2046 et
1203 1998 1337 2046 tunc
1391 1991 1689 2046 viviﬁcabit
1732 1996 1781 2046 te
1829 1993 2116 2047 Dominus.

490 2082 629 2136 Cum
665 2083 819 2137 enim
850 2084 1153 2138 adverterit
1181 2084 1318 2155 quid
1357 2084 1425 2139 de
1468 2085 1589 2156 ipso
1622 2085 1784 2156 petis,
1817 2088 1880 2139 ut
1905 2088 2123 2139 avertit

493 2174 684 2230 oculos
735 2177 942 2231 mentis
984 2182 1095 2232 tute
1142 2194 1175 2232 a
1225 2178 1491 2246 vanitate,
1534 2182 1875 2249 cooperatur
1914 2178 2121 2234 anima:

494 2272 627 2335 tuae,
683 2274 745 2323 ut
793 2271 837 2324 si
883 2270 1066 2341 specie
1113 2272 1303 2343 aliqua
1347 2272 1585 2344 capitur,
1630 2276 1728 2327 aut
1770 2272 1979 2327 duritia
2027 2279 2125 2329 aut

495 2362 818 2419 inﬁrmitate
849 2381 961 2420 non
993 2364 1257 2434 ﬂectitur,
1297 2366 1487 2421 ﬂectat
1522 2382 1645 2421 eam
1672 2366 1816 2437 jugo
1851 2366 2032 2433 Verbi,
2067 2372 2123 2421 et

494 2456 728 2513 habenis
768 2458 882 2512 suis
927 2463 1104 2531 regat,
1158 2463 1218 2513 ut
1260 2459 1547 2514 voluntate
1591 2459 1687 2515 Dei
1736 2460 2052 2515 abducatur
2092 2479 2119 2513 τι

494 2550 661 2618 vitiis,
692 2557 747 2607 et
777 2552 905 2607 vitae
937 2553 1169 2608 odorem
1200 2553 1388 2625 capiat
1418 2559 1663 2609 aeternis.

566 2648 649 2700 12.
698 2646 871 2716 (Vers.
915 2646 995 2719 8.)
1036 2648 1141 2718 (73)
1188 2648 1488 2703 Ascendum
1535 2651 1592 2702 in
1625 2651 1890 2718 palmam,
1932 2653 1980 2702 et
2021 2666 2120 2718 up-

490 2740 815 2808 prehendum
862 2741 1250 2796 sublimitatem
1295 2742 1427 2810 ejus.
1471 2742 1629 2796 Unde
1677 2760 1948 2812 cognosce
1990 2743 2125 2813 quia

494 2837 549 2886 et
578 2833 743 2888 istam
772 2835 1047 2904 ascendit,
1070 2838 1126 2889 et
1147 2835 1404 2906 perduxit
1430 2852 1551 2890 eam
1582 2836 1649 2888 ad
1679 2836 1863 2889 locum
1897 2837 2120 2905 palmae,

493 2927 723 2996 quando
769 2933 825 2982 et
864 2927 998 2983 dicit
1032 2928 1102 2982 ad
1143 2944 1270 2982 eam
1312 2949 1325 2984 :
1370 2931 1539 2995 Quum
1575 2930 1807 2999 pulchra
1854 2937 1901 2981 cl
1942 2932 2125 2982 suuris

492 3022 647 3085 facta
673 3036 745 3083 es,
770 3022 1031 3084 Charitas,
1060 3025 1116 3076 in
1145 3023 1351 3077 deliciis
1384 3024 1492 3077 tuis
1511 3025 1530 3077 ,ν
1557 3025 1783 3079 Statura
1812 3029 1903 3076 tua
1933 3024 2123 3075 similis

491 3116 647 3178 facta
698 3119 775 3169 est
821 3116 1019 3186 palma
1070 3115 1229 3185 (vers.
1281 3119 1336 3182 6,
1382 3116 1456 3184 7).
1506 3117 1571 3170 Et
1620 3116 1735 3187 ipsa
1789 3116 1867 3170 ait
1913 3134 1924 3169 :
1978 3119 2200 3221 vitae

493 3208 779 3262 ascendam
842 3209 915 3263 ad
961 3208 1226 3277 palmam.
1296 3208 1407 3264 Sed
1464 3209 1634 3263 etiam
1700 3209 1823 3280 ipsa
1878 3210 2125 3264 cbaritas

498 3291 686 3369 palma
716 3306 817 3369 est,
854 3301 971 3372 ipsa
1001 3308 1082 3355 est
1114 3302 1267 3356 enim
1301 3301 1596 3373 plenitudo
1629 3302 1908 3369 victoriae;
1941 3303 2120 3374 pleni-

495 3392 631 3448 tudo
683 3394 834 3449 enim
884 3395 1024 3466 legis
1073 3395 1316 3450 charitas
1367 3399 1469 3450 est.
1513 3396 1824 3450 Curramus
1873 3412 2011 3467 ergo
2066 3400 2127 3449 ut

497 3488 1069 3559 comprehendamus,
1108 3506 1401 3544 curramus
1445 3493 1505 3543 ut
1543 3490 1871 3560 vincamus;
1904 3491 2001 3561 qui
2044 3491 2122 3544 vi-

493 3581 587 3646 cit,
623 3582 874 3638 ascendit
903 3583 962 3637 in
1005 3583 1273 3654 palmam,
1307 3589 1361 3639 et
1395 3584 1699 3639 manducet
1729 3584 1943 3638 fruetus
1970 3584 2120 3655 ejus;

495 3675 589 3746 qui
628 3674 779 3743 vicit,
800 3675 922 3746 jam
966 3693 1081 3731 non
1113 3676 1306 3743 currit,
1345 3676 1442 3731 sed
1482 3677 1657 3743 sedet,
1692 3675 1835 3730 sicut
1867 3674 2111 3749 1611

495 3767 764 3840 scriptum
800 3774 882 3823 est
912 3787 923 3823 :
956 3792 981 3820 ‹‹
1023 3770 1126 3835 Qui
1158 3769 1376 3837 vicerit,
1406 3770 1555 3825 dabo
1588 3771 1640 3825 ei
1672 3770 1867 3825 sedere
1900 3786 2122 3825 mecum

497 3862 552 3917 in
593 3862 726 3917 sede
771 3879 919 3932 mea,
963 3863 1107 3918 sicut
1148 3869 1203 3919 et
1233 3879 1340 3935 ego
1389 3864 1515 3930 vici,
1555 3869 1611 3919 et
1645 3863 1761 3919 sedi
1792 3881 1920 3918 cum
1964 3865 2123 3917 Patre

498 3972 627 4010 meo
675 3956 731 4010 in
778 3957 905 4011 sede
951 3956 1128 4027 ipsius
1168 3957 1379 4027 (Apoc.,
1427 3974 1505 4026 ιιι,
1551 3960 1660 4027 2t).
1706 3979 1733 4006 »
1770 3956 1905 4011 Hinc
1937 3956 2122 4028 philo-

496 4049 664 4120 sophi
694 4049 920 4104 currilia
962 4050 1055 4104 illa
1095 4050 1416 4104 animarum
1456 4051 1513 4105 in
1550 4051 1666 4104 suis
1702 4050 1858 4104 libris
1896 4067 2121 4121 expres-

496 4159 617 4197 scre
657 4144 987 4211 certamina,
1029 4161 1134 4198 uec
1176 4150 1362 4198 tamen
1414 4145 1481 4199 ad
1526 4146 1780 4215 palmam
1826 4143 2123 4215 pervenire

496 4240 843 4306 potuerunt;
876 4237 1150 4310 quoniam
1191 4239 1525 4293 suavitatem
1564 4238 1727 4292 Verbi
1775 4242 1831 4293 et
1866 4238 2121 4293 altitudi-

499 4347 631 4385 nem
669 4331 898 4387 illorum
934 4331 1143 4386 animae
1184 4331 1532 4386 nescierunt.
1562 4332 1886 4394 Ascendam,
1917 4331 2122 4402 inquit,

494 4427 551 4478 in
591 4425 836 4495 palmam
892 4425 1172 4480 vincendo
1217 4424 1508 4491 saeculum,
1562 4430 1627 4479 ut
1678 4429 1907 4479 teneam
1955 4424 2125 4479 Verbi

2220 1895 2405 1949 fuerat
2452 1895 2770 1965 relegatus;
2816 1894 2872 1948 in
2918 1893 3006 1948 bis
3050 1892 3456 1965 requiescebat,
3499 1894 3588 1947 sed
3628 1899 3799 1947 terram

2222 1988 2586 2059 operabatur.

2298 2086 2380 2137 15.
2409 2083 2530 2147 Qua
2556 2088 2743 2137 autem
2772 2083 2988 2136 ratione
3019 2082 3177 2136 exire
3210 2097 3345 2135 eum
3383 2082 3437 2136 in
3464 2097 3656 2152 agrum
3684 2081 3804 2139 velit.

2224 2176 2543 2230 intellectus
2588 2174 2917 2230 manifestus
2961 2183 3078 2239 est;
3122 2182 3181 2229 ut
3228 2174 3395 2246 quasi
3440 2176 3615 2229 bonus
3656 2180 3812 2245 pastor

2224 2272 2414 2341 pascat
2442 2285 2677 2341 gregem
2707 2286 2894 2335 suum,
2928 2269 3102 2324 lassos
3130 2269 3358 2337 allevat,
3394 2274 3611 2324 revocet
3648 2285 3808 2323 erran-

2227 2368 2327 2418 tes.
2370 2364 2510 2418 Nam
2551 2363 2656 2417 etsi
2697 2363 2800 2417 ista
2834 2364 3034 2417 anima
3072 2380 3213 2417 nova
3255 2368 3312 2416 et
3356 2367 3547 2418 vetera
3594 2362 3816 2423 servavit,

2225 2461 2410 2511 tamen
2441 2460 2572 2511 sunt
2602 2456 2789 2511 adhuc
2821 2458 2974 2511 velut
3018 2456 3175 2529 agni,
3210 2456 3304 2529 qui
3346 2456 3512 2512 lactis
3550 2472 3700 2510 succo
3731 2472 3814 2508 uu-

2224 2550 2431 2605 triendi
2460 2558 2609 2606 sunt.
2644 2551 2793 2620 Ergo
2823 2551 2980 2621 quasi
3032 2550 3302 2622 perfecta,
3335 2568 3453 2605 non
3501 2567 3600 2621 pro
3637 2566 3706 2615 se,
3746 2549 3823 2601 sed

2225 2660 2327 2716 pro
2380 2643 2501 2699 aliis
2553 2644 2892 2712 intervenit;
2944 2651 3008 2698 ut
3061 2645 3131 2699 de
3175 2644 3303 2698 sinu
3360 2643 3543 2715 patris
3591 2644 3740 2697 exeat
3777 2646 3820 2694 ut

2224 2737 2493 2809 procedat
2533 2738 2681 2792 foras
2707 2743 2981 2809 tanquam
3013 2754 3248 2808 sponsus
3294 2738 3371 2792 de
3416 2736 3669 2791 thalamo
3705 2751 3827 2788 suo:

2225 2831 2523 2902 egrediens
2562 2834 2757 2885 currat
2793 2832 2963 2897 viam,
3003 2836 3065 2885 ut
3105 2831 3373 2885 infirmos
3419 2832 3703 2897 lucretur;
3736 2844 3827 2881 non

2225 2924 2283 2979 in
2330 2925 2427 2980 illo
2467 2930 2684 2980 secreto
2730 2924 2906 2997 patris
2942 2926 3105 2992 solio,
3147 2931 3203 2979 et
3242 2927 3298 2978 in
3350 2925 3451 2979 illa
3494 2925 3621 2978 luce
3657 2922 3829 2976 immo.

2225 3026 2402 3085 retur,
2430 3035 2543 3090 quo
2589 3018 2818 3073 invalidi
2861 3020 2992 3090 equi
3028 3019 3415 3073 conscendere
3454 3035 3570 3072 non
3615 3020 3831 3089 queunt;

2224 3113 2317 3167 sed
2350 3115 2410 3166 ut
2450 3117 2775 3167 assumatur
2809 3116 2863 3166 et
2903 3112 3209 3166 inducatur
3252 3112 3311 3166 in
3354 3112 3599 3167 domum
3634 3110 3837 3180 Sponsa!

2224 3211 2395 3277 atque
2437 3210 2737 3261 secretum.
2784 3205 2868 3261 Sit
2902 3206 3042 3260 foris
3083 3206 3212 3271 sibi,
3247 3211 3315 3260 ut
3353 3205 3525 3260 nobis
3565 3205 3748 3258 iutus:
3787 3201 3836 3253 sit

2227 3298 2479 3353 medium
2509 3304 2791 3367 nostrum,
2818 3298 2920 3353 etsi
2952 3314 3063 3352 non
3095 3298 3361 3353 videatur
3409 3315 3444 3351 a
3486 3297 3668 3353 nobis.
3706 3293 3840 3349 Unde

2227 3392 2307 3446 ait
2346 3409 2358 3444 :
2404 3392 2533 3459 Quis
2576 3393 2730 3447 dabit
2770 3399 2837 3455 te,
2886 3395 3085 3460 frater,
3131 3393 3434 3447 laetantem
3476 3394 3643 3447 ubera
3688 3388 3847 3443 matris

2226 3502 2352 3540 mea:
2372 3488 2400 3540 ?
2428 3488 2712 3541 lnveniens
2741 3494 2789 3541 te
2810 3489 2969 3553 foris,
3002 3487 3281 3541 osculabar
3324 3494 3378 3541 te
3409 3476 3625 3553 (Cant),
3656 3500 3761 3550 vui,
3788 3485 3844 3535 lt.

2229 3580 2383 3634 Bona
2414 3580 2624 3646 anima,
2655 3596 2782 3651 qua:
2830 3579 2966 3634 foris
3010 3584 3112 3645 est,
3156 3586 3220 3634 ut
3262 3580 3525 3634 Verbum
3567 3579 3717 3632 intus
3754 3575 3845 3629 sit:

2227 3674 2321 3728 illa
2348 3678 2505 3729 extra
2532 3690 2757 3746 corpus,
2790 3679 2851 3728 ut
2884 3674 3131 3728 Verbum
3160 3673 3393 3729 habitet
3424 3675 3488 3728 in
3520 3671 3704 3727 nobis.

2304 3771 2383 3822 t6.
2415 3769 2700 3823 Assumam
2745 3774 2812 3829 te,
2852 3766 3057 3839 inquit,
3090 3774 3138 3821 et
3180 3766 3455 3821 inducam
3495 3773 3544 3821 te
3589 3765 3765 3833 (Ibid,
3791 3766 3852 3831 2:.

2227 3862 2395 3915 Recte
2432 3860 2771 3933 assumitur,
2821 3868 2877 3915 et
2924 3861 3213 3915 inducitur
3255 3860 3521 3914 Verbum
3570 3858 3700 3923 Dei;
3745 3855 3853 3928 quia

2226 3955 2410 4026 pulsnt
2443 3955 2714 4021 animam,
2756 3959 2815 4008 ut
2859 3955 3155 4026 aperiatur
3201 3954 3313 4008 sibi
3360 3955 3582 4009 ostium
3627 3971 3639 4007 :
3678 3955 3731 4005 et
3772 3948 3857 4003 nisi

2225 4053 2488 4120 apertum
2517 4048 2621 4102 sibi
2662 4049 2869 4102 ostium
2916 4048 3221 4115 invenerit,
3254 4065 3377 4102 non
3430 4037 3634 4102 intrat.
3664 4044 3718 4101 Si
3756 4041 3859 4115 quis
3950 4040 3951 4043 “

2226 4147 2417 4196 autem
2485 4142 2777 4213 aperuerit
2832 4141 3103 4212 januam,
3161 4141 3351 4196 intrat
3424 4149 3483 4197 et
3553 4145 3749 4195 cmnat.
3793 4136 3861 4190 Sic
3950 4192 3951 4199 χ

2226 4234 2439 4306 Sponsa
2482 4235 2728 4289 Verbum
2769 4236 3026 4301 assumit,
3074 4241 3135 4288 ut
3179 4235 3560 4291 assumendo
3598 4234 3860 4288 doceatur.

2224 4329 2383 4383 Unde
2413 4345 2522 4383 non
2560 4329 2843 4383 immerito
2871 4327 3128 4384 ascendit
3167 4328 3237 4382 ad
3284 4330 3471 4395 hanc,
3520 4329 3592 4382 ad
3631 4325 3859 4398 superio-

2225 4439 2313 4477 res
2340 4422 2681 4487 mansiones,
2713 4427 2767 4476 et
2806 4438 3033 4493 semper
3066 4437 3412 4492 processum
3458 4422 3669 4493 accipit
3709 4418 3861 4471 virtu-

496 4518 876 4588 altitudinem,
905 4535 1080 4591 quam
1108 4518 1373 4591 cognovit
1392 4519 1515 4572 ha‘c
1542 4518 1757 4583 anima,
1784 4517 1837 4571 in
1868 4534 1977 4590 qua
2005 4522 2125 4572 erat
2143 4517 2203 4588 ι)
2225 4517 2312 4570 tis.

496 4612 663 4667 Verbi
690 4613 1008 4681 conversio;
1037 4611 1114 4667 sic
1141 4613 1291 4667 enim
1321 4613 1400 4666 ait
1428 4630 1440 4666 :

574 4708 652 4761 l3.
691 4707 865 4776 (Vers.
910 4707 1018 4773 t0.)
1056 4709 1167 4776 Ego
1206 4708 1377 4773 fratri
1414 4722 1548 4768 meo,
1596 4711 1644 4760 et
1682 4722 1841 4777 super
1881 4722 1959 4760 me
1998 4722 2120 4760 con-

492 4802 663 4854 versio
693 4799 829 4867 ejus.
862 4799 1017 4853 Hunc
1054 4815 1282 4853 sensum
1314 4800 1485 4853 tertio
1523 4798 1788 4869 repetivit
1821 4797 2035 4853 diverse
2066 4798 2124 4851 in

492 4892 736 4948 tianticis
764 4892 1136 4947 canticorum.
1183 4893 1240 4946 In
1290 4892 1569 4963 principio
1601 4892 1679 4947 ait
1711 4909 1724 4947 :
1755 4894 1944 4947 Frater
1980 4906 2125 4946 meus

494 4989 645 5049 mihi,
678 4993 729 5042 et
757 5004 850 5057 ego
884 4989 935 5041 ei
966 4989 1065 5056 qui
1098 4988 1343 5056 pascitur
1369 4988 1427 5040 in
1459 4987 1590 5041 liliis
1619 5002 1785 5055 usque
1815 4985 1947 5040 dum
1977 4987 2123 5054 uspi-

492 5088 573 5136 ret
623 5081 754 5145 dies,
807 5084 858 5135 et
900 5082 1229 5135 inclinentur
1274 5079 1480 5134 umbra
1526 5079 1727 5150 (Cant,
1778 5095 1833 5144 ιι,
1880 5082 1964 5146 16,
2018 5079 2122 5141 17).

492 5175 704 5230 Deinde
736 5174 815 5229 ait
844 5191 856 5228 :
893 5176 1003 5244 Ego
1031 5176 1205 5242 fratri
1231 5188 1363 5236 meo,
1391 5178 1440 5227 et
1465 5174 1648 5240 frater
1673 5188 1819 5227 meus
1846 5173 1996 5234 mihi,
2030 5174 2127 5241 qui

484 5271 736 5340 pascitur
774 5271 914 5323 inter
958 5268 1077 5323 lilia
1117 5266 1319 5339 (Cant,
1370 5282 1444 5329 v1,
1491 5266 1563 5336 2).
1614 5267 1672 5319 ln
1713 5262 1824 5319 ﬁne
1864 5264 1981 5319 ait:
2014 5266 2126 5333 Ego

492 5366 664 5429 fratri
692 5378 825 5425 meo,
865 5370 913 5418 et
957 5377 1119 5432 super
1157 5378 1238 5417 me
1281 5362 1546 5415 conversio
1589 5358 1720 5427 ejus.
1765 5357 2021 5412 Primum
2054 5358 2125 5412 ad

496 5455 908 5512 institutionem
959 5456 1203 5521 animas;
1264 5453 1391 5508 ideo
1443 5457 1500 5508 et
1551 5451 1825 5523 praemisit
1875 5469 1886 5504 :
1940 5453 2128 5507 Frater

495 5564 640 5603 meus
671 5552 836 5617 mihi;
882 5550 976 5604 illo
1024 5548 1178 5603 enim
1229 5548 1656 5603 demonstrante
1697 5561 1756 5599 se
1808 5544 1981 5598 etiam
2024 5544 2122 5597 ad-

498 5639 749 5696 luerendi
785 5644 896 5697 Deo
939 5641 1181 5714 sumpsit
1217 5641 1503 5696 atl'ectum.
1536 5637 1698 5704 Quod
1744 5636 2004 5709 sequitur
2042 5654 2126 5691 se-

558 5762 656 5823 (72)
683 5763 740 5812 in
763 5762 901 5825 psal.
933 5775 1131 5823 cxvni,
1158 5777 1320 5813 serm.
1351 5764 1401 5823 ὅ,
1429 5775 1581 5813 num.
1610 5760 1686 5811 34.

562 5833 657 5895 (73)
688 5832 803 5880 Lib.
832 5832 895 5879 dc
929 5834 1097 5887 Isaac,
1127 5846 1246 5895 cap.
1276 5836 1323 5895 8,
1356 5847 1505 5882 num.
1534 5834 1594 5886 6‘7
1621 5836 1669 5881 et
1700 5846 1813 5905 seq.

2300 4612 2383 4664 l7.
2434 4610 2544 4681 (74)
2596 4612 2749 4671 Veni,
2793 4612 2973 4676 frater
3020 4625 3185 4671 meus,
3239 4625 3518 4665 exeamus
3571 4612 3628 4662 in
3670 4619 3862 4677 agrum.

2222 4705 2616 4774 requiescamus
2664 4705 2723 4757 in
2762 4704 3015 4766 castellis,
3056 4704 3307 4758 diluculo
3352 4720 3661 4773 surgamus
3708 4705 3760 4754 in
3798 4701 3865 4751 ri-

2226 4799 2362 4858 neis,
2403 4798 2677 4851 videamus
2704 4800 2752 4852 si
2771 4800 2953 4866 ﬂoruit
2981 4799 3126 4852 ritis.
3156 4796 3322 4851 Multi
3355 4796 3490 4868 agri
3522 4797 3737 4850 fructus
3772 4792 3861 4845 ha-

2224 4889 2397 4956 bent;
2431 4890 2527 4944 sed
2554 4890 2644 4944 ille
2674 4889 2873 4944 melior
2909 4893 3013 4955 est,
3044 4889 3141 4961 qui
3176 4894 3232 4943 et
3265 4890 3572 4945 fructibus
3609 4884 3867 4942 redundat

2227 4988 2283 5037 et
2307 4982 2558 5037 floribus.
2593 4984 2687 5037 Est
2722 4999 2858 5054 ergo
2894 4982 3155 5037 Ecclesiae
3198 5000 3356 5055 ager
3403 4984 3648 5038 diversis
3692 4981 3864 5035 fecun-

2228 5077 2331 5131 dus
2375 5075 2572 5148 copiis.
2623 5076 2717 5131 Hic
2772 5092 2967 5131 cernas
3013 5076 3285 5147 germina
3346 5077 3711 5150 virginitatis
3750 5073 3868 5127 ﬂore

2226 5171 2554 5238 vernantia;
2584 5169 2695 5224 illic
2725 5176 2992 5240 tanquam
3036 5169 3091 5223 in
3135 5171 3369 5242 campis
3416 5171 3599 5238 silvre,
3642 5165 3864 5221 viduita-

2227 5269 2340 5320 tem
2396 5264 2674 5336 gravitate
2730 5265 3072 5335 pollentem;
3114 5263 3254 5317 alibi
3304 5269 3605 5337 tanquam
3650 5261 3865 5317 uberem

2229 5360 2454 5429 frugem
2523 5356 2825 5422 Ecclesiae,
2890 5359 3145 5428 segetem
3212 5358 3501 5432 conjugii
3569 5356 3863 5429 replenteni

2228 5451 2428 5506 mundi
2476 5450 2699 5517 horrea,
2744 5468 2807 5504 ac
2856 5449 3022 5504 veluti
3077 5450 3377 5506 maritatae
3439 5453 3625 5506 vineae
3680 5447 3868 5503 fetibus

2229 5543 2534 5599 toreularia
2563 5543 2786 5599 Domini
2808 5545 2939 5599 Jesu
2972 5542 3392 5612 redundantia,
3428 5545 3486 5600 in
3520 5542 3724 5615 quibus
3748 5537 3867 5592 tide-

2228 5639 2293 5692 lis
2320 5638 2445 5708 conj
2456 5637 2573 5710 ugii
2598 5637 2814 5692 fructus
2842 5637 3138 5692 exuberat.

2294 5760 2387 5825 (74)
2423 5758 2540 5812 Lib.
2566 5759 2630 5810 de
2667 5759 3000 5822 Virginitate,
3022 5772 3140 5825 cap.
3169 5759 3223 5817 6,
3260 5773 3426 5812 num.
3455 5759 3536 5811 34.
