4072 6192
289 291 426 343 2049

1241 275 1248 278 ’
1309 292 1348 346 Ε
1387 289 1687 347 scatens
1723 295 1778 346 δ.
1822 293 2134 349 manus“
2174 293 2580 349 COLLECTUS.

3516 303 3654 356 2οΞὶο

359 413 446 466 18.
479 414 594 483 (75)
629 413 852 484 Sponsa
885 414 1153 469 desiderii
1190 415 1278 469 sui
1306 416 1528 487 copiam
1572 416 1799 487 adepta,
1835 417 1913 470 lo-
1941 415 2128 500 Arito
2169 416 2430 471 dealbata
2471 416 2698 483 dicitur,
2737 434 2863 488 quia1
2911 419 3202 491 utriusque
3243 423 3424 494 fulget
3469 425 3652 495 gratia

283 507 482 578 quitur
513 507 585 562 ad
621 507 904 580 Sponsum
931 524 946 562 :
989 509 1148 571 Veni,
1175 510 1357 577 frater
1386 525 1552 573 meus,
1579 524 1832 581 exeamus
1861 511 1918 563 in

283 618 499 668 agrum,
533 603 924 672 requiescamus
961 604 1020 656 in
1059 603 1314 667 castellis,
1352 604 1592 658 diluculo
1633 619 1922 674 surgamus

282 697 358 749 ad
384 697 588 751 cineas.
619 695 876 752 Advertis
910 696 1395 768 quemadmodum
1423 698 1643 768 Sponsa
1670 697 1918 752 Verbum

283 789 487 844 invitet
533 789 648 857 Dei,
692 795 756 844 ut
805 789 996 845 veniat
1043 790 1103 846 in
1152 795 1334 846 terras
1381 795 1438 847 et
1487 791 1642 846 tollat
1688 792 1920 861 peccata

281 883 504 938 mundi.
545 888 695 953 Ager
727 883 822 939 hic
859 889 981 940 erat
1017 887 1150 939 ante
1193 885 1467 952 desertus,
1499 883 1755 939 sensibus
1785 899 1916 938 uos-

281 980 504 1031 trorum
539 976 830 1048 squalidus
863 977 1221 1048 delictorum,
1254 979 1518 1034 horridus
1553 977 1752 1050 spinis.
1783 977 1915 1032 Cas-

281 1069 480 1125 tellum
522 1075 643 1126 erat
680 1072 740 1126 in
783 1087 898 1144 quo
942 1072 1217 1144 religatus
1259 1073 1438 1127 Adam
1483 1077 1762 1144 perpetuo
1799 1087 1918 1126 suas

283 1163 632 1234 posteritatis
684 1164 937 1220 haeredes
986 1165 1305 1237 stringebat
1359 1166 1572 1221 exsilio.
1629 1165 1727 1221 Illo
1779 1181 1916 1238 ergo

278 1257 434 1312 ducit
477 1257 726 1314 Ecclesia
764 1257 1074 1329 Christum,
1117 1264 1178 1314 ut
1217 1259 1398 1314 Adam
1439 1259 1662 1314 liberet.
1706 1258 1916 1314 Deinde

277 1351 571 1407 exsulibus
594 1351 885 1420 absolutis,
913 1353 1083 1424 ccepit
1109 1353 1312 1408 mundi
1329 1351 1501 1408 istius
1523 1368 1660 1423 ager
1685 1351 1918 1408 idoneos

280 1445 491 1502 habere
534 1445 782 1502 cultores
823 1463 837 1502 :
878 1452 937 1501 et
973 1447 1073 1518 qui
1120 1453 1244 1502 erat
1281 1450 1416 1502 ante
1447 1447 1702 1518 jejunus,
1736 1445 1918 1502 factus

279 1543 367 1595 est
393 1539 524 1595 vitis
549 1545 778 1595 aeternas
805 1537 1065 1614 1612
1096 1541 1448 1612 plantatione
1482 1540 1775 1596 fecundus.
1807 1541 1917 1597 Nec

277 1635 360 1688 sic
389 1636 582 1688 tamen
611 1634 956 1706 spiritalibus
981 1633 1112 1690 laeta
1139 1634 1464 1706 palmitibus
1491 1641 1787 1706 evagatur,
1815 1634 1915 1689 sed

275 1727 350 1782 nd
375 1728 480 1783 has
509 1728 700 1783 vineas
725 1733 889 1784 vocat
912 1728 1226 1796 Christum,
1255 1729 1351 1784 ubi
1381 1728 1682 1800 psallentes
1717 1729 1832 1783 sint
1859 1731 1918 1783 et

2019 509 2388 568 Testamenti.

2091 605 2180 657 22.
2222 602 2498 673 Adjuravi
2540 620 2648 667 ros,
2691 607 2819 674 ﬁlim
2853 607 3166 668 Jerusalem.
3209 609 3354 676 quod
3390 613 3654 667 suscitatis

2020 703 2066 750 et
2107 698 2430 752 resuscitelis
2469 697 2807 752 dilectionem
2853 715 3126 768 usquequo
3165 701 3412 756 roluerit.
3453 703 3650 758 Adhuc

2018 789 2223 860 quierit
2261 791 2651 858 suscitantem,
2692 797 2748 844 et
2791 791 3046 848 suscitari
3087 810 3212 848 eam
3255 793 3361 848 sibi
3400 797 3584 867 poscit
3619 815 3651 851 a

2017 883 2243 938 filiabus
2269 885 2600 952 Jerusalem,
2632 902 2874 956 quarum
2917 886 3120 957 gratia,
3152 887 3258 942 hoc
3295 893 3398 956 est,
3428 888 3646 943 anima-

2021 994 2145 1032 rum
2183 977 2436 1034 ﬁdelium
2475 979 2760 1050 Sponsum
2803 980 2862 1034 in
2905 997 3166 1035 amorem
3201 982 3285 1035 sui
3328 981 3650 1037 uberiorem

2019 1071 2303 1126 desiderat
2355 1072 2672 1142 provocari.
2732 1071 2931 1128 Dicunt
2984 1073 3174 1144 itaque
3228 1075 3464 1129 virtutes
3517 1075 3649 1134 illae.

2019 1181 2146 1236 quae
2181 1169 2368 1235 portas
2400 1165 2727 1222 custodiunt
2759 1166 2900 1226 coeli.

2535 1313 2754 1367 CAPI’T
2793 1313 3132 1369 OCTAVUM.

2096 1447 2138 1496 Ι.
2181 1445 2354 1512 (Vers.
2398 1449 2472 1513 ὅ.)
2514 1445 2623 1515 (77)
2654 1445 2782 1512 Quae
2809 1452 2888 1501 est
2927 1449 3034 1502 haec
3071 1463 3192 1517 qua
3229 1450 3476 1504 ascendit
3516 1468 3648 1505 can-

2017 1537 2172 1601 dida,
2221 1540 2462 1593 innitens
2509 1555 2674 1608 super
2719 1541 2946 1606 fratrem
2997 1544 3203 1596 suum?
3243 1542 3533 1606 Quomodo
3585 1561 3652 1600 ea

2020 1647 2148 1702 qua
2178 1631 2366 1702 posuit
2399 1637 2568 1703 caput
2605 1649 2770 1688 suum
2798 1649 2965 1705 super
3005 1635 3203 1689 levem
3240 1635 3556 1708 sapientiae,
3589 1645 3652 1692 ut

2019 1725 2265 1796 aperiret
2313 1743 2517 1780 manus
2563 1728 2804 1798 pauperi
2850 1729 2916 1782 ad
2963 1728 3415 1784 subveniendum
3466 1731 3648 1804 inpi;

275 1826 530 1892 orantes,
577 1822 674 1877 ubi
723 1822 983 1878 noctibus
1030 1839 1096 1878 ac
1139 1822 1338 1879 diebus
1383 1798 1600 1879 iructus
1647 1823 1915 1878 innoxius
1937 1798 1993 1868 Β
2017 1819 2238 1890 partitis
2261 1824 2360 1874 aut
2384 1819 2664 1876 derelictis
2689 1820 2816 1888 sibi,
2847 1838 2959 1876 non
2989 1821 3191 1876 invasis
3218 1827 3386 1894 atque
3416 1798 3650 1895 direptis

279 1922 606 1988 perseveret
617 1959 626 1969 .

351 2042 440 2094 t9.
484 2039 658 2108 (Vers.
705 2041 812 2109 t2.)
856 2040 957 2102 lbi,
1007 2039 1211 2111 inquit,
1258 2040 1400 2094 dabo
1446 2040 1611 2094 ubera
1657 2054 1796 2102 mea,
1839 2039 1916 2093 ibi

277 2133 662 2202 incudi-agam
703 2133 974 2188 dederunt
1013 2134 1244 2188 odorem.
1287 2133 1550 2205 Plerique
1590 2133 1918 2188 discernunt

278 2226 600 2298 quemdam
642 2227 793 2282 inter
827 2226 1234 2297 mandragoras
1272 2243 1504 2296 sexum;
1545 2233 1608 2281 ut
1643 2233 1700 2281 et
1729 2241 1917 2282 mares

276 2327 337 2376 et.
368 2320 610 2376 feminas
649 2325 857 2393 putent
885 2337 1030 2387 esse,
1059 2321 1158 2378 sed
1197 2320 1439 2376 feminas
1473 2321 1660 2392 gravis
1701 2319 1912 2376 odoris.

275 2413 572 2485 Signiﬁcat
626 2430 764 2484 ergo
811 2418 1032 2486 gentes,
1087 2431 1214 2488 quae
1268 2419 1401 2470 ante
1455 2414 1732 2483 fetebant,
1785 2429 1916 2468 cum

276 2514 472 2564 essent
497 2509 834 2564 infirmiores
862 2510 1075 2564 evirata
1105 2509 1344 2580 quadam
1373 2507 1758 2562 imbecillitate
1788 2523 1911 2578 per-

275 2602 449 2670 tidim,
482 2603 614 2658 boni
656 2603 846 2659 odoris
880 2603 1096 2658 fructus
1135 2603 1284 2657 ferre
1321 2603 1579 2674 cepisse,
1611 2608 1913 2674 postquam

279 2698 336 2750 in
379 2697 692 2752 adventum
735 2698 961 2754 Domini
1006 2697 1392 2752 crediderunt.
1437 2696 1700 2768 Legimus
1743 2697 1913 2750 etiam

276 2790 428 2862 quod
459 2791 875 2862 mandragoras
901 2791 1178 2862 acceperit
1207 2795 1398 2845 sancta
1430 2789 1637 2844 Rachel
1665 2807 1698 2843 a
1722 2805 1914 2843 sorore

277 2903 381 2940 sua
413 2886 532 2953 Lia,
575 2891 635 2942 ut
674 2886 1013 2941 concederet
1053 2885 1107 2940 ei
1152 2885 1247 2939 illa
1289 2887 1452 2940 nocte
1493 2883 1744 2938 dormire
1783 2899 1914 2938 cum

276 2985 471 3034 sancto
532 2980 723 3036 Jacob.
781 2979 1180 3050 Mandragoras
1239 2978 1436 3033 Ruben
1501 2977 1916 3048 primogenitae

272 3075 544 3129 attulerat
582 3075 750 3129 matri
790 3090 906 3128 sum
948 3073 1083 3139 Lias,
1128 3089 1252 3144 quae
1299 3071 1668 3143 lippientibus
1713 3071 1912 3138 oculis,

273 3168 600 3240 Synagogae
647 3169 893 3239 ﬁguram
941 3167 1187 3238 accepit;
1239 3165 1366 3238 quia
1413 3165 1618 3221 Christi
1672 3165 1989 3240 gratiamc

271 3261 473 3316 videre
513 3279 626 3315 non
664 3261 871 3332 potuit,
913 3261 1176 3316 hebetato
1211 3260 1415 3314 debilis
1447 3259 1654 3314 mentis
1689 3259 1911 3314 obtutu.

271 3356 398 3418 Quo
426 3355 744 3410 declaratur
771 3353 926 3426 quod
957 3354 1172 3409 fructus
1204 3370 1345 3426 quos
1373 3359 1504 3410 ante
1548 3353 1854 3425 Synagoga
1882 3370 1913 3406 a

273 3447 666 3520 primogenita
723 3448 816 3502 Dei
869 3447 1007 3503 Filio
1057 3452 1412 3518 susceperat,
1464 3447 1727 3503 Ecclesiae
1779 3462 1912 3502 con-

273 3543 465 3598 cessit.
497 3543 604 3598 Sed
635 3543 766 3614 quia
802 3543 950 3596 illius
976 3542 1153 3596 noctis
1184 3543 1360 3613 petito
1390 3541 1690 3597 concubitu
1721 3555 1914 3594 conce-

273 3637 360 3707 pit
386 3643 442 3691 et
479 3637 679 3708 genuit
715 3636 808 3691 Lia
837 3653 955 3690 suae
992 3636 1336 3707 posteritatis
1372 3634 1680 3703 hseredem,
1709 3633 1910 3706 imple-

272 3731 358 3784 vit
421 3731 794 3802 mysterium;
851 3730 1119 3801 quoniam
1171 3729 1540 3784 credentibus
1603 3727 1911 3800 apostolis,

275 3825 536 3897 reliquiae
583 3825 908 3879 .lndaaorum
961 3840 1060 3895 per
1109 3823 1445 3879 electionem
1497 3821 1696 3893 gratiae
1746 3823 1914 3874 solvar.

272 3921 442 3976 facta
471 3923 624 3985 sunt,
656 3917 808 3973 unde
833 3917 916 3973 ait
948 3917 1192 3972 Ecclesia
1221 3937 1234 3971 :

345 4045 435 4097 20.
469 4043 643 4110 (Vers.
694 4044 801 4107 t3.)
844 4042 997 4096 Nova
1039 4048 1089 4096 et
1134 4045 1332 4100 vetera,
1371 4042 1548 4106 frater
1587 4055 1756 4101 meus,
1799 4053 1912 4092 ser-

271 4139 404 4191 uaui
458 4137 575 4191 tibi.
626 4137 757 4203 Quis
807 4135 964 4190 dabit
1017 4141 1066 4188 te
1119 4136 1350 4202 fratrem
1407 4135 1698 4188 luctantem
1750 4131 1916 4186 ubera

273 4216 470 4286 matris
505 4231 673 4284 meae?
697 4230 983 4284 Insaniens
1015 4233 1063 4282 te
1095 4229 1252 4295 foris,
1281 4227 1560 4282 osculabar
1601 4232 1669 4292 te,
1699 4232 1749 4278 et
1789 4227 1912 4294 qui-

273 4327 400 4379 dem
439 4340 549 4380 non
593 4327 846 4392 sperncnt
889 4337 990 4376 me.
1036 4321 1326 4376 Assummn
1377 4327 1424 4374 te
1469 4326 1520 4374 et
1562 4319 1816 4373 inducam
1860 4322 1916 4372 in

273 4420 498 4473 dontum
538 4419 728 4472 matris
763 4431 908 4481 meae,
948 4421 997 4470 et
1041 4417 1098 4468 in
1137 4419 1391 4470 secretum
1428 4414 1544 4482 ejus
1578 4429 1699 4483 qua
1730 4429 1912 4468 conce-

2017 1913 2224 1968 divitiis
2271 1917 2548 1982 uteretur,
2593 1931 2721 1987 qua:
2764 1914 2960 1985 glorise
3005 1915 3214 1986 cupida
3263 1915 3428 1971 bonis
3475 1917 3650 1973 etiam

2016 2006 2281 2079 operibus
2325 2007 2639 2080 acquisivit,
2693 2025 2804 2062 non
2850 2008 3002 2062 inani
3050 2008 3332 2064 saecularis
3377 2010 3653 2080 jactantia

2017 2100 2259 2156 ambivit
2301 2101 2616 2172 dignitatis,
2661 2103 2769 2156 hoc
2813 2105 2900 2156 est
2947 2103 3098 2158 enim
3145 2109 3314 2174 caput
3355 2120 3546 2171 suum,
3595 2109 3653 2160 et

2018 2194 2306 2265 quoddam
2357 2211 2628 2250 sensuum
2685 2195 2998 2266 principale
3047 2213 3219 2268 supra
3270 2213 3508 2252 manum
3561 2216 3648 2254 sa-

2018 2289 2248 2358 pientiae
2307 2289 2670 2344 constituere.
2727 2289 2822 2354 Ea,
2873 2290 3136 2360 inquam,
3185 2291 3378 2345 anima
3438 2292 3654 2346 meritis

2015 2382 2268 2437 ascendit
2300 2381 2642 2451 albentibus,
2677 2399 2742 2436 ex
2785 2384 2892 2436 isto
2922 2385 3046 2439 vitae
3087 2383 3258 2455 hujus
3299 2389 3360 2438 ut
3395 2385 3652 2457 plerique

2017 2475 2229 2530 habent
2269 2475 2512 2546 deserto,
2547 2476 2617 2530 ad
2647 2476 2806 2530 illum
2850 2463 3149 2532 florentem
3193 2494 3421 2549 semper
3465 2479 3650 2534 locum

2008 2568 2382 2637 jucunditatis
2410 2575 2660 2624 aeternae.
3585 2576 3589 2580 ’

2089 2667 2138 2716 '2.
2173 2663 2293 2716 Ista'
2335 2667 2470 2717 sunt
2509 2663 2760 2731 virtutes,
2804 2681 2931 2736 qua:
2977 2668 3036 2716 et
3075 2665 3130 2718 in
3180 2665 3333 2718 Isaiae
3375 2663 3522 2720 libro
3563 2666 3647 2722 di-

2017 2760 2194 2810 cunt:
2234 2778 2259 2804 ‹‹
2291 2756 2422 2820 Quis
2465 2759 2549 2810 est
2588 2756 2691 2812 iste
2733 2757 2828 2828 qui
2871 2757 3094 2813 advenit
3137 2757 3206 2812 de
3241 2757 3443 2825 Edom,
3475 2759 3652 2814 rubor

2019 2849 2486 2906 vestimentorum
2536 2867 2607 2904 ex
2664 2853 2866 2915 Bosor,
2920 2851 2998 2904 sic
3049 2852 3334 2923 speciosus
3391 2853 3448 2906 in
3505 2854 3650 2908 stola

2020 2946 2166 3009 (Isa..
2195 2959 2337 3006 Lxm,
2371 2943 2464 3015 1)?
2493 2965 2520 2992 ι)
2553 2946 2700 3010 Istae,
2737 2945 2995 3016 inquam,
3033 2950 3162 3000 sunt
3199 2961 3328 3017 quas
3371 2947 3652 3002 mirantur

2015 3054 2078 3092 ex
2127 3037 2232 3091 isto
2277 3037 2615 3109 confragoso
2661 3038 3072 3110 scopulosoque
3118 3039 3347 3094 deserto
3395 3039 3650 3112 aliquam

2015 3131 2322 3186 ascendere
2379 3131 2631 3185 animam
2689 3147 2884 3203 posse,
2937 3131 3057 3186 sine
3124 3148 3462 3204 magnorum
3526 3134 3653 3189 labe

2015 3223 2310 3292 vitiorum;
2348 3231 2403 3278 et
2444 3225 2570 3279 ideo
2618 3226 2981 3295 gratulantur
3019 3231 3324 3298 repertam,
3357 3243 3483 3300 qua
3526 3244 3648 3284 ves-

1999 3318 2256 3372 timenta
2307 3317 2646 3378 innocentiae
2699 3318 2969 3373 naturalis
3018 3336 3130 3374 non
3181 3319 3446 3391 polluerit
3491 3328 3646 3376 atra-

2017 3415 2209 3465 mento
2255 3411 2598 3482 insipientia:
2639 3412 2943 3478 saecularis,
2987 3413 3080 3466 sed
3129 3414 3313 3486 magis
3357 3415 3650 3486 sapientiae

2015 3505 2280 3576 spiritalis
2320 3511 2376 3559 et
2405 3505 2602 3576 gratias
2643 3505 2889 3560 candore
2937 3506 3248 3561 mandarit.
3279 3507 3652 3564 Admirantur

2016 3598 2147 3653 tiliae
2199 3600 2531 3664 Jerusalem,
2578 3602 2784 3652 sanctm
2833 3599 3040 3654 animus
3095 3600 3545 3670 patriarcharum
3597 3609 3691 3672 et.

2019 3691 2424 3762 prophetarum
2481 3695 2850 3762 veterumque
2894 3693 3204 3761 justorum,
3257 3695 3342 3748 vel
3398 3695 3653 3751 caelestes

2015 3783 2308 3856 potentias,
2349 3785 2601 3840 dicentes
2634 3803 2648 3839 :
2681 3786 2790 3858 (78)
2827 3787 2957 3853 Quae
2996 3791 3072 3840 est
3109 3786 3218 3841 lucc
3253 3803 3376 3857 qua
3412 3789 3654 3843 ascendit

2014 3879 2274 3932 dealbatu
2303 3881 2539 3934 innitens
2573 3894 2738 3949 super
2757 3881 2990 3946 fratrem
3014 3882 3218 3935 suum?
3244 3881 3356 3934 Hoc
3386 3885 3488 3946 est,
3519 3881 3650 3936 tali-

2015 3972 2120 4026 bus
2159 3971 2610 4027 solemnitatibus
2639 3971 2820 4043 fulget
2857 3973 3120 4042 Ecclesia,
3149 3977 3206 4028 et
3234 3989 3360 4045 quae
3387 3979 3516 4028 ante
3548 3990 3654 4046 per

2015 4065 2165 4120 diem
2199 4065 2353 4120 fusca
2381 4072 2522 4134 erat,
2541 4066 2666 4137 jam
2707 4065 2972 4136 splendet
3012 4067 3070 4121 in
3104 4066 3386 4135 noctibus,
3413 4072 3471 4122 et
3497 4068 3650 4123 relu-

2017 4165 2126 4213 cet.
2174 4163 2295 4230 lpse
2338 4175 2569 4231 quoque
2612 4159 2880 4215 Dominus
2923 4165 3076 4214 tanto
3124 4177 3360 4216 munere
3406 4163 3648 4232 psallen-

2022 4253 2166 4307 tium
2201 4253 2516 4308 delectatus
2541 4253 2614 4308 ait
2653 4278 2661 4307 :

2087 4349 2142 4402 3.
2191 4348 2365 4416 (Vers.
2420 4348 2496 4415 ti.)
2543 4351 2688 4404 Pone
2737 4365 2818 4402 me
2866 4356 2928 4401 ut
2976 4348 3319 4416 signaculum
3361 4364 3521 4419 super
3568 4363 3655 4404 cor

2021 4449 2191 4505 tuum,
2219 4449 2279 4495 ut
2308 4441 2549 4508 sigillum
2577 4429 2742 4512 super
2781 4443 3059 4496 brachium
3090 4447 3267 4501 tuum;
3303 4445 3434 4510 quia
3463 4441 3654 4496 valida

272 4515 358 4582 Ρίί
389 4527 492 4573 ἠθι
527 4511 606 4566 ibi
643 4511 852 4565 docebis
891 4509 1244 4607 meLH‘ﬁ‘be'm
1275 4524 1414 4579 ergo
1453 4507 1912 4607 ίηίονξηδίὶῥηῗίξ]
1936 4536 1995 4607 Ι)
2017 4543 2093 4590 est
2119 4542 2180 4589 ut
2207 4551 2347 4590 mors
2365 4507 2828 4599 charitasfdurus
2853 4531 2902 4606 1
2919 4531 3034 4607 61
3051 4532 3112 4607 3
3138 4537 3273 4590 sicut
3293 4507 3483 4601 inferi,
3508 4537 3655 4591 zelus

275 4621 552 4660 novarum
585 4608 643 4658 et
681 4607 938 4658 veterum
977 4603 1420 4675 Scripturarum,
1461 4618 1560 4656 nec
1599 4599 1912 4673 despicabi-

274 4703 393 4774 lem
446 4697 726 4764 sentiens,
787 4713 896 4751 non
953 4697 1134 4751 solum
1191 4694 1540 4751 orationibus
1591 4696 1648 4750 in
1701 4697 1917 4748 secreto

275 4793 462 4849 cordis
489 4791 734 4848 Verbum
775 4795 946 4858 tenet,
977 4805 1175 4846 verum
1213 4791 1385 4844 etiam
1424 4788 1719 4860 psallentis
1756 4787 1913 4842 chori

275 4887 532 4955 vocibus,
559 4887 710 4941 velut
747 4883 1088 4957 quibusdam
1116 4899 1248 4938 eum
1285 4883 1483 4955 gratim
1520 4883 1727 4938 osculis
1755 4899 1912 4938 oscu-

279 4985 456 5037 tatur.

351 5109 442 5160 2t.
478 5107 589 5172 {76)
623 5107 776 5162 Nova
815 5109 866 5158 et
899 5110 1098 5166 uetera,
1131 5104 1308 5169 frater
1341 5116 1505 5164 meus,
1537 5103 1751 5156 servavi
1788 5101 1914 5163 tibi;

279 5201 389 5256 hoc
419 5204 508 5255 est
533 5197 741 5265 dicere,
772 5201 942 5252 teneo
969 5197 1161 5251 omnia
1201 5195 1476 5250 mandata
1513 5195 1642 5250 novi
1672 5199 1730 5250 et
1763 5199 1914 5250 vete-

279 5295 362 5358 ris
401 5293 770 5348 Testamenti.
819 5291 944 5346 Sola
995 5291 1100 5344 hoc
1147 5289 1334 5344 dicere
1387 5288 1633 5345 Ecclesia
1675 5291 1857 5359 potest
1899 5304 1912 5340 :

281 5403 401 5443 non
427 5386 565 5442 dicit
593 5385 705 5441 alia
729 5384 1127 5456 congregatio,
1157 5400 1269 5438 non
1302 5382 1439 5438 dicit
1465 5382 1784 5454 Synagoga,
1813 5397 1918 5436 nec

280 5479 596 5544 secundum
657 5479 912 5535 litteram
963 5494 1104 5532 nova
1155 5483 1382 5543 tenens;
1441 5493 1545 5531 nec
1603 5475 1917 5531 secundum

283 5576 554 5648 spiritum
585 5578 795 5631 vetera.
839 5574 958 5628 Non
995 5571 1132 5628 dicit
1175 5571 1408 5626 heresis
1447 5569 1776 5638 Manichiea,
1815 5571 1915 5626 Ve-

283 5677 398 5726 tera
437 5672 652 5726 seruaui
683 5669 804 5735 tibi,
842 5683 970 5740 qua:
1015 5664 1322 5738 prophetas
1365 5682 1478 5719 non
1521 5663 1772 5735 suscipit.
1805 5663 1914 5717 Me-

347 5793 444 5851 (75)
470 5791 532 5840 tn
564 5788 704 5854 psal.
734 5798 933 5850 cxvui,
961 5799 1126 5838 serm.
1157 5786 1234 5848 19,
1261 5798 1416 5834 num.
1449 5782 1511 5834 23
1535 5787 1591 5833 et
1613 5793 1728 5846 seq.

351 5862 445 5926 (76}
472 5861 528 5912 In
559 5859 698 5925 psal.
730 5870 928 5921 cxvm,
961 5870 1126 5910 sem.
1160 5856 1241 5920 33,
1268 5863 1421 5906 num.
1454 5854 1533 5907 33.

2021 4636 2161 4684 tuus.
2209 4629 2323 4684 Ala:
2367 4629 2506 4696 ejus,
2554 4629 2657 4682 alae
2703 4630 2846 4697 ignis
2887 4632 2938 4681 et
2977 4630 3224 4696 flammae.
3272 4630 3430 4698 Aqua
3479 4631 3654 4684 multa

2016 4722 2296 4776 excludere
2349 4737 2454 4778 non
2500 4725 2704 4792 poterit
2757 4722 3108 4783 charitatem,
3163 4728 3214 4776 et
3262 4724 3492 4789 ﬂumina
3545 4737 3654 4776 non

2017 4817 2242 4871 obruent
2269 4831 2403 4870 eam.
2441 4815 2585 4880 Quia
2619 4815 2759 4870 vidit
2797 4819 3014 4870 tantam
3057 4815 3416 4870 devotionem
3460 4815 3650 4870 Eccle-

2018 4910 2116 4974 sia,
2157 4909 2394 4964 idoneos
2432 4911 2593 4980 putat
2633 4925 2752 4963 esse
2785 4909 2906 4979 jam
2952 4909 3212 4980 p0pulos,
3249 4909 3348 4980 qui
3383 4909 3441 4962 in
3477 4908 3651 4962 corde

2020 5008 2214 5058 nostro
2242 5008 2302 5056 et
2328 5001 2387 5056 in
2429 5001 2663 5056 brachio
2695 5003 3051 5073 signaculum
3087 5001 3210 5073 ejus
3248 5005 3476 5071 portare
3517 5015 3651 5071 pos-

2019 5097 2216 5150 simus.
2247 5097 2432 5167 lpsum
2471 5097 2623 5151 enim
2669 5097 2831 5150 Pater
2860 5094 3104 5166 signavit
3131 5095 3294 5161 Deus,
3329 5099 3386 5148 et
3413 5095 3510 5166 qui
3541 5097 3650 5149 tes-

2021 5190 2324 5244 timoniuui
2373 5191 2496 5261 ejus
2537 5189 2774 5260 accepit,
2822 5188 3064 5258 signavit
3107 5187 3241 5258 quia
3288 5188 3436 5242 Deus
3485 5203 3655 5243 verax

2019 5289 2131 5349 est;
2164 5288 2220 5338 et
2259 5284 2383 5338 ideo
2421 5288 2725 5354 operantes
2767 5281 2956 5336 cibum
3005 5288 3441 5353 permanentem
3483 5281 3538 5358 in
3567 5281 3651 5336 vi-

2022 5383 2135 5433 tam
2178 5381 2478 5442 aeternam,
2516 5377 2724 5447 signati
2765 5382 2892 5430 sunt
2937 5375 3006 5429 ad
3051 5375 3360 5446 imaginem
3398 5380 3456 5429 et
3492 5375 3652 5430 simi-

2017 5472 2320 5527 litudinem
2372 5470 2601 5539 Christi,
2656 5470 2753 5541 qui
2807 5479 2893 5523 est
2945 5468 3136 5540 imago
3190 5467 3482 5524 invisibilis
3533 5469 3651 5524 Dei.

2019 5565 2173 5620 Sicut
2207 5581 2345 5635 ergo
2385 5567 2527 5619 Dens
2554 5579 2716 5617 verax
2750 5569 2853 5628 est,
2881 5568 2938 5616 et
2979 5566 3036 5616 tu
3075 5562 3236 5633 signa
3266 5561 3322 5616 in
3359 5565 3456 5616 tuo
3487 5578 3653 5618 sensu

2020 5667 2078 5715 et
2103 5675 2278 5730 opere
2315 5658 2629 5724 veritatem,
2659 5660 2723 5729 ut
2749 5672 2812 5710 os
2847 5661 3010 5711 tuum
3045 5673 3156 5710 non
3189 5656 3456 5728 loquatur
3494 5673 3650 5712 men-

2084 5781 2178 5845 (77)
2220 5782 2280 5832 tn
2307 5780 2444 5845 psal.
2476 5791 2676 5842 cxvm,
2705 5792 2868 5830 serm.
2901 5781 2978 5840 14,
3004 5792 3155 5829 num.
3183 5778 3260 5830 34.

2084 5853 2177 5916 (78)
2213 5851 2271 5902 In
2299 5851 2434 5916 psat.
2465 5861 2666 5915 cum,
2696 5863 2857 5902 serm.
2890 5851 2966 5914 19,
2998 5864 3153 5904 num.
3182 5849 3242 5901 Ξῖ
3269 5855 3316 5903 et
3341 5863 3456 5917 seq.
