4072 6192
507 302 632 357 2051
1642 295 1983 352 comam.
2029 296 2094 349 IN
2134 272 2417 350 omnes
2457 295 2718 351 CANTIC.

500 425 748 490 dacium,
799 439 1004 477 manus
1053 425 1163 475 tuae
1214 437 1329 474 non
1374 423 1681 490 operentur
1729 435 1899 489 opera
1944 418 2131 472 homi-
2157 423 2411 502 Amater
2456 427 2570 481 tua,
2616 420 2730 473 illic
2768 422 3067 489 partui-irit
3108 424 3157 473 te
3196 435 3313 490 quae
3350 423 3545 490 peperit
3586 428 3645 476 te.
3688 425 3810 479 Bona

500 535 662 588 num,
695 533 822 591 quae
855 521 985 570 sunt
1018 514 1229 569 fallacis
1272 514 1429 568 istius
1467 512 1701 582 mundi;
1731 513 1827 567 sed
1870 512 1966 566 illa
2007 529 2133 583 quae
2236 511 2430 566 anima
2482 528 2612 584 quas
2668 513 2971 583 requiescit
3023 512 3126 567 sub
3190 512 3391 568 arbore
3441 513 3724 583 fructuosa,
3770 523 3815 573 et

3691 304 3803 358 2032

2236 605 2479 661 maxime
2518 605 2656 661 boni
2696 606 2909 662 odoris.
2950 608 3088 662 Nam
3131 607 3179 661 si
3226 607 3530 662 Nathanael
3561 607 3743 677 bonus,
3767 611 3815 666 in

2233 716 2347 771 quo
2393 700 2555 755 dolus
2600 699 2789 755 nullus
2829 705 2971 769 erat,
3019 701 3124 756 sub
3170 700 3373 756 arbore
3417 700 3503 756 ﬁci
3544 703 3683 759 visus
3720 709 3815 771 est;

2232 793 2432 866 utique
2476 794 2623 849 bona
2665 794 2856 848 anima
2899 811 3028 866 quas
3070 795 3174 849 sub
3220 794 3424 850 arbore
3468 796 3590 850 mali
3631 798 3820 852 elevata

2235 889 2320 941 est
2373 904 2404 941 a
2457 888 2676 958 Sponso
2728 904 2848 942 suo.
2902 889 3031 943 Plus
3080 892 3165 943 est
3212 887 3367 943 enim
3420 888 3632 957 elevari,
3674 906 3820 961 quam

502 613 599 667 Dei
643 615 796 677 sunt,
830 612 895 665 ut
932 606 1278 682 pauperibus
1316 607 1659 679 largiantur,
1691 605 1907 660 debiles
1944 605 2130 661 suble-

501 710 656 771 vent,
678 708 935 759 mortuos
962 703 1246 758 honorent
1270 700 1507 756 tumulis
1534 699 1860 771 sepulturae.
1884 698 1979 753 His
2005 715 2134 770 ope-

500 799 659 855 ribus
702 796 946 853 charitas
986 796 1275 868 quaeritur,
1313 796 1374 849 ut
1420 810 1588 848 nemo
1634 792 1807 864 possit
1841 809 1873 846 a
1911 792 2133 849 Christo

501 895 586 947 vel
616 891 870 965 periculo
899 891 1096 945 mortis
1124 888 1323 955 avelli;
1355 884 1504 943 unde
1535 886 1629 941 ille
1657 886 1737 941 ait
1763 903 1775 941 :
1811 908 1837 933 ‹‹
1869 885 2005 951 Quis
2033 902 2134 940 nos

501 986 786 1059 separabit
803 1001 834 1039 a
861 983 1124 1040 Christo?
1141 980 1473 1047 Tribulatio,
1497 997 1568 1034 an
1597 979 1877 1051 angustia,
1901 997 1973 1034 an
2012 996 2135 1051 per-

501 1080 711 1135 secutio
737 1082 931 1151 (Rom.,
967 1094 1082 1144 vm,
1112 1077 1236 1145 35)?
1266 1100 1289 1123 η
1322 1076 1388 1129 Et
1418 1074 1569 1128 infra
1603 1090 1615 1126 :
1651 1095 1675 1125 ‹‹
1706 1072 1939 1128 Conﬁdo
1975 1072 2130 1128 enim

499 1175 635 1246 quia
676 1188 857 1245 neque
897 1187 1067 1238 mors,
1097 1185 1285 1240 neque
1330 1167 1461 1237 vita,
1495 1184 1680 1238 neque
1722 1167 1912 1236 angeli
1941 1166 2128 1235 (Ibid.,

504 1270 609 1321 38).
646 1291 672 1317 ν
1517 1280 1526 1286 ’

574 1269 609 1339 ).
646 1291 672 1317 ››
1517 1280 1526 1286 ’

574 1364 625 1416 tr.
678 1363 759 1415 Ea
802 1358 985 1430 specie
1038 1357 1207 1411 etiam
1256 1356 1405 1410 zelus
1458 1355 1632 1410 durus
1685 1359 1769 1409 est
1815 1354 2129 1420 charitatis,

504 1462 560 1529 et
595 1456 697 1509 alte
742 1453 866 1523 ejus
907 1452 1012 1506 ala!
1056 1449 1228 1522 ignis.
1272 1449 1453 1504 Habet
1495 1449 1614 1503 alas
1655 1448 1799 1503 sicut
1840 1447 2129 1517 columba,

2235 979 2443 1049 videri;
2468 981 2595 1052 plus
2622 981 2793 1036 etiam
2816 998 2843 1034 a
2870 981 3091 1053 Sponso
3120 981 3348 1036 elevari.
3374 982 3505 1036 Nam
3531 983 3627 1037 etsi
3651 983 3823 1038 Natha-

2236 1074 2363 1128 nael
2386 1073 2687 1129 videbatur
2711 1075 2815 1129 sub
2843 1074 3067 1143 arbore,
3091 1078 3287 1132 tamen
3310 1075 3501 1130 anima
3518 1076 3632 1147 ejus
3650 1091 3824 1147 sponsa

2238 1184 2352 1223 non
2383 1174 2527 1237 erat;
2565 1170 2697 1240 quia
2736 1170 2951 1225 occulte
2988 1168 3251 1224 veniebat
3292 1167 3362 1223 ad
3394 1168 3684 1239 Christum,
3711 1172 3822 1241 quia

2233 1262 2534 1316 verebatur
2581 1261 2830 1317 Judmos.
2877 1263 2995 1317 Non
3042 1264 3164 1317 erat
3214 1262 3468 1333 speciosa
3517 1263 3650 1318 sicut
3690 1263 3823 1330 luna,

2233 1356 2407 1410 electa
2429 1360 2490 1410 ut
2505 1356 2607 1425 sol,
2623 1372 2751 1427 quas
2773 1361 2894 1410 erat
2913 1355 2972 1410 in
2996 1356 3219 1424 umbra;
3239 1355 3373 1428 quia
3391 1372 3515 1427 qua;
3536 1372 3720 1427 sponsa
3742 1373 3828 1427 per

2233 1448 2379 1504 diem
2403 1449 2586 1517 nubit,
2611 1450 2834 1520 publice
2855 1448 3210 1504 conﬁteatur.
3234 1448 3368 1506 Ideo
3390 1450 3516 1517 ista,
3540 1449 3638 1504 sub
3655 1449 3828 1506 arbore

503 1552 633 1603 sunt
681 1547 832 1602 enim
886 1561 1087 1617 pennae
1144 1542 1424 1599 columbas
1476 1542 1882 1614 deargentutaa,
1929 1541 2133 1613 quibus
2236 1543 2505 1609 mali,illa
2523 1542 2626 1597 sub
2648 1542 2777 1611 ﬁcu;
2801 1542 2936 1615 quia
2958 1543 3080 1598 haec
3101 1543 3472 1599 confessionis
3490 1559 3602 1598 sua:
3620 1544 3826 1599 odorem

500 1642 680 1698 evolat
707 1640 805 1713 qui
843 1638 1050 1711 diligit,
1087 1637 1282 1693 dicens
1311 1654 1324 1691 :
1360 1658 1388 1685 «
1417 1636 1554 1691 Ecce
1592 1635 1857 1707 elongavi
1884 1635 2129 1707 fugiens,
2233 1635 2590 1691 diffundebat
2614 1637 2862 1708 longius,
2893 1636 2992 1692 illa
3021 1636 3273 1692 habebat
3300 1636 3564 1708 puritatis
3588 1636 3830 1692 innocen-

500 1739 556 1791 et
578 1733 755 1790 mansi
784 1733 844 1787 in
872 1731 1171 1787 solitudine
1197 1730 1496 1801 (Psal.1.1v,
1528 1730 1601 1800 8).
1631 1748 1658 1780 η
1688 1728 1796 1784 Sed
1824 1730 1927 1784 ala:
1954 1728 2134 1783 chari-
2236 1729 2327 1785 tim
2361 1730 2719 1798 suavitatem,
2758 1729 3131 1802 fragrantiam
3168 1730 3403 1802 spiritus
3448 1747 3561 1785 non
3597 1730 3830 1786 habebat.

505 1830 631 1885 tatis
671 1828 777 1883 alas
821 1835 952 1880 sunt
992 1825 1160 1896 ignis,
1203 1823 1408 1894 quibus
1451 1823 1773 1879 dilectionis
1813 1803 2207 1877 iuﬂammatB
2304 1826 2356 1879 8.
2386 1824 2527 1888 Illic,
2556 1806 2760 1897 inquit,
2786 1826 3093 1895 parturivi:
3131 1829 3180 1879 te
3216 1831 3395 1880 mater
3433 1830 3551 1893 tua,
3585 1824 3691 1879 illic
3720 1839 3832 1894 par-

500 1925 785 1978 ardorem.
818 1921 928 1974 Hoc
974 1934 1181 1989 vapore
1220 1917 1352 1971 fecit
1397 1917 1664 1972 Dominus
1703 1916 1986 1972 ferventes
2030 1933 2128 1970 an-
2237 1921 2430 1972 turivit
2478 1922 2528 1972 te
2572 1935 2693 1989 qua:
2729 1921 2945 1989 peperit
2990 1925 3072 1983 te;
3118 1918 3194 1972 ibi
3241 1917 3400 1973 enim
3442 1918 3735 1987 nascimur,
3772 1917 3835 1972 ibi

502 2017 663 2089 gelos
703 2031 834 2069 suos
873 2011 1122 2085 spiritus,
1151 2016 1208 2065 et
1244 2011 1536 2065 ministros
1573 2027 1702 2064 suos
1735 2010 1924 2080 ignem
1959 2026 2129 2064 ureu-
2236 2011 2606 2067 renascimur.
2653 2012 3053 2068 Parturiuntur
3093 2016 3282 2066 autem
3325 2012 3384 2066 in
3432 2012 3634 2084 quibus
3673 2011 3837 2084 imago

503 2119 637 2179 teni,
666 2109 764 2163 sed
804 2123 920 2161 non
958 2108 1313 2160 exurentem.
1355 2103 1619 2176 Legimus
1661 2106 1717 2157 et
1752 2103 1901 2157 alam
1935 2103 2132 2174 templi
2233 2105 2436 2160 Christi
2489 2106 2790 2174 formatur,
2846 2105 2999 2160 unde
3061 2103 3319 2178 1614
3374 2109 3437 2161 et
3481 2106 3681 2161 Paulus
3718 2106 3786 2160 ait
3825 2122 3836 2159 ε

502 2203 746 2271 (Μαιιὴη
776 2216 850 2268 1v,
884 2204 958 2269 5),
999 2214 1166 2270 supra
1208 2213 1381 2268 quam
1429 2196 1683 2251 diabolus
1724 2202 1969 2264 tentans,
2001 2196 2134 2251 fecit
2234 2199 2415 2255 Filioli
2441 2215 2574 2270 quos
2616 2216 2711 2270 ego
2743 2201 3014 2270 parturio,
3050 2199 3213 2255 donec
3243 2200 3514 2266 formetur
3542 2200 3771 2258 Christus
3792 2201 3841 2253 in

501 2294 807 2351 ascendere
846 2292 1214 2359 Salvatorem,
1242 2306 1371 2361 quae
1399 2290 1602 2345 eratin
1632 2288 1830 2360 templi
1859 2288 2128 2344 culmine.
2232 2294 2381 2348 vobis
2412 2293 2638 2359 (Galat,
2678 2309 2753 2358 iv,
2797 2292 2907 2364 19).
2946 2293 3250 2348 Parturivit
3286 2293 3448 2348 enim
3477 2293 3574 2366 qui
3605 2292 3659 2347 in
3700 2297 3839 2347 utero

503 2392 645 2446 Sunt
672 2404 811 2459 ergo
844 2384 1073 2458 fastigia
1102 2384 1346 2456 pietatis,
1379 2386 1513 2439 sunt
1539 2382 1783 2438 culmina
1823 2383 2129 2449 charitatis,
2236 2386 2438 2457 accipit
2491 2386 2757 2457 spiritum
2811 2386 3038 2455 salutis,
3090 2392 3147 2441 et
3199 2386 3323 2441 aliis
3378 2386 3648 2443 infundit.
3702 2385 3840 2441 Unde

500 2480 626 2558 qua
664 2497 938 2553 vaporem
986 2478 1181 2550 gratiae
1223 2476 1547 2549 pectoribus
1589 2475 1859 2531 humanis
1903 2475 2131 2531 adolere
2233 2479 2503 2551 quoniam
2526 2479 2649 2549 jam
2679 2480 2953 2534 formatus
2981 2479 3040 2532 in
3072 2479 3176 2534 hac
3209 2484 3333 2534 erat
3360 2479 3638 2549 Christus,
3666 2480 3738 2535 ait
3767 2496 3779 2533 :

501 2577 948 2641 consueverunt;
1004 2580 1064 2629 ut
1116 2574 1293 2628 multa
1342 2587 1492 2643 aqua
1544 2571 1908 2642 exstinguere
1961 2576 2131 2641 atque
2305 2577 2358 2628 9.
2388 2573 2560 2642 (Vers.
2595 2573 2671 2642 6.)
2709 2575 2854 2629 Pone
2883 2588 2965 2627 me
2996 2578 3057 2627 ut
3088 2574 3435 2641 signaculum
3474 2577 3535 2628 in
3570 2588 3659 2629 cor
3692 2578 3841 2635 tum,

502 2670 801 2727 excludere
846 2684 961 2723 non
1006 2670 1181 2739 queat
1222 2666 1586 2734 charitatem,
1629 2668 1686 2720 et
1726 2664 1962 2719 ﬂumina
2007 2681 2130 2719 eam
2232 2673 2293 2721 ut
2328 2667 2568 2735 sigﬂllum
2606 2668 2665 2721 iu
2709 2667 2988 2723 brachium
3027 2672 3200 2721 tuum.
3242 2666 3618 2737 Signaculum
3658 2666 3838 2722 Christi

499 2764 856 2821 saecularium
906 2765 1309 2833 tempestatum
1362 2759 1515 2814 nulla
1570 2759 1934 2814 concludant.
1984 2759 2128 2813 Dixi-
2235 2761 2292 2814 in
2330 2759 2520 2815 fronte
2554 2763 2657 2827 est,
2701 2758 3056 2831 signaculum
3098 2760 3158 2814 in
3197 2760 3368 2816 corde
3405 2777 3420 2815 :
3455 2760 3513 2816 in
3558 2761 3756 2827 fronte,
3791 2766 3844 2812 ut

503 2834 632 2914 inus
662 2857 795 2930 quia
833 2855 1076 2912 charitas
1119 2854 1371 2909 excludit
1403 2853 1693 2916 timorem,
1730 2868 1845 2907 non
1887 2851 2132 2907 diximus
2232 2870 2462 2926 semper
2501 2853 2906 2921 conﬁteamur;
2950 2854 3011 2908 in
3051 2854 3241 2923 corde,
3281 2858 3346 2908 ut
3390 2870 3620 2926 semper
3659 2854 3838 2923 diliga-

500 2951 653 3024 quod
680 2950 925 3007 excludit
963 2965 1197 3005 omnem
1236 2946 1756 3019 perturbationem;
1788 2946 1999 3000 etenim
2033 2946 2131 3017 qui
2234 2963 2387 3016 mus;
2435 2946 2798 3019 signaculum
2852 2948 2909 3002 in
2964 2947 3219 3013 brachio,
3270 2951 3335 3002 ut
3384 2964 3619 3020 semper
3664 2964 3841 3019 opere-

500 3040 679 3102 Deum
724 3044 930 3116 diligit,
972 3041 1254 3114 profunda
1297 3046 1383 3095 est
1427 3040 1475 3093 ei
1525 3040 1876 3094 conﬁrmatae
1924 3041 2131 3093 mentis
2234 3057 2381 3096 mur.
2410 3042 2613 3096 Luceat
2639 3057 2780 3113 ergo
2807 3041 2997 3112 imago
3027 3041 3149 3112 ejus
3177 3041 3236 3096 in
3263 3042 3622 3097 confessione
3653 3045 3841 3107 nostra,

500 3138 900 3210 tranquillitas.
2151 3175 2206 3249 Ο
2234 3135 2424 3190 luceat
2449 3135 2507 3189 in
2534 3135 2799 3204 lectione,
2830 3135 3014 3189 luceat
3043 3134 3101 3189 in
3134 3134 3403 3207 operibus
3430 3141 3488 3191 et
3511 3135 3692 3202 factis,
3719 3140 3779 3189 ut
3807 3134 3846 3188 si

570 3237 597 3249 ιι
663 3233 743 3249 1",
875 3234 907 3249 ι-
940 3230 952 3249 \
999 3232 1101 3249 inn\
1159 3230 1310 3249 1-.-...
1367 3226 1547 3249 2....--21.
1612 3227 1793 3249 μ.-.1ι..
1832 3242 1934 3249 μ--.
1986 3232 2101 3249 4-1-
2231 3228 2348 3249 l!__2
2390 3233 2570 3249 _-a-_a
2620 3233 2733 3249 1-1-
2784 3229 2896 3249 ΑΞ---
2933 3229 3140 3249 -..--2--
3188 3229 3545 3249 __._._2_-_A,__
3585 3229 3634 3249 2..
3680 3227 3825 3249 _.-L1_

570 3237 622 3288 5.
658 3233 835 3298 (Vers.
875 3230 955 3300 7.)
995 3232 1104 3299 (79)
1141 3230 1329 3298 Aquas,
1367 3226 1570 3299 inquit,
1609 3227 1794 3281 multa
1830 3242 1937 3281 non
1980 3232 2126 3296 pote-
2153 3226 2206 3249 υ
2231 3228 2350 3283 ﬁeri
2390 3233 2593 3300 potest,
2619 3233 2743 3284 tota
2777 3229 2899 3299 ejus
2930 3229 3143 3300 species
3181 3229 3547 3300 exprimatur
3584 3229 3642 3284 in
3679 3227 3842 3284 nobis.

498 3334 631 3383 runt
659 3325 942 3380 earcludere
962 3324 1303 3383 charitatem,
1328 3328 1377 3375 et
1403 3322 1629 3390 flumina
1654 3335 1761 3374 non
1783 3320 2129 3375 inundabant
2233 3326 2354 3394 Ipse
2399 3321 2470 3376 sit
2515 3328 2684 3394 caput
2726 3327 3007 3390 nostrum,
3048 3323 3181 3393 quia
3223 3329 3394 3393 caput
3436 3322 3541 3378 viri
3580 3323 3843 3387 Christus;

497 3396 693 3492 ipsum.
740 3418 911 3474 Multa
951 3433 1100 3488 aqua
1146 3414 1494 3471 diversarum
1546 3418 1630 3468 est
1676 3412 2029 3485 passionum,
2074 3418 2131 3467 et
2228 3417 2350 3487 ipse
2386 3417 2581 3471 oculus
2617 3420 2830 3485 noster,
2857 3420 2925 3470 ut
2953 3432 3058 3487 per
3081 3416 3240 3471 illum
3271 3415 3571 3473 videamus
3605 3417 3841 3483 Patrem;

498 3513 735 3570 ﬂumina
774 3510 1129 3566 smcularium
1160 3508 1537 3580 cupiditatum
1578 3506 1963 3579 corporalibus
2002 3524 2124 3561 mo-
2229 3510 2351 3581 ipse
2381 3527 2483 3566 vox
2523 3513 2741 3579 nostra,
2783 3526 2888 3582 per
2920 3525 3097 3582 quam
3138 3510 3446 3581 loquamur
3483 3509 3555 3566 ad
3588 3511 3841 3566 Patrem:

481 3607 649 3663 tibus
688 3605 943 3672 incitata,
984 3620 1111 3676 quae
1152 3606 1347 3658 tamen
1389 3617 1617 3657 murum
1664 3601 1956 3656 charitatis
1993 3600 2125 3655 sub-
2230 3605 2349 3675 ipse
2412 3604 2672 3670 dextera,
2729 3620 2834 3675 per
2895 3619 3071 3676 quam
3134 3605 3244 3659 Deo
3308 3605 3464 3660 Patri
3528 3603 3842 3661 sacriﬁcium

496 3704 718 3757 vertere
768 3714 883 3754 non
933 3700 1192 3770 possunt.
1244 3695 1491 3767 Ideoque
1537 3694 1811 3750 charitate
1860 3693 2127 3749 fundatus
2230 3701 2486 3753 nostrum
2539 3696 2864 3753 offeramus.
2912 3698 3036 3769 Ipse
3083 3713 3315 3769 quoque
3363 3702 3455 3753 est
3508 3698 3843 3771 signaculum

494 3795 631 3849 dicit
658 3811 671 3848 :
705 3815 733 3843 «
760 3794 1092 3847 Torrentem
1121 3789 1492 3863 pertransivit
1519 3789 1711 3843 anima
1742 3794 1931 3843 nostra
1963 3788 2124 3856 (Psal.
2233 3795 2511 3861 nostrum,
2535 3792 2687 3863 quod
2713 3796 2798 3847 est
2820 3790 3108 3846 charitatis
3135 3796 3191 3846 et
3220 3792 3588 3862 perfectionis
3613 3792 3841 3863 insigne;

496 3903 684 3959 cxxm,
711 3886 785 3958 5).
823 3908 851 3936 »
886 3885 1169 3957 Numquid
1201 3900 1348 3956 aqua
1390 3883 1559 3937 maris
1595 3881 1892 3937 excludere
1929 3882 2127 3953 Moysis
2228 3885 2361 3957 quia
2385 3884 2633 3957 diligens
2666 3890 2828 3956 pater
2852 3884 3099 3956 signavit
3136 3883 3364 3953 Filium,
3394 3886 3547 3941 sicut
3578 3886 3842 3957 legimus:

497 3980 676 4054 potuit
721 3978 1103 4036 charitatem?
1143 3978 1210 4033 Et
1255 3981 1319 4032 ut
1364 3974 1679 4031 secundum
1724 3974 1978 4030 litteram
2024 3974 2126 4029 tibi
2231 4001 2257 4027 «
2299 3980 2479 4043 Quem
2519 3980 2685 4034 Pater
2722 3978 2966 4050 signavit
2995 3978 3144 4033 Deus
3169 3979 3377 4052 (leam,
3406 3995 3485 4047 vi,
3518 3980 3632 4048 27).
3660 4000 3687 4027 η
3718 3978 3840 4033 Cha-

493 4075 848 4147 psalmorum
915 4070 1089 4127 series
1157 4068 1505 4142 suffragetur
1526 4111 1540 4137 ,
1609 4085 1817 4140 nempe
1884 4068 2128 4140 diligens
2228 4072 2370 4128 ritas
2393 4072 2585 4144 itaque
2612 4075 2809 4127 nostra
2833 4071 3110 4128 Christus.
3143 4072 3294 4127 Bona
3327 4073 3603 4141 charitas,
3634 4068 3844 4145 quando

498 4169 695 4233 Deum,
741 4170 932 4220 tutum
980 4164 1087 4219 sibi
1131 4163 1370 4218 credidit
1413 4164 1524 4218 iter
1569 4179 1690 4218 esse
1739 4179 1842 4234 per
1885 4162 2063 4217 maria
2110 4179 2122 4218 :
2228 4165 2432 4221 obtulit
2471 4182 2530 4221 se
2579 4165 2747 4222 morti
2793 4181 2895 4237 pro
2943 4165 3194 4234 dilectis;
3240 4165 3398 4221 bona
3444 4165 3691 4222 charitas
3734 4177 3844 4235 quas

495 4261 592 4334 qui
621 4265 811 4315 autem
846 4273 960 4314 non
997 4258 1320 4312 dilexerunt
1346 4258 1543 4324 Deum,
1577 4255 1637 4310 hi
1666 4255 1905 4310 demersi
1938 4255 2123 4310 tlucti-
2231 4262 2522 4330 peccatum
2554 4259 2793 4314 remisit.

494 4356 620 4424 bus,
646 4353 885 4426 dignum
923 4351 1202 4423 sacrilegii
1230 4350 1316 4405 sui
1348 4349 1563 4405 exitum
1595 4349 1978 4421 pertulerunt.
2302 4356 2386 4408 to.
2428 4354 2494 4408 Et
2532 4352 2664 4408 ideo
2704 4353 2898 4407 anima
2934 4359 3131 4409 nostra
3169 4352 3374 4408 induat
3414 4353 3772 4420 charitatem,
3797 4354 3845 4404 et

566 4452 618 4503 6.
648 4448 825 4519 (Vers.
858 4446 936 4520 5.)
968 4446 1076 4519 (80)
1119 4446 1247 4514 Quap
1275 4449 1351 4500 est
1388 4445 1499 4499 haec
1534 4459 1655 4514 qua
1684 4443 1941 4505 ascendit,
1980 4447 2123 4498 inni-
2225 4447 2563 4502 charitatem
2606 4446 2883 4519 ejusmodi
2915 4462 3045 4518 quae
3081 4447 3155 4501 sit
3182 4446 3367 4501 valida
3405 4450 3473 4501 ut
3511 4463 3693 4515 mors;
3724 4442 3842 4517 quia

496 4550 613 4598 lens
637 4557 798 4612 super
823 4543 1056 4608 fratrem
1082 4541 1287 4597 suum?
1313 4537 1587 4610 Superius
1622 4537 1889 4593 dixerunt
1920 4555 1933 4592 :
1965 4539 2121 4605 Quz-
2145 4546 2203 4618 ι)
2226 4540 2373 4596 sicut
2418 4557 2575 4595 mors
2618 4540 2746 4595 ﬁnis
2794 4543 3159 4612 peccatorum
3202 4543 3310 4609 est,
3356 4541 3439 4596 ita
3485 4547 3544 4597 et
3590 4540 3839 4604 charitas;

492 4652 621 4692 nam
672 4640 747 4690 est
794 4637 902 4690 hac
950 4636 1277 4705 prospiciens
1328 4640 1588 4703 tanquam
1638 4632 1961 4693 diluculum,
2007 4648 2122 4702 spe-
2227 4635 2503 4706 quoniam
2546 4634 2644 4706 qui
2695 4633 2883 4705 diligit
2931 4633 3262 4703 Dominum,
3309 4651 3552 4706 peccare
3600 4631 3840 4690 desinit:

490 4733 631 4786 ciosu
683 4732 819 4785 sicut
884 4728 1043 4791 luna,
1101 4729 1267 4782 electa
1328 4734 1387 4781 ut
1448 4726 1568 4782 sol?
1621 4726 1718 4780 Hic
1780 4725 1908 4797 plus
1971 4725 2124 4797 quod
2230 4728 2549 4785 «Charitas
2591 4729 2744 4783 enim
2781 4744 2894 4783 non
2921 4728 3139 4800 cogitat
3166 4728 3402 4796 malum,
3434 4744 3625 4800 neque
3652 4724 3844 4798 gaudet

493 4822 865 4895 adjiceretur,
920 4820 1213 4875 inventum
1281 4826 1399 4891 est,
1458 4837 1525 4874 eo
1579 4821 1729 4892 quod
1786 4819 1967 4874 Verbo
2033 4819 2125 4874 Dei
2227 4838 2399 4894 super
2442 4820 2761 4894 iniquitate,
2802 4821 2900 4877 sed
2944 4820 3135 4876 omnia
3183 4821 3427 4876 sustinet
3472 4822 3512 4894 (Ι
3555 4825 3699 4885 Cor.,
3738 4832 3840 4885 xm,

486 4917 689 4972 innixa
723 4915 1088 4979 ascenderat;
1121 4914 1493 4986 perfectiores
1534 4913 1686 4968 enim
1727 4930 1895 4985 supra
1931 4912 2120 4967 Chris-
2228 4918 2298 4987 5).
2336 4935 2363 4967 ››
2397 4915 2536 4970 Nam
2574 4915 2671 4987 qui
2707 4932 2835 4987 quae
2866 4932 2968 4970 sua
2998 4921 3131 4970 sunt
3162 4932 3275 4971 non
3312 4917 3542 4987 qumrit,
3572 4910 3841 4986 quomodo

490 5014 612 5066 tum
638 5009 1000 5076 recumbunt,
1033 5007 1177 5062 sicut
1206 5013 1263 5062 et
1294 5008 1536 5062 Joannes
1566 5007 1624 5061 in
1659 5007 1865 5063 Christi
1895 5011 2125 5078 pectore
2226 5009 2413 5065 aliena
2459 5008 2720 5080 quaeret?
2762 5009 2859 5064 Est
2902 5016 2957 5063 et
3001 5025 3155 5065 mors
3192 5009 3293 5065 illa
3333 5008 3527 5065 valida
3570 5024 3667 5080 per
3706 5008 3839 5061 lava-

488 5104 879 5176 recumbebat.
930 5104 1008 5157 Ita
1061 5117 1198 5173 ergo
1245 5107 1301 5156 et
1348 5101 1466 5155 hmc
1512 5101 1599 5155 vel
1655 5099 2023 5155 incumbebat
2068 5101 2124 5154 in
2225 5119 2408 5173 crum,
2439 5119 2544 5176 per
2568 5102 2721 5175 quod
2751 5108 3048 5175 peccatum
3085 5119 3256 5159 omne
3286 5102 3577 5174 sepelitur,
3606 5108 3660 5156 et
3695 5098 3839 5169 culpa

486 5196 802 5265 Christum,
856 5198 941 5252 vel
1000 5213 1174 5268 supra
1233 5195 1422 5267 ipsum
1479 5211 1535 5250 se
1595 5193 1901 5250 reclinabat
1957 5211 1968 5248 :
2026 5196 2126 5247 aut
2224 5196 2551 5253 dimittitur.
2621 5197 2765 5252 Talis
2832 5203 2952 5252 erat
3016 5196 3265 5252 charitas
3329 5212 3506 5269 quam
3569 5192 3839 5251 deferebat

488 5290 640 5348 certe
694 5292 969 5365 quoniam
1029 5291 1097 5346 de
1160 5289 1376 5362 nuptiis
1429 5288 1746 5360 loquimur,
1794 5288 1913 5359 jam
1964 5289 2124 5359 quasi
2225 5290 2554 5362 evangelica
2589 5291 2688 5346 illa
2722 5291 2947 5362 mulier,
2977 5291 3048 5346 de
3088 5307 3203 5363 qua
3242 5290 3514 5346 Dominus
3547 5290 3623 5345 ait
3653 5305 3666 5343 :
3695 5308 3721 5335 ‹‹
3749 5286 3837 5340 Re-

490 5374 694 5442 tradita
735 5385 795 5441 in
829 5384 1035 5443 Christi
1077 5385 1327 5450 dextera,
1362 5382 1417 5437 in
1455 5382 1769 5437 thalamum
1811 5381 2125 5436 ducebatur
2226 5384 2400 5439 missa
2451 5387 2585 5439 sunt
2633 5388 2867 5457 peccata
2917 5385 3041 5457 ejus
3090 5385 3290 5454 multa,
3336 5383 3607 5455 quoniam
3656 5376 3834 5436 dilexit

486 5474 723 5552 Sponsa.
749 5481 817 5536 Et
843 5481 980 5551 quia
997 5480 1121 5551 jam
1150 5478 1355 5549 copula
1383 5476 1677 5533 charitatis
1703 5479 1807 5544 est,
1832 5474 2124 5531 blanditur
2226 5479 2474 5533 multum
2515 5481 2693 5548 (Luc.,
2726 5496 2819 5547 vn,
2858 5479 2969 5550 47).
3003 5501 3030 5531 ››
3067 5479 3165 5535 Est
3203 5484 3259 5534 et
3298 5478 3393 5533 illa
3438 5493 3589 5532 mors
3629 5474 3830 5528 sancto-

486 5572 537 5625 ei
566 5588 828 5643 sponsus,
858 5578 915 5627 et
947 5572 1086 5628 dicit
1116 5590 1129 5626 :
2225 5589 2351 5628 rum
2383 5577 2701 5644 martyrum
2728 5572 2929 5640 valida,
2957 5589 3087 5646 quae
3118 5572 3344 5644 culpam
3377 5570 3571 5627 abolet
3593 5564 3831 5638 superio-

563 5670 613 5718 7.
657 5664 766 5718 Sub
794 5665 985 5720 arbore
1022 5667 1164 5719 malo
1209 5666 1417 5721 elevant
1454 5672 1532 5729 te;
1575 5665 1689 5721 illic
1729 5667 2031 5737 parturivi!
2075 5672 2123 5718 te
2227 5682 2377 5737 rem;
2411 5672 2468 5723 et
2495 5667 2622 5722 ideo
2660 5666 2860 5733 valida,
2895 5666 3056 5738 cujus
3089 5681 3204 5723 non
3248 5667 3437 5737 impar
3463 5669 3543 5719 est
3582 5659 3828 5723 charitas,

546 5853 642 5919 (79)
675 5853 734 5901 ιη
771 5850 906 5914 psal.
942 5860 1146 5909 cxvm,
1176 5864 1337 5902 serm.
1364 5855 1440 5905 21.
2291 5859 2387 5920 {80)
2421 5858 2533 5907 Lib.
2565 5857 2627 5907 de
2662 5858 2826 5913 Isaac,
2859 5872 2904 5908 c.
2934 5860 2982 5919 8,
3019 5870 3173 5908 num.
3200 5860 3260 5909 72
3281 5860 3337 5909 et
3360 5869 3476 5921 seq.
