4072 6192
260 300 394 353 2053

1282 304 1318 359 Ε
1359 258 1664 360 SClthTlS
1702 306 1755 357 S.
1799 302 2108 358 AMBBUSH
2148 300 2558 357 CUILECTUS.

3493 309 3629 362 2054

258 439 384 492 quae
437 410 781 496 adsequatur
828 432 1138 496 martyrum
1207 429 1485 497 passioni,
1544 433 1602 481 ut
1664 416 1893 482 auferat
1915 427 2062 512 Aad
2104 426 2396 497 superiora
2426 425 2702 495 dirigunt.
2741 427 2925 481 Exuat
2961 427 3345 499 unusquisque
3374 431 3623 485 animam

257 518 527 573 meritum
562 517 927 574 delictorum.

330 614 411 665 ll.
460 610 620 666 Zelus
672 630 899 685 quoque
952 619 1008 667 ut
1066 614 1253 682 inferi,
1290 616 1578 687 quoniam
1636 617 1730 687 qui
1791 618 1888 671 Dei

259 705 439 759 zelum
474 705 667 772 habet,
694 723 800 778 pro
830 708 1052 763 Christo
1078 725 1185 763 nec
1226 710 1340 764 suis
1370 711 1572 781 parcit.
1606 711 1803 781 Itaque
1833 719 1887 764 et

255 801 504 853 mortem
541 799 715 855 habet
739 800 1003 869 Charitas,
1035 808 1092 857 et
1113 803 1297 857 zelum
1324 804 1498 859 habet
1527 805 1796 869 Charitas,
1831 809 1890 859 et

259 893 373 945 alas
401 893 550 963 ignis
577 894 751 950 habet
781 895 1042 951 charitas.
1076 898 1332 969 Denique
1360 898 1614 954 Christus
1643 900 1887 970 diligens

252 986 499 1057 Moysen,
527 987 585 1041 in
626 988 757 1059 igne
792 989 843 1044 ei
868 991 1150 1060 apparuit.
1184 992 1250 1045 Et
1283 992 1558 1047 Jeremias
1584 993 1799 1048 habens
1830 993 1887 1048 in

255 1097 312 1136 se
344 1080 558 1135 donum
587 1081 792 1136 divinae
817 1083 1107 1140 charitatis
1133 1084 1356 1140 dicebat
1386 1103 1400 1140 :
1439 1107 1465 1133 ι(
1496 1087 1562 1142 Et
1587 1093 1711 1141 erat
1740 1087 1888 1158 ignis

257 1174 620 1230 inﬂammans
649 1176 703 1230 in
744 1177 965 1231 ossibus
994 1179 1158 1245 meis,
1187 1186 1243 1234 et
1281 1179 1580 1235 dissolutus
1608 1196 1733 1234 sum
1782 1198 1883 1235 un-

254 1268 446 1340 dique,
479 1276 535 1324 et
577 1270 726 1324 ferre
766 1287 875 1324 non
910 1287 1140 1342 possum
1172 1274 1405 1343 (Jerem.,
1436 1291 1528 1342 xx,
1559 1276 1637 1345 9).
1670 1298 1695 1322 ››
1731 1275 1887 1329 Bona

254 1362 431 1433 igitur
476 1363 718 1417 charitas
773 1364 892 1418 alas
938 1365 1151 1420 habens
1209 1367 1356 1438 ignis
1407 1367 1700 1437 ardentis,
1757 1385 1886 1439 qua:

250 1456 447 1510 volitat
492 1474 593 1527 per
633 1462 863 1530 pectora
906 1465 962 1513 et
1005 1460 1176 1514 corda
1227 1466 1575 1528 sanctorum,
1605 1468 1660 1515 et
1703 1463 1887 1517 exurit

247 1549 529 1621 quidquid
562 1551 853 1606 materiale
885 1558 942 1607 et
972 1556 1263 1608 terrenum
1289 1558 1409 1608 est:
1443 1554 1723 1626 quidquid
1752 1573 1884 1611 vero

248 1643 534 1699 sincerum
567 1649 671 1711 est,
720 1646 943 1715 probat,
976 1653 1033 1701 et
1073 1647 1224 1717 quod
1259 1649 1581 1719 contigerit,
1611 1666 1709 1703 suo
1754 1651 1885 1721 igne

252 1735 537 1792 meliorat.

1991 537 2153 575 suam
2185 520 2484 574 involucris
2512 518 2955 588 sordidioribus,
2988 526 3045 574 et
3069 522 3231 591 quasi
3257 538 3458 577 aurum
3489 524 3622 595 igne

1990 614 2263 685 approbet
2294 613 2571 668 detersam
2600 614 2736 667 luto.
2780 612 2870 667 Sic
2900 611 3055 667 enim
3088 616 3369 685 purgatur
3406 617 3619 685 anima,

1991 709 2141 762 velut
2176 722 2382 761 aurum
2426 708 2733 777 optimum.
2783 705 3148 762 l’ulchritudo
3190 710 3379 762 autem
3414 709 3621 764 anima-.2

1990 799 2212 856 sincera
2260 801 2432 855 virtus
2471 804 2528 856 et
2572 801 2758 868 decor,
2810 802 2995 855 verior
3030 800 3284 872 cognitio
3329 819 3613 874 superno-

1991 912 2141 964 rum,
2168 900 2235 950 ut
2261 895 2445 949 videat
2471 894 2605 949 illud
2635 895 2852 949 bonum
2885 910 2951 949 ex
2979 911 3090 966 quo
3122 894 3377 965 pendent
3398 897 3618 965 omnia,

1987 990 2177 1061 ipsum
2206 995 2394 1043 autem
2437 1005 2499 1042 ex
2532 988 2707 1043 nullo.
2750 990 2826 1043 Eo
2855 987 3031 1057 igitur
3058 988 3215 1058 vivit,
3248 996 3419 1061 atque
3451 991 3616 1045 intel-

1990 1083 2201 1137 lectum
2253 1082 2477 1153 accipit.
2526 1082 2660 1136 Vitaa
2706 1081 2860 1136 enim
2922 1088 2977 1136 et
3025 1082 3149 1136 fons
3203 1086 3285 1138 est
3328 1099 3615 1138 summum

1989 1174 2128 1230 illud
2154 1176 2397 1244 bonum,
2428 1176 2588 1246 cujus
2614 1174 2671 1230 in
2702 1175 2863 1229 nobis
2891 1176 3219 1230 accenditur
3248 1175 3616 1247 desiderium,

1989 1269 2076 1324 cui
2103 1270 2566 1341 appropinquare
2606 1274 2664 1323 et
2706 1269 2931 1324 misceri
2962 1270 3216 1340 voluptas
3253 1277 3355 1338 est,
3391 1271 3540 1342 quod
3566 1270 3619 1325 ei

1988 1364 2083 1435 qui
2125 1381 2240 1418 non
2290 1363 2458 1431 videt,
2506 1362 2783 1417 desiderio
2829 1366 2932 1429 est,
2973 1369 3030 1417 et
3071 1363 3122 1417 ei
3167 1364 3262 1435 qui
3308 1363 3475 1431 videt,
3506 1366 3619 1420 vita

1972 1461 2092 1523 est,
2122 1458 2364 1528 ideoque
2392 1457 2657 1511 universa
2684 1456 2793 1511 alia
2826 1456 3080 1527 despicit,
3113 1458 3221 1512 hoc
3255 1474 3365 1512 uno
3401 1459 3616 1514 mulce—

1988 1558 2080 1606 tur
2105 1555 2163 1606 et
2198 1551 2533 1606 delectatur.
2577 1552 2692 1605 Hoc
2730 1540 2821 1605 est
2853 1549 3007 1621 quod
3050 1550 3446 1606 subministrat
3487 1553 3616 1607 uni-

1987 1661 2204 1699 versam
2227 1645 2619 1711 substantiam,
2641 1645 2825 1716 ipsum
2852 1647 3044 1699 autem
3070 1660 3313 1699 manens
3333 1645 3384 1699 in
3415 1653 3620 1701 semet-

1988 1740 2125 1810 ipso,
2159 1740 2256 1793 dat
2294 1739 2441 1807 aliis,
2487 1737 2627 1793 nihil
2666 1741 2859 1792 autem
2902 1738 2959 1792 in
3000 1754 3057 1793 se
3099 1756 3166 1793 ex
3208 1739 3332 1793 aliis
3360 1740 3611 1810 suscipit,

326 1835 412 1886 l2.
448 1832 601 1886 Hunc
630 1831 820 1901 ignem
858 1833 913 1887 in
942 1837 1157 1888 terram
1206 1834 1362 1889 misit
1403 1836 1672 1891 Dominus
1710 1839 1881 1905 Jesus,
1909 1807 1962 1878 Β
1987 1807 2055 1888 de
2094 1849 2208 1903 quo
2250 1832 2531 1904 propheta
2569 1832 2688 1887 ait:
2720 1854 2747 1880 ‹‹
2783 1831 2897 1886 Dixi
2943 1832 3180 1887 Domino
3213 1850 3225 1886 :
3278 1834 3423 1888 Deus
3455 1807 3618 1888 m—eus

247 1930 307 1979 et
361 1926 581 1980 refulsit
626 1925 785 1993 fides,
834 1943 1072 1982 accensa
1122 1934 1203 1984 est
1260 1929 1510 2001 devotio,
1568 1930 1887 1986 illuminata

248 2023 339 2073 est
402 2019 679 2085 charitas,
726 2020 946 2089 justitia
1012 2021 1383 2093 resplenduit.
1440 2026 1546 2078 Hoc
1610 2024 1745 2095 igne
1793 2024 1881 2078 in-

244 2113 565 2167 ﬂammavit
604 2115 771 2168 corda
801 2115 1188 2186 apostolorum
1237 2134 1492 2185 suorum,
1536 2118 1681 2173 sicut
1714 2122 1880 2172 testa-

246 2216 344 2261 tur
369 2207 648 2278 Cleophas
681 2207 878 2261 dicens
908 2227 919 2263 :
962 2231 988 2255 «ι
1022 2210 1217 2264 Nonne
1249 2228 1345 2265 cor
1391 2219 1645 2266 nostrum
1676 2212 1884 2267 ardens

246 2305 379 2356 erat
404 2300 460 2355 in
493 2300 677 2369 nobis,
722 2317 851 2355 cum
895 2303 1147 2373 aperiret
1183 2304 1507 2376 Scripturas
1538 2309 1711 2377 (Lua,
1739 2322 1880 2373 xxxv,

243 2396 383 2449 3‘2)?
408 2418 436 2443 ››
469 2395 581 2449 Alte
622 2395 796 2465 igitur
834 2396 985 2467 ignis
1027 2397 1082 2451 in
1120 2398 1374 2463 ﬂamma,
1406 2399 1712 2471 Scriptura)
1751 2406 1884 2453 sunt

248 2488 478 2543 divinte.
533 2488 783 2560 Denique
848 2489 1144 2561 aperiebat
1198 2492 1554 2563 Scripturas,
1616 2497 1672 2547 et
1736 2492 1884 2564 ignis

245 2583 454 2649 exibat,
479 2588 648 2654 atque
675 2582 1033 2639 audientium
1063 2585 1231 2639 corda
1255 2586 1606 2656 penetrabat.
1640 2588 1704 2641 Et
1738 2604 1882 2641 verte

244 2677 353 2731 alae
400 2677 565 2749 ignis,
613 2677 788 2749 quia:
829 2699 855 2725 «
890 2678 1125 2749 Eloquia
1168 2679 1387 2733 Domini
1438 2680 1659 2751 eloquia
1704 2688 1879 2748 casta,

244 2777 553 2842 argentum
601 2770 732 2841 igne
777 2772 1163 2826 examinatum
1208 2774 1377 2841 (Psal.
1424 2790 1494 2840 x1,
1542 2778 1615 2843 7).
1667 2798 1691 2821 ι»
1737 2778 1883 2830 Cum

247 2864 456 2919 Paulus
480 2880 709 2936 quoque
736 2868 1125 2919 assumeretur
1152 2882 1182 2918 a
1204 2866 1444 2933 Christo,
1476 2865 1615 2921 vidit
1642 2867 1882 2922 circum-

248 2958 474 3013 t‘ulsisse
517 2975 687 3029 super
741 2975 798 3012 se
845 2959 1054 3027 lucem,
1106 2964 1164 3014 et
1206 2976 1377 3030 super
1428 2977 1525 3015 eos
1566 2962 1665 3033 qui
1715 2962 1883 3016 simul

245 3058 432 3122 erant,
488 3052 689 3107 cecidit
742 3068 774 3105 a
829 3069 1053 3123 pavore,
1108 3059 1161 3107 et
1211 3054 1501 3124 probatior
1550 3055 1880 3110 resurrexit.

247 3146 504 3218 Denique
541 3147 829 3217 apostolus
866 3146 1045 3200 factus
1085 3154 1188 3212 est,
1221 3148 1319 3218 qui
1347 3156 1675 3219 persecutor
1714 3149 1879 3204 adve-
1905 3176 1959 3249 Ο

246 3245 436 3295 nerat.
461 3239 707 3310 Spiritus
727 3256 952 3311 quoque
979 3246 1201 3295 sanctus
1230 3242 1541 3309 descendit,
1567 3248 1621 3298 et
1649 3243 1887 3314 replevit

247 3338 428 3388 totam
477 3333 717 3389 domum
758 3333 817 3388 in
859 3351 973 3405 qua
1019 3339 1180 3389 erant
1223 3335 1453 3406 plurimi
1500 3338 1784 3405 sedentes,
1828 3340 1886 3392 et

248 3430 382 3482 visae
425 3432 559 3481 sunt
597 3427 914 3499 dispertita:
953 3428 1164 3499 linguae
1201 3434 1472 3501 tanquam
1513 3431 1680 3501 ignis.
1715 3431 1883 3487 Bome

200 3513 207 3522 ’
247 3522 379 3589 alae,
408 3522 513 3575 alae
539 3521 850 3588 charitatis,
881 3537 1009 3577 vere
1036 3523 1138 3576 alae
1168 3539 1295 3594 quia
1322 3523 1639 3579 volitabant
1666 3542 1766 3596 per
1785 3542 1884 3580 ora

247 3616 660 3687 apostolorum,
696 3620 751 3671 et
788 3617 893 3670 alae
936 3616 1101 3687 ignis,
1139 3618 1271 3686 quia
1314 3620 1620 3688 purgatum
1661 3635 1880 3673 sermo-

249 3726 383 3765 nem
406 3709 809 3780 loquebantur.

326 3807 413 3859 l3.
461 3804 552 3857 His
591 3803 693 3858 alis
739 3805 976 3859 evolavit
1021 3806 1234 3869 Enoch,
1284 3810 1474 3877 raptus
1515 3806 1583 3859 ad
1628 3806 1879 3861 ccelum:

248 3898 335 3952 bis
380 3897 483 3951 alis
523 3898 761 3952 evolavit
793 3898 959 3966 Elias,
997 3916 1165 3953 curru
1207 3899 1376 3969 igneo
1415 3902 1469 3953 et
1511 3899 1671 3971 equis
1702 3900 1885 3970 igneis

246 3992 321 4046 ad
351 4008 605 4064 superna
647 3992 969 4047 translatus.
1008 3993 1101 4047 His
1146 3991 1248 4045 alis
1290 3993 1561 4047 Dominus
1606 3994 1754 4047 Deus
1784 4011 1888 4065 per

246 4086 581 4141 columnam
613 4084 765 4158 ignis
792 4084 1035 4140 ducebat
1073 4089 1303 4156 patrum
1348 4085 1594 4156 plebem.
1631 4089 1739 4143 llas
1770 4087 1886 4142 alas

247 4177 456 4234 habuit
494 4177 815 4249 Serapbim,
861 4178 1090 4250 quando
1140 4178 1401 4249 sumpsit
1426 4178 1699 4234 carbones
1736 4180 1885 4250 ignis

246 4275 319 4327 de
352 4273 538 4340 altari,
574 4278 631 4327 et
661 4272 849 4343 tetigit
875 4289 938 4326 os
965 4272 1280 4343 prophetae,
1320 4277 1377 4326 et
1405 4272 1734 4345 iniquitates
1762 4274 1884 4344 ejus

248 4366 507 4433 abstulit,
540 4370 599 4420 et
637 4372 872 4438 peccata
912 4366 1200 4438 purgavit.
1237 4367 1446 4421 Harum
1494 4368 1713 4421 alarum
1748 4368 1883 4438 igne

249 4460 487 4533 purgati
546 4466 677 4515 sunt
732 4460 828 4514 lilii
883 4461 1047 4528 Levi,
1103 4463 1158 4515 et
1208 4459 1640 4530 baptizabantur
1694 4461 1882 4532 populi

1987 1944 2044 1979 es
2076 1930 2155 1995 tu,
2197 1926 2475 1999 quoniam
2515 1925 2801 1981 bonorum
2846 1942 3104 1981 meorum
3141 1943 3250 1981 non
3290 1943 3423 1998 eges
3450 1926 3617 1997 (Psal.

1989 2037 2074 2085 xv,
2104 2023 2177 2088 2).
2211 2043 2235 2068 »

2066 2118 2143 2168 t3.
2176 2115 2293 2170 Alae
2319 2113 2452 2183 ejus,
2497 2116 2600 2169 alae
2642 2116 2787 2184 ignis
2823 2113 2953 2183 (8t).
2994 2114 3206 2169 Omnes
3248 2117 3473 2185 oportet
3515 2130 3620 2185 per

1988 2208 2181 2279 ignem
2236 2207 2494 2279 probari,
2552 2209 2876 2280 quicunque
2933 2208 3003 2262 ad
3055 2208 3377 2279 paradisum
3432 2208 3617 2263 redire

1986 2302 2334 2367 desiderant;
2388 2318 2498 2355 non
2552 2302 2706 2356 enim
2753 2302 2931 2356 otiose
2985 2302 3260 2374 scriptum
3314 2308 3398 2357 est
3442 2303 3615 2374 quod,

1986 2395 2183 2465 ejectis
2215 2396 2392 2450 Adam
2431 2400 2485 2449 et
2521 2396 2632 2449 Eva
2669 2395 2737 2450 de
2770 2395 3011 2466 paradisi
3053 2396 3205 2462 sede,
3240 2397 3427 2467 posuit
3466 2396 3614 2451 Deus

1986 2489 2041 2542 in
2107 2488 2260 2543 exitu
2330 2487 2575 2559 paradisi
2640 2487 2896 2559 gladium
2970 2489 3200 2560 igneum
3269 2489 3610 2545 versatilem.

1984 2584 2192 2637 Omnes
2259 2586 2484 2654 oportet
2542 2582 2779 2636 transire
2844 2599 2946 2653 per
3007 2582 3285 2652 flammas,
3340 2583 3453 2637 sive
3518 2581 3615 2640 ille

1983 2677 2225 2731 Joannes
2266 2676 2615 2742 evangelista
2645 2675 2734 2743 sit,
2778 2693 2946 2747 quem
2979 2677 3054 2730 ita
3099 2675 3298 2732 dilexit
3326 2677 3611 2746 Dominus,

1985 2776 2045 2824 ut
2084 2770 2153 2823 de
2195 2786 2261 2824 eo
2309 2769 2522 2824 diceret
2567 2770 2641 2824 ad
2681 2770 2910 2824 Petrum
2946 2786 2957 2824 :
2992 2791 3020 2819 «
3051 2770 3109 2824 Si
3147 2786 3281 2824 eum
3323 2772 3450 2826 volo
3492 2787 3611 2827 ma-

1985 2880 2140 2933 nere,
2173 2863 2307 2935 quid
2338 2863 2408 2917 ad
2441 2863 2535 2918 te?
2563 2864 2641 2918 Tu
2675 2880 2765 2918 me
2798 2880 3036 2936 sequere
3069 2865 3267 2934 (Joan.,
3296 2881 3407 2934 xxi,
3436 2864 3546 2936 22).
3581 2887 3609 2916 ››

1984 2958 2060 3011 De
2087 2960 2269 3013 morte
2301 2957 2424 3025 ejus
2462 2956 2635 3028 aliqui
2670 2956 3088 3026 dubitaverunt,
3131 2958 3199 3011 de
3234 2958 3470 3013 transitu
3512 2974 3618 3030 per

1987 3052 2178 3121 ignem
2224 3051 2484 3105 dubitare
2533 3068 2643 3105 non
2698 3068 3026 3123 possumus;
3069 3051 3206 3123 quia
3250 3053 3309 3106 in
3356 3052 3616 3124 paradiso

1985 3152 2086 3212 est,
2138 3162 2240 3200 nec
2281 3149 2577 3216 separatur
2619 3162 2650 3198 a
2695 3144 2934 3199 Christo.
2978 3144 3100 3200 Sive
3145 3146 3237 3201 ille
3279 3147 3349 3201 sit
3395 3148 3613 3219 Petrus,

1989 3239 2088 3310 qui
2124 3240 2307 3293 claves
2348 3239 2566 3309 accepit
2606 3239 2768 3310 regni
2807 3240 3098 3306 cmlorum,
3134 3239 3230 3312 qui
3260 3256 3429 3311 supra
3458 3253 3615 3296 mare

1987 3333 2311 3401 ambulavit,
2341 3338 2561 3405 Oportet
2588 3334 2739 3388 dicat
2771 3352 2784 3388 :
2826 3355 2853 3381 ‹‹
2883 3333 3262 3389 Transivimus
3286 3351 3389 3406 per
3416 3334 3617 3407 ignem

1985 3434 2040 3482 et
2085 3444 2315 3498 aquam,
2366 3433 2422 3481 et
2479 3427 2722 3481 cduxisti
2777 3444 2876 3482 nos
2927 3427 2983 3481 in
3034 3428 3402 3500 refrigerium
3449 3430 3616 3498 (Ρειιι.

1987 3538 2115 3589 va,
2180 3520 2287 3593 12).
2345 3544 2370 3570 n
2422 3520 2529 3575 Sed
2581 3521 2784 3574 Joauni
2848 3521 2959 3575 cito
3018 3521 3336 3576 versabitur
3396 3522 3619 3594 gladius

1987 3616 2209 3685 igneus,
2241 3615 2372 3686 quia
2415 3631 2528 3668 non
2578 3614 2865 3668 invenitur
2904 3614 2959 3668 in
3008 3630 3074 3669 eo
3120 3615 3412 3686 iniquitas,
3441 3632 3617 3689 quem

1986 3708 2179 3763 dilexit
2228 3707 2483 3779 aequitas.
2529 3707 2585 3762 Si
2632 3707 2765 3779 quid
2817 3708 2870 3761 in
2919 3724 2984 3762 eo
3034 3708 3153 3763 vitii
3197 3709 3434 3763 humani
3488 3710 3617 3781 fuit,

1986 3801 2228 3856 Charitas
2270 3801 2461 3856 divina
2502 3801 2724 3856 decoxit
2758 3819 2771 3857 :
2813 3803 2934 3855 Ala:
2976 3805 3117 3857 enim
3157 3803 3276 3870 ejus
3316 3804 3419 3857 alae
3452 3806 3615 3871 ignis.

1988 3895 2094 3960 Qui
2128 3894 2217 3949 hic
2244 3895 2515 3950 habuerit
2549 3895 2837 3950 charitatis
2873 3896 3087 3967 ignem,
3122 3895 3237 3951 illic
3262 3896 3459 3967 ignem
3492 3899 3615 3967 gla-

1988 3989 2063 4044 dii
2094 3989 2294 4044 timere
2334 4006 2447 4044 non
2494 3989 2721 4061 poterit.
2763 3990 2872 4061 Ipsi
2910 3991 3072 4045 Petro
3111 3990 3207 4061 qui
3257 3991 3421 4045 toties
3460 4007 3614 4046 mor-

1988 4091 2098 4138 tem
2149 4100 2307 4137 suam
2354 4100 2455 4155 pro
2505 4082 2729 4139 Christo
2780 4083 3003 4151 obtulit,
3047 4083 3185 4139 dicit
3224 4101 3235 4139 :
3273 4085 3486 4153 Transi,
3532 4100 3614 4138 re-

1988 4176 2209 4232 cumbe.
2245 4179 2348 4232 Sed
2383 4177 2474 4232 ille
2511 4177 2646 4233 dicit
2676 4201 2685 4231 :
2722 4202 2747 4227 ‹‹
2780 4180 2913 4250 Igne
2946 4195 3047 4232 nos
3087 4178 3446 4245 examinavit,
3476 4180 3621 4236 sicut

1992 4272 2107 4343 ipse
2142 4273 2479 4326 examinavit
2509 4277 2812 4343 argentum
2848 4274 3012 4343 (Psal.
3048 4289 3168 4339 va,
3201 4272 3307 4344 10).
3342 4297 3367 4323 ν

2063 4367 2146 4420 l6.
2178 4367 2300 4421 Alae
2326 4367 2462 4435 ejus,
2489 4367 2589 4421 ala
2616 4368 2773 4437 ignis.
2801 4370 2906 4439 (82)
2934 4368 3081 4438 Ergo
3112 4368 3247 4438 quia
3275 4368 3499 4423 volandi
3523 4386 3622 4423 no-

1991 4459 2072 4513 bis
2116 4459 2239 4514 data
2281 4464 2361 4513 est
2406 4460 2590 4532 copia,
2624 4460 2830 4515 excitet
2860 4461 3245 4532 unusquisque
3290 4461 3345 4515 in
3392 4478 3449 4515 se
3490 4478 3616 4533 gra-

252 4554 586 4621 uationum,
646 4555 789 4610 sicut
856 4554 1188 4609 testiﬁcatur
1248 4555 1516 4620 Joannes,
1572 4553 1764 4608 dicens
1819 4544 1968 4617 deD
1992 4552 2126 4607 tiam
2160 4554 2272 4620 Dei,
2297 4570 2361 4607 ac
2395 4554 2703 4624 posteriora
2725 4553 3080 4621 obliviscens,
3106 4553 3296 4624 priora
3318 4561 3629 4626 appetens,

252 4647 497 4702 Domino
519 4648 649 4703 Jesu
679 4664 691 4703 :
721 4670 747 4696 ε(
777 4650 900 4720 Ipse
931 4665 1023 4702 vos
1045 4647 1346 4719 baptizabit
1376 4647 1430 4701 in
1458 4647 1657 4718 spiritu
1681 4652 1737 4703 et
1758 4648 1888 4718 igne

250 4742 498 4809 (Matth,
546 4758 619 4809 ιιι,
672 4744 775 4811 tl).
824 4764 850 4791 η
900 4741 1095 4797 Merito
1144 4741 1228 4795 uri
1278 4757 1445 4795 rencs
1494 4757 1623 4795 suos
1667 4740 1889 4796 volebat

247 4820 305 4890 et
360 4851 457 4889 cor
510 4851 675 4889 suum
735 4835 933 4901 David,
982 4835 1117 4905 quia
1174 4836 1288 4888 alas
1342 4836 1542 4905 igneas
1598 4834 1888 4889 charitatis

244 4928 468 4984 sciebat
502 4946 618 4984 non
666 4945 786 4983 esse
833 4930 1187 4983 metuendas.
1235 4929 1427 4984 Merito
1471 4927 1691 4982 Hebraei
1724 4928 1888 4999 pueri

244 5024 303 5078 iu
351 5023 588 5079 fornace
626 5022 846 5078 ardenti
894 5039 1006 5076 non
1053 5022 1375 5077 sentiebant
1419 5022 1568 5092 ignis
1604 5022 1885 5088 incendia,

244 5118 380 5189 quia
434 5116 729 5172 charitatis
781 5133 881 5171 eos
934 5116 1173 5171 flamma
1230 5115 1628 5187 refrigerabat.
1702 5116 1765 5169 Et
1829 5119 1890 5169 ut

249 5212 482 5283 plenius
544 5226 960 5282 cognoscamus
1014 5207 1273 5282 1615
1342 5210 1478 5281 quia
1540 5211 1654 5263 alas
1716 5209 1889 5263 habet

249 5305 510 5377 perfecta
540 5304 803 5371 charitas,
829 5303 1037 5359 audisti
1068 5303 1283 5358 dudum
1312 5304 1597 5358 dicentem
1631 5320 1643 5358 :
1681 5325 1707 5351 ‹‹
1742 5303 1890 5367 Quo-

248 5400 359 5455 ties
402 5382 572 5453 1volui
640 5414 994 5470 congregare
1043 5396 1188 5452 ﬁlios
1252 5404 1408 5465 tuos,
1471 5398 1613 5452 sicut
1681 5396 1890 5468 gallina

246 5488 567 5564 congregat
613 5493 796 5563 pullos
832 5508 964 5546 suos
1002 5491 1105 5545 sub
1142 5492 1256 5545 alas
1293 5492 1701 5572 suas.(Matth.,
1733 5507 1886 5557 xxm,

249 5590 364 5658 37)}
400 5588 437 5637 ν’
660 5569 664 5572 ⁵

326 5683 411 5737 14.
442 5682 752 5738 Sumamus
788 5681 963 5753 igitur
994 5681 1097 5735 has
1140 5681 1256 5735 alas
1296 5697 1423 5750 quae
1464 5680 1608 5733 sicut
1643 5681 1888 5733 ﬂammae

322 5871 411 5931 ,8]?
447 5870 503 5920 In
535 5870 668 5934 psal.
699 5880 895 5921 cxvm.
922 5879 1084 5919 serm.
1109 5866 1190 5931 ω,
1227 5881 1380 5918 num.
1406 5867 1484 5925 12,

1987 4645 2057 4699 ad
2082 4645 2359 4702 destinata
2388 4646 2719 4701 contendat.
2747 4646 2948 4701 Procul
2972 4666 3004 4700 a
3031 4647 3246 4702 militiae
3279 4648 3619 4719 honoribus,

1990 4740 2183 4811 procul
2225 4740 2296 4794 ab
2331 4739 2561 4794 testibus
2605 4739 2822 4807 mundi,
2855 4757 2924 4795 ne
2966 4740 3112 4812 quod
3154 4741 3364 4797 fabulae
3408 4743 3618 4812 ferunt,

1989 4827 2127 4888 aestu
2162 4834 2291 4888 solis
2326 4851 2457 4889 cera
2497 4835 2743 4889 resoluta
2782 4835 2997 4890 Icareos
3045 4836 3258 4891 volatus
3297 4852 3487 4907 penna
3530 4851 3616 4890 re-

1991 4927 2213 4983 labente
2276 4927 2565 4982 destituat.
2626 4929 2769 4983 Nam
2840 4930 2971 4984 licet
3022 4929 3263 5001 gravitas
3330 4931 3619 4985 dictorum

1989 5021 2154 5089 obsit,
2186 5021 2409 5092 poetico
2441 5025 2636 5076 tamen
2668 5025 2784 5077 sale
2813 5023 3100 5078 declarare
3138 5023 3439 5078 voluerunt
3482 5040 3615 5095 pru-

1989 5115 2245 5170 dentium
2291 5115 2601 5170 maturitati
2649 5120 2798 5171 tutos
2840 5134 2960 5171 esse
3003 5118 3215 5172 volatus
3252 5134 3356 5188 per
3395 5117 3618 5187 coelum,

1980 5210 2297 5279 juvenilem
2346 5226 2477 5265 vero
2522 5210 2810 5265 levitatem
2867 5211 3166 5265 obnoxiam
3216 5211 3623 5282 cupiditatibus

1991 5303 2209 5371 mundi,
2244 5303 2610 5359 reﬂuentibus
2647 5304 2868 5375 pennis,
2910 5312 2965 5359 et
2999 5321 3100 5375 per
3134 5305 3337 5359 oblivia
3368 5306 3623 5360 veritatis

1989 5396 2324 5452 meritorum
2370 5414 2642 5470 compage
2693 5398 2957 5465 resoluta,
3010 5399 3216 5469 majore
3266 5399 3517 5469 pernicie
3563 5400 3621 5455 in

1992 5495 2209 5546 terram
2243 5491 2439 5546 relabi.
3620 5504 3623 5505 ⁷

2069 5588 2150 5639 t7.
2181 5585 2339 5640 Haud
2386 5585 2563 5639 facilis
2602 5586 2819 5639 volatus
2853 5586 3136 5649 omnibus,
3171 5586 3414 5640 difﬁcilis
3453 5577 3622 5641 etiam

1990 5678 2444 5734 discordantibus
2507 5679 2565 5732 in
2617 5679 2781 5733 terris
2837 5680 3175 5734 animalibus
3238 5678 3363 5734 vitm
3430 5676 3625 5735 rursus

2059 5865 2153 5929 (ΒΞ)
2184 5865 2301 5915 Lib.
2330 5864 2397 5916 de
2434 5866 2764 5930 Virginitale,
2794 5880 2912 5933 cap.
2944 5867 3201 5931 18,11uin.
3238 5870 3324 5918 ne
3350 5872 3402 5918 et
3429 5845 3546 5932 seq.
