4000 6166
469 238 600 289 2035

1612 229 1952 285 COMMENT.
1998 230 2062 283 IN
2103 216 2386 285 0ch
2428 230 2690 287 CANTIC.

3651 241 3751 293 202-16

470 360 729 412 humane:
778 361 881 410 est.
926 358 999 408 At
1039 354 1079 408 si
1131 353 1231 407 tibi
1276 357 1432 407 actus
1476 355 1651 409 nostri
1703 355 1845 409 ordo
1893 370 2102 409 conve-
2129 368 2184 438 Α
2208 354 2554 422 desiderant,
2588 359 2647 408 ut
2675 355 2771 408 illa
2798 354 3069 411 dilatione
3098 354 3186 409 vel
3218 354 3431 417 anima,
3458 356 3529 409 vel
3566 358 3756 416 Ecclesia

465 452 610 520 niat,
666 450 877 505 videbit
926 454 982 503 et
1030 449 1088 502 in
1142 447 1305 502 nobis
1365 447 1649 519 propheta
1699 452 1885 503 rotant
1950 448 2101 501 illam

468 561 645 600 unam
687 560 861 617 super
904 545 1137 611 terram,
1182 541 1546 613 conjunctam
1585 541 1931 596 animalibus
1971 558 2105 614 qua-

467 645 600 696 tuor
638 639 873 708 (ΕιεοΙιυ
914 654 952 703 ι,
999 640 1084 705 15,
1136 634 1242 707 16).
1281 635 1503 692 Videbit
1546 652 1683 707 ergo
1723 652 1919 690 rursus
1967 637 2101 690 Eze-

466 732 635 800 chiel,
669 732 825 787 videt
852 732 1004 786 enim
1049 730 1232 786 adhuc
1264 733 1322 784 et
1365 729 1518 800 viget
1560 734 1619 785 et
1654 729 1863 800 vigebit
1898 752 1906 782 :
1942 729 2103 783 vide-

471 827 573 895 bit,
618 829 874 898 inquam,
907 829 1093 879 rotam
1141 825 1198 879 in
1240 824 1433 879 medio
1481 830 1637 892 rotze,
1679 840 1848 894 super
1893 827 2104 877 terram

471 921 593 976 sine
622 920 934 976 offensione
959 919 1286 974 habentem.
1319 919 1456 973 Rota
1481 918 1636 973 enim
1665 934 1837 990 super
1866 921 2103 982 terram,

471 1018 585 1070 vita
612 1020 694 1070 est
737 1012 990 1085 corporis
1033 1012 1101 1067 ad
1140 1012 1351 1065 animae
1391 1015 1577 1081 aptata
1614 1010 1910 1077 virtutem,
1952 1013 2008 1066 et
2037 1009 2103 1064 ad

473 1107 862 1180 evangelicum
901 1106 1209 1161 cohaerenti
1249 1120 1416 1159 cursu
1455 1104 1702 1158 formata
1729 1109 2103 1175 praeceptum.

476 1206 617 1259 Rota
646 1208 837 1257 autem
876 1200 931 1254 in
971 1199 1161 1255 medio
1193 1204 1351 1264 rotae,
1383 1197 1535 1253 velut
1573 1198 1689 1253 vita
1727 1198 1878 1253 intra
1905 1198 2103 1265 vitam,

476 1298 627 1368 quod
673 1300 996 1350 sanctorum
1026 1293 1128 1347 sibi
1169 1292 1279 1346 vita
1324 1307 1437 1348 non
1469 1292 1751 1358 dissonet;
1782 1292 1879 1347 sed
1924 1291 2107 1363 qualis

471 1391 648 1446 fuerit
686 1387 993 1460 superioris
1032 1387 1238 1454 aetatis,
1271 1385 1397 1440 talis
1436 1385 1508 1440 sit
1537 1389 1594 1439 et
1637 1386 1926 1456 sequentis
1961 1402 1973 1439 :
2020 1385 2107 1439 vel

476 1487 579 1539 hoc
611 1484 669 1537 in
698 1483 799 1536 hac
825 1481 935 1536 vita
963 1480 1213 1550 corporis
1248 1481 1375 1534 vita:
1405 1479 1660 1533 volvatur
1686 1496 1818 1533 usus
1852 1482 2104 1533 aeternas.

474 1582 613 1635 Cum
668 1578 770 1630 ista
822 1573 1218 1647 congruerint,
1270 1580 1403 1627 tunc
1458 1572 1645 1627 divina
1699 1588 1802 1626 vox
1851 1573 2104 1637 resultet,

2208 449 2381 518 possit
2408 464 2528 503 esse
2557 448 2877 519 perfectior.
2918 448 3119 503 Dicunt
3149 463 3288 518 ergo
3324 466 3335 500 :

2277 545 2361 599 2t.
2395 542 2573 614 (Vers.
2608 544 2682 613 9.)
2724 543 2786 596 Si
2822 558 3010 597 murus
3048 549 3145 603 est.
3175 541 3482 611 aediﬁcemus
3512 560 3649 615 super
3670 565 3762 604 eum

2205 637 2546 707 receptacula
2595 642 2855 706 argentea
2903 656 2919 690 :
2971 643 3021 689 et
3071 639 3121 691 si
3153 636 3335 705 janua
3382 642 3475 698 est,
3520 640 3771 709 sculpamus

2205 745 2364 800 super
2386 746 2500 784 eam
2534 731 2750 784 tubulas
2780 731 3053 786 cedi-inus.
3082 730 3272 785 Murus
3309 736 3391 784 est
3419 732 3588 786 anima
3609 736 3769 790 sancti.

2209 824 2384 878 [labet
2436 830 2493 878 et
2551 824 2790 879 Ecclesia
2844 840 3040 878 muros
3083 840 3235 891 suos,
3287 841 3413 895 qum
3450 825 3556 895 jam
3599 828 3775 897 perfec-

2208 917 2322 971 tior
2347 917 2481 971 dicit
2518 935 2530 971 :
2579 940 2603 964 ιι
2631 919 2749 988 Ego
2790 917 2980 971 civitas
3014 918 3236 972 munita
3271 916 3419 988 (130.,
3458 934 3604 988 xxvu,
3638 921 3727 991 t0).
3755 945 3776 969 ι»

2209 1011 2304 1064 llic
2337 1014 2422 1064 est
2448 1027 2668 1076 murus,
2698 1011 2794 1081 qui
2832 1010 3009 1065 habet
3045 1010 3342 1064 duodecim
3391 1018 3573 1081 portas
3597 1019 3781 1083 aposto-

2208 1106 2359 1170 licas,
2410 1121 2516 1176 per
2551 1121 2694 1175 quas
2743 1105 2954 1175 populo
3004 1103 3306 1159 nationum
3354 1109 3507 1174 patet
3548 1106 3786 1177 ingressus

2211 1199 2261 1251 in
2298 1198 2620 1254 Ecclesiam.
2662 1197 2774 1253 Sed
2813 1214 3013 1252 murus
3051 1197 3311 1269 quamvis
3347 1198 3609 1252 ambitum
3648 1201 3791 1256 totius

2210 1292 2363 1346 urbis
2388 1292 2657 1359 includat,
2690 1295 2823 1346 tunc
2849 1298 3041 1346 tamen
3066 1297 3148 1346 est
3175 1291 3465 1359 munitior,
3492 1309 3611 1346 cum
3629 1308 3787 1364 recep-

2209 1386 2393 1440 tacula
2422 1385 2685 1439 habuerit
2712 1389 3045 1456 praeparata,
3072 1386 3128 1440 in
3154 1384 3361 1457 quibus
3388 1391 3794 1457 propugnatores

2213 1479 2362 1533 urbis
2404 1485 2590 1533 tutum
2648 1479 2942 1550 spectandi
2997 1495 3061 1533 ac
3113 1478 3316 1533 tuendi
3366 1479 3578 1550 possint
3622 1478 3793 1535 habere

2212 1572 2544 1627 subsidium.
2587 1572 2698 1627 Sed
2733 1572 2866 1644 quia
2910 1572 3202 1627 rationalis
3246 1573 3369 1627 haec
3412 1572 3597 1626 civitas
3632 1577 3724 1640 est,
3756 1580 3801 1626 et

475 1678 610 1727 tunc
662 1686 831 1741 super
872 1667 1311 1722 similitudinem
1364 1666 1550 1721 throni
1602 1665 1917 1720 similitudo
1966 1665 2171 1741 sicut_
2212 1667 2398 1721 omnis
2426 1683 2555 1738 spes
2584 1666 2706 1736 ejus
2750 1666 2808 1720 in
2849 1666 2950 1721 Dei
2981 1666 3160 1720 Verbo
3203 1672 3309 1731 est,
3350 1682 3466 1720 non
3504 1666 3692 1733 ferrea,
3719 1666 3799 1720 sed

474 1765 688 1840 species
724 1736 972 1817 hominis
1012 1761 1331 1832 apparebit.
1366 1760 1461 1814 Hic
1505 1760 1681 1814 homo
1712 1758 1957 1814 Verbum
2003 1766 2105 1825 est,
2132 1736 2185 1808 Β
2208 1736 2473 1831 argentea
2501 1759 2551 1815 ei
2580 1760 3019 1831 propugnacula
3042 1760 3437 1831 requiruntur,
3467 1759 3693 1831 eloquiis
3714 1775 3800 1814 cte-

475 1858 603 1931 quia
635 1880 661 1906 «
691 1857 935 1912 Verbum
968 1870 1095 1908 caro
1132 1854 1343 1908 factum
1377 1859 1463 1907 est
1493 1856 1694 1923 (Joan.,
1732 1870 1768 1919 ι,
1808 1852 1928 1924 14);
1962 1874 1989 1901 ››
2018 1851 2107 1906 hic

478 1954 653 2007 homo
684 1956 1009 2005 nostrorum
1032 1951 1120 2001 est
1134 1947 1378 2018 agitator
1404 1946 1766 2013 animalium,
1785 1950 2106 2000 nostrorum

478 2049 660 2101 rector
687 2050 771 2098 est
798 2058 1043 2110 morum,
1075 2042 1172 2112 qui
1202 2057 1303 2112 pro
1329 2046 1653 2095 nostrorum
1686 2038 1903 2095 ratione
1933 2039 2106 2094 meri-

478 2146 692 2205 torum,
723 2141 822 2191 aut
849 2151 1077 2190 currum
1108 2135 1469 2204 plerumque,
1495 2137 1594 2187 aut
1624 2137 1879 2188 montem
1909 2149 2106 2186 ascen-

478 2234 582 2298 dit,
614 2237 711 2286 aut
738 2229 954 2284 navim.

558 2327 639 2380 l8.
685 2324 796 2393 (83)
833 2325 979 2378 Pone
1008 2339 1087 2377 me
1129 2329 1191 2376 ut
1225 2321 1573 2390 signaculum
1614 2322 1673 2373 in
1703 2335 1795 2373 cor
1838 2323 2012 2378 tuum,
2052 2324 2111 2369 ut

472 2419 715 2490 sigillum
750 2420 808 2471 in
846 2417 1124 2472 brachium
1160 2423 1340 2478 tuum,
1367 2429 1490 2484 quae
1522 2428 1662 2467 nova
1698 2418 1749 2467 et
1794 2419 1970 2466 vetera
1999 2426 2108 2466 ser-

475 2515 618 2568 uasti
659 2512 809 2573 mihi.
868 2507 1232 2580 Signaculum
1286 2522 1479 2561 meum
1535 2522 1623 2574 es,
1669 2506 1738 2560 ad
1798 2503 2110 2574 imaginem

481 2622 665 2663 meam
719 2622 780 2659 es
834 2610 889 2659 et
938 2601 1390 2657 similitudinem.
1449 2600 1649 2671 Fulget
1696 2600 1756 2653 in
1807 2604 1861 2654 te
1916 2599 2111 2668 imago

470 2701 727 2772 justitiaa,
758 2699 950 2770 imago
991 2696 1311 2768 sapientiae,
1342 2695 1538 2764 imago
1582 2693 1827 2747 virtutis.
1874 2692 1944 2745 Et
1981 2691 2113 2762 quia

480 2797 670 2865 imago
705 2792 798 2847 Dei
830 2791 889 2845 in
914 2790 1081 2845 corde
1114 2794 1211 2845 tuo
1240 2795 1343 2855 est,
1374 2788 1445 2842 sit
1471 2794 1528 2844 et
1565 2788 1623 2843 in
1654 2785 1925 2859 operibus
1954 2785 2066 2839 tuis
2096 2804 2108 2838 :

477 2890 549 2950 sit
575 2886 791 2958 effigies
821 2884 1107 2956 Evangelii
1134 2885 1194 2938 in
1221 2883 1329 2938 tuis
1350 2883 1532 2951 factis,
1556 2882 1695 2937 utin
1726 2880 1837 2936 tuis
1858 2878 2116 2935 moribus

480 2998 613 3038 mea
653 2982 937 3052 praecepta
973 2976 1278 3032 custodias.
1314 2975 1547 3046 Efﬁgies
1586 2973 1876 3045 Evangelii
1906 2972 2015 3027 erit
2057 2972 2114 3025 in

478 3082 555 3144 te,
584 3071 842 3148 1616
878 3073 921 3127 si
960 3070 1295 3142 percutienti
1339 3068 1648 3134 maxillam,
1686 3069 1927 3122 alteram
1962 3081 2110 3138 prm-
2132 3105 2187 3178 C

480 3173 634 3238 beas,
661 3169 707 3221 si
740 3166 942 3237 diligas
971 3163 1263 3219 inimicum
1293 3166 1476 3232 tuum,
1505 3162 1552 3217 si
1579 3178 1806 3217 crucem
1834 3160 2114 3240 tuamtol-

486 3265 588 3329 las,
611 3265 668 3316 et
693 3275 787 3314 me
817 3257 1090 3329 sequaris.
1122 3255 1249 3311 ldeo
1276 3272 1504 3311 crucem
1526 3272 1633 3327 ego
1664 3272 1768 3326 pro
1793 3258 1846 3308 te
1870 3253 2109 3325 portavi,

481 3374 551 3411 ne
582 3362 639 3411 tu
670 3358 904 3424 propter
931 3367 1020 3404 me
1048 3355 1279 3421 portare
1317 3349 1627 3404 dubitares.
1661 3348 1977 3403 Audicrunt
2006 3348 2113 3401 hoc

483 3436 611 3505 filias
634 3447 966 3515 Jerusalem,
1000 3443 1151 3516 quod
1175 3444 1292 3514 jam
1324 3442 1596 3497 Dominus
1636 3442 1784 3496 Deus
1814 3440 2112 3496 Ecclesium

482 3544 587 3601 sibi
616 3540 936 3612 copulabat,
966 3542 1023 3592 et
1043 3536 1176 3608 quia
1202 3536 1626 3592 considerantes
1656 3534 2113 3607 magnitudinem

486 3637 671 3703 Verbi,
719 3635 967 3707 impares
1018 3649 1077 3686 se
1127 3631 1299 3687 tantis
1349 3630 1565 3702 nuptiis
1614 3628 1995 3696 aestimabant,
2041 3644 2113 3682 ne

481 3733 624 3788 forte
655 3734 822 3785 tanta:
862 3725 1082 3798 copula:
1130 3724 1351 3797 pondus
1392 3724 1670 3778 sustinere
1705 3740 1818 3777 non
1864 3724 2111 3792 possent,

483 3810 758 3883 excusant
788 3822 1046 3877 dicentes
1081 3837 1093 3873 :

556 3922 641 3975 19.
673 3918 848 3988 (Vers.
882 3914 959 3985 8.)
990 3916 1153 3971 Soror
1192 3919 1380 3967 nostra
1413 3912 1675 3982 parvula,
1717 3916 1767 3965 et
1798 3910 1964 3965 ubera
2011 3925 2116 3964 non

484 4015 662 4070 habet.
693 4011 779 4067 Sic
822 4008 979 4063 enim
1022 4008 1120 4080 qui
1162 4007 1360 4062 volunt
1388 4004 1616 4059 differre
1650 4003 1899 4075 nuptias,
1942 4018 2113 4056 excu-

484 4123 611 4163 sare
647 4106 1016 4171 consuerunt,
1050 4105 1113 4155 ut
1153 4098 1520 4171 praetendant
1562 4098 1894 4152 immaturae
1934 4095 2116 4151 aetatis

484 4199 899 4265 infirmitatem,
927 4201 983 4249 et
1008 4197 1265 4247 astruant
1294 4191 1449 4264 quod
1481 4191 1658 4246 ubera
1694 4207 1809 4245 non
1840 4190 2115 4258 habeant,

486 4310 616 4369 quas
660 4289 867 4347 nubilis
922 4288 1243 4360 signiﬁcant
1293 4291 1519 4357 tempus
1570 4284 1768 4339 astatis.
1819 4285 1930 4338 Hoc
1975 4284 2118 4337 solet

486 4387 811 4464 symbolum
836 4396 1139 4438 commune
1167 4379 1435 4435 omnibus
1465 4377 1781 4450 virginibus
1807 4394 1929 4431 esse
1966 4393 2113 4447 nup-

2210 1854 2440 1909 lestibus
2472 1852 2657 1925 magis
2682 1870 2850 1925 quam
2881 1854 3172 1925 corporeis
3198 1852 3580 1923 voluptatibus
3607 1853 3805 1907 hostiles

2213 1948 2464 2018 impetus
2493 1948 2780 2019 repulsare
2808 1952 3100 2003 consueta.

2280 2044 2366 2096 22.
2402 2043 2479 2096 Eo
2510 2041 2651 2095 fulta
2683 2041 2967 2113 praesidio,
3010 2056 3077 2095 eo
3118 2040 3429 2112 splendore
3465 2042 3696 2112 fulgens,
3731 2040 3808 2093 ha-

2214 2134 2377 2188 bilior
2395 2134 2602 2192 Christi
2636 2134 2855 2206 copulas
2873 2133 3186 2204 judicatur.
3212 2135 3279 2188 Et
3305 2134 3445 2205 quia
3465 2134 3636 2205 janua
3657 2132 3812 2188 Chris

2215 2232 2301 2282 tus
2331 2234 2432 2293 est,
2463 2228 2561 2299 qui
2590 2227 2670 2282 ait
2699 2245 2712 2282 :
2746 2247 2772 2278 (ι
2802 2230 2908 2282 Per
2939 2244 3028 2282 me
3056 2227 3097 2281 si
3128 2228 3256 2299 quis
3284 2227 3591 2297 introierit,
3615 2224 3817 2280 salvebi-

2214 2327 2306 2376 tnr
2341 2323 2541 2393 (Joan.,
2571 2339 2625 2389 χ,
2670 2324 2755 2391 9);
2788 2343 2814 2369 »ι
2861 2326 2920 2375 et
2962 2320 3205 2376 Ecclesia
3241 2322 3425 2392 janua
3467 2326 3815 2392 nuncupatur,

2213 2417 2342 2487 quia
2370 2431 2473 2487 per
2498 2415 2678 2486 ipsam
2706 2398 2860 2486 patet
2886 2414 3107 2486 populis
3133 2414 3324 2470 aditus
3352 2415 3428 2470 ad
3457 2414 3710 2468 salutem.
3732 2412 3818 2466 Sed

2214 2527 2285 2563 ne
2325 2508 2725 2564 haereticorum
2766 2514 3165 2580 corrumpatur
3193 2508 3365 2562 tineis
3401 2514 3500 2563 aut
3544 2506 3817 2565 vermibus,

2214 2603 2408 2657 dicunt
2438 2603 2567 2656 lilia).
2595 2603 2927 2668 Jerusalem,
2960 2602 3045 2655 vel
3073 2601 3289 2674 angeli,
3319 2603 3411 2656 vel
3438 2603 3648 2656 animas
3670 2601 3821 2671 justo-

2217 2713 2343 2750 rum
2376 2713 2388 2750 :
2426 2696 2760 2765 xEdiflcemus
2798 2711 2961 2765 super
3006 2712 3121 2750 eam
3172 2697 3396 2751 tabulas
3437 2695 3701 2755 cedrinas.
3734 2691 3821 2746 hoc

2214 2797 2315 2855 est,
2344 2789 2471 2844 ﬁdei
2502 2788 2757 2844 sublimis
2801 2789 3021 2845 bonum
3058 2789 3317 2844 odorem.
3367 2791 3464 2844 Est
3499 2789 3651 2843 enim
3676 2786 3829 2840 suavis

2216 2883 2383 2954 hujus
2422 2882 2679 2938 materiae
2714 2883 2879 2950 odor,
2907 2899 3081 2955 quam
3119 2899 3234 2938 non
3282 2883 3525 2949 vermis,
3555 2897 3666 2936 non
3698 2880 3829 2933 tinea

2214 2980 2561 3048 corrumpat.
2600 2976 2734 3033 Ideo
2766 2976 2935 3047 hujus
2966 2977 3217 3032 materia:
3245 2993 3389 3032 usus
3422 2976 3657 3048 eligitur
3680 2980 3830 3029 tecto-

2213 3087 2341 3125 rum
2401 3069 2639 3143 fastigiis
2705 3069 2996 3125 elevandis
3053 3070 3494 3142 formandisque
3547 3070 3832 3124 litterarum

2213 3164 2528 3232 elementis,
2561 3164 2768 3235 quibus
2801 3170 2938 3219 aetas
2975 3164 3206 3235 puerilis
3236 3164 3309 3218 ad
3355 3164 3617 3219 studium
3650 3161 3834 3216 Libera-

2214 3258 2281 3312 lis
2310 3257 2644 3313 eruditionis
2672 3256 2965 3312 imbuitur.
2998 3258 3093 3313 Est
3120 3273 3258 3329 ergo
3288 3257 3546 3313 materia
3572 3257 3677 3311 ista
3696 3252 3837 3308 subli-

2217 3352 2321 3405 mis
2352 3352 2419 3405 ad
2458 3352 2725 3422 gratiam,
2772 3351 2909 3405 levis
2947 3352 3016 3406 ad
3059 3367 3225 3421 onus,
3264 3351 3461 3406 suavis
3497 3351 3566 3406 ad
3609 3349 3837 3408 odorem,

2216 3446 2364 3499 utilis
2392 3444 2461 3499 ad
2501 3446 2949 3499 instrumentum
2989 3445 3260 3512 scientias,
3303 3445 3523 3500 habilis
3557 3443 3630 3499 ad
3666 3441 3836 3497 minis-

2217 3540 2422 3594 terium
2482 3539 2828 3611 cognitionis
2885 3542 3135 3594 aeternae.
3191 3539 3303 3594 Sed
3367 3535 3840 3611 quemadmodum

2214 3634 2490 3705 Sponsam
2520 3648 2677 3687 suam
2706 3632 2952 3705 diligens
2978 3632 3233 3687 Christus
3264 3632 3527 3705 urgebat
3552 3632 3625 3687 ad
3649 3628 3841 3701 cOpule

2215 3727 2478 3799 spiritalis
2510 3726 2957 3793 solemnitatem,
2987 3727 3063 3781 ita
3093 3731 3150 3781 et
3178 3727 3439 3782 Ecclesia
3464 3726 3641 3781 Verbi
3668 3725 3844 3779 decore

2207 3821 2329 3891 jam
2359 3826 2545 3892 capta,
2574 3819 2881 3875 festinabat
2905 3820 2973 3874 ad
3005 3820 3254 3892 nuptias.
3283 3822 3554 3893 Ideoque
3581 3828 3843 3874 morarum

2216 3921 2273 3969 et
2300 3914 2591 3969 dilationis
2618 3914 2950 3986 impatiens,
2978 3930 3123 3985 quas
3147 3914 3278 3969 ﬁlias
3305 3915 3636 3970 Jerusalem
3670 3915 3846 3968 innec-

2216 4014 2337 4063 tere
2366 4008 2706 4079 gestiebant,
2740 4006 2871 4063 dicit
2910 4027 2921 4062 :

2287 4105 2374 4157 23.
2420 4102 2591 4169 (Vers.
2644 4101 2752 4173 10.)
2794 4105 2906 4169 Ego
2941 4118 3145 4164 murus,
3188 4109 3236 4157 et
3286 4103 3468 4158 ubera
3517 4119 3637 4158 mea
3675 4107 3846 4155 turres.

2219 4198 2327 4250 Hoc
2376 4202 2481 4264 est,
2522 4195 2699 4252 nolite
2749 4195 3012 4250 dubitare
3056 4200 3253 4251 utrum
3302 4213 3519 4252 murus
3568 4197 3711 4260 sim;
3755 4191 3849 4246 illa!

2218 4291 2371 4345 enim
2407 4290 2676 4345 dixerant
2712 4307 2726 4344 :
2763 4292 2824 4346 Si
2857 4306 3045 4345 murus
3081 4296 3195 4355 est;
3237 4307 3381 4363 ego,
3425 4291 3643 4363 inquit,
3675 4301 3850 4343 murus

2217 4400 2364 4453 sum,
2395 4390 2449 4439 et
2479 4400 2592 4438 non
2625 4399 2798 4456 parva
2828 4384 3000 4438 ubera
3026 4384 3235 4455 habeo,
3262 4386 3365 4439 sed
3396 4390 3464 4439 ut
3487 4390 3678 4439 turres
3698 4381 3848 4436 ubera

484 4481 648 4548 turis,
677 4485 739 4533 ut
782 4494 912 4533 cum
949 4477 1127 4531 ubera
1171 4474 1446 4546 coeperint
1485 4473 1765 4538 eminere,
1800 4476 1931 4526 tunc
1974 4487 2111 4525 con-
2134 4476 2193 4549 Ι)
2219 4494 2348 4532 mea
2375 4482 2526 4531 sunt.
2558 4477 2855 4542 Quomodo
2885 4476 3087 4545 dicitis,
3117 4478 3251 4550 quia
3285 4495 3411 4533 non
3444 4478 3632 4533 habeo
3659 4472 3852 4531 ubera?

479 4574 760 4647 junctioni
800 4571 1014 4626 habiles
1041 4569 1389 4640 judicentur.
1432 4567 1697 4621 Turbata:
1736 4566 1933 4637 igitur,
1966 4565 2113 4636 quod

487 4667 672 4724 studio
711 4663 1030 4721 dilectionis
1060 4669 1259 4733 urgeat
1303 4661 1532 4732 nuptias
1568 4660 1844 4730 Sponsus,
1874 4658 2071 4713 dicunt
2102 4676 2111 4710 :

510 4750 515 4760 ’
557 4765 647 4818 20.
693 4760 835 4828 Quid
883 4759 1141 4825 faciemus
1179 4756 1351 4809 sorori
1398 4760 1611 4816 nostras,
1659 4756 1719 4807 in
1765 4753 1852 4808 die
1892 4768 2002 4821 qua
2048 4752 2116 4806 lo-

484 4862 679 4929 quetur
721 4855 776 4907 in
814 4868 893 4915 ea,
938 4850 1025 4903 vel
1062 4853 1127 4904 ut
1167 4848 1561 4919 Symmachus,
1600 4863 1707 4916 qua
1753 4846 2001 4915 loquetur
2025 4845 2119 4899 ei?

491 4952 599 5006 Hoc
625 4955 729 5016 est,
763 4947 819 5000 in
851 4943 1201 5017 sponsalium
1241 4941 1562 4996 celebritate
1605 4940 1749 4995 solet
1783 4939 1904 4994 fieri
1940 4938 2114 4992 collo-

486 5045 662 5112 cutio,
691 5045 747 5098 et
787 5038 1147 5095 confirmatio
1188 5035 1537 5107 nuptiarum.
1570 5033 1716 5098 Quid
1760 5048 1899 5104 ergo
1944 5033 2114 5086 facie-

492 5155 640 5206 mus,
671 5136 867 5191 dicunt
905 5132 1170 5198 turbatas,
1203 5130 1339 5201 quia
1382 5134 1546 5200 urget
1584 5127 1911 5198 conjunctio
1952 5126 2115 5197 spiri-

486 5216 652 5286 talis?
680 5233 723 5285 A
750 5227 927 5284 tantis
958 5224 1170 5296 nuptiis
1208 5239 1476 5278 excusare
1506 5239 1618 5277 non
1650 5226 1912 5292 possunt;
1946 5235 2117 5274 nemo

489 5326 643 5381 enim
687 5327 774 5379 est
814 5322 913 5394 qui
949 5319 1217 5391 copulam
1259 5316 1343 5371 vel
1392 5317 1601 5370 anima:
1648 5322 1703 5369 et
1745 5314 1997 5386 spiritus,
2033 5314 2119 5367 vel

485 5418 691 5476 Christi
743 5419 802 5472 et
853 5413 1114 5471 Ecclesiae
1172 5428 1286 5465 non
1334 5409 1554 5465 beatam
1608 5411 1786 5478 putet.
1832 5407 1937 5462 Sed
1986 5407 2121 5477 quia

484 5510 781 5583 plenitudo
808 5509 975 5565 Verbi
1002 5507 1089 5562 vel
1129 5505 1371 5578 Spiritus
1413 5504 1588 5558 sancti
1619 5501 1802 5556 vibrat
1827 5504 1884 5555 et
1910 5500 2118 5571 fulget,

492 5611 547 5659 et
587 5604 726 5658 nihil
767 5606 853 5657 est
896 5602 1043 5673 quod
1082 5601 1191 5655 illis
1240 5599 1419 5673 possit
1455 5596 1687 5668 aquari,
1730 5596 1854 5650 ideo
1896 5592 2119 5649 differre

556 5791 650 5855 (83)
685 5791 744 5840 In
773 5789 911 5853 psal.
942 5800 1141 5851 cxvm,
1166 5802 1328 5839 serm.
1361 5788 1441 5851 22,
1470 5803 1624 5838 num.
1652 5788 1712 5838 34
1740 5792 1789 5836 et
1817 5801 1933 5851 seq.

2217 4573 2424 4627 Sensus
2468 4572 2653 4626 habeo
2702 4575 2763 4625 ut
2810 4575 2994 4625 turres
3043 4572 3369 4643 sapientiae,
3414 4574 3479 4627 in
3534 4572 3736 4643 quibus
3780 4572 3851 4622 est

2219 4665 2586 4731 abundantia,
2635 4666 2780 4719 sicut
2820 4666 3094 4736 scriptum
3138 4669 3222 4720 est
3264 4684 3278 4720 :
3344 4690 3371 4713 «ι
3416 4668 3485 4721 Et
3524 4660 3855 4722 abundantia

2216 4760 2276 4813 in
2308 4759 2558 4813 turribus
2596 4760 2706 4813 tuis
2751 4761 2917 4828 (Psal.
2966 4776 3105 4829 cxxr,
3150 4759 3224 4831 7).
3264 4783 3293 4807 ι)
3336 4762 3433 4815 llis
3478 4758 3760 4822 uberibus,
3803 4752 3849 4807 id

2218 4856 2320 4921 est,
2349 4853 2625 4920 sensibus,
2662 4853 2913 4908 habilem
2955 4870 3014 4908 se
3055 4854 3226 4908 tantis
3270 4854 3506 4926 nuptiis
3532 4850 3851 4910 aestimabat.

2218 4946 2325 5002 Sed
2353 4947 2480 5000 tiliae
2517 4946 2829 5001 Jerusalem
2868 4945 3054 5000 adhuc
3093 4963 3205 5001 non
3240 4952 3528 5018 poterant
3565 4947 3850 5005 aestimare,

2219 5040 2355 5111 quia
2384 5056 2651 5095 sensuum
2692 5040 2814 5109 ejus
2844 5039 3253 5095 abundantiam
3297 5058 3422 5097 non
3468 5040 3752 5097 videbant.
3797 5035 3851 5089 Et

2220 5132 2436 5188 addidit
2466 5150 2477 5187 :
2891 5131 2894 5134 ’

2294 5228 2379 5282 24.
2414 5227 2590 5295 (Vers.
2638 5229 2744 5293 11.)
2776 5230 2886 5293 Ego
2924 5242 3071 5282 eram
3114 5229 3173 5281 in
3218 5230 3405 5283 oculis
3449 5229 3571 5298 ejus
3615 5235 3849 5295 tanquam

2219 5324 2500 5376 inveniens
2557 5335 2775 5390 pacem;
2829 5320 2939 5375 hoc
3005 5324 3124 5388 est,
3181 5320 3536 5378 deliberatis
3596 5322 3666 5375 de
3723 5316 3849 5372 meis

2221 5413 2502 5483 sensibus,
2533 5428 2661 5468 cum
2693 5429 2891 5484 pacem
2933 5415 3028 5469 Dei
3066 5413 3428 5479 invenerim,
3470 5432 3601 5488 quae
3628 5424 3845 5482 exsupe'

2220 5514 2311 5562 rat
2353 5523 2586 5562 omnem
2636 5510 2906 5574 mentem,
2947 5513 3004 5562 et
3050 5507 3303 5563 custodit
3348 5510 3531 5564 corda
3574 5513 3632 5562 et
3664 5518 3846 5559 sensus

2225 5601 2280 5654 in
2308 5600 2530 5657 Christo
2558 5602 2711 5655 Jesu.
2740 5601 2905 5669 Talis,
2934 5602 3137 5673 inquit,
3168 5616 3338 5657 eram
3363 5606 3422 5657 in
3445 5600 3624 5658 oculis
3645 5595 3844 5672 Sponsi.
