4072 6192
193 249 331 303 2057

1212 247 1252 302 E
1293 246 1595 305 SCRIPTIS
1632 245 1685 301 S.
1727 245 2043 302 AMBROSII
2083 245 2490 301 COLLECTUS.

3407 250 3545 303 2058

191 363 376 436 qualis
407 378 537 435 quae
566 362 740 418 habet
781 378 1012 435 pacem;
1050 363 1322 436 scriptum
1369 368 1453 419 est
1492 365 1642 418 enim
1676 381 1687 417 :
1720 366 1824 432 Qui
1845 378 1897 449 Α
1923 362 2163 418 turrium
2194 362 2467 417 excrescit
2496 362 2761 417 uberibus
2792 380 2804 417 :
2840 362 3043 430 donec,
3074 363 3255 418 soluto
3296 364 3540 420 obsidio-

190 463 334 513 recte
354 461 606 528 quarunt
625 472 831 528 pacem,
865 456 1202 527 gaudebunt.

270 579 520 654 1617
554 584 643 637 25.
674 582 848 651 (Vers.
885 584 989 651 12.)
1024 582 1130 652 (84)
1162 603 1191 631 ‹‹
1221 584 1358 653 Ego,
1385 582 1591 654 inquit,
1623 582 1818 636 civitas

191 674 446 744 munita,
486 691 593 745 ego
632 675 828 730 civitas
872 675 1097 731 obsessa
1130 676 1277 745 (Isa.,
1317 692 1480 743 xxvn,
1526 676 1629 743 10).
1666 696 1693 724 ››
1723 674 1819 730 His

193 767 460 823 munitur
508 768 706 836 muris,
751 768 842 824 his
890 768 1120 823 obsessa
1171 768 1512 825 defenditur.
1571 769 1638 823 Et
1687 784 1819 823 vere

191 877 399 916 murus
424 861 634 929 anima,
664 878 792 932 quas
829 862 1209 932 praetenditur
1232 863 1292 917 in
1322 862 1535 917 castris.
1566 861 1725 916 Unde
1762 864 1821 916 et

189 954 319 1025 ipsa
347 955 429 1009 ait
453 954 510 1008 in
538 955 781 1012 Canticis
817 975 828 1010 :
860 958 973 1025 Ego
998 971 1207 1019 murus,
1244 962 1294 1011 et
1332 956 1499 1011 ubera
1526 971 1644 1010 mea
1678 957 1821 1011 sicut

186 1053 369 1103 turres
395 1048 563 1118 (vers.
597 1050 703 1115 10).
753 1049 931 1103 Bonus
970 1065 1168 1103 murus
1205 1065 1377 1120 quem
1422 1049 1604 1120 pinxit
1635 1049 1819 1104 Domi-

183 1156 320 1209 nus,
348 1141 492 1195 sicut
516 1140 634 1212 ipse
662 1142 744 1196 ait
772 1159 784 1195 :
819 1162 845 1193 α
876 1143 939 1196 In
970 1141 1229 1197 manibus
1261 1142 1401 1198 meis
1440 1142 1592 1213 pinxi
1624 1158 1820 1197 muros

184 1238 342 1303 tuos,
365 1241 425 1289 et
449 1234 508 1289 in
533 1238 839 1306 conspectu
863 1251 993 1290 meo
1018 1252 1078 1289 es
1097 1251 1327 1307 semper
1345 1237 1498 1305 (lsa.,
1522 1252 1666 1304 xle,
1688 1237 1764 1305 6).
1792 1258 1817 1285 ι)

180 1326 337 1381 Bona
375 1325 571 1381 anima
605 1343 734 1399 quae
774 1327 950 1382 habet
984 1317 1399 1399 speculatorem
1431 1330 1629 1396 Deum,
1670 1331 1728 1383 et
1759 1329 1817 1382 in

184 1418 462 1475 manibus
497 1421 620 1491 ejus
658 1426 770 1490 est;
804 1422 950 1476 sicut
985 1422 1177 1477 anima
1215 1423 1558 1493 prophetica,
1594 1439 1723 1493 quae
1763 1422 1817 1476 in

184 1528 399 1568 manus
433 1513 530 1569 Dei
564 1514 1005 1570 commendatur
1049 1522 1110 1570 ut
1140 1514 1371 1587 spiritus
1398 1518 1559 1582 (Psal.
1589 1531 1715 1584 xxx,
1745 1518 1816 1586 6),

185 1610 249 1660 et
275 1622 411 1677 quae
444 1607 502 1661 in
531 1611 835 1678 conspectu
864 1609 961 1663 Dei
1000 1614 1085 1664 est
1118 1626 1131 1664 :
1167 1628 1195 1658 «
1219 1609 1378 1665 Oculi
1405 1609 1559 1665 enim
1592 1610 1820 1664 Domini

183 1700 567 1771 superjustos
588 1702 757 1772 (Psal.
780 1718 962 1771 xxxm,
989 1702 1106 1773 l6);
1133 1721 1160 1754 ii
1184 1702 1327 1758 sicut
1345 1706 1403 1757 et
1422 1703 1543 1774 ipse
1566 1704 1683 1757 ait:
1707 1706 1820 1771 Ego
1840 1732 1897 1803 B

181 1809 342 1848 eram
381 1796 441 1848 in
472 1794 640 1849 oculis
664 1796 780 1864 ejus
811 1802 1071 1865 tanquam
1112 1797 1379 1852 inveniens
1402 1812 1607 1866 pacem.
1643 1797 1820 1851 Bonas

181 1893 381 1941 turres
413 1886 602 1954 habet,
631 1903 761 1959 quas
798 1888 972 1944 habet
1000 1894 1058 1943 et
1084 1888 1152 1944 de
1182 1888 1654 1959 intelligibiiibus,
1693 1906 1815 1945 ver-

182 1978 360 2048 bum,
400 1983 461 2035 et
491 1980 561 2037 de
591 1981 902 2036 moralibus
927 1981 1305 2053 disciplinam.
1351 1984 1456 2052 (85)
1487 1983 1820 2038 Festinanti-

180 2072 292 2128 bus
321 2072 502 2144 igitur
526 2073 730 2130 dilecto
760 2080 931 2146 atque
957 2073 1177 2141 dilecta,
1216 2075 1502 2130 celebrata
1537 2077 1816 2147 conjunc-

180 2166 264 2221 tio
295 2166 569 2237 spiritalis
594 2171 699 2235 est,
730 2172 928 2223 mutuo
962 2167 1209 2239 expetita
1237 2184 1537 2225 consensu.
1571 2170 1819 2242 ideoque

182 2266 471 2332 tanquam
499 2260 753 2333 nuptiale
789 2277 999 2317 canens
1029 2277 1285 2327 carmen,
1315 2262 1607 2318 exsultavit
1641 2263 1816 2334 Spiri-

184 2358 277 2408 tus
303 2353 367 2408 in
397 2353 681 2425 propheta
706 2354 900 2410 dicens
929 2374 943 2409 :

256 2480 356 2533 26.
395 2479 570 2547 (Vers.
612 2482 722 2547 11.)
766 2481 940 2535 Vinea
976 2482 1131 2548 facta
1169 2488 1249 2537 est
1281 2484 1561 2540 Salomoni
1597 2487 1653 2536 in
1690 2486 1818 2539 Bee-

190 2573 413 2636 tamon;
453 2571 603 2626 dedit
644 2573 857 2627 vineam
892 2588 1050 2628 suam
1089 2578 1159 2632 iis
1205 2578 1303 2645 qui
1331 2582 1567 2631 servant.
1604 2577 1824 2633 Clamat

189 2680 334 2735 ergo
363 2663 629 2735 Spiritus.
662 2664 920 2720 Plantata
947 2672 1032 2721 est
1058 2669 1427 2740 congregatio
1457 2670 1819 2740 populorum,

190 2758 286 2811 sed
334 2756 463 2811 vitis
504 2761 734 2813 internus
780 2758 969 2814 radice
1004 2759 1254 2828 fundata,
1301 2769 1359 2815 et
1401 2763 1675 2833 spiritalia
1719 2764 1823 2818 sub

180 2851 399 2921 jugum
424 2849 592 2905 Verbi
617 2850 786 2906 corde
823 2858 1119 2908 mansueto
1148 2853 1320 2909 corda
1358 2855 1618 2926 subjecit.
1653 2858 1820 2912 Plan—

189 2946 308 2998 tata
336 2949 534 2997 autem
568 2949 655 2998 est
681 2945 740 2998 in
782 2946 1144 3001 multitudine
1172 2947 1493 3004 nationum.
1525 2951 1636 3005 Hoc
1668 2951 1825 3006 enim

190 3035 636 3107 intelligendum
662 3038 965 3107 Beelamon,
997 3038 1393 3111 Symmachus,
1424 3043 1643 3113 Aquila,
1677 3043 1827 3098 aliaa-

384 3093 417 3107 ν
950 3093 964 3107 ι
1017 3093 1088 3111 ,ν
1426 3093 1643 3113 μνη-ι
1680 3093 1802 3098 mm

188 3145 303 3201 que
334 3129 727 3185 translationes
752 3130 948 3186 Graeco
978 3148 1241 3188 sermone
1270 3133 1609 3189 docuerunt.
1645 3093 1901 3208 Repn-C

191 3221 356 3277 diata
396 3225 482 3277 est
528 3229 689 3278 vetus
732 3223 940 3295 copula
982 3241 1111 3297 quas
1159 3226 1405 3280 fructum
1461 3227 1665 3283 afferre
1714 3245 1826 3283 non

192 3317 447 3386 poterat,
463 3313 592 3369 data
621 3319 708 3370 est
732 3316 901 3372 vinea
921 3317 1079 3373 novis
1102 3318 1477 3390 fidelibusque
1498 3321 1825 3389 cultoribus,

190 3409 290 3480 qui
336 3423 456 3462 non
502 3409 684 3463 solum
725 3410 912 3465 facere
949 3410 1194 3465 fructum
1241 3417 1489 3483 possent,
1529 3414 1628 3469 sed
1655 3416 1827 3469 etiam

193 3503 510 3559 custodire.
539 3502 656 3558 Una
681 3502 860 3575 igitur
902 3503 1022 3559 ovis
1060 3505 1290 3572 erravit,
1319 3506 1417 3560 sed
1458 3509 1720 3562 revocata
1750 3511 1829 3561 to-

192 3599 307 3653 tius
336 3599 517 3669 spatia
542 3598 694 3653 orbis
720 3598 996 3668 implevit.
1021 3598 1207 3653 Unam
1228 3615 1388 3653 ovem
1408 3616 1569 3654 error
1586 3600 1829 3656 abduxe-

195 3696 301 3758 rat,
365 3689 460 3745 sed
511 3690 938 3746 multitudinem
985 3691 1326 3763 populorum
1375 3693 1596 3747 Domini
1649 3694 1828 3764 gratia

197 3785 593 3856 congregavit.
620 3784 838 3839 Erravit
863 3784 1053 3852 homo,
1081 3785 1176 3840 sed
1208 3785 1264 3839 in
1291 3786 1528 3840 Ecclesia
1550 3786 1670 3856 jam
1705 3804 1825 3841 mu-

196 3894 291 3933 rus
325 3883 413 3933 est
439 3884 497 3932 et
534 3893 734 3932 murus
771 3877 1008 3933 validus.
1047 3878 1263 3932 Erravit
1306 3878 1500 3944 Adam,
1528 3896 1724 3934 murus
1749 3886 1830 3935 est

200 3970 403 4035 David,
442 3970 540 4043 qui
570 3972 841 4027 mandata
878 3971 974 4025 Dei
1006 3969 1212 4025 oblitus
1255 3987 1369 4025 non
1406 3975 1510 4027 est.
1540 3972 1831 4028 Custodita

197 4065 384 4136 igitur
405 4069 460 4119 et
487 4065 689 4120 vallata
716 4066 837 4120 haec
862 4064 1027 4120 vinea
1047 4064 1366 4119 munimine
1387 4064 1649 4136 spiritali,
1673 4066 1829 4122 mille

197 4157 418 4213 fructus
456 4157 553 4213 dat
581 4158 821 4225 Christo,
847 4159 1123 4214 ducentos
1162 4164 1352 4213 autem
1394 4158 1607 4213 fructus
1638 4163 1826 4215 custo-

201 4250 390 4320 dibus,
422 4251 664 4323 ideoque
690 4252 773 4307 ait
799 4251 1043 4308 Ecclesia
1070 4268 1083 4307 :

269 4380 365 4430 '27.
394 4375 573 4447 (Vers.
620 4376 728 4446 12.)
774 4379 915 4434 Vitis
952 4392 1073 4432 mea
1116 4381 1174 4432 in
1212 4383 1490 4448 conspectu
1536 4393 1648 4433 meo
1685 4378 1833 4433 mitte

1922 458 2008 511 nis
2056 456 2272 511 hostilis
2309 457 2561 526 incursu,
2609 472 2805 527 pacem
2851 455 3053 511 validas
3085 456 3375 527 juventuti
3419 474 3540 513 ma—

1919 554 2095 605 ternas
2123 549 2384 621 praesidio
2413 548 2635 605 virtutis
2673 548 2949 621 acquirat.
2981 548 3141 604 Unde
3179 552 3237 604 et
3260 551 3542 622 Propheta

1920 643 1996 697 ait
2031 660 2043 697 :
2079 664 2105 692 ι(
2136 642 2256 697 Fiat
2280 659 2384 713 pax
2412 643 2469 697 in
2499 640 2707 697 virtute
2735 647 2855 709 tua,
2877 647 2932 695 et
2961 640 3314 697 abundantia
3342 643 3398 697 in
3430 647 3541 699 tur-

1921 735 2075 791 ribus
2105 736 2217 791 tuis
2247 735 2414 807 (Psal.
2452 751 2596 803 cxxi,
2626 735 2701 805 7).
2737 758 2762 784 »

1991 832 2078 885 28.
2110 831 2284 901 (Vcrs.
2319 831 2427 897 13.)
2460 829 2574 901 (87)
2601 830 2709 898 Qui
2746 829 2891 884 sedes
2931 832 2989 883 in
3032 831 3224 892 hortis,
3267 834 3428 885 amici
3464 836 3545 886 in-

1921 923 2193 981 tendenles
2218 925 2336 977 voci
2365 928 2488 986 tuae,
2522 938 2701 978 vocem
2742 928 2893 977 tuum
2933 926 3155 978 insinua
3196 924 3348 979 mihi.
3384 925 3541 980 ideo-

1922 1032 2031 1088 que
2070 1016 2187 1070 haec
2224 1016 2417 1070 anima
2457 1015 2672 1071 habens
2717 1015 2960 1086 gratiam
3003 1033 3237 1071 suorum
3281 1016 3543 1081 uberum,

1921 1108 2242 1180 ingreditur
2286 1108 2341 1163 in
2391 1108 2606 1175 hortos,
2654 1114 2711 1162 et
2759 1108 3057 1163 inveniens
3100 1109 3212 1164 illic
3263 1110 3542 1180 Sponsum

1921 1201 2214 1257 sedentem
2241 1206 2295 1256 et
2320 1201 2705 1273 disputantem
2733 1217 2861 1256 cum
2882 1202 3096 1270 amicis,
3121 1202 3201 1255 ait
3225 1218 3238 1256 ε
3269 1202 3377 1268 Qui
3396 1204 3544 1259 sedes

1922 1298 1978 1351 in
2023 1297 2216 1360 hortis,
2261 1311 2435 1350 vocem
2478 1300 2624 1349 tuam
2658 1297 2873 1350 insinua
2917 1295 3083 1359 mihi;
3132 1295 3292 1361 mihi,
3336 1296 3542 1367 inquit,

1922 1405 2034 1444 non
2065 1388 2279 1443 amicis.

1994 1485 2078 1536 29.
2128 1482 2239 1551 (88)
2288 1483 2392 1549 Qui
2442 1483 2589 1537 sedes
2640 1484 2697 1536 in
2749 1483 2953 1544 hortis,
3001 1486 3163 1536 amici
3210 1485 3545 1540 intendentrs

1920 1578 2036 1631 voci
2083 1579 2207 1636 tua,
2250 1590 2425 1630 vocem
2475 1580 2627 1629 tuam
2679 1577 2899 1630 insinua
2946 1575 3098 1630 mihi.
3151 1575 3535 1632 Delectabatur

1922 1668 2076 1723 enim
2109 1668 2257 1739 quod
2284 1670 2340 1721 in
2379 1668 2556 1721 hortis
2592 1666 2851 1723 Christus
2886 1668 3135 1735 sedebat,
3168 1672 3224 1723 et
3261 1670 3317 1723 in
3358 1670 3563 1743 hortis,

1920 1761 2090 1834 positi
2122 1761 2291 1816 amici
2322 1761 2693 1816 intendebant
2732 1761 2853 1815 voci
2886 1762 3039 1832 ejus;
3071 1762 3169 1817 sed
3210 1763 3341 1834 quia
3378 1765 3545 1819 amici

1920 1854 2001 1908 illi
2029 1854 2099 1908 de
2133 1855 2448 1909 ccelestibns
2474 1858 2660 1921 erant,
2692 1854 3032 1925 Archangeli
3073 1855 3156 1909 vel
3196 1856 3540 1912 Dominatio-

1924 1963 2023 2002 nes
2060 1953 2116 2003 et
2145 1947 2355 2002 Throni
2400 1947 2687 2017 (homines
2717 1947 2871 2001 enim
2913 1948 3130 2019 expulsi
3172 1948 3244 2003 de
3282 1950 3543 2021 paradiso

1924 2042 2152 2095 fuerant
2181 2045 2418 2113 propter
2442 2040 2889 2096 inobedientiam
2910 2041 3226 2097 caelestium
3256 2030 3565 2099 mandato?

1923 2151 2072 2200 rum,
2105 2140 2274 2205 atque
2306 2134 2435 2189 ideo
2463 2135 2651 2190 adhuc
2688 2135 2938 2191 Ecclesia
2968 2152 3162 2191 vocem
3203 2137 3325 2208 ejus
3350 2137 3546 2193 audire

1923 2244 2037 2283 non
2061 2231 2303 2299 poterat,
2326 2244 2498 2300 quam
2523 2228 2785 2301 cupiebat
2804 2229 3042 2300 audire),
3065 2229 3195 2285 ideo
3217 2229 3331 2285 ait:
3360 2232 3569 2289 Vocem.

1925 2329 2075 2377 tuam
2116 2323 2341 2376 insinua
2379 2322 2533 2376 mihi.
2573 2322 2730 2377 Unde
2774 2326 2832 2376 et
2865 2339 2985 2391 nos,
3025 2323 3071 2377 si
3109 2324 3367 2378 volumus
3416 2341 3549 2380 eum

1922 2416 1981 2469 in
2024 2414 2192 2469 nobis
2234 2414 2451 2482 sedere,
2490 2415 2667 2469 simus
2705 2414 2854 2469 horti
2895 2415 3069 2469 clausi
3114 2421 3282 2487 atque
3322 2417 3547 2484 muniti,

1925 2508 2175 2563 feramus
2208 2508 2480 2563 virtutum
2519 2507 2703 2576 flores,
2732 2507 2927 2577 gratias
2955 2508 3314 2576 suavitatem,
3341 2514 3406 2565 ut
3436 2510 3547 2565 dis-

1925 2605 2219 2673 putantem
2248 2618 2378 2657 cum
2400 2601 2620 2673 angelis
2651 2600 2957 2657 Dominum
2977 2602 3169 2657 Jesum
3197 2603 3393 2658 audire
3424 2590 3563 2674 pos--

1926 2697 2124 2751 simus.
2155 2697 2257 2752 Sed
2292 2696 2423 2766 quia
2454 2695 2713 2750 futurum
2758 2700 2900 2762 erat,
2938 2699 2996 2750 ut
3029 2712 3158 2749 cum
3197 2695 3270 2750 ad
3301 2697 3549 2767 plenitu-

1926 2790 2118 2845 dinem
2162 2789 2404 2844 Ecclesia
2444 2788 2813 2859 pervenisset,
2856 2788 3346 2858 persecutionibus
3385 2790 3553 2846 variis

1926 2888 2259 2947 tentaretur,
2317 2880 2445 2934 ideo
2502 2896 2631 2934 cum
2688 2880 2853 2934 Verbi
2914 2881 3098 2952 gratia
3154 2882 3549 2951 delectaretur,

1930 2976 2116 3030 subito
2170 2973 2352 3028 cernit
2401 2973 2634 3027 insidias
2680 2978 3131 3044 persecutorum,
3172 2978 3231 3031 et
3269 2991 3395 3047 quae
3428 2976 3556 3048 plus

1926 3072 2139 3140 Sponso
2174 3083 2345 3137 quam
2388 3065 2489 3120 sibi
2531 3066 2778 3136 timeret,
2809 3072 2907 3123 aut
2937 3067 3070 3139 quia
3103 3085 3137 3122 a
3176 3071 3551 3140 persecutori.

1925 3162 2030 3216 bus
2055 3160 2310 3217 Christus
2340 3160 2521 3230 magis
2547 3159 2843 3231 appetitur
2866 3161 2925 3215 in
2964 3160 3148 3228 nobis,
3184 3161 3309 3218 ideo
3335 3163 3414 3218 ait
3440 3181 3454 3217 :

1998 3256 2085 3309 30.
2135 3254 2309 3321 (Vers.
2352 3252 2461 3319 14.)
2495 3255 2658 3321 Fuge,
2699 3255 2878 3320 frater
2918 3270 3083 3318 meus,
3126 3260 3175 3311 et
3214 3257 3409 3313 similis
3445 3264 3556 3312 esto

1930 3356 1989 3402 tu
2014 3348 2278 3418 capreotae
2305 3353 2403 3402 aut
2429 3348 2661 3402 hinnuio
2686 3363 2985 3411 cervorum,
3013 3365 3177 3419 super
3202 3357 3407 3406 montes
3428 3342 3551 3407 aro-

1927 3447 2152 3496 matum.
2181 3441 2416 3511 Propter
2442 3440 2700 3494 infirmos
2725 3441 2892 3511 fugit,
2924 3442 3022 3513 qui
3050 3446 3404 3498 tentameuta
3431 3460 3556 3516 gra-

1928 3534 2085 3588 viora
2121 3534 2274 3588 ferre
2314 3549 2429 3588 non
2474 3539 2728 3603 possent.
2763 3533 2897 3589 Ideo
2937 3535 3210 3605 scriptum
3252 3540 3355 3604 est,
3394 3543 3452 3591 ut
3487 3539 3556 3591 de

1927 3626 2254 3681 civitatibus
2292 3625 2363 3680 ad
2404 3625 2656 3681 civitates
2695 3626 3015 3697 fugiamus;
3045 3631 3101 3682 et
3129 3628 3174 3681 si
3213 3645 3315 3682 nos
3358 3629 3415 3683 in
3453 3630 3557 3684 hac

1928 3719 2150 3775 civitate
2182 3718 2398 3774 fuerint
2426 3720 2724 3790 persecuti,
2752 3720 3037 3790 fugiamus
3067 3721 3121 3774 in
3163 3721 3360 3775 aliam.
3391 3722 3559 3794 Prop-

1932 3821 2017 3869 ter
2039 3812 2296 3868 inﬁrmos
2324 3812 2517 3884 igitur,
2541 3819 2604 3868 ut
2630 3812 2894 3881 diximus,
2919 3812 3101 3883 fugiat
3131 3819 3554 3887 persequentes,

1930 3910 2031 3963 aut
2059 3906 2243 3978 fugiat
2266 3906 2337 3960 ab
2364 3905 2596 3971 infimis,
2628 3910 2682 3959 et
2711 3909 2958 3960 transeat
2986 3907 3055 3961 ad
3087 3912 3307 3961 montes
3331 3924 3552 3962 aroma-

1932 4005 2077 4068 tum,
2110 4000 2205 4071 qui
2240 4015 2344 4071 pro
2373 3999 2646 4069 martyrio
2675 3998 2912 4053 odorem
2942 4000 3121 4070 possit
3151 4000 3337 4059 beata:
3365 4017 3553 4057 resur-

1934 4094 2198 4150 rectionis
2229 4091 2411 4165 161
2522 4092 2745 4148 afferre.
2779 4093 2993 4147 Montes
3027 4099 3347 4147 aromatum
3379 4096 3555 4151 sancti

1931 4192 2082 4242 sunt.
2118 4187 2203 4240 Ad
2230 4203 2326 4240 eos
2351 4186 2610 4257 confugit
2634 4187 2907 4254 Christus,
2936 4187 3072 4258 quia
3105 4209 3131 4237 «
3162 4187 3559 4243 Fundamenta

1931 4282 2054 4351 ejus
2084 4282 2140 4335 in
2183 4280 2473 4335 montibus
2499 4280 2706 4335 sanctis
2733 4281 2900 4350 (Psal.
2944 4296 3160 4347 1.xxxv1,
3194 4282 3264 4349 1).
3300 4303 3325 4326 ιι
3355 4282 3433 4335 Ad
3464 4298 3561 4338 eos

1932 4373 2109 4445 igitur
2130 4374 2413 4445 confugit,
2441 4374 2539 4444 qui
2571 4378 2701 4427 sunt
2738 4374 2858 4443 ejus
2896 4374 3124 4428 stabilia
3164 4373 3556 4429 fundamenta.

201 4470 501 4531 Salomoni,
529 4475 581 4525 et
620 4470 838 4525 ducenti
874 4472 1216 4527 servantibus
1257 4472 1524 4539 fructum.
1557 4456 1910 4528 PerfectioD
1936 4469 1995 4522 In
2029 4468 2188 4522 nobis
2226 4467 2391 4535 fugit,
2433 4467 2487 4519 in
2532 4466 2639 4520 illis
2678 4466 2791 4520 tida
2823 4466 3071 4520 statione
3101 4466 3373 4521 subsistit.
3403 4468 3559 4523 Mons

205 4569 259 4617 et
295 4562 595 4634 plenitudo
637 4563 842 4620 Christi
879 4567 965 4619 est
1004 4565 1189 4636 portio
1227 4565 1608 4637 parvulorum.
1654 4565 1831 4620 Habes

207 4654 316 4710 hoc
370 4643 703 4727 mysterium
734 4642 816 4711 'in
878 4657 1109 4726 Genesi,
1167 4657 1263 4711 ubi
1322 4657 1579 4729 quinque
1647 4661 1831 4729 partes

209 4746 508 4819 Benjamin
560 4747 722 4803 fratri
763 4749 986 4820 juniori
1035 4749 1238 4805 tribuit
1288 4749 1517 4820 .loseph,
1576 4749 1830 4821 singulas

206 4840 440 4913 reliquis
482 4841 754 4897 fratribus
802 4842 974 4913 (Gem,
1020 4858 1168 4911 xLlu,
1219 4843 1329 4916 34).
1377 4843 1614 4898 1)οωίηο
1659 4844 1834 4914 igitur

208 4935 460 5006 quinque
494 4951 765 4991 sensuum
800 4937 989 5008 portio
1033 4941 1093 4991 et
1133 4937 1509 5010 praerogativa
1551 4935 1829 5005 defertur,

212 5041 379 5097 quam
423 5027 506 5083 illi
556 5029 753 5102 utique
800 5030 997 5086 tribuit
1044 5031 1167 5103 ipse
1216 5049 1389 5104 quem
1437 5030 1643 5102 diligit,
1691 5031 1833 5085 sicut

213 5118 403 5176 dilexit
441 5125 498 5177 et
540 5123 796 5191 Paulum,
838 5123 929 5178 cui
975 5124 1128 5179 dedit
1165 5125 1237 5180 ad
1281 5129 1481 5197 gentes
1520 5123 1832 5181 evncandas

215 5213 497 5284 sapientiae
561 5204 966 5288 principatum.
1019 5218 1125 5290 (86)
1191 5218 1449 5273 Facessat
1510 5218 1599 5273 hic
1664 5217 1833 5272 sacris

218 5303 520 5377 virginibus
577 5314 781 5378 metus,
838 5311 1044 5382 quibus
1094 5314 1244 5365 tanta
1312 5310 1575 5382 praesidia
1641 5309 1834 5365 tribuit

219 5399 461 5468 primum
500 5402 762 5470 Ecclesia,
795 5420 923 5477 quae
962 5408 1175 5459 teneras
1217 5404 1391 5476 prolis
1430 5404 1669 5459 sollicita
1708 5419 1829 5457 suc-

220 5505 389 5561 cessu,
426 5494 550 5567 ipsa
590 5495 755 5567 quasi
793 5512 997 5552 murus
1038 5497 1463 5553 abundantibus
1505 5498 1558 5552 in
1605 5496 1832 5551 modum

242 5586 245 5589 ῆ
278 5616 373 5676 (84)
396 5617 513 5669 Lib.
540 5618 616 5668 De
638 5617 777 5681 bono
804 5621 1015 5676 mortis,
1043 5634 1091 5670 c.
1118 5621 1168 5681 ὅ,
1196 5632 1348 5670 num.
1384 5620 1462 5669 18.

282 5685 376 5751 (85)
404 5688 465 5740 In
492 5680 867 5754 psaL'cxvui,
893 5702 1055 5742 serui.
1106 5690 1185 5749 22,
1229 5703 1380 5740 num.
1424 5690 1485 5740 40
1524 5691 1579 5739 in
1611 5689 1741 5749 ﬁne,
1778 5690 1829 5740 41
1866 5736 1899 5767 ν»

222 5766 334 5822 Μ.
534 5849 811 5915 ΡΑτιιοι..
864 5850 963 5914 XV
1012 5849 1188 5929 (XIV,
1240 5870 1393 5914 uas
1442 5849 1544 5935 ll.)

1932 4562 2110 4632 igitur
2156 4564 2472 4615 aromatum
2522 4559 2727 4613 Paulus
2775 4565 2880 4638 est,
2908 4558 3027 4634 .qui
3074 4564 3257 4630 potest
3305 4559 3493 4615 dicere
3541 4578 3555 4617 :

1936 4680 1959 4695 ·‹
2007 4656 2188 4708 Bonus
2219 4654 2361 4707 odor
2403 4652 2607 4706 Christi
2648 4668 2845 4705 sumus
2878 4652 2991 4706 Deo
3021 4653 3081 4721 (ll
3109 4653 3250 4715 Cor.,
3295 4670 3354 4723 ιι,
3387 4657 3494 4726 15).
3526 4678 3553 4704 n

1932 4749 2089 4802 Mons
2119 4752 2439 4801 aromatum
2474 4746 2675 4813 David,
2708 4746 2869 4815 cujus
2894 4746 3169 4801 orationis
3196 4748 3338 4803 odor
3360 4763 3552 4803 ascen-

1932 4841 2098 4896 debat
2133 4841 2204 4894 ad
2246 4840 2577 4905 Dominum,
2622 4844 2677 4893 et
2714 4839 2843 4894 ideo
2889 4840 3113 4895 dicebat
3149 4859 3161 4894 ε
3211 4862 3237 4889 ‹‹
3271 4841 3559 4913 Dirigatur

1932 4934 2114 4990 oratio
2158 4950 2283 4989 mea
2315 4934 2459 4988 sicut
2490 4933 2786 4987 incensum
2829 4934 2886 4987 in
2918 4939 3224 5005 conspectu
3269 4939 3363 4990 tuo
3389 4935 3553 5001 (Psal.

1936 5045 2053 5094 CXL,
2083 5030 2156 5095 2).
2188 5048 2216 5077 ιι
2248 5051 2255 5055 τ

2004 5125 2091 5176 31.
2115 5120 2492 5191 Symmachus
2514 5127 2704 5175 tamen
2728 5123 2787 5177 et
2806 5121 2999 5192 Aquila
3022 5121 3379 5191 interpretati
3406 5125 3557 5189 sunt,

1934 5215 2087 5286 quod
2126 5214 2380 5271 Christus
2434 5214 2568 5268 dicit
2619 5214 2687 5268 ad
2741 5213 3059 5268 Ecclesiam‘
3091 5214 3127 5267 :"
3154 5214 3283 5280 Quae
3316 5212 3563 5270 sedes‘in

1935 5310 2121 5370 hortis,
2153 5307 2262 5363 hoc
2304 5310 2408 5375 est,
2433 5308 2555 5378 jam
2596 5308 2651 5361 in
2689 5306 2867 5372 hortis
2902 5306 3085 5371 sedes,
3116 5322 3362 5377 superno
3391 5298 3565 5378 digna

1936 5418 1997 5457 es
2024 5400 2324 5473 paradiso;
2354 5406 2411 5455 et
2448 5400 2573 5455 ideo
2620 5402 2805 5456 Vocem
2849 5404 2995 5454 tuam
3035 5402 3254 5454 insinua
3288 5401 3444 5464 mihi,
3476 5390 3565 5481 cui

1937 5497 2099 5551 amici
2146 5494 2475 5559 intendunt;
2530 5510 2638 5564 ego
2693 5509 2920 5564 quoque
2973 5508 3095 5546 eam
3159 5482 3357 5548 audire
3411 5494 3571 5549 desi-.

1998 5618 2094 5683 (86)
2126 5617 2246 5669 Lib.
2277 5629 2295 5667 ι
2321 5616 2385 5666 de
2421 5616 2588 5679 Virg.,
2612 5627 2735 5678 cap.
2762 5614 2811 5675 8,
2833 5626 2987 5665 num.
3012 5614 3089 5665 49.
3178 5660 3183 5664 .

2002 5690 2096 5752 (87)
2123 5687 2241 5739 Lib.
2269 5688 2344 5737 De
2370 5686 2505 5737 bona
2531 5688 2714 5743 mort,
2740 5698 2790 5736 c.
2813 5684 2866 5746 5,
2895 5696 3051 5734 num.
3082 5685 3159 5735 18.
3203 5749 3206 5752 ,

2001 5758 2099 5818 (88)
2133 5757 2193 5807 In
2220 5756 2360 5821 paul.
2389 5766 2589 5819 cxvm,
2619 5766 2785 5841 serm.
2810 5753 2892 5817 22,
2918 5766 3075 5806 num.
3099 5754 3163 5806 13
3190 5768 3307 5821 seq.

3168 5853 3245 5911 63
