4000 6166
531 166 662 215 2059
1847 150 1852 151 '
2077 135 2080 138 ’
2100 151 2412 208 AMBRUSII
3678 159 3778 210 tum

526 285 678 335 dero.
725 279 901 350 Coepit
947 279 1003 332 in
1047 277 1221 332 hortis
1267 294 1389 330 esse
1434 276 1701 335 Ecclesia,
1751 283 2050 346 postquam
2095 275 2148 328 in
2177 273 2553 357 Ascientiam
2602 290 2785 335 suam,
2831 272 2989 324 illum
3038 270 3263 324 oculum
3317 270 3554 338 mundet,
3596 291 3649 328 ne
3684 280 3779 348 quid

527 375 702 428 hortis
734 377 932 444 captus
965 379 1049 425 est
1079 371 1350 425 Christus.
2257 365 2550 420 sordidum
2591 365 2816 420 habeat.
2866 363 3028 428 Quod
3069 363 3224 416 enim
3267 363 3498 429 videtur,
3533 381 3626 419 non
3663 367 3789 423 debet

598 470 685 522 32.
719 465 826 536 (89)
853 468 1015 534 Fuge,
1043 466 1219 532 frater
1257 479 1419 525 meus,
1451 467 1500 516 et
1528 463 1720 516 similis
1757 464 1964 530 efﬁcere
2003 476 2154 515 cervo
2255 459 2545 513 dissonare
2576 459 2644 512 ab
2671 473 2738 512 eo
2767 458 2865 528 qui
2903 456 3086 524 videt;
3118 454 3388 527 quoniam
3423 457 3691 513 contormes
3714 479 3790 515 nos

528 566 626 614 aut
668 560 892 614 hinnulo
937 561 1096 620 cervi,
1137 559 1198 611 in
1244 563 1447 611 montes
1491 562 1816 609 aromatum.
1862 553 2149 624 Serpenti-
2255 553 2401 607 Deus
2423 552 2692 621 imaginis
2724 550 2906 606 voluit
2935 566 3055 604 esse
3089 549 3210 604 Filii
3235 549 3340 603 sui.

525 653 613 708 nis
660 653 813 707 enim
870 650 1084 706 invisus
1140 649 1409 715 colubris,
1468 653 1525 702 et
1569 647 1872 718 etfugitans
1925 663 2149 713 canum,
2324 647 2413 700 34.
2442 644 2747 716 Cognitum
2789 643 2964 715 igitur
3005 643 3164 697 nobis
3204 645 3290 697 est
3330 641 3464 696 illud
3498 642 3693 713 bonum,
3716 665 3794 702 nec

527 752 696 819 atque
727 745 886 800 humi
916 743 1270 816 reptantibus
1297 743 1537 797 infestus
1565 741 1948 812 serpentibus,
1975 739 2155 794 nescit
2255 741 2423 810 longe
2464 743 2546 793 est
2585 738 2655 793 ab
2701 753 3042 808 unoquoque
3085 741 3342 791 nostrum
3371 753 3384 789 :
3415 756 3440 784 ‹‹
3470 737 3526 790 In
3559 737 3658 807 ipso
3681 741 3798 796 enim

528 840 785 896 habitare
821 839 931 893 nisi
971 838 1026 892 in
1071 836 1412 892 sublimitate
1454 835 1752 901 virtutum,
1783 833 1956 888 nescit
1998 849 2152 887 com-
2257 832 2512 901 vivimus,
2567 832 2854 898 adsumus,
2910 833 2969 884 et
3018 845 3345 898 movemur;
3394 828 3552 900 ipsius
3595 832 3721 886 enim
3761 841 3800 887 et

528 933 742 988 morari
774 933 885 987 nisi
927 929 1132 986 talibus
1178 930 1437 985 Ecclesia
1478 928 1724 996 filiabus,
1753 944 1880 998 quae
1923 930 2157 998 possunt
2257 940 2437 995 genus
2471 941 2669 980 sumus
2697 925 2860 994 (Act,
2902 939 3032 990 xvu,
3063 922 3178 992 28),
3207 945 3232 973 ››
3263 927 3328 977 ut
3360 922 3628 993 Apostolus
3660 926 3800 995 genti-

531 1028 715 1082 dicerc
773 1045 786 1081 :
845 1025 1050 1081 Christi
1100 1026 1242 1079 enim
1298 1023 1467 1077 bonus
1518 1021 1649 1076 odor
1695 1037 1878 1076 sumus
1931 1023 2031 1076 Deo
2087 1021 2154 1090 (ll
2256 1021 2339 1072 les
2381 1019 2557 1073 voluit
2605 1033 2862 1072 monere.
2902 1019 3092 1087 Ipsum
3143 1021 3228 1071 est
3270 1014 3426 1070 enim
3472 1015 3658 1070 bonum
3691 1019 3804 1088 quod

531 1123 674 1182 Cor.,
707 1136 764 1186 ll,
798 1119 904 1187 15).
939 1117 1050 1173 Sed
1095 1115 1432 1187 quibusdam
1481 1115 1622 1169 odor
1663 1114 1862 1168 mortis
1900 1113 1955 1168 in
1997 1130 2152 1168 mor—
2259 1113 2584 1183 qumrimus,
2631 1114 2690 1165 et
2732 1111 2919 1165 solum
2967 1109 3214 1178 bonum;
3264 1124 3434 1164 nemo
3475 1108 3611 1163 enim
3648 1109 3807 1176 bonus,

531 1221 667 1280 tem,
705 1213 763 1266 in
808 1212 874 1265 iis
924 1210 1020 1281 qui
1069 1213 1331 1280 pereunt,
1384 1207 1720 1280 quibusdam
1758 1207 1896 1262 odor
1937 1206 2059 1261 vita;
2097 1207 2152 1260 in
2257 1206 2365 1260 nisi
2399 1204 2550 1260 solus
2583 1205 2750 1259 Deus.
2788 1204 2885 1258 Hic
2919 1203 3250 1280 est-oculus,
3279 1202 3377 1273 qui
3415 1217 3661 1272 magnum
3686 1203 3810 1257 illum

530 1306 726 1372 vitam,
759 1304 816 1358 in
854 1303 920 1357 iis
957 1303 1147 1373 utique
1176 1303 1275 1372 qui
1314 1301 1550 1356 odorem
1586 1300 2015 1355 resurrectionis
2046 1300 2153 1354 Do-
2259 1303 2315 1352 et
2356 1315 2551 1352 verum
2600 1298 2866 1352 decorem
2916 1298 3188 1350 intuetur.
3228 1295 3412 1350 Solem
3459 1294 3557 1348 nisi
3597 1310 3739 1349 sanus
3771 1301 3812 1349 et

533 1399 756 1454 minicas
805 1396 992 1450 vivida
1047 1395 1158 1449 ﬁde
1202 1399 1451 1466 sperant.
1509 1393 1606 1449 lsti
1657 1399 1790 1448 sunt
1837 1399 2154 1449 aromatum
2257 1392 2444 1446 valens
2470 1391 2663 1446 oculus
2688 1407 2799 1444 non
2835 1388 3056 1460 aspicit,
3085 1404 3192 1443 nec
3218 1389 3437 1443 bonum
3471 1393 3638 1458 potest
3661 1387 3814 1443 videre

533 1496 775 1558 montes,
823 1491 918 1562 qui
973 1488 1197 1544 Domini
1248 1505 1455 1560 corpus
1503 1487 1634 1541 Iesu
1686 1493 2048 1558 acceperunt,
2103 1492 2159 1540 et
2259 1485 2365 1540 nisi
2408 1485 2599 1539 anima
2639 1484 2818 1552 bona;
2847 1483 2945 1537 ﬁat
2984 1499 3123 1554 ergo
3158 1483 3360 1550 bonus,
3397 1481 3493 1553 qui
3527 1481 3633 1536 vult
3662 1481 3814 1536 videre

529 1583 585 1634 in
629 1579 818 1634 linteis
859 1595 988 1633 cum
1036 1575 1383 1631 aromatibus
1423 1576 1764 1646 ligaverunt.
1817 1574 2155 1646 Quicunque
2181 1646 2213 1648 ῃ
2257 1577 2584 1644 Dominum,
2612 1579 2670 1633 et
2708 1576 2861 1648 quod
2896 1580 2980 1631 est
3016 1576 3256 1631 bonum.
3287 1575 3462 1644 Hujus
3495 1574 3618 1628 boni
3652 1574 3819 1629 similes

530 1673 684 1727 enim
729 1671 1095 1728 crediderunt
1138 1670 1273 1740 quia
1315 1670 1475 1724 Jesus
1523 1674 1780 1723 mortuus
1821 1670 1924 1735 est,
1965 1672 2021 1722 et
2066 1684 2151 1721 se-
2178 1646 2452 1739 Bsimus,
2495 1675 2551 1726 et
2584 1671 2896 1726 secundum
2937 1670 2988 1724 id
3035 1685 3340 1741 operemur
3374 1684 3498 1740 qua:
3535 1667 3666 1721 bona
3702 1674 3816 1721 sunt.

533 1768 722 1839 pultas
764 1771 867 1832 est,
911 1770 966 1818 et
1008 1763 1337 1829 resurrexit,
1377 1762 1435 1816 hi
1483 1763 1761 1816 excelsum
1807 1779 1955 1816 veras
1989 1778 2150 1816 cacu-
2259 1767 2372 1820 Hoc
2416 1769 2501 1819 est
2544 1764 2760 1818 bonum
2809 1763 2960 1834 quod
3003 1779 3175 1832 supra
3217 1777 3449 1816 omnem
3495 1761 3822 1831 operationem

529 1876 664 1914 men
705 1859 837 1913 ﬁdei
886 1858 1155 1911 virtutum
1203 1855 1442 1926 fastigiis
1485 1855 1826 1909 extulerunt.
1867 1855 1974 1909 Ubi
2019 1871 2156 1925 ergo
2257 1864 2363 1925 est,
2385 1873 2558 1927 supra
2577 1873 2807 1912 omnem
2831 1859 3083 1910 mentem
3106 1859 3278 1926 atque
3296 1855 3654 1922 intellectum,
3673 1853 3822 1924 ipsum

529 1953 782 2009 Christus
807 1951 1101 2022 quaeritur,
1140 1950 1196 2003 in
1239 1955 1464 2019 pectore
1492 1948 1786 2020 prudentis
1814 1949 2029 2002 scilicet
2065 1965 2152 2002 sa-
2257 1956 2340 2006 est
2373 1951 2524 2023 quod
2565 1966 2791 2021 semper
2820 1952 3034 2016 manet,
3075 1947 3217 2002 dans
3243 1947 3432 2002 vivere
3463 1951 3519 2001 et
3544 1963 3656 2000 esse
3683 1946 3825 2000 omni-

533 2045 811 2100 cerdotis?
2256 2046 2392 2110 bus;
2437 2044 2570 2115 quia
2609 2044 2733 2097 fons
2773 2047 2856 2097 est
2896 2042 3153 2097 omnium
3195 2041 3324 2096 vitae
3360 2039 3624 2106 Christus,
3651 2039 3714 2093 de
3745 2054 3828 2110 quo

604 2141 690 2192 33.
742 2137 851 2208 (90)
898 2137 1059 2206 Fuge,
1105 2138 1284 2202 frater
1336 2150 1501 2189 meus.
1553 2136 1819 2188 Hortatur
1868 2139 1929 2188 ut
1981 2134 2157 2205 fugiat
2257 2137 2534 2209 pmpheta
2565 2137 2684 2191 ait:
2723 2138 2838 2191 «In
2868 2135 3075 2190 umbra
3113 2135 3235 2206 ejus
3259 2133 3830 2204 vivemns(Thren.,iv,

531 2232 802 2303 Sponsus,
841 2229 969 2300 quia
1005 2229 1127 2299 jam
1173 2228 1332 2299 sequi
1374 2227 1582 2297 poterit
1634 2228 1753 2296 ipsa
1801 2229 2026 2281 terrena
2068 2227 2153 2281 fu-
2257 2233 2366 2302 20).
2400 2254 2427 2281 »
2449 2231 2606 2285 Nunc
2625 2229 2778 2284 enim
2812 2251 2839 2278 «
2869 2229 2987 2283 vita
3013 2234 3204 2283 nostra
3231 2227 3632 2283 absconditam
3655 2225 3832 2282 Christo

534 2324 808 2396 gientem.
846 2321 987 2375 Dicit
1027 2324 1086 2375 ut
1122 2319 1321 2375 similis
1351 2321 1421 2375 sit
1447 2319 1691 2375 damula:
1721 2335 1847 2390 qua!
1875 2320 2062 2374 evadit
2090 2320 2159 2375 de
2259 2327 2372 2393 est;
2423 2339 2552 2379 cum
2600 2328 2790 2377 autem
2837 2323 3164 2394 apparuerit
3211 2322 3466 2379 Christus
3513 2322 3626 2377 vita
3664 2324 3834 2383 nostra,

533 2415 774 2485 retibus;
807 2417 928 2470 vult
959 2414 1112 2469 enim
1156 2418 1210 2469 et
1238 2415 1358 2484 ipsa
1385 2413 1606 2484 fugere,
1636 2417 1692 2467 et
1729 2413 1950 2468 evolare
1991 2429 2159 2484 supra
2260 2423 2317 2472 et
2343 2433 2447 2473 nos
2471 2416 2871 2489 apparebimus
2897 2431 3026 2470 cum
3063 2416 3188 2488 ipso
3224 2416 3281 2470 in
3312 2415 3495 2487 gloria
3529 2414 3746 2482 (001053.,
3773 2427 3834 2477 lll,

532 2510 834 2566 mundum.
877 2511 984 2579 (91)
1025 2507 1330 2579 Fugiamus
1369 2523 1508 2578 ergo
1550 2507 1609 2560 in
1650 2507 1894 2578 patriam
1933 2507 2156 2561 verissi-
2259 2513 2314 2577 3,
2343 2512 2417 2579 4).

530 2619 708 2658 mam.
765 2603 884 2657 Illic
933 2601 1122 2672 patria
1169 2600 1355 2669 nobis,
1413 2605 1473 2655 et
1523 2605 1687 2671 pater
1736 2617 1768 2653 a
1817 2617 1930 2672 quo
1984 2601 2157 2656 creati
2328 2606 2416 2659 35.
2466 2605 2611 2674 Ergo
2663 2619 2775 2657 non
2818 2603 3119 2658 timeamus
3166 2607 3438 2670 mortem;
3479 2601 3735 2672 quoniam
3771 2613 3838 2651 re-

533 2711 747 2764 sumus,
793 2695 889 2750 ubi
935 2698 1019 2750 est
1069 2694 1374 2749 Jerusalem
1422 2694 1616 2748 civitas
1662 2687 1790 2764 quas
1837 2699 1922 2748 est
1977 2698 2161 2748 mater
2259 2697 2420 2768 quies
2467 2701 2551 2750 est
2597 2695 2868 2766 corporis,
2912 2695 3120 2749 anima:
3162 2697 3355 2749 autem
3407 2693 3494 2749 vel
3529 2693 3745 2748 libertas
3779 2691 3842 2744 vel

532 2789 814 2844 omnium.
856 2789 963 2843 Sed
1005 2804 1133 2858 quas
1178 2792 1262 2842 est
1304 2786 1479 2858 fuga?
1519 2787 1640 2841 Non
1681 2787 1881 2858 utique
1924 2787 2156 2858 pedum,
2257 2789 2561 2845 absolutio.
2605 2790 2716 2844 Nec
2759 2804 3061 2844 vereamur
3100 2804 3228 2843 eum
3279 2788 3381 2859 qui
3434 2789 3615 2858 potest
3653 2799 3842 2840 carnem

532 2884 630 2956 qui
673 2888 805 2937 sunt
843 2881 1124 2953 corporis;
1170 2881 1261 2935 isti
1309 2880 1463 2935 enim
1512 2895 1850 2952 quocunque
1901 2886 2157 2947 currunt,
2263 2883 2604 2949 interﬁcere,
2643 2882 2899 2938 animam
2943 2887 3137 2937 autem
3176 2897 3288 2936 non
3339 2886 3547 2952 potest,
3589 2878 3716 2951 quia
3756 2891 3847 2930 non

534 2979 594 3032 in
638 2981 790 3030 terra
832 2978 1088 3042 currunt,
1131 2976 1190 3028 et
1233 2973 1303 3027 de
1347 2971 1467 3026 solo
1514 2972 1585 3026 ad
1621 2971 1806 3027 solum
1848 2977 2155 3028 transeunt.
2181 3007 2236 3079 Ο
2259 2977 2534 3031 timemus
2561 2992 2691 3030 eum
2724 2976 2822 3047 qui
2855 2979 3039 3046 potest
3069 2975 3475 3030 vestimentum
3502 2973 3734 3038 auferre,
3759 2985 3847 3024 non

533 3071 643 3124 Nec
677 3068 914 3123 navibus
944 3067 1254 3136 fugiamus,
1293 3071 1389 3120 aut
1428 3065 1706 3135 curribus,
1741 3070 1840 3120 aut
1875 3066 2036 3137 equis
2064 3067 2158 3138 qui
2187 3065 2236 3079 ν
2259 3070 2532 3124 timemus
2563 3085 2698 3124 eum
2732 3069 2828 3140 qui
2866 3075 3051 3140 potest
3090 3075 3278 3123 nostra
3315 3068 3526 3133 furari,
3566 3081 3665 3121 nos
3695 3066 3847 3118 autem

533 3161 858 3232 obligantur
883 3163 940 3212 et
975 3158 1207 3225 cadunt,
1245 3157 1342 3213 sed
1373 3157 1658 3228 fugiamus
1696 3159 1886 3213 animo
1927 3163 1980 3213 et
2025 3176 2156 3213 ocu-
2261 3179 2377 3217 non
2419 3166 2627 3233 potest.
2667 3162 2781 3216 Nos
2825 3161 3002 3231 igitur
3040 3161 3250 3216 animas
3294 3161 3499 3226 simus,
3547 3160 3593 3214 si
3632 3157 3850 3213 volumus

534 3255 624 3321 lis,
676 3256 774 3307 aut
822 3252 1065 3324 pedibus
1116 3250 1482 3305 interioribus
1529 3268 1918 3306 assuescamus
1971 3253 2161 3307 oculos
2262 3272 2383 3310 esse
2412 3255 2627 3310 Hebrmi
2657 3254 2727 3308 de
2756 3254 2822 3309 iis
2851 3255 2949 3326 qui
2984 3258 3118 3308 sunt
3142 3255 3279 3310 socii
3320 3254 3516 3320 Jacob,
3545 3253 3601 3308 id
3625 3254 3723 3318 est,
3749 3249 3848 3302 imi-

536 3352 759 3401 nostros
786 3344 978 3400 videre
1007 3361 1136 3416 quae
1167 3344 1411 3398 dilucida
1450 3347 1509 3398 et
1535 3343 1688 3398 clara
1723 3351 1874 3418 sunt,
1903 3349 2158 3416 spectare
2263 3353 2474 3404 tatores
2501 3349 2642 3419 ejus.
2677 3349 2784 3402 Nos
2815 3347 3024 3402 animae
3044 3347 3240 3416 simus,
3270 3351 3471 3402 nostra
3498 3351 3683 3402 autem
3708 3356 3849 3397 mem-

535 3441 753 3496 vultum
817 3439 1187 3494 continentia
1249 3445 1304 3492 et
1357 3438 1790 3509 temperantiae,
1848 3455 2160 3511 omnesque
2263 3442 2362 3496 bra
2399 3441 2739 3496 vestimenta
2777 3445 2938 3510 sunt;
2979 3441 3254 3496 servanda
3281 3446 3422 3496 sunt
3459 3439 3688 3512 quidem
3716 3432 3850 3490 vesti-

536 3535 789 3600 virtutes,
829 3533 889 3586 in
931 3531 1136 3604 quibus
1177 3531 1317 3585 nihil
1358 3531 1643 3599 scabrum,
1679 3531 1817 3586 nihil
1856 3532 2159 3587 obscurum
2263 3539 2461 3589 menta
2504 3550 2576 3589 ne
2626 3533 2980 3601 scindantur,
3033 3550 3104 3588 ne
3148 3535 3607 3600 inveterascant;
3657 3530 3742 3585 sed
3781 3526 3853 3580 ille

536 3631 593 3680 et
631 3631 946 3681 tortuosum
987 3623 1081 3690 sit,
1123 3629 1179 3679 et
1218 3624 1466 3694 seipsum
1507 3629 1721 3694 spectet
1765 3625 1891 3695 quis
1931 3629 1986 3679 et
2024 3639 2157 3678 con-
2265 3627 2443 3698 magis
2477 3627 2575 3699 qui
2604 3627 2692 3682 his
2719 3627 2914 3696 utitur,
2945 3643 3167 3682 servare
3207 3643 3264 3682 se
3294 3627 3473 3683 debet
3498 3631 3557 3681 et
3593 3621 3852 3680 custodire.

597 3748 694 3810 (89)
720 3746 837 3797 Lib.
865 3745 927 3797 de
963 3745 1293 3809 Virginitato,
1317 3757 1436 3808 cap.
1457 3744 1507 3805 9,
1530 3757 1685 3794 num.
1717 3744 1794 3794 49.
2324 3747 2420 3810 (91)
2454 3748 2569 3797 Lib.
2603 3746 2665 3797 de
2695 3749 2863 3804 Isaac,
2890 3761 2937 3797 c.
2967 3748 3015 3808 8,
3046 3761 3200 3798 num.
3232 3748 3295 3797 78
3322 3747 3436 3798 sub
3474 3747 3604 3806 ﬁne,
3645 3753 3693 3795 et
3732 3754 3852 3792 num.

599 3816 694 3879 (90)
720 3815 836 3867 Lib.
875 3817 945 3865 De
968 3814 1102 3866 bono
1126 3819 1302 3871 mort.,
1334 3829 1379 3864 c.
1409 3815 1458 3875 ὅ,
1485 3828 1638 3864 num.
1667 3816 1740 3863 18.
2264 3831 2377 3882 seq.

540 4021 918 4032 ο--υ-ο-..ι

1643 4219 2788 4382 APPENDIX

848 4519 993 4601 AD
1068 4519 1569 4604 PRIOREM
1644 4521 2040 4606 TOMUM
2118 4522 2895 4607 BENEDICTINIE
2966 4523 3581 4607 EDITIONIS.

1771 4933 2172 5020 MONITUM
2231 4935 2660 5021 EDITOBIS.

616 5128 672 5186 Si
706 5133 840 5206 quis
866 5133 1263 5205 pretationem
1295 5153 1325 5190 a
1361 5136 1744 5192 Benedictinis
1790 5140 2088 5209 posteriori
2126 5155 2242 5194 sua:
2286 5139 2546 5194 editionis
2583 5145 2734 5194 tomo
2776 5141 3122 5211 praemissam
3155 5139 3494 5210 perlegerit,
3523 5135 3705 5190 statim
3729 5141 3854 5185 com-

543 5225 772 5290 pertum
804 5221 1037 5278 habebit
1077 5223 1434 5279 doctissimos
1475 5225 1627 5280 viros
1665 5243 1776 5281 non
1813 5228 1981 5282 unius
2017 5229 2240 5299 generis
2282 5244 2452 5300 opera
2482 5229 2738 5284 consulto
2776 5229 3029 5284 omisisse
3058 5227 3346 5284 Ambrosii
3383 5227 3616 5299 quidem
3639 5217 3854 5278 nomine.

543 5311 639 5364 sed
671 5313 989 5382 immerito,
1022 5319 1083 5369 ut
1109 5315 1246 5386 ipsis
1271 5315 1454 5370 visum
1487 5320 1591 5386 est,
1631 5317 1923 5388 inscripta.
1967 5319 2079 5373 Nos
2108 5335 2262 5385 vero,
2297 5319 2502 5390 quibus
2542 5326 2673 5375 ante
2711 5320 2907 5374 omnia
2937 5318 3094 5374 cordi
3130 5324 3211 5374 est
3244 5317 3684 5389 uniuscujusque
3711 5301 3855 5365 Patris

545 5399 858 5457 editionem
889 5403 1167 5459 recudere
1197 5404 1466 5460 omnibus
1494 5405 1751 5460 numeris
1778 5406 2114 5475 absolutam,
2144 5407 2428 5480 quidquid
2454 5425 2690 5480 operum
2723 5409 2809 5464 vel
2841 5407 3164 5477 dubiorum,
3193 5406 3278 5462 vel
3307 5407 3486 5463 etiam
3511 5405 3640 5461 citra
3661 5401 3852 5456 contro-

539 5488 781 5547 versiam
809 5493 1290 5564 apocryphorum,
1317 5499 1488 5566 atque
1515 5512 1549 5549 a
1580 5494 1961 5551 Benedictinis
1991 5503 2089 5550 aut
2127 5497 2581 5569 repudiaturum,
2613 5505 2708 5553 aut
2740 5515 2811 5554 ne
2849 5502 3304 5554 memoratorum
3333 5495 3585 5567 quidem,
3612 5481 3851 5559 expiscari

542 5573 1033 5671 licueritnlectori
1084 5583 1359 5639 exhibere
1398 5584 1775 5654 destinamus,
1806 5601 1874 5642 ea
1911 5585 2270 5642 solummodo
2299 5588 2740 5658 praetermissuri
2784 5604 2934 5660 qum,
2975 5585 3231 5642 Patribus
3272 5603 3307 5639 ει
3353 5590 3548 5641 ῃοειιιη
3593 5570 3851 5635 Ambrosio

543 5660 776 5718 diversis
796 5665 956 5734 juxta
985 5672 1221 5725 sanioris
1249 5673 1460 5730 critica
1489 5675 1717 5746 regulas
1741 5675 2009 5746 ascripta,
2039 5676 2188 5732 inter
2212 5677 2444 5731 illorum
2472 5694 2644 5750 opera
2678 5679 3058 5749 reperiuntur.
3606 5693 3610 5696 ·
