4072 6192
208 255 335 306 206i

1236 257 1320 310 DE
1363 257 1629 313 EXCIDIO
1669 258 1868 314 URBIS
1910 260 2259 316 IIIERUSOL.
2305 261 2429 316 LIB.
2472 263 2510 315 Ι.

3417 270 3550 321 20ῧῖ

277 377 341 429 Et
359 375 482 429 haec
514 376 751 446 quidem
782 376 947 432 nobis
971 378 1436 448 aggredientibus
1468 398 1629 435 mens
1661 383 1912 453 primum
1945 383 2128 438 fuerat
2157 400 2511 454 quascunque
2542 383 2858 439 recensioni
2883 386 3260 442 Benedictinas
3285 391 3556 458 superad-

207 463 546 518 didissemus
577 464 650 519 ad
685 466 897 521 calcem
937 467 1187 538 Operum
1226 468 1286 521 in
1329 486 1506 524 unum
1544 487 1749 542 corpus
1779 472 2124 539 coaduuare,
2167 479 2360 542 postea
2407 490 2559 540 vero,
2597 473 2967 528 materiarum
2999 475 3157 545 copia
3198 477 3552 548 quadruplex

206 554 477 608 volumen
523 554 808 625 exigente,
852 557 1160 611 necessitas
1197 560 1523 630 supervenit
1564 566 1895 616 nostrorum
1944 563 2329 617 Addendorum
2373 568 2596 634 partem
2646 564 2816 634 priori
2862 563 3125 618 editionis
3171 565 3554 620 Benedictinue

205 649 362 697 tomo
392 643 762 715 subjungere,
795 645 1098 716 posteriori
1126 663 1259 702 vero
1289 650 1446 720 quod
1465 658 1791 722 superesset
1813 669 2125 721 reservare,
2152 669 2222 707 ne
2243 653 2456 708 scilicet
2481 654 2661 708 nimia
2681 653 2845 708 molis
2861 654 3249 725 inaaqualitate
3271 655 3558 709 volumina

205 731 619 803 discreparent.
655 733 748 787 His
777 734 954 803 igitur
982 737 1296 807 perpensis,
1323 738 1502 793 libros
1531 741 1597 795 de
1625 742 1771 796 Bello
1796 741 2024 797 Iudaico
2062 742 2153 796 hic
2184 742 2275 796 edi
2323 743 2672 812 curavimus,
2695 759 2837 813 quos
2876 745 2929 798 S.
2964 742 3260 797 Ambrosio
3288 743 3552 798 Benedic-

201 820 311 875 tini
337 822 571 891 quidem
601 821 954 892 abjudicant,
983 825 1213 880 ascribit
1243 832 1434 882 autem
1465 828 1976 897 Schamemannus,
1999 832 2162 900 juxta
2193 847 2431 901 nuperas
2470 833 2734 888 Mazachz'i
2760 839 2810 886 et
2845 832 3106 887 Gullandi
3128 833 3413 886 vindicias.

221 1075 248 1082 .-
265 1077 296 1081 --
319 1077 402 1083 .-μ’
423 1080 426 1082 ν
447 1078 658 1085 νιμσ----..ερ-›

963 1318 1684 1484 SANCTI
1823 1321 2814 1486 AMBROSII

1415 1603 1734 1654 MEDIOLA
1747 1604 2000 1656 NENSIS
2037 1605 2358 1658 EPISCOPI

425 1783 606 1891 DE
704 1785 1300 1894 EXCIDIO
1394 1789 1825 1898 URBIS
1919 1792 3348 1901 HIEROSOLYMITANfE

1476 2019 1754 2102 LIBRI
1828 2021 2293 2113 QUINQUE.

1741 2233 2014 2242 ———————.

1573 2355 2194 2518 PROLOGUS.

274 2644 538 2706 Quatuor
584 2645 753 2700 libros
790 2647 1119 2717 Regnorum
1164 2665 1306 2717 quos
1351 2649 1642 2719 Scriptura
1681 2665 1834 2702 com-
1862 2649 2470 2732 Aconstitutionisque
2513 2649 2824 2717 miraculo;
2867 2665 2992 2719 quae
3035 2649 3239 2718 magis,
3276 2649 3409 2702 licet
3449 2648 3563 2700 ha:-

197 2737 378 2808 plexa
411 2740 498 2791 est
525 2753 704 2805 sacra,
732 2744 790 2792 et
820 2741 942 2809 jam
982 2741 1101 2810 ipse
1132 2741 1276 2811 stylo
1315 2741 1474 2795 brevi
1505 2747 1842 2812 prosecutus

197 2846 391 2899 usque
410 2829 482 2884 ad
503 2831 890 2901 captivitatem
911 2833 1240 2887 Judaaorum
1267 2835 1534 2906 murique
1557 2834 1837 2889 excidium

195 2927 258 2977 et
306 2923 610 2994 Babylonis
653 2924 992 2996 triumphos,
1038 2926 1287 2981 historiae
1328 2927 1386 2981 in
1419 2943 1637 2981 morem
1678 2944 1837 2982 com-

196 3016 395 3087 posui,
416 3016 864 3072 Machabaeorum
894 3034 1119 3089 quoque
1148 3035 1239 3072 res
1269 3025 1454 3090 gestas
1476 3020 1842 3091 prOpheticus

194 3124 400 3163 sermo
445 3111 642 3180 paucis
675 3110 912 3166 absolvit
955 3129 967 3164 :
1007 3112 1379 3183 reliquorum,
1422 3129 1596 3184 usque
1638 3113 1709 3167 ad
1748 3113 1837 3166 iu-

193 3202 481 3257 cendium
521 3204 719 3274 templi
755 3210 811 3259 et
848 3204 1149 3258 manubias
1185 3205 1294 3259 Titi
1333 3206 1588 3274 Caesaris,
1629 3207 1841 3260 relator

195 3296 479 3368 egregius
505 3296 769 3352 historico
806 3297 950 3368 ston
977 3298 1274 3368 Josephus,
1303 3298 1524 3352 utinam
1550 3303 1668 3353 tam
1707 3299 1836 3354 reli-

195 3389 370 3460 gioni
399 3393 456 3443 et
497 3390 717 3444 veritati
747 3394 1019 3458 attentus,
1049 3406 1221 3461 quam
1256 3407 1451 3446 rerum
1486 3391 1744 3462 indagini
1785 3397 1840 3448 et

195 3497 546 3538 sermonum
584 3483 901 3538 sobrietati.
932 3484 1267 3539 Consortem
1296 3501 1355 3539 se
1389 3483 1540 3539 enim
1586 3484 1840 3555 perﬁdiae

195 3574 539 3629 Iudaeorum
577 3577 635 3630 in
676 3577 800 3646 ipso
836 3577 1013 3630 etiam
1059 3593 1321 3631 sermone
1357 3577 1631 3643 exhibuit,
1671 3593 1840 3648 quem

196 3669 279 3723 de
316 3685 524 3722 eorum
552 3670 832 3740 supplicio
873 3670 1250 3724 manifestavit
1270 3687 1287 3737 ;
1317 3673 1374 3724 et
1397 3686 1643 3741 quorum
1681 3686 1840 3724 arma

198 3762 483 3835 deseruit,
525 3778 722 3816 eorum
772 3769 964 3817 tamen
1013 3763 1307 3833 sacrilegia
1357 3779 1470 3817 non
1515 3763 1836 3833 dereliquit.

199 3854 537 3925 Deploravit
573 3855 840 3909 ﬂebiliter
879 3872 1217 3922 aerumnam,
1256 3855 1354 3910 sed
1396 3855 1573 3927 ipsius
1613 3872 1840 3910 causam

199 3964 483 4002 rerumne
523 3965 637 4002 non
682 3950 936 4019 agnovit.
975 3949 1134 4004 Unde
1175 3949 1338 4003 nobis
1376 3966 1527 4003 cura:
1571 3949 1695 4016 fuit,
1726 3965 1841 4004 non

1942 2741 2192 2805 redibus,
2219 2741 2307 2794 vel
2336 2741 2392 2794 in
2421 2740 2674 2794 adversis
2700 2740 2946 2795 ostentui
2974 2741 3207 2807 fuerint,
3236 2740 3320 2793 vel
3349 2740 3567 2793 honore

1940 2835 1995 2886 in
2033 2834 2339 2904 prosperis.
2374 2833 2552 2888 Simul
2594 2832 2763 2903 (quod
2803 2838 2888 2886 est
2929 2833 3204 2886 indicium
3243 2832 3566 2887 domesticae

1940 2925 2339 2997 improbitatis)
2381 2926 2586 2997 liqueat
2621 2925 2920 2991 universis,
2957 2925 3110 2996 quod
3144 2925 3250 2995 ipsi
3287 2925 3395 2979 sibi
3431 2940 3563 2996 pro-

1937 3019 2078 3089 priae
2113 3018 2283 3073 cladis
2320 3024 2580 3074 auctores
2619 3019 2798 3074 fuere.
2839 3019 3114 3087 Primum,
3142 3018 3292 3089 quod
3326 3018 3434 3072 alia
3465 3033 3565 3072 cu-

1941 3117 2150 3178 rantes,
2187 3111 2474 3166 Romanos
2520 3112 2579 3165 in
2619 3127 2678 3166 se
2716 3110 3119 3177 converterint,
3157 3115 3217 3164 et
3255 3111 3328 3164 ad
3366 3111 3567 3181 cogni-

1941 3205 2154 3259 tionem
2224 3203 2386 3276 regni
2447 3204 2530 3258 sui
2607 3204 3000 3272 invitaverint,
3042 3203 3248 3274 quibus
3317 3203 3572 3274 ignorari

1939 3297 2110 3352 satius
2145 3297 2274 3353 fuit.
2307 3298 2675 3367 Rogaverunt
2712 3296 3046 3364 amicitiam,
3082 3295 3256 3350 tidem
3300 3312 3410 3350 non
3449 3311 3566 3350 ser-

1939 3390 2158 3458 vaturi;
2204 3406 2405 3460 pacem
2453 3389 2802 3446 violaverunt
2858 3389 3066 3444 virtute
3125 3390 3394 3460 impares.
3435 3391 3565 3444 Pos-

1939 3488 2124 3537 tremo
2177 3483 2392 3537 bellum
2445 3483 2783 3550 intulerunt,
2837 3483 3046 3553 quibus
3092 3499 3220 3552 spes
3276 3482 3463 3536 omnis
3508 3483 3570 3536 in

1941 3574 2241 3643 mcenibus,
2273 3592 2385 3629 non
2418 3577 2474 3628 in
2509 3575 2720 3629 viribus
2745 3581 2884 3641 erat,
2909 3591 3039 3628 cum
3067 3576 3138 3628 sit
3169 3575 3418 3629 maxime
3446 3591 3566 3629 om-

1941 3667 2100 3722 nium
2123 3667 2440 3722 miserabile
2458 3667 2643 3722 claudi
2665 3667 2964 3722 obsidione
2985 3685 2998 3722 :
3019 3684 3146 3738 quae
3168 3668 3335 3722 etiam
3361 3669 3404 3722 si
3425 3669 3569 3724 bene

1923 3761 2218 3831 procedit,
2259 3762 2467 3831 saepius
2520 3777 2730 3832 augere
2781 3777 2952 3832 quam
2998 3761 3256 3815 minuere
3316 3763 3571 3831 pericula

1941 3855 2097 3910 solet.
2131 3858 2202 3908 At
2241 3871 2311 3908 ne
2348 3855 2474 3924 quis
2515 3871 2755 3909 vacuum
2781 3854 2889 3908 ﬁde
2928 3860 2983 3908 et
3012 3854 3364 3924 superﬂuum
3409 3861 3573 3925 putet

1939 3964 2045 4002 nos
2068 3948 2376 4017 suscepisse
2399 3948 2700 4018 negotium
2724 3965 2738 4016 ;
2762 3941 2886 4001 ideo
2908 3964 3011 4018 per
3032 3947 3315 4018 principes
3337 3949 3569 4002 ductum

197 4042 428 4111 ingenii
458 4057 566 4113 ope
602 4041 780 4108 fretis,
814 4042 912 4096 sed
942 4041 1077 4096 fidei
1107 4043 1424 4098 intentione
1451 4043 1509 4097 in
1543 4042 1837 4097 historiam
1860 4018 1916 4090 B
1941 4041 2307 4094 Hebrmorum
2354 4057 2534 4111 genus
2564 4057 2734 4095 omne
2767 4041 3215 4107 consideremus,
3251 4044 3313 4094 ut
3348 4041 3570 4113 liquido

195 4134 537 4189 Iudaeorum
573 4135 722 4189 ultra
753 4135 1060 4207 Scripturas
1096 4135 1300 4190 seriem
1340 4152 1511 4190 sacra:
1551 4136 1843 4206 paulisper

203 4228 525 4282 introrsum
547 4244 806 4299 pergere,
823 4233 888 4282 ut
908 4233 1181 4299 tanquam
1205 4229 1262 4284 in
1282 4228 1458 4299 spinis
1479 4245 1669 4284 rosam
1691 4245 1842 4300 quaa-

199 4325 419 4387 rentes,
456 4320 610 4375 inter
652 4337 802 4376 saeva
842 4322 1154 4393 impiorum
1191 4322 1442 4377 facinora
1485 4338 1612 4394 quae
1662 4321 1839 4392 digno

200 4413 517 4485 impietatis
565 4415 747 4485 pretio
793 4415 976 4470 soluta
1018 4420 1170 4483 sunt,
1211 4431 1476 4470 eruamus
1520 4415 1710 4487 aliqua
1757 4417 1838 4468 vel

203 4507 279 4561 de
318 4508 632 4562 reverentia
668 4523 839 4562 sacrae
876 4508 1041 4579 legis,
1072 4509 1155 4564 vel
1193 4508 1262 4563 de
1300 4514 1513 4563 sancta:
1545 4508 1841 4579 religionis

1939 4135 2145 4188 clareat
2206 4137 2396 4187 utrum
2457 4154 2487 4186 ει
2546 4133 2854 4188 femoribus
2920 4134 2994 4203 (1)
3060 4133 3240 4198 Iudas,
3287 4151 3569 4206 nusquam

1941 4227 2323 4299 generationis
2353 4228 2474 4296 ejus
2514 4226 2788 4281 successio
2832 4227 3275 4293 claudicaverit;
3321 4244 3392 4282 an
3436 4244 3568 4282 vero

1941 4319 2240 4375 offenderit
2283 4321 2343 4374 in
2376 4321 2699 4392 principum
2739 4322 2904 4385 serie,
2945 4320 3047 4374 sed
3079 4321 3352 4375 manserit
3393 4322 3451 4376 in
3479 4337 3567 4384 eo,

1940 4416 2031 4468 cui
2055 4417 2288 4483 reposita
2313 4415 2604 4468 manebant
2630 4417 2808 4468 omnia
2838 4433 2854 4479 ;
2893 4417 3006 4484 ipse
3035 4420 3153 4468 erat
3181 4429 3300 4482 spes
3328 4418 3569 4481 gentium

1942 4507 2119 4577 (Gem,
2143 4523 2280 4572 xux,
2318 4509 2421 4577 10).
2448 4508 2584 4561 llinc
2613 4523 2752 4576 ergo
2781 4523 3001 4560 sumam
3031 4506 3350 4560 exordium.

269 4649 334 4708 (1)
371 4646 535 4706 Editi,
562 4646 874 4707 mion‘bus,
905 4646 1189 4699 mendose.
1222 4645 1495 4698 Restitute
1523 4648 1694 4698 lectio
1723 4647 1976 4697 ﬁrmatur
2003 4661 2069 4698 ex
2104 4647 2252 4703 Gem,
2285 4659 2442 4706 xux,
2477 4648 2550 4696 10.
2585 4646 2882 4698 GALLAND.

216 4845 730 4857 -.__._.--.—-~—.——————
741 4847 1324 4856 ~-—-—._.——_.—.__-.~.
1337 4850 1350 4853 _
1365 4850 1370 4853 .
1383 4849 1462 4854 .-.._.
1499 4850 1502 4852 .
1527 4849 1532 4852 .

1915 4847 2146 4854 .--—--.——.~_
2201 4848 2342 4853 ,-_1.7
2419 4849 2460 4852 ..Α
2535 4849 2550 4851 μ
2655 4848 2740 4852 ,μς-..-
2847 4848 2938 4852 -μ..
2971 4848 3030 4855 ..-

1458 5038 1794 5131 LlBER
1863 5038 2309 5130 PRIMUS.

1742 5239 1988 5248 m-

762 5399 982 5454 CAPUT
1018 5400 1301 5455 PRIMUM.

283 5491 431 5544 Bello
476 5491 756 5558 Parthico,
793 5492 949 5562 quod
987 5493 1135 5548 inter
1182 5494 1629 5549 Machabaeorum
1669 5495 1838 5550 duces

211 5587 556 5653 gentemque
586 5584 873 5638 Medorum
902 5585 1241 5640 diuturnum
1273 5603 1338 5641 ac
1369 5586 1640 5658 frequens
1666 5589 1836 5642 varia-

209 5689 321 5747 que
355 5676 586 5732 victoria
619 5677 748 5747 fuit,
786 5677 1134 5735 incentivum
1165 5681 1508 5751 principium
1545 5679 1702 5736 dedit
1745 5698 1834 5735 sa-

210 5769 429 5841 crilegii
467 5768 648 5840 dolor,
682 5772 815 5842 quia
847 5790 942 5828 rex
972 5773 1284 5829 Antiochus
1317 5775 1402 5829 cui
1437 5790 1646 5828 nomen
1676 5775 1830 5829 llius-

1858 5415 1912 5486 Ο
1940 5403 2070 5470 tris,
2110 5401 2372 5454 Antiochi
2429 5401 2580 5469 regis
2629 5401 2803 5464 tilius,
2846 5399 2942 5452 ubi
2987 5399 3292 5468 Aﬂgyptum
3341 5413 3565 5468 quoque

1940 5511 2043 5550 suo
2075 5495 2319 5566 imperio
2346 5494 2627 5564 adjuuxit,
2659 5493 2714 5546 in
2748 5491 3072 5562 superbiam
3104 5492 3306 5556 elatus,
3333 5490 3486 5561 quod
3516 5493 3564 5543 vi

1938 5590 2149 5644 incerta
2179 5587 2463 5642 bellorum
2507 5586 3002 5657 prosperavissent.
3037 5583 3173 5638 ritus
3203 5584 3564 5639 Hebrteorum

1938 5681 2175 5754 negligi,
2212 5680 2528 5736 ministeria
2565 5695 2794 5751 quoque
2821 5693 3018 5732 eorum
3056 5677 3342 5748 profanari
3378 5678 3564 5748 jusse-

1937 5781 2017 5828 rat
2046 5795 2059 5828 :
2097 5775 2266 5846 idque
2302 5772 2715 5844 postulantibus
2751 5773 3034 5844 plerisque
3069 5771 3417 5840 Iudaeorum,
3451 5777 3565 5825 sta-
