4072 6192
577 300 711 350 2063

2145 299 2458 355 AMBROSII

3734 316 3835 368 2064

574 423 732 471 tuere
774 434 964 472 ausus.
1000 419 1163 483 Quod
1200 421 1409 474 factum
1447 421 1738 475 Matathias
1779 422 2037 476 sacerdos
2073 438 2199 492 per:
2227 436 2282 506 Α
2304 423 2536 492 cupiens
2570 423 2882 493 fratresque
2916 421 3173 493 periculo
3215 421 3453 477 auferre.
3488 426 3839 504 Congressuque

573 511 688 581 peti
722 511 980 582 nequivit
1021 531 1035 566 :
1071 528 1175 567 nec
1218 513 1400 568 solum
1439 514 1558 585 ipse
1597 515 1933 585 temperavit
1960 531 1993 568 a
2029 516 2197 569 sacri-

574 604 742 676 legio,
789 605 1084 676 regalique
1138 606 1323 661 edicto
1365 624 1477 662 non
1533 608 1960 679 obtemperavit,
2001 624 2196 663 verum

572 697 742 751 etiam
777 698 1174 753 immolantem
1207 699 1520 754 simulacris
1559 701 1771 755 hostias
1803 701 1873 756 de
1914 701 2198 772 populari-

571 789 677 843 bus
705 791 819 845 suis
845 794 1062 861 nactus,
1095 792 1281 863 gladio
1322 794 1816 848 transverberavit.
1846 797 1913 850 Et
1957 810 2196 865 congre-

573 887 704 953 gata
731 900 928 952 manu,
953 890 1122 956 atque
1148 885 1386 940 Asidaeis
1414 887 1471 940 in
1497 887 1822 942 societatem
1853 887 2059 953 ascitis,
2084 888 2200 957 ipse

570 992 699 1030 cum
727 976 853 1031 filiis
881 978 997 1031 suis
1024 981 1370 1032 temerantes
1411 996 1574 1034 usum
1602 980 1853 1050 patrium
1882 985 1939 1035 et
1951 979 2200 1050 justitias

570 1069 739 1139 legis,
788 1070 927 1125 alios
979 1071 1222 1137 necavit,
1283 1072 1581 1143 plerosque
1651 1073 1893 1144 expulit,
1947 1071 2198 1143 bellique

571 1161 816 1218 Sabbato
862 1163 1154 1219 adorieudi
1203 1169 1399 1219 auctor
1433 1165 1558 1234 fuit,
1598 1182 1668 1220 ne
1707 1165 1876 1219 simili
1919 1169 2042 1219 arte
2086 1165 2198 1235 ipsi

571 1272 797 1327 quoque
818 1256 1228 1327 deciperentur,
1254 1257 1397 1311 sicut
1410 1258 1534 1327 jam
1559 1258 1811 1328 plerique
1840 1273 2037 1312 eorum
2059 1257 2196 1312 dum

570 1349 810 1404 Sabbato
837 1349 1052 1404 bellum
1082 1349 1366 1421 suscipere
1396 1350 1732 1419 detrectant,
1762 1351 2108 1405 irruentibus
2140 1350 2194 1404 in

571 1459 689 1497 sese
729 1442 985 1497 hostibus
1017 1444 1181 1498 multi
1216 1443 1554 1498 occubuere.
1582 1444 1899 1499 Potentiam
1940 1444 2194 1516 prosperi

567 1541 724 1590 actus
767 1534 1070 1604 dederunt,
1116 1541 1173 1590 et
1216 1536 1616 1607 perseverandi
1654 1537 1713 1590 in
1752 1537 1872 1591 viro
1914 1554 2089 1608 usque
2127 1538 2196 1592 ad

567 1631 884 1684 extremum
903 1629 1033 1684 vita:
1047 1629 1302 1683 studium
1323 1629 1670 1684 defensionis
1685 1635 1743 1684 et
1759 1629 1988 1701 pietatis
2011 1629 2191 1700 vigor.

568 1721 681 1776 Sed
723 1737 852 1776 cum
885 1721 990 1775 sibi
1036 1737 1366 1792 supremum
1404 1722 1553 1776 diem
1595 1722 1790 1776 adesse
1822 1721 2192 1792 intelligeret,

2302 515 2562 586 superior
2591 516 2771 570 factus
2790 516 2961 586 justas
2989 515 3270 586 passionis
3293 515 3489 570 affectu
3515 523 3843 592 superabatur,

2303 624 2414 678 quo
2456 609 2642 662 minus
2687 613 2872 663 castro
2918 608 3198 679 potiretur
3241 608 3298 662 in
3336 625 3450 678 quo
3487 611 3638 666 clausi
3673 614 3844 672 detine-

2302 701 2530 756 bantur.
2565 703 2708 755 Nam
2741 703 3078 757 Ptolemaeus
3107 701 3202 755 ubi
3228 718 3286 756 se
3314 703 3497 772 urgeri
3522 703 3732 774 videbat,
3757 725 3845 763 ma-

2301 798 2447 848 trem
2477 793 2599 863 ejus
2619 800 2788 865 atque
2817 810 3121 865 germanos
3148 795 3208 848 in
3233 793 3410 848 muris
3430 795 3629 850 locabat
3645 801 3850 871 praecipi-

2300 887 2503 941 tandos
2543 887 2714 953 illico,
2758 887 2861 941 nisi
2907 887 3178 942 Jonathas
3232 886 3378 942 bello
3424 889 3562 957 quod
3603 889 3850 959 inferebat,

2300 979 2613 1034 desisteret.
2668 979 3007 1034 Vincebatur
3059 979 3287 1050 juvenis
3329 980 3542 1050 pietatis
3597 985 3730 1036 metu
3776 985 3852 1054 qui

2299 1072 2558 1126 vincebat
2587 1072 2940 1126 fortitudinis
2974 1073 3442 1143 assumptionem,
3470 1077 3523 1126 et
3559 1073 3854 1131 iracundiam

2301 1165 2604 1219 excitatam
2625 1165 2683 1219 in
2706 1166 2926 1220 hostem
2950 1165 3243 1220 revocabat
3263 1181 3490 1219 suorum
3510 1166 3854 1223 misericordia.

2298 1259 2470 1312 Mater
2506 1263 2702 1312 tamen
2743 1264 2938 1330 parata
2969 1258 3037 1312 ad
3070 1261 3356 1313 tormenta
3389 1257 3645 1313 tendebat
3675 1275 3857 1326 manus,

2300 1350 2605 1404 obsecrans
2638 1367 2756 1406 non
2795 1350 2988 1405 salutis
3032 1349 3324 1417 auxilium,
3361 1350 3456 1403 sed
3503 1350 3708 1405 ultionis
3739 1351 3856 1406 sola-

2299 1443 2462 1497 tium.
2501 1443 2808 1498 Verebatur
2848 1443 3001 1498 enim
3043 1459 3115 1497 ne
3155 1442 3304 1496 ﬁlius
3341 1443 3465 1513 plus
3501 1443 3652 1498 matri
3685 1451 3861 1499 metue-

2299 1541 2403 1602 ret,
2437 1552 2609 1606 quam
2638 1539 2888 1607 paternae
2914 1536 3175 1590 vindictae
3201 1535 3555 1605 impenderet
3586 1554 3596 1588 :
3626 1536 3719 1590 sibi
3742 1552 3859 1590 mor-

2296 1634 2415 1683 tem
2439 1628 2593 1682 illam
2620 1629 2746 1683 loco
2772 1617 3211 1683 immortalitatis
3238 1628 3510 1697 futuram,
3539 1644 3645 1699 qua
3667 1629 3864 1683 maritus

2297 1721 2700 1787 vindicaretur,
2739 1727 2796 1776 et
2832 1737 3010 1792 gener
3047 1721 3260 1791 impius
3297 1737 3401 1792 pro
3435 1722 3634 1775 scelere
3668 1719 3862 1774 immani

570 1814 782 1869 vocatis
820 1814 1036 1868 civibus
1074 1819 1245 1885 atque
1293 1814 1680 1869 assistentibus
1719 1815 1909 1869 liberis
1940 1815 2197 1869 hortatus
2216 1795 2273 1866 Β
2296 1830 2525 1885 poenam
2553 1815 2879 1869 exsolveret.
2913 1813 3026 1869 Sed
3047 1814 3271 1884 juvenis
3293 1815 3424 1884 plus
3448 1814 3591 1867 intra
3617 1829 3668 1868 se
3695 1814 3862 1883 ipsum,

570 1911 671 1970 est,
706 1911 770 1960 ut
809 1911 1108 1961 tuerentur
1147 1906 1391 1977 patriam
1442 1907 1752 1978 templique
1806 1908 2134 1978 religionem
2180 1926 2192 1962 :

571 2000 891 2069 ducemque
932 1999 1019 2052 his
1049 1999 1252 2052 Judam
1289 1999 1668 2054 Machabeeum
1699 2016 1850 2054 curae
1875 2007 2045 2071 atque
2081 2001 2190 2055 sol-

569 2091 880 2145 licitudinis
939 2108 1056 2146 suae
1121 2109 1503 2147 successorem
1568 2091 1825 2162 reliquit.
1875 2092 1981 2156 Qui
2043 2094 2193 2148 bello

568 2188 863 2253 strenuus,
930 2185 1161 2239 consilio
1227 2185 1440 2250 bonus,
1495 2202 1558 2238 ac
1621 2201 1736 2256 prae
1799 2185 2013 2240 caeteris
2078 2185 2192 2239 ﬁde

565 2281 890 2347 promptus,
935 2293 1111 2348 quam
1167 2277 1504 2347 frequenter
1557 2277 1886 2331 innumeras
1939 2277 2191 2331 hostium
2233 2351 2235 2353 ι

565 2369 752 2440 cOpias
781 2385 957 2440 parva
985 2386 1160 2424 manu
1197 2369 1428 2436 fuderit,
1457 2371 1749 2442 prosequi,
1777 2386 1893 2425 non
1929 2376 2012 2424 est
2044 2387 2188 2441 pras-

566 2462 740 2516 sentis
783 2462 1017 2532 negotii.
1054 2463 1216 2526 Quod
1258 2468 1448 2517 tamen
1488 2463 1645 2517 brevi
1685 2463 1952 2533 colligere
2001 2463 2186 2518 datur.

563 2555 722 2625 Saepe
768 2555 1051 2626 prosperis
1101 2572 1230 2609 usus
1288 2555 1651 2625 successibus,
1701 2556 1972 2610 excitavit
2024 2557 2082 2610 in
2129 2572 2190 2612 se

564 2663 832 2719 magnam
869 2647 1112 2703 hostium
1153 2647 1576 2704 multitudinem
1613 2667 1624 2702 :
1669 2665 1783 2720 qua
1817 2649 2190 2704 circumfusus

563 2740 816 2812 undique
847 2741 984 2795 dum
1020 2741 1224 2796 cedere
1251 2741 1454 2813 pudori
1491 2741 1868 2809 existimabat,
1896 2743 2186 2814 refugien-

564 2833 709 2888 tibus
733 2833 898 2888 sociis
923 2833 990 2894 in
1019 2834 1280 2905 praelium
1327 2835 1456 2889 ruit.
1487 2836 1772 2908 Ctesisque
1812 2851 1953 2906 quos
1982 2835 2185 2890 adver-

558 2942 650 2981 sus
691 2923 852 3003 ierat,
895 2943 926 2981 a
968 2914 1147 3003 latere
1189 2927 1629 2996 circumventus,
1669 2928 1767 2983 sed
1809 2931 2001 2982 tamen
2038 2929 2188 2983 ultus

561 3020 848 3091 propriam
886 3024 1154 3091 mortem,
1200 3009 1678 3076 occiditur.'Huic
1724 3021 1990 3076 successit
2027 3023 2188 3076 Jona-

2296 1924 2465 1979 quam
2494 1908 2550 1961 in
2590 1907 2812 1962 hostem
2856 1906 3236 1978 prmliabatur.
3267 1907 3410 1961 Nam
3449 1905 3656 1977 quoties
3685 1911 3864 1976 patrem

2297 1999 2600 2070 cogitabat,
2637 1999 3068 2054 accendebatur.
3111 2001 3356 2054 Rursum
3399 2014 3524 2053 cum
3560 2004 3726 2051 matre
3770 2012 3863 2050 ver-

2294 2092 2482 2146 berari
2520 2098 2689 2162 atque
2725 2092 2794 2146 ad
2824 2107 3022 2146 necem
3053 2091 3233 2163 aptari
3271 2091 3509 2157 videret,
3537 2089 3864 2144 moliebatur:

2293 2186 2598 2240 revocabat
2622 2185 2923 2257 impetum,
2953 2184 3230 2239 referebat
3273 2184 3542 2255 gradum,
3571 2183 3696 2254 quia
3718 2184 3868 2236 retra-

2294 2278 2466 2332 hebat
2486 2277 2694 2349 passio.
2716 2279 2867 2332 Inter
2889 2276 3198 2331 obsidionis
3219 2293 3410 2331 moras
3432 2275 3656 2330 feriatus
3670 2291 3729 2329 ex
3748 2274 3869 2345 lege,

2293 2371 2624 2442 supervenit
2665 2384 2848 2424 annus
2889 2370 2987 2440 qui
3037 2374 3161 2424 erat
3197 2370 3496 2440 septimus.
3526 2368 3696 2423 Cessit
3728 2365 3871 2436 pietas

2291 2463 2580 2534 religioni,
2603 2464 2790 2518 soluta
2818 2463 3039 2518 obsidio
3060 2466 3145 2517 est
3171 2479 3184 2528 ;
3215 2461 3316 2517 sed
3335 2477 3406 2517 eo
3428 2461 3611 2533 magis
3631 2458 3871 2515 Ptolemaei

2291 2556 2535 2611 excitata
2593 2556 2942 2623 immanitas,
2987 2562 3049 2609 ut
3095 2571 3342 2626 quorum
3407 2555 3628 2625 objectu
3685 2565 3874 2624 pcenam

2290 2655 2560 2718 evaserat,
2595 2665 2688 2704 eos
2720 2648 2973 2719 jugulari
3006 2647 3258 2717 juberet.
3294 2648 3404 2711 Qui
3431 2647 3694 2702 continuo
3729 2661 3780 2698 se
3806 2643 3872 2696 ul-

2287 2742 2429 2798 tioni
2461 2741 2690 2811 exemit,
2719 2741 2789 2795 ad
2823 2743 3113 2796 Zenonem
3146 2740 3235 2796 cui
3267 2756 3482 2795 nomen
3507 2739 3694 2795 Cotile
3717 2735 3871 2792 Phila-

2289 2834 2534 2906 delphiaa
2555 2834 2746 2905 regem
2763 2833 3120 2904 confugiens,
3142 2837 3207 2887 ut
3229 2833 3355 2903 ejus
3372 2850 3481 2904 ope
3502 2849 3619 2888 sese
3638 2834 3872 2886 tueretur.

2288 2929 2398 2982 Nec
2443 2927 2750 2982 Antiochus
2787 2927 3019 2999 quievit,
3054 2927 3151 2997 qui
3197 2925 3423 2982 Simoni
3465 2925 3614 2997 patri
3658 2921 3874 2979 Jonatba

2287 3020 2534 3101 ludibrio
2557 3035 2688 3074 suos
2708 3019 2878 3074 fuisse
2901 3020 3178 3074 exercitus
3199 3018 3640 3090 indignabatur:
3662 3016 3877 3088 cupiens

561 3113 706 3182 thas,
747 3128 862 3166 non
909 3111 1102 3167 minus
1155 3112 1378 3167 virtutis
1425 3112 1796 3168 similitudine
1850 3130 1969 3184 par,
2009 3130 2179 3185 quam
2206 3156 2256 3185 η
2286 3129 2396 3184 que
2441 3112 2624 3167 adhuc
2664 3117 3021 3183 assurgentes
3067 3112 3327 3167 Jonatha:
3369 3111 3649 3184 primitias
3693 3107 3873 3164 exstin-

561 3156 706 3182 -..νη
749 3156 862 3166 ...η-
911 3156 1102 3167 .--.......
1166 3156 1378 3167 ...-......
1425 3156 1796 3168 .,.................
1853 3156 1969 3184 Im,
2009 3156 2179 3185 νυ...
2287 3156 2396 3184 .1..-
2441 3156 2624 3167 ..υ-..ν
2664 3156 3021 3183 mmmam.“
3067 3156 3326 3167 -......--.w
3371 3156 3648 3184 ,..--...-...-
3697 3156 3850 3164 --υ---

557 3210 776 3281 natura:
829 3204 1228 3275 germanitate.
1278 3205 1385 3269 Qui
1437 3211 1566 3277 post
1624 3207 1806 3261 multa
1853 3208 1914 3261 in
1965 3156 2258 3262 bellicisC
2287 3203 2482 3277 gnere,
2527 3222 2656 3260 cum
2697 3222 2908 3276 magna
2953 3206 3180 3260 veniens
3218 3221 3400 3261 manu
3447 3203 3872 3274 Hierosolymam,

519 3369 522 3374 _
560 3299 723 3372 rebus
749 3313 944 3369 opera,
974 3298 1033 3351 in
1072 3297 1242 3352 rebus
1267 3298 1438 3353 sacris
1475 3299 1818 3371 ofﬁciaque:
1846 3301 1997 3355 circa
2033 3307 2181 3356 tem-

555 3391 630 3462 pli
671 3389 1128 3462 puriﬁcationem
1167 3395 1415 3462 spectata
1455 3409 1520 3448 ac
1560 3393 1797 3464 probata
1840 3397 1994 3463 sunt,
2031 3410 2180 3466 pree-

554 3487 709 3541 tenta
767 3485 836 3554 (2)
887 3501 990 3556 per
1045 3485 1235 3539 dolum
1280 3473 1559 3541 amicitias
1607 3486 1720 3542 ﬁde
1781 3487 1932 3542 intra
1984 3488 2181 3542 urbem

554 3578 802 3632 hostium
844 3578 1088 3648 clausus,
1118 3595 1224 3632 nec
1254 3578 1424 3650 longo
1454 3567 1588 3650 post»
1608 3579 1909 3648 intervallo
1945 3585 2182 3636 necatus

553 3674 658 3727 est.
694 3673 940 3726 Joannes
979 3671 1152 3726 etiam
1191 3672 1385 3727 senior
1427 3678 1561 3728 natu
1616 3673 1812 3742 frater,
1854 3679 1910 3729 et
1956 3675 2182 3729 Eleazar

543 3765 743 3838 junior
782 3763 1000 3820 ceteris
1043 3781 1147 3835 pro
1183 3765 1462 3836 religione
1506 3771 1748 3822 mortem
1797 3783 1908 3822 non
1957 3783 2176 3823 recusa-

549 3861 700 3912 runt.
725 3859 855 3912 Post
878 3857 982 3912 hos
1008 3857 1094 3911 rei
1115 3874 1398 3913 summam
1427 3858 1625 3914 Simon
1649 3860 1882 3930 recepit,
1904 3861 1975 3914 ad
1999 3876 2174 3931 quam

547 3968 660 4006 non
704 3951 885 4018 rudis,
931 3951 1028 4005 sed
1077 3951 1197 4022 jam
1258 3951 1525 4021 probatus
1570 3952 1837 4007 fraternas
1897 3953 2178 4009 societatis

545 4045 849 4116 triumphis
921 4044 1432 4116 appropinquavit.
1482 4046 1710 4100 Utinam
1761 4051 1817 4100 et
1879 4047 2001 4118 ipse
2061 4051 2175 4102 tam

544 4137 842 4208 perspicax
870 4137 941 4190 ad
968 4137 1194 4191 fraudes
1219 4137 1520 4205 cavendas,
1548 4155 1722 4210 quam
1758 4155 1932 4194 manu
1959 4139 2178 4196 validus

546 4229 910 4306 bellandique
965 4229 1184 4284 artibus
1241 4231 1376 4285 satis
1429 4237 1729 4302 spectatus.
1780 4233 2000 4288 Etenim
2045 4250 2174 4288 cum

544 4322 765 4400 virtutis
787 4339 904 4394 .ope
941 4323 1330 4378 Romanorum
1368 4323 1602 4379 ducibus
1646 4325 1991 4396 regibusque
2028 4343 2170 4398 gen-

543 4417 684 4472 tium
712 4416 1024 4496 amicitiam
1053 4417 1454 4484 foederavisset,
1481 4417 1766 4473 Ptolemaei
1794 4419 1947 4487 dolo,
1977 4421 2174 4490 generi

2285 3301 2602 3370 Hyrcanum
2645 3297 2886 3352 obsedit.
2931 3298 3158 3369 Repulit
3201 3299 3497 3370 Hyrcanus
3545 3313 3699 3364 auro,
3734 3306 3876 3366 quem

2287 3392 2435 3447 ferro
2480 3391 2772 3464 nequibat,
2807 3397 3172 3463 reserataque
3213 3393 3298 3462 (ut
3330 3392 3546 3463 Joseph
3575 3396 3763 3445 auctor
3793 3382 3875 3451 est)

2284 3486 2453 3541 David
2506 3486 2790 3556 sepulcro,
2832 3485 2937 3539 tria
2987 3485 3167 3540 millia
3214 3485 3339 3540 auri
3377 3486 3596 3540 talenta
3637 3481 3787 3538 eruit.
3815 3477 3876 3532 Ex

2283 3579 2487 3651 quibus
2513 3583 2769 3634 trecenta
2800 3579 3196 3633 annumeravit
3226 3578 3537 3645 Antiocho,
3574 3583 3633 3631 ut
3667 3571 3872 3629 obsidio-

2285 3689 2414 3726 nem
2460 3671 2829 3742 relinqueret,
2870 3676 2933 3725 ut
2971 3672 3154 3742 pretio
3206 3675 3438 3742 emptus
3488 3671 3687 3726 abiret.
3727 3670 3872 3737 Atque

2284 3771 2343 3820 ut
2376 3765 2508 3819 facti
2539 3764 2811 3818 invidiam
2841 3764 3079 3832 levaret,
3107 3765 3288 3819 fertur
3323 3781 3392 3818 ea
3430 3764 3673 3836 pecunia
3707 3762 3870 3831 Hyrca-

2279 3875 2387 3913 nus
2421 3857 2730 3912 instituisse
2770 3857 2988 3928 primus
3031 3858 3402 3925 xenodochia,
3444 3857 3653 3929 quibus
3696 3853 3872 3908 adven-

2280 3956 2400 4005 tum
2423 3950 2736 4020 susciperet
2755 3965 3071 4020 pauperum
3097 3949 3568 4020 peregrinorum.
3591 3947 3874 4017 Aucupatus

2280 4043 2450 4099 etiam
2511 4043 2771 4098 Antiochi
2827 4043 3246 4109 necessitatem,
3293 4059 3410 4114 qua
3472 4041 3644 4098 Medis
3700 4037 3875 4094 bellum

2279 4136 2578 4202 inferebat,
2605 4136 2754 4190 ultus
2780 4134 3140 4206 dispendium
3168 4141 3252 4190 est
3281 4153 3294 4190 :
3323 4136 3715 4206 plurimasque
3738 4128 3874 4183 urbes

2278 4230 2453 4301 Syriae
2495 4229 2600 4283 sibi
2643 4227 2923 4299 adjunxit.
2956 4228 3270 4283 Samariam
3309 4245 3545 4300 quoque
3576 4226 3673 4282 ubi
3707 4227 3875 4296 postea

2277 4322 2526 4379 Sebastia
2587 4322 2816 4377 condita
2880 4325 2984 4388 est,
3029 4321 3413 4376 circumdedit
3477 4317 3873 4376 munitionibus,

2277 4417 2437 4487 cujus
2479 4415 2960 4487 expugnationem
3001 4415 3322 4470 Aristobulo
3358 4421 3419 4470 et
3458 4415 3738 4486 Antigono
3771 4406 3875 4464 ﬁliis

543 4512 650 4578 sui,
680 4515 914 4583 rogatus
954 4512 1023 4566 ad
1060 4511 1406 4580 convivium,
1436 4511 1589 4567 inter
1621 4527 1846 4566 mensas
1875 4517 1933 4567 et
1967 4514 2251 4590 poculaD
2274 4511 2390 4565 suis
2455 4509 2762 4564 mandavit.
2811 4510 3062 4574 Quorum
3105 4508 3322 4564 obsidio
3376 4509 3532 4564 lenta
3595 4519 3762 4577 usque
3817 4496 3873 4553 ad

542 4619 672 4657 cum
707 4603 925 4658 duobus
963 4605 1092 4659 filiis
1118 4605 1214 4676 qui
1254 4605 1511 4672 aderant,
1542 4605 1966 4660 circumventus
2001 4613 2171 4678 atque
2275 4604 2456 4658 diram
2489 4604 2695 4658 famem
2729 4608 2784 4657 et
2825 4607 2968 4658 tetra
2991 4602 3265 4657 alimenta
3305 4603 3697 4656 humanorum
3729 4593 3872 4652 cada-

543 4703 742 4752 exutus
786 4697 962 4752 armis
993 4698 1176 4769 impie
1222 4699 1346 4754 neci
1399 4698 1662 4754 traditur.
1710 4699 1857 4755 Sane
1900 4700 2172 4771 praevenit

540 4789 771 4846 insidias
809 4792 1055 4845 Joannes
1081 4797 1238 4846 ortus
1279 4808 1344 4846 ex
1376 4791 1632 4858 Simone,
1664 4794 1752 4846 cui
1790 4809 1998 4848 nomen
2039 4795 2171 4864 Hyr-

538 4900 730 4953 canus,
759 4888 817 4938 et
851 4884 1178 4955 properavit
1213 4885 1284 4940 ad
1322 4885 1521 4939 vicinas
1559 4885 1713 4939 urbis
1751 4886 1976 4954 moenia,
2011 4887 2100 4941 ubi
2139 4905 2168 4940 a

536 4977 745 5048 populo
785 4983 1020 5048 prOpter
1042 4978 1270 5049 egregia
1309 4978 1486 5049 patris
1525 4979 1748 5048 merita,
1777 4979 1904 5034 odio
1945 4996 2169 5051 quoque

538 5071 753 5124 hostilis
792 5071 1040 5140 sceleris,
1070 5071 1523 5142 exspectabatur.
1556 5073 1649 5126 Vix
1686 5072 1927 5144 denique
1965 5071 2166 5127 urbem

536 5166 823 5234 ingressus
867 5169 970 5231 est,
999 5169 1056 5220 et
1090 5164 1214 5235 jam
1255 5164 1595 5220 Ptolemaeus
1638 5165 1851 5221 aderat.
1883 5167 1990 5221 Sed
2035 5183 2165 5221 cum

534 5274 638 5327 per
668 5258 838 5312 aliam
877 5262 1097 5329 portam
1123 5257 1347 5330 ingredi
1383 5258 1567 5326 vellet,
1600 5259 1878 5330 repulsus,
1907 5259 2162 5314 multitu-

533 5350 652 5405 dini
673 5350 995 5407 cedendum
1016 5351 1378 5408 existimavit.
1402 5352 1717 5423 Assumpsit
1734 5352 1882 5406 illico
1899 5353 2166 5408 Jonathas

535 5445 754 5514 paterni
779 5445 1076 5500 sacerdotii
1117 5462 1345 5516 munus,
1375 5450 1431 5500 et
1455 5445 1528 5500 ad
1555 5447 1769 5502 cultum
1799 5462 1990 5502 rerum
2021 5447 2158 5502 divi-

534 5552 738 5590 narum
771 5538 1079 5608 profectus,
1117 5539 1313 5594 statim
1363 5540 1591 5612 pietatis
1630 5541 1899 5611 obsequia
1935 5556 2157 5595 curam-

529 5640 640 5695 que
671 5630 958 5683 servanda!
985 5632 1414 5687 necessitudinis
1452 5633 1881 5705 exsequebatur,
1916 5638 2158 5689 matrem

593 5813 657 5880 (2)
691 5814 774 5862 Al.
805 5817 1138 5871 Pramum.
1170 5825 1346 5880 Buta.

2275 4714 2469 4752 verum
2545 4698 2761 4751 clausos
2826 4696 3030 4767 coegit.
3080 4697 3199 4760 Qua
3262 4695 3498 4766 impulsi
3553 4690 3870 4748 necessitate,

2272 4807 2438 4862 Opem
2471 4790 2541 4845 ab
2583 4789 2862 4844 Antiocho
2905 4789 3014 4860 (cui
3056 4805 3268 4844 nomen
3307 4787 3658 4860 Aspondius)
3698 4784 3870 4856 peten-

2272 4885 2399 4940 dam
2429 4883 2706 4952 arbitrati,
2739 4884 3018 4937 ferentem
3054 4882 3391 4952 adjumenta
3415 4894 3691 4936 erumnas
3718 4873 3868 4930 socie-

2272 4979 2373 5032 tati
2424 4977 2803 5049 implicavere.
2847 4976 3031 5030 Victus
3073 4977 3227 5030 enim
3289 4992 3321 5029 a
3366 4973 3639 5029 fratribus
3682 4965 3869 5042 praelio.

2270 5069 2407 5138 fuga
2447 5083 2566 5122 sese
2603 5067 2815 5136 eripuit
2857 5081 3014 5120 nece.
3055 5065 3398 5121 Samaritani
3433 5067 3628 5118 autem
3661 5055 3868 5129 repetita

2268 5161 2583 5227 obsidione,
2627 5168 2906 5230 captaque
2945 5160 3004 5214 et
3046 5175 3244 5213 eversa
3282 5157 3450 5226 urbe,
3485 5153 3707 5211 servitio
3747 5146 3862 5204 dati.

2267 5257 2388 5319 Quo
2437 5270 2632 5309 rerum
2680 5252 3057 5307 secundarum
3095 5267 3364 5323 processu
3414 5249 3641 5306 excitati
3683 5243 3865 5299 Aristo-

2265 5348 2432 5402 bulus
2459 5351 2631 5418 atque
2657 5347 2977 5417 Antigonus
3007 5346 3285 5415 impetum
3305 5361 3427 5399 non
3454 5337 3862 5413 refrigerabant.

2265 5441 2362 5496 sed
2391 5441 2702 5512 adjungere
2729 5439 2834 5494 sibi
2861 5438 3136 5494 ﬁnitimos
3159 5438 3302 5495 bello
3332 5441 3565 5494 coactos
3593 5431 3860 5500 haudqua-

2263 5551 2433 5607 quam
2467 5533 2944 5589 dissimulandum
2981 5531 3448 5599 arbitrabantur;
3477 5530 3658 5585 donec
3683 5519 3861 5580 invidia

2263 5632 2481 5698 oborta,
2535 5631 2748 5688 bellum
2819 5631 3072 5690 immane
3143 5629 3370 5698 exarsit,
3430 5620 3859 5698 conspirantibns
