4072 6192
222 248 367 300 ⁸2065
1266 247 1350 302 DE
1393 246 1656 301 EXCIDIU
1701 248 1895 301 URBIS
1937 250 2287 304 l‘llEHOSUl“
2333 251 2454 305 LIB.
2503 251 2538 302 I.
3441 251 3579 302 2066

222 370 478 423 locorum
501 367 717 432 incolis,
743 370 799 421 et
824 371 1018 422 coacta
1047 369 1232 422 valida
1263 385 1459 423 manu.
1493 370 1631 432 Quae
1661 373 1850 422 tamen
1873 385 1932 454 Α
1953 371 2042 423 die
2088 373 2272 425 clarus
2308 371 2523 426 militiae
2555 372 2727 441 gestis
2762 371 3081 441 Antigonus
3109 370 3346 424 domum
3387 386 3577 423 rever-

220 462 368 516 victa
397 459 738 530 profundam
765 460 823 514 in
847 460 1129 531 reliquum
1153 461 1850 533 tranquillitatemloanni
1950 463 2110 532 titur,
2154 468 2212 517 et
2254 463 2453 519 accidit
2505 472 2564 518 ut
2616 465 2850 519 fratrem
2899 461 3203 517 adveniens
3241 461 3580 534 inaequalem

218 552 499 619 exhibuit,
555 557 614 607 et
660 553 763 608 sibi
842 555 1042 608 otium.
1093 556 1379 625 Hyrcanus
1443 555 1724 610 tricesimo
1795 561 1851 611 et
1951 556 2480 624 offenderetgillico
2508 557 2574 611 ad
2605 556 2886 628 templum
2917 555 3138 626 (ecquid
3167 553 3320 609 enim
3352 556 3579 625 praefer-

213 646 408 718 primo
456 662 608 700 anno
664 645 847 717 longae
907 646 1115 718 quietis
1164 647 1345 718 gratia
1402 649 1647 716 functus,
1699 649 1846 704 diem
1950 652 2034 704 ret
2074 650 2400 720 religioni?)
2435 655 2493 704 ut
2535 653 2659 704 erat
2685 649 3001 704 succinctus
3042 652 3244 702 ornatu
3273 647 3492 715 bellico,
3522 654 3580 701 et

215 739 425 793 clausit
476 745 826 807 extremum,
875 739 1126 811 quinque
1189 740 1375 795 liberis
1429 741 1844 810 superstitibus,

215 833 377 902 quod
430 848 463 886 a
515 832 801 904 plerisque
855 831 1192 887 beatitudini
1239 833 1407 887 datur
1458 853 1471 886 :
1527 834 1848 890 moderator

211 925 504 996 egregius,
533 931 589 980 et
625 925 858 996 pulchre
893 925 1135 994 sobrius,
1163 926 1260 997 qui
1299 925 1436 980 nihil
1479 943 1726 996 unquam
1762 928 1843 982 vel

206 1017 463 1072 fortuitis
510 1018 803 1073 eventibus
848 1019 1236 1089 dereliquerit,
1277 1020 1329 1073 in
1377 1035 1488 1090 quo
1519 1025 1677 1074 actus
1725 1021 1845 1090 ejus

205 1110 607 1166 obfuscaretur
643 1128 656 1166 :
687 1112 849 1166 uxori
875 1128 1115 1166 summae
1147 1113 1230 1166 rei
1267 1113 1547 1168 commisit
1589 1114 1839 1184 negotia,

203 1204 395 1274 ipsam
422 1204 728 1259 consultius
756 1210 912 1259 ratus
939 1205 1108 1259 rebus
1134 1205 1370 1276 publicis
1392 1205 1839 1274 moderaturam,

203 1296 354 1350 ﬁlios
401 1297 758 1368 praescientia
800 1299 1050 1370 quadam
1095 1298 1276 1352 animi
1327 1304 1526 1354 tenens
1561 1316 1675 1354 non
1714 1299 1837 1354 diu-

197 1395 410 1445 turnos
461 1390 580 1445 fore
627 1408 640 1444 :
693 1408 796 1445 nec
846 1407 979 1446 eum
1026 1391 1227 1446 fefellit
1283 1392 1501 1462 opinio.
1548 1392 1839 1463 Siquidem

196 1482 585 1550 Aristobulus,
613 1484 703 1538 cui
731 1485 883 1539 inter
908 1485 1110 1539 fratres
1139 1490 1275 1540 tetas
1301 1485 1642 1556 provectior,
1677 1502 1838 1540 mens

195 1577 553 1648 promptior,
585 1577 966 1648 principatum
1007 1577 1304 1632 sacerdotii
1333 1578 1405 1632 ad
1433 1578 1592 1650 regni
1636 1584 1835 1650 poten-

195 1669 341 1723 tiam
374 1670 562 1739 vertit,
597 1683 653 1724 et
681 1669 941 1724 diadema
967 1670 1188 1740 primus
1213 1670 1509 1741 imponere
1535 1671 1640 1726 sibi
1675 1689 1835 1725 usur-

193 1763 361 1833 pavit
410 1780 422 1816 :

193 1872 422 1923 annos,
471 1856 759 1926 triumque
812 1856 1090 1910 curricula
1138 1857 1460 1925 mensium,
1505 1874 1569 1912 ex
1606 1874 1719 1928 quo
1761 1859 1832 1912 de

190 1949 489 2019 Babylone
534 1965 796 2004 remeans
829 1950 995 2003 Israel
1032 1949 1262 2005 servitio
1306 1953 1530 2018 exutus,
1573 1951 1633 2005 in
1673 1968 1831 2005 suam

189 2047 418 2096 terram
448 2058 568 2097 sese
597 2042 826 2113 recepit.
861 2042 1112 2113 Superbe
1139 2042 1331 2114 itaque
1365 2060 1468 2098 nec
1495 2047 1714 2114 partem
1738 2061 1832 2116 po-

188 2151 333 2189 nere
366 2135 587 2190 caateris
630 2139 925 2190 contentus
960 2135 1229 2190 fratribus
1259 2138 1439 2190 solum
1475 2137 1830 2208 Antigonum

188 2228 446 2283 honoris
471 2228 656 2299 specie
688 2245 858 2299 quem
899 2228 1195 2283 videbatur
1229 2229 1487 2301 diligere,
1524 2230 1828 2285 mulcebat.

187 2321 439 2376 Matrem
489 2322 644 2393 (quia
687 2321 982 2392 potestatis
1023 2327 1325 2392 exsortem,
1373 2328 1429 2376 et
1469 2323 1685 2394 judicio
1727 2324 1830 2378 viri

190 2414 532 2468 fraudatam
577 2431 634 2468 se
679 2415 1145 2486 expostulaverat)
1187 2416 1434 2486 alligavit
1477 2416 1735 2483 vinculis,
1777 2423 1832 2471 et

187 2523 386 2578 usque
426 2524 492 2561 eo
529 2507 805 2578 processit
841 2508 1216 2562 immanitatis
1266 2509 1584 2580 parricidali
1628 2509 1826 2580 spiritu

187 2603 377 2666 ferox,
405 2605 470 2654 ut
500 2605 556 2654 et
589 2601 770 2671 ipsam
809 2606 862 2655 et
894 2601 1098 2656 fratres
1121 2619 1255 2657 suos
1295 2601 1468 2656 simili
1508 2603 1676 2657 modo
1703 2602 1825 2656 vin-

185 2700 307 2748 ctos
353 2699 511 2748 arcta
555 2694 805 2749 custodia
846 2694 1150 2760 detineret,
1183 2711 1297 2765 quo
1341 2711 1516 2766 pr0pe
1553 2712 1730 2766 usque
1758 2697 1824 2750 ad

186 2795 443 2841 mortem
489 2803 758 2857 suprema
804 2789 956 2841 fame
993 2788 1490 2857 compellerentur.
1532 2789 1591 2842 ni
1639 2791 1824 2843 matu-

187 2880 305 2934 rius
371 2879 721 2934 Aristobulus
779 2881 995 2934 scelesti
1042 2879 1326 2950 parricidii
1380 2881 1579 2936 merita
1633 2882 1822 2935 solvis-

185 2978 270 3027 set
306 2990 322 3026 :
359 2989 423 3026 ac
455 2973 704 3042 primum
730 2973 786 3027 in
819 2973 1003 3042 ipsum
1037 2974 1384 3044 Antigonum
1412 2976 1569 3028 ferus
1599 2976 1826 3028 animus

185 3072 582 3137 exasperatur,
620 3072 674 3120 et
718 3067 787 3121 de
839 3083 1032 3121 amore
1078 3067 1130 3120 in
1183 3067 1312 3121 odia
1358 3069 1723 3135 convertitur,
1763 3075 1830 3123 ut

183 3177 319 3214 eum
357 3163 488 3214 ante
529 3176 724 3214 omnes
755 3167 976 3214 necaret
1012 3177 1186 3231 quem
1229 3161 1407 3214 solum
1449 3161 1550 3215 sibi
1590 3179 1821 3216 consor-

181 3258 296 3307 tem
341 3253 570 3323 imperii
597 3252 981 3323 pollicebatur,
1007 3254 1148 3308 adeo
1169 3255 1319 3325 apud
1348 3253 1640 3326 improbos
1665 3254 1829 3311 affec-

181 3352 268 3398 tus
290 3345 451 3411 vilis,
471 3350 531 3400 ut
557 3346 664 3400 cito
685 3346 867 3418 pravis
897 3347 1362 3417 suggestionibus
1393 3353 1819 3420 extorquentur.

841 3439 1060 3494 CAPUT
1100 3442 1165 3495 ll.

253 3534 514 3604 Dignum
558 3533 735 3603 igitur
782 3537 842 3586 ut
893 3532 1245 3588 crudelitatis
1285 3534 1410 3604 ejus
1455 3537 1662 3590 seriem
1711 3553 1822 3590 non

186 3632 635 3696 praetereamus,
683 3643 796 3697 quo
852 3626 1135 3697 judicium
1190 3627 1422 3682 Joannis
1468 3628 1642 3683 etiam
1703 3636 1826 3700 post

185 3723 437 3774 mortem
471 3719 762 3790 probetur,
791 3719 889 3790 qui
920 3736 1206 3774 summam
1253 3720 1474 3792 publice
1507 3722 1589 3775 rei
1618 3722 1824 3777 seniori

184 3812 668 3868 committendam
743 3813 856 3866 tilio
923 3813 1364 3885 haudquaquam
1445 3814 1820 3885 existimavit,

185 3924 362 3978 quem
404 3908 563 3960 tanto
595 3905 1015 3960 declinaturum
1044 3907 1236 3962 furore
1275 3924 1306 3961 a
1348 3907 1574 3979 pietatis
1610 3910 1737 3980 lege
1768 3913 1825 3964 et

182 4016 391 4054 norma
431 3998 670 4069 justitia
715 3998 1082 4070 praevidebat.
1128 4001 1285 4056 Haud
1341 4002 1478 4070 scio,
1519 4019 1821 4058 morumne

181 4094 299 4163 ejus
331 4093 612 4158 contuitu,
641 4110 714 4147 an
741 4092 908 4147 insita
937 4093 1120 4164 gratia
1158 4094 1514 4149 sacerdotum
1544 4096 1817 4168 principi-

181 4183 304 4254 bus,
342 4189 404 4238 ut
449 4185 534 4239 his
576 4186 767 4258 aliqua
803 4203 930 4258 qua:
973 4186 1165 4241 futura
1207 4194 1390 4254 erant,
1420 4189 1591 4243 etiam
1633 4189 1823 4244 minus

181 4279 380 4351 dignis
401 4279 864 4334 infunderentur.
890 4280 1124 4335 Facinus
1152 4281 1478 4336 miserabile
1506 4282 1699 4351 fuisse,
1723 4285 1818 4354 qui

180 4372 461 4427 fratribus
504 4372 828 4428 inviderent
878 4389 1134 4429 amorem
1180 4380 1395 4429 natura
1447 4391 1460 4429 :
1512 4375 1645 4430 inde
1691 4377 1818 4431 mali

1947 743 2318 797 circumfusus
2360 744 2632 798 comitatu
2679 743 2805 814 pari
2850 741 3071 809 tendit;
3102 739 3314 794 multus
3367 740 3444 794 ibi
3475 757 3577 811 pro

1948 836 2135 890 fratris
2178 837 2358 890 salute
2400 835 2617 891 Domini
2648 841 2930 907 precator,
2966 841 3021 889 et
3064 834 3195 888 inde
3222 833 3291 887 ad
3341 833 3576 887 fratrem

1946 929 2173 983 sedulus
2233 932 2524 1001 properat.
2572 929 2710 982 Hinc
2757 927 3042 983 calumnia
3098 925 3454 996 componitur
3511 943 3573 979 ex

1945 1022 2152 1077 acerbo
2179 1023 2327 1080 felle.
2360 1026 2416 1076 et
2436 1023 2726 1077 acerbiore
2753 1025 2988 1093 paratur
3014 1021 3188 1075 exitu.

2594 1117 2812 1170 CAPUT
2855 1116 2913 1170 ν.

2017 1210 2294 1264 Continuo
2324 1211 2479 1262 enim
2505 1225 2696 1279 regem
2731 1209 2941 1263 adeunt
2964 1207 3370 1279 improbissimi
3394 1207 3574 1260 homi-

1945 1319 2065 1368 nes,
2103 1301 2368 1356 invidiam
2410 1302 2672 1367 excitant,
2706 1301 2858 1372 quod
2902 1318 3171 1372 pompam
3211 1303 3568 1354 armatorum

1941 1395 2405 1459 celebratiorem,
2453 1411 2622 1465 quam
2693 1395 2918 1465 privatis
2984 1410 3106 1447 mos
3163 1400 3277 1460 est,
3329 1392 3566 1458 direxit,

1943 1487 2186 1542 Ostentui
2219 1488 2386 1558 vulgo
2423 1488 2691 1554 futuram,
2721 1505 2794 1541 ne
2825 1487 2950 1558 quis
2976 1486 3269 1541 conatibus
3299 1486 3421 1556 ejus
3467 1486 3566 1539 ob-

1940 1581 2093 1633 viare
2122 1579 2374 1634 auderet.
2401 1581 2576 1635 Tanto
2595 1584 2873 1651 apparatu
2911 1596 3023 1634 non
3057 1578 3207 1632 aliud
3231 1578 3336 1632 nisi
3369 1594 3563 1632 necem

1942 1673 2110 1743 regis,
2145 1679 2201 1726 et
2240 1674 2546 1745 usurpandi
2593 1674 2817 1745 imperii
2865 1672 3180 1746 potentiam
3221 1671 3558 1726 affectatam.

479 1767 606 1833 post
649 1762 1098 1834 quadringentos
1154 1764 1521 1834 septuaginta
1583 1764 1836 1836 quinque
1861 1747 1915 1818 Β
1942 1766 2102 1821 Haud
2129 1765 2354 1822 difﬁcile
2391 1784 2551 1836 teger
2573 1767 2802 1821 animus
2841 1766 3088 1821 invalido
3118 1768 3301 1821 fessus
3325 1781 3560 1836 corpore

1934 1859 2213 1930 impulsus
2253 1865 2356 1929 est,
2394 1867 2452 1915 ut
2489 1861 2754 1915 credibile
2797 1861 3049 1937 duceret,
3091 1859 3245 1932 quod
3291 1876 3392 1931 pro
3430 1875 3560 1914 vero

1933 1953 2304 2020 asserebatur,
2352 1955 2597 2009 maxime
2643 1971 2774 2008 cum
2823 1954 2944 2008 dies
2982 1957 3233 2008 sacratus
3278 1952 3558 2024 religioni,

1935 2046 2216 2101 mendacii
2250 2047 2632 2118 suspicionem
2669 2047 3008 2113 excluderet,
3050 2063 3260 2118 pompa
3291 2045 3565 2101 excitaret

1933 2140 2233 2205 invidiam,
2280 2141 2578 2195 infirmitas
2616 2145 2832 2195 metum
2883 2140 3141 2208 adderet,
3182 2145 3559 2195 armatorum—

1935 2251 2045 2303 que
2072 2233 2274 2288 cohors
2305 2233 2478 2288 ﬁdem
2505 2234 2773 2304 patrandi
2800 2235 3028 2289 sceleris
3053 2234 3333 2306 impleret.
3364 2236 3559 2305 Itaque

1932 2327 2088 2398 prius
2126 2343 2296 2398 quam
2343 2327 2447 2382 sibi
2492 2327 2831 2398 probaretur
2866 2330 3286 2383 tentamentum
3329 2328 3558 2400 aliquod

1930 2420 2127 2491 flagitii
2160 2420 2531 2490 parricidalis,
2560 2420 2861 2492 stipatores
2888 2437 3018 2476 suos
3044 2438 3174 2476 cum
3199 2421 3372 2476 armis
3392 2421 3558 2491 jubet

1930 2513 1987 2566 in
2030 2514 2292 2584 hypogeo
2324 2514 2500 2568 locari
2541 2513 2798 2582 obscuro,
2841 2515 2938 2586 qui
2971 2514 3367 2570 advenientem
3395 2515 3554 2569 Anti-

1931 2623 2147 2677 gonum
2185 2607 2319 2664 dolo
2358 2614 2632 2663 necarent
2673 2608 2767 2679 (3),
2809 2625 2911 2664 nec
2953 2612 3347 2679 exspectarent
3373 2607 3554 2678 impc-

1930 2700 2079 2753 rium
2119 2701 2290 2772 regis,
2328 2701 2422 2755 sed
2462 2701 2568 2771 ipsi
2611 2701 3056 2772 exstinguerent.
3099 2702 3245 2757 Sane
3287 2700 3556 2756 mandato

1930 2809 2032 2864 per
2076 2795 2308 2848 nuntios
2348 2795 2665 2865 praemisso,
2694 2799 2758 2850 ut
2804 2795 3036 2850 inermis
3077 2795 3318 2861 veniret,
3347 2794 3427 2848 eis
3467 2794 3554 2849 in-

1931 2885 2062 2942 dicii
2120 2887 2455 2958 qualitatem
2516 2895 2694 2960 nupta
2752 2888 3072 2944 Aristobulo
3133 2889 3190 2943 in
3253 2887 3553 2942 adversum

1914 2980 2189 3049 mutavit,
2228 2985 2291 3034 ut
2334 2998 2438 3052 per
2475 2981 2600 3036 illos
2641 2982 2973 3053 conjuratos
3010 2981 3116 3037 sibi
3160 2980 3431 3036 insinuari
3469 2981 3552 3036 fa-

1929 3078 2101 3142 ceret,
2145 3075 2432 3145 Antigono
2474 3076 2708 3130 fratrem
2749 3075 2872 3146 ejus
2915 3075 3257 3130 delectatum
3299 3091 3423 3129 esse
3461 3091 3552 3128 ar-

1930 3182 2154 3221 morum
2186 3168 2410 3237 decore,
2448 3169 2653 3240 quibus
2683 3169 2946 3241 proxime
2974 3169 3259 3223 accinctus
3295 3167 3552 3232 atfuerat,

1929 3261 2028 3315 sed
2077 3276 2195 3331 pre
2251 3261 2592 3332 aegritudine
2639 3262 2918 3318 intentius
2973 3277 3088 3317 non
3138 3261 3552 3328 considerasse,

1926 3370 2082 3407 nunc
2111 3357 2304 3424 petere
2335 3371 2569 3410 omnem
2597 3356 2756 3410 illum
2793 3361 3058 3411 ornatum
3087 3355 3354 3411 bellicum
3381 3371 3551 3426 quem

1927 3446 2033 3501 sibi
2060 3448 2395 3518 composuit,
2424 3449 2491 3503 ad
2522 3450 2761 3504 fratrem
2798 3449 3017 3504 deferat
3046 3449 3152 3520 (4);
3187 3452 3418 3520 gratum
3446 3449 3552 3504 hoc

1926 3541 2049 3611 regi
2078 3540 2359 3608 futurum,
2389 3542 2433 3595 si
2461 3546 2717 3596 armatus
2742 3543 2981 3597 adesset.
3013 3543 3327 3613 Antigonus
3356 3543 3549 3597 dolum

1926 3649 2042 3688 non
2085 3634 2365 3704 praavidit,
2399 3634 2547 3689 dicto
2588 3635 2774 3706 paruit
2808 3651 2876 3691 eo
2919 3635 3241 3704 studiosius,
3276 3651 3388 3706 quo
3431 3652 3549 3690 ma-

1926 3728 2011 3798 gis
2051 3728 2278 3798 placere
2315 3728 2437 3799 regi
2479 3729 2691 3799 pariter
2730 3734 2787 3782 et
2825 3728 2983 3784 fratri
3030 3728 3407 3794 desiderabat,
3451 3728 3546 3781 de-

1924 3820 2222 3876 cumbebat
2250 3821 2604 3876 Aristobulus
2635 3822 2693 3875 in
2734 3825 2938 3889 castro,
2982 3824 3070 3876 cui
3107 3838 3320 3876 nomen
3365 3821 3550 3891 primo

1925 3913 2098 3982 Baris,
2151 3918 2349 3986 postea
2396 3915 2640 3970 Antonia
2687 3914 2825 3982 fuit,
2873 3915 3132 3970 videlicet
3179 3915 3251 3969 ab
3305 3914 3550 3969 Antonio

1922 4007 2221 4062 triumviro
2250 4008 2557 4064 donatione
2588 4015 2643 4063 et
2669 4009 3055 4080 appellatione
3085 4025 3213 4063 cum
3244 4007 3397 4062 urbis
3427 4008 3548 4078 dig-

1923 4101 2123 4156 nitate.
2176 4104 2252 4158 Eo
2310 4106 2610 4174 postquam
2665 4103 2982 4175 Antigonus
3040 4101 3546 4174 appropinquavit,

1924 4199 2094 4266 atque
2133 4195 2366 4250 accessit
2402 4196 2474 4250 ad
2513 4195 2673 4250 illum
2718 4196 3022 4250 obscurum
3055 4195 3378 4264 transitum,
3408 4211 3544 4250 con-

1924 4288 2228 4360 spicientes
2253 4294 2541 4345 armatum
2572 4290 2789 4345 venisse
2833 4289 2975 4360 regii
3014 4289 3339 4360 stipatores,
3367 4289 3550 4344 adorsi

1921 4389 2158 4453 repente
2179 4384 2476 4453 juvenem,
2510 4390 2796 4455 praecepto
2836 4382 3208 4451 satisfaciunt,
3239 4387 3409 4452 atque
3438 4383 3546 4436 im-

181 4467 370 4537 prima
393 4465 593 4521 oborta
618 4473 702 4522 est
741 4466 898 4521 labes
931 4483 943 4519 ε
976 4466 1202 4522 invidiae
1243 4471 1574 4523 commenta
1617 4487 1815 4526 conse-
1840 4479 1898 4551 Ι)
1923 4476 2263 4547 prudentem
2332 4477 2684 4550 opprimunt.
2742 4480 2789 4530 Is
2841 4478 2996 4532 locus
3045 4475 3320 4530 Stratonis
3379 4474 3551 4529 turris

183 4568 309 4618 cuta
343 4563 441 4634 huj
451 4563 672 4618 usmodi
701 4568 852 4619 sunt.

829 4659 1049 4715 CAPUT
1089 4661 1181 4716 Ill.

253 4755 710 4824 Composuerant
749 4753 937 4825 primo
981 4753 1111 4822 alia,
1151 4754 1355 4825 quibus
1395 4755 1565 4810 fidem
1606 4755 1817 4810 Aristo-

187 4849 356 4904 bulus
384 4866 503 4905 non
529 4850 753 4916 detulit,
782 4857 838 4906 et
871 4851 1344 4907 obtrectationem
1373 4852 1611 4907 mollivit
1633 4853 1818 4907 chari-

187 4943 323 4996 tatis
357 4944 565 5013 gratia,
605 4943 833 4998 invidia:
867 4944 1122 5000 tribuens
1156 4945 1455 5000 delationis
1487 4945 1818 5000 amaritudi-

191 5051 347 5090 nem.
388 5035 518 5090 ldeo
563 5036 706 5091 falsa
743 5036 889 5091 veris
929 5037 1304 5103 admiscuere,
1350 5044 1409 5092 ut
1448 5055 1513 5092 ex
1563 5038 1648 5092 his
1691 5055 1821 5109 qua

190 5127 263 5181 ad
293 5129 541 5199 speciem
569 5130 687 5184 veri
726 5137 1167 5200 assumpserant,
1198 5130 1541 5187 renitentem
1575 5131 1817 5186 circum-

194 5221 471 5276 venirent.

831 5295 1051 5350 CAPUT
1089 5296 1177 5350 IV.

266 5410 609 5482 Scenopegia
650 5411 980 5466 Iudaeorum
1025 5411 1257 5466 interim
1297 5412 1354 5466 in
1383 5413 1552 5466 terris
1595 5429 1660 5466 ex
1696 5412 1820 5483 lege

199 5501 609 5569 celebrabatur,
657 5502 774 5558 dies
824 5504 1088 5559 videlicet
1117 5504 1294 5558 festus
1339 5511 1392 5559 et
1433 5505 1636 5577 plenus
1662 5521 1820 5560 reve-

199 5593 412 5663 rentiae,
459 5613 574 5666 quo
624 5596 960 5652 sacriﬁcium
1011 5597 1266 5651 solemne
1318 5597 1702 5652 deferebatur.
1747 5599 1823 5652 Eo

265 5715 329 5775 {3)
370 5718 721 5768 Diloricareut
763 5720 968 5770 rectius
1010 5719 1248 5784 legitur:
1288 5733 1399 5782 quo
1443 5718 1608 5769 verbo
1651 5720 1823 5770 utitur

201 5791 388 5838 auctor
422 5789 534 5857 ipse
558 5789 792 5858 hujusce
827 5789 952 5843 libri
979 5804 1095 5862 cap.
1131 5791 1192 5840 35
1232 5795 1285 5841 et
1331 5789 1421 5841 lib.
1468 5803 1543 5852 IV,
1583 5803 1702 5862 cap.
1740 5790 1818 5841 i3.

1924 4570 2338 4640 appellabatur,
2384 4587 2496 4641 quo
2541 4570 2839 4641 deceptum
2887 4568 3151 4624 vocabulo
3195 4567 3402 4623 Iudam
3451 4567 3548 4639 qui

1924 4667 2046 4716 erat
2087 4663 2326 4717 Essenus
2364 4679 2598 4733 genere,
2647 4663 2848 4734 opinio
2893 4667 2976 4717 est
3012 4662 3284 4734 frequens
3319 4679 3332 4717 :
3378 4679 3549 4734 quem

1924 4756 2037 4809 sive
2074 4755 2360 4827 probitate
2401 4758 2528 4810 vita:
2554 4773 2691 4822 suae,
2721 4756 2837 4811 sive
2875 4756 3112 4826 mystica
3139 4755 3547 4822 observatione,

1924 4865 2073 4920 saepe
2099 4865 2228 4920 quas
2269 4849 2455 4904 futura
2494 4853 2658 4904 erant
2695 4850 3084 4915 annuntiasse,
3119 4849 3350 4904 historia
3390 4853 3548 4904 vetus

1925 4942 2192 5013 prodidit.

2559 5016 2776 5070 CAPUT
2817 5017 2878 5069 Vl
2891 5057 2902 5070 .

2000 5131 2065 5199 Is,
2097 5134 2156 5184 ut
2191 5130 2534 5201 accepimus,
2577 5147 2704 5185 cum
2751 5131 2976 5186 vidisset
3011 5132 3358 5202 Antigonum
3401 5148 3545 5202 pra:-

1925 5227 2270 5290 tereuntem,
2307 5227 2367 5277 ut
2408 5224 2641 5278 fratrem
2692 5224 2976 5290 reviseret,
3017 5223 3156 5279 dicit
3201 5225 3268 5279 ad
3315 5241 3409 5279 eos
3449 5225 3549 5296 qui

1927 5332 2164 5370 numero
2207 5316 2616 5388 discipulorum
2659 5318 2782 5388 ejus
2820 5317 3311 5372 annectebantur:
3353 5320 3544 5388 Papae!

1924 5426 2075 5464 nunc
2117 5408 2256 5463 mihi
2293 5410 2505 5465 bonum
2549 5417 2630 5466 est
2662 5410 2834 5477 mori,
2869 5409 3101 5482 quando
3145 5410 3286 5465 mihi
3323 5415 3550 5465 mortua

1925 5503 2130 5558 veritas
2156 5509 2240 5559 est
2276 5528 2285 5558 :
2321 5505 2454 5561 vivit
2481 5505 2823 5577 Antigonus,
2865 5520 3034 5577 quem
3073 5519 3302 5558 necesse
3334 5510 3417 5559 est
3446 5504 3545 5559 lio-

1924 5597 2016 5653 die
2053 5597 2312 5663 interﬁci,
2340 5600 2495 5652 locus
2523 5606 2717 5654 autem
2744 5599 2867 5671 ejus
2893 5597 3016 5652 neci
3047 5599 3308 5654 decretus
3339 5599 3551 5656 Strato-

1924 5719 2102 5771 ΒΑιιει.

1990 5791 2054 5852 (4)
2087 5790 2309 5856 Con/era
2321 5793 2354 5838 τ.
2393 5791 2468 5842 lo.
