4072 6192
633 322 766 372 2067

2103 324 2158 377 S.
2200 324 2516 381 AMBROSII

3793 338 3899 392 2068

630 443 718 498 nis
758 443 946 509 turris,
991 445 1087 514 qui
1129 445 1415 501 sexcentis
1457 444 1592 501 hinc
1637 446 1831 502 stadiis
1872 447 2071 517 abest;
2115 448 2259 503 hora
2284 448 2465 532 AQui
2508 455 2569 506 ut
2610 464 2855 522 regnum
2890 450 3129 521 adeptus
3162 453 3267 519 est,
3294 448 3526 509 fratrem
3553 466 3710 523 quem
3738 454 3901 512 adver-

624 537 749 607 jam
804 536 918 593 diei
967 542 1171 608 quarta
1217 541 1323 593 est.
1377 540 1653 611 Tempore
1703 540 1895 613 itaque
1941 540 2258 597 excluditur

630 630 1053 700 praedestinatas
1081 631 1283 686 mortis
1310 631 1468 686 fides.
1500 634 1627 688 llaec
1655 633 1751 688 ubi
1784 633 1946 702 dixit,
1974 633 2256 689 intentius

630 724 751 793 ipse
777 738 969 779 secum
995 724 1254 779 conferre
1282 725 1469 795 erepit,
1493 727 1781 796 quomodo
1808 742 1939 781 eum
1964 727 2257 782 fefellisset

630 816 845 887 opinio.
878 818 989 871 Nec
1018 818 1198 872 multo
1229 822 1354 888 post
1383 818 1656 873 indicium
1704 819 1954 874 defertur
1988 820 2253 876 interfec-

634 916 756 966 tum
794 927 915 965 esse
951 911 1302 981 Antigonum
1342 912 1397 964 in
1434 912 1693 983 hypogea
1729 913 1798 968 ad
1840 914 2116 969 Stratonis
2142 920 2255 971 tur-

633 1004 764 1072 rim,
816 1005 915 1076 qui
963 1005 1119 1059 locus
1164 1003 1334 1059 simili
1381 1005 1655 1060 vocabulo
1695 1022 1859 1078 aeque
1904 1010 1969 1062 ut
2015 1006 2109 1062 ille
2155 1008 2250 1079 qui

633 1105 754 1153 erat
780 1098 837 1151 in
872 1097 1174 1152 maritimis
1203 1098 1497 1166 Caesareas,
1525 1099 1841 1171 nuncupari
1869 1100 2097 1155 solebat.
2128 1100 2252 1164 Quo

632 1191 883 1246 facinore
912 1194 1157 1262 patrato,
1195 1190 1549 1246 Aristobulus
1575 1208 1767 1247 secum
1805 1192 1928 1264 ipse
1957 1198 2250 1265 reputans,

632 1284 763 1355 quid
808 1284 1037 1339 sceleris
1081 1283 1395 1351 admiserit,
1437 1283 1496 1339 in
1548 1285 1815 1340 morbum
1862 1285 1983 1356 ipse
2029 1285 2249 1342 incidit.

633 1379 763 1432 Erat
796 1378 855 1431 in
900 1376 1074 1431 oculis
1121 1377 1517 1448 parricidium,
1556 1378 1908 1450 perturbatio
1944 1378 2002 1434 in
2040 1379 2251 1447 animo,

632 1488 736 1526 nec
776 1469 910 1525 alibi
956 1470 1135 1524 ullum
1170 1470 1533 1526 intervallum
1573 1471 2018 1528 dissimulationi
2059 1473 2250 1529 dabat.

632 1563 994 1634 Defigebatur
1033 1564 1093 1618 in
1135 1562 1265 1618 imis
1312 1563 1619 1619 visceribus
1665 1564 1828 1620 dolor
1870 1581 1884 1620 :
1929 1565 2144 1620 invidia
2194 1566 2253 1621 in

636 1656 1063 1713 miserationem
1103 1672 1262 1711 versa
1289 1662 1392 1724 est,
1422 1673 1535 1727 quo
1571 1657 1940 1713 innocentem
1973 1659 2250 1730 peremis-

630 1755 716 1805 set
741 1753 941 1806 contra
959 1750 1053 1819 jus
1076 1749 1491 1821 germanitatis;
1519 1751 1657 1804 tanti
1680 1751 1905 1806 sceleris
1928 1752 2253 1808 immanitas

2360 543 2506 596 terat
2547 534 2711 613 regni
2753 541 3211 614 competitorem,
3248 542 3432 597 statim
3479 542 3762 600 interemit.
3784 547 3902 605 Beli-

2357 650 2557 705 quum,
2602 634 2700 706 qui
2747 637 3045 707 supererat
3084 651 3153 691 ex
3194 633 3482 704 fratribus,
3526 635 3647 693 vitae
3680 653 3737 693 ac
3776 640 3906 696 saluti

2357 726 2546 797 potius
2590 743 2763 799 quam
2805 745 2984 799 regno
3023 728 3329 794 intentum,
3368 729 3677 797 reservavit,
3712 746 3909 788 vacuum

2357 820 2742 890 negotiorum,
2780 821 3170 893 continuoque
3216 822 3299 891 (ut
3339 836 3399 874 se
3440 820 3604 877 habet
3626 822 3908 895 inquietudo

2356 911 2603 985 morum)
2631 912 2780 968 bello
2809 929 3007 985 pacem
3034 912 3298 969 mutavit.
3321 913 3734 985 Congressuque
3756 916 3911 973 habito

2353 1004 2621 1060 adversus
2659 1007 2970 1077 Lathyrum
3008 1006 3398 1074 Ptolemaeum,
3430 1005 3688 1077 plurimos
3722 1009 3911 1080 quidem

2355 1097 2605 1154 hostium
2649 1098 2953 1169 interfecit,
2982 1099 3082 1155 sed
3121 1100 3195 1155 ad
3235 1098 3544 1170 Lathyrum
3586 1100 3800 1157 victoria
3832 1102 3910 1157 de-

2353 1190 2535 1247 ﬂuxit.
2559 1192 2662 1247 Cui
2693 1196 2886 1248 tamen
2903 1192 3154 1248 victoria:
3178 1194 3428 1249 fructum
3455 1193 3655 1248 ademit
3674 1194 3912 1266 Cleopatra
4024 1188 4025 1259 ᾖ

2356 1290 2538 1339 mater
2572 1289 2763 1340 coacta
2804 1284 2862 1339 in
2900 1287 3207 1358 Egyptum
3247 1286 3584 1354 concedere,
3626 1290 3682 1341 ut
3714 1291 3912 1342 mortem

2354 1376 2457 1431 sibi
2502 1377 2911 1434 imminentem
2953 1379 3241 1436 evaderet.
3273 1380 3405 1450 Ejus
3442 1378 3739 1434 absentiam
3775 1396 3912 1435 aucu-

2353 1474 2517 1541 patus
2544 1471 2885 1540 Alexander,
2926 1471 3065 1528 dum
3093 1473 3258 1545 regni
3301 1472 3426 1544 ejus
3472 1477 3657 1544 partes
3695 1473 3913 1533 invadere
4024 1476 4025 1545 ᾗ

2352 1564 2527 1644 cupit,
2560 1563 2734 1619 etiam
2771 1565 3128 1621 Theodorum
3170 1565 3229 1622 in
3268 1582 3329 1621 se
3373 1566 3664 1635 convertit,
3692 1565 3912 1636 quoniam

2354 1657 2655 1727 potissima
2685 1674 2926 1729 quaeque
2952 1658 3023 1713 de
3053 1659 3177 1730 ejus
3208 1657 3648 1730 possessionibus
3672 1657 3768 1713 sibi
3795 1675 3913 1714 asso-

2353 1750 2612 1806 ciaverat.
2642 1750 2952 1822 Improviso
2979 1752 3169 1824 itaque
3196 1752 3419 1823 impetu
3443 1751 3755 1807 Theodorus
3772 1751 3916 1822 regias

634 1848 886 1899 mentem
917 1843 1309 1913 exulcerabat;
1336 1860 1451 1898 non
1476 1860 1710 1899 somnus
1738 1845 1932 1912 oculis,
1954 1862 2065 1900 non
2095 1845 2252 1917 quies
2272 1817 2329 1889 Β
2355 1860 2492 1915 opes
2534 1845 2845 1915 occupavit,
2894 1846 3092 1901 decem
3142 1844 3322 1901 millia
3369 1861 3596 1918 quoque
3640 1844 3916 1901 Iudaeorum

628 1937 821 1993 animo
862 1936 1124 1991 dabatur.
1158 1936 1433 2007 Serpebat
1472 1953 1618 1991 caeco
1665 1937 1870 1992 vulnus
1909 1938 2127 1997 dolore.
2155 1955 2272 1995 (ιο-Δ

630 2031 953 2103 quebantur
983 2046 1137 2100 aegra
1175 2029 1511 2100 prtecordia,
1545 2048 1607 2086 ac
1641 2031 1799 2086 dura!
1840 2031 2252 2087 sollicitudines

628 2122 1257 2180 sauciabant‘invalidos
1282 2126 1462 2191 artus,
1495 2127 1551 2179 et
1581 2124 1781 2179 crebro
1809 2124 2029 2196 gemitu
2062 2126 2248 2195 pulsa-

628 2218 767 2273 bant
790 2218 905 2272 alta
933 2215 1104 2270 nimis
1129 2215 1387 2287 suspiria.

1253 2309 1475 2365 CAPUT
1516 2310 1621 2365 νη.

2351 1937 2546 2008 ρτωὶὶο
2576 1937 2743 2004 fudit,
2772 1937 2871 1993 sed
2899 1954 3072 2010 super
3107 1939 3335 2010 plagam
3365 1955 3482 1996 non
3507 1938 3708 1995 fractus
3728 1938 3917 1993 Alexan-
4024 1937 4025 2013 Ῐ

2351 2030 2452 2084 der
2482 2030 2645 2102 plura
2687 2030 2872 2086 adhuc
2907 2031 2977 2085 de
3015 2031 3265 2087 hostium
3294 2032 3552 2103 partibus
3590 2047 3688 2086 suo
3726 2030 3916 2102 imperio

2350 2123 2640 2194 adjunxit,
2701 2127 3109 2196 captarumque
3156 2124 3387 2180 urbium
3455 2125 3684 2196 populos
3739 2123 3918 2178 servitio

2353 2215 2593 2287 subegit.
2637 2216 2745 2272 Hos
2789 2215 3043 2272 bellandi
3086 2232 3376 2271 successus
3420 2217 3726 2273 domestica
3764 2216 3920 2272 seditio
4024 2262 4025 2287 ι

2351 2308 2731 2380 interpolavit,
2761 2313 2820 2364 et
2860 2312 2983 2364 orta
3027 2309 3097 2366 de
3126 2309 3395 2365 conviviis
3436 2326 3610 2382 usque
3649 2310 3715 2365 ad
3751 2309 3920 2365 bellum

698 2405 894 2476 Itaque
953 2402 1333 2459 immoderata
1405 2402 1787 2459 masstitudine
1855 2422 1922 2459 eo
1994 2405 2253 2476 prorupit
2351 2402 2639 2458 contentio
2706 2402 3001 2474 processit.
3066 2403 3353 2458 Familiari
3430 2406 3590 2475 peste
3648 2402 3922 2475 hujusmodi

630 2497 816 2555 morbi
856 2497 955 2563 vis,
991 2502 1052 2552 ut
1083 2496 1287 2552 evulsis
1315 2498 1388 2568 (5)
1425 2496 1750 2563 visceribus,
1779 2498 2123 2569 sanguinem
2160 2515 2251 2554 νο·
2350 2495 2675 2550 ,Ιιιάωοι-ιιω
2717 2494 2869 2563 viris,
2910 2500 2977 2550 ut
3012 2495 3084 2551 de
3124 2495 3345 2567 epulari
3380 2495 3520 2552 ludo
3557 2512 3677 2553 sese
3714 2494 3768 2550 in
3800 2510 3923 2550 arma

628 2590 770 2649 mitu
827 2591 942 2648 oris
992 2590 1254 2662 rejiceret
1303 2609 1318 2646 :
1376 2607 1544 2664 quem
1597 2607 1742 2662 puer
1790 2592 2027 2659 aulicus,
2082 2592 2254 2664 regiis
2354 2586 2620 2656 excitent,
2648 2605 2712 2643 ac
2740 2588 2850 2643 nisi
2879 2588 3190 2660 peregrina
3217 2587 3425 2643 auxilia
3462 2588 3583 2661 regi
3612 2588 3924 2660 praestofuis-

629 2685 824 2741 usibus
860 2684 1125 2756 praebens
1172 2684 1580 2751 ministerium,
1622 2685 1777 2740 foras
1815 2685 2037 2752 extulit,
2082 2690 2252 2757 atque
2353 2684 2499 2749 sent,
2543 2680 2748 2737 seditio
2801 2682 3197 2753 pmvaluerat.
3255 2681 3363 2738 Sed
3416 2680 3722 2736 adventitia
3770 2696 3922 2745 manu,

626 2777 961 2850 imprudens
1004 2777 1155 2845 facti,
1205 2777 1359 2849 quod
1410 2794 1547 2833 casu
1594 2777 1785 2849 potius
1833 2794 2007 2850 quam
2052 2778 2251 2834 indus-
2353 2790 2507 2846 egre
2565 2774 2716 2843 licet,
2762 2790 3096 2845 compressa
3145 2779 3229 2829 est
3274 2780 3496 2845 tamen,
3553 2777 3675 2830 octo
3727 2773 3927 2831 millibus

628 2872 737 2929 tria
787 2871 1118 2944 gerebatur,
1160 2871 1230 2927 ad
1276 2887 1413 2926 eum
1456 2872 1647 2927 locum
1696 2873 1977 2943 pervenit,
2027 2872 2086 2927 in
2141 2888 2254 2944 quo
2353 2867 2530 2924 ferme
2576 2867 2943 2923 Hebraeorum
2990 2867 3394 2939 interemptis:
3440 2868 3572 2924 inde
3612 2867 3670 2922 in
3711 2866 3924 2922 Arabiam

626 2966 949 3038 Antigonus
998 2966 1185 3021 fuerat
1227 2964 1572 3034 exstinctus;
1620 2963 1738 3020 illic
1783 2982 1950 3037 supra
1997 2970 2253 3022 rorantes
2354 2962 2459 3018 iter
2478 2960 2705 3030 direxit,
2731 2977 2795 3016 ac
2822 2960 3114 3017 nonnullae
3141 2961 3265 3033 ejus
3286 2960 3460 3017 urbes
3484 2961 3742 3029 subactas,
3760 2960 3926 3016 tributa

627 3060 814 3116 adhuc
877 3059 1120 3114 fraterni
1193 3057 1489 3130 sanguinis
1557 3059 1808 3115 maculas
1828 3100 1842 3125 ,
1907 3060 2253 3130 percussoris
2354 3071 2580 3127 quoque
2608 3054 2864 3111 Moabitis
2889 3061 2947 3108 et
2972 3053 3270 3109 Galaaditis
3290 3054 3426 3125 jure
3447 3054 3694 3111 victoria:
3712 3052 3923 3125 ascripta.

626 3152 963 3224 sanguinem
994 3151 1216 3207 effudit.
1246 3151 1477 3209 Clamor
1501 3151 1687 3207 subito
1715 3152 1894 3208 factus
1920 3155 1976 3209 et
2005 3153 2252 3224 gemitus
2272 3183 2328 3255 Ο
2351 3139 2533 3253 Unde'
2558 3163 2853 3255 regressus
2900 3146 2959 3255 in
3013 3146 3397 3255 Amathunta,
3456 3147 3744 3255 Theodoro
3793 3145 3926 3255 tantis

627 3245 997 3312 intuentium,
1023 3261 1092 3301 eo
1116 3244 1267 3317 quod
1296 3245 1577 3316 profunda
1605 3246 1855 3317 quadam
1883 3245 2252 3317 dispositione
2277 3238 2328 3255 ν’
2353 3242 2477 3314 ejus
2520 3240 2869 3307 successibus
2912 3239 3250 3312 stupefacto,
3296 3256 3544 3297 vacuum
3593 3238 3926 3298 defensoribus

628 3337 857 3395 Domini
912 3337 1115 3393 libatus
1168 3339 1450 3409 perempti
1515 3338 1892 3394 scelestissimi
1959 3339 2252 3411 parricidae
2352 3335 2645 3393 castellum
2695 3332 3006 3401 inveniens,
3053 3333 3174 3390 sine
3228 3349 3388 3388 mora
3446 3334 3795 3407 expugnavit.
3837 3332 3926 3386 Non

628 3431 858 3504 sanguis
899 3431 1202 3488 videretur.
1230 3431 1382 3488 Sono
1418 3432 1634 3488 excitus
1674 3448 1901 3490 causam
1941 3433 2246 3505 quaesivit:
2352 3444 2760 3502 usquequaque
2803 3432 2994 3482 tamen
3043 3426 3256 3483 otiosus
3297 3426 3548 3484 Obedias
3591 3443 3681 3483 rex
3723 3424 3924 3481 Arabum

626 3541 759 3581 cum
785 3525 1067 3592 sileretur,
1103 3525 1296 3581 elicuit
1319 3524 1508 3582 studio
1548 3526 1851 3597 quierandi
1890 3529 1948 3583 et
1977 3530 2130 3583 metu
2159 3527 2249 3584 in-
2349 3522 2477 3590 fuit,
2501 3537 2609 3577 nec
2636 3521 2818 3578 inulta
2845 3519 2944 3577 diu
2970 3520 3137 3593 regni
3162 3520 3248 3576 sui
3270 3536 3472 3594 passus
3500 3519 3800 3593 dispendia.
3817 3520 3925 3575 Nam

626 3618 988 3692 dignationis.
1035 3618 1207 3690 Cujus
1253 3621 1486 3691 accepto
1526 3618 1758 3689 indicio,
1788 3620 2027 3681 suffusos
2061 3622 2252 3677 oculos
2352 3614 2572 3675 insidiis
2620 3621 2941 3687 opportune
2985 3614 3184 3669 locatis
3232 3629 3485 3691 omnem,
3513 3613 3803 3671 exercitum
3835 3610 3925 3681 ejus

626 3713 909 3787 lacrymis,
940 3716 1000 3768 et
1033 3718 1315 3784 quantum
1346 3718 1467 3768 erat
1503 3713 1564 3768 in
1593 3730 1660 3769 eo
1694 3713 1941 3782 virtutis,
1973 3714 2248 3787 ingemis-

625 3824 756 3864 cens
788 3826 800 3861 :
835 3806 1019 3874 Haud,
1061 3805 1266 3879 inquit,
1306 3806 1642 3877 rependitur
1678 3807 1897 3863 meritis
1937 3807 2080 3864 meis
2110 3824 2247 3864 con-

626 3918 771 3973 grua
793 3899 1146 3969 vicissitudo;
1180 3915 1366 3971 neque
1401 3899 1561 3956 enim
1594 3900 1690 3956 Dei
1722 3900 1951 3956 oculum
1987 3905 2110 3957 tam
2139 3901 2248 3958 im-

2351 3708 2577 3780 delevit,
2607 3710 2939 3764 conclusum
2970 3707 3150 3778 vallis,
3181 3706 3471 3779 profundo
3497 3712 3555 3764 et
3585 3706 3755 3763 multo
3777 3718 3922 3761 came-

2350 3803 2539 3859 lorum
2582 3802 2817 3874 agmine
2855 3801 3139 3858 attritum.
3181 3800 3370 3856 Evasit
3406 3806 3605 3857 tamen
3643 3796 3923 3857 Alexander,

2352 3900 2408 3951 et
2432 3896 2660 3968 fugiens
2685 3895 2759 3951 de
2786 3894 3003 3967 praelio,
3030 3894 3560 3965 Hierosolymitana:
3602 3892 3747 3949 urbis
3782 3903 3926 3959 recep-

628 3995 705 4066 pii
735 3994 1096 4051 machinator
1125 3992 1351 4049 sceleris
1388 3993 1681 4064 praeterire
1717 3998 2003 4065 poteram.
2035 3995 2254 4051 Matura
2352 3989 2533 4046 tacula
2558 3988 2718 4061 petit,
2749 3988 2965 4045 invisus
2982 3987 3097 4043 suis
3120 3987 3395 4061 quoniam
3422 3987 3812 4044 recruduerant
3830 3980 3926 4037 odia

630 4088 834 4160 flagitii
878 4087 1020 4142 ultio
1042 4086 1253 4154 subest,
1281 4092 1339 4142 et
1369 4086 1490 4158 jam
1529 4086 1707 4158 digno
1738 4088 2047 4145 convenior
2070 4090 2249 4160 parri-

2353 4098 2629 4140 asrumnae
2657 4082 2781 4153 ejus
2806 4081 3125 4149 occasione,
3152 4079 3289 4153 quia
3318 4083 3495 4135 tanta
3524 4078 3786 4152 potentiae
3808 4076 3927 4131 metu

626 4179 753 4237 cidii
800 4179 913 4235 mei
960 4179 1163 4251 pretio.
1202 4180 1330 4234 Vale
1371 4195 1619 4251 corpus:
1663 4196 1962 4253 quousque
2000 4181 2251 4239 animam
2352 4175 2778 4249 premebantur.
2831 4175 2944 4230 Nec
3005 4173 3230 4230 silentio
3292 4172 3599 4245 tegebatur
3655 4170 3926 4225 animorum

628 4274 786 4330 fratri
838 4273 1119 4346 matrique
1166 4272 1603 4329 condemnatam
1650 4273 1910 4330 detines?
1954 4275 2099 4340 Quid
2151 4292 2253 4347 per
2351 4269 2653 4338 discordia,
2683 4272 2783 4324 aut
2813 4269 2884 4340 (6)
2920 4267 3104 4325 verbis
3143 4266 3549 4324 tantummodo
3589 4262 3927 4322 exercebatur,

628 4373 816 4439 partes
843 4367 924 4424 eis
958 4366 1075 4423 libo
1120 4382 1312 4423 meum
1351 4367 1732 4439 sanguinem?
1755 4368 1819 4422 in
1844 4384 1936 4423 me
1971 4369 2157 4424 omnis
2184 4369 2253 4438 (si
2350 4363 2549 4437 prmlio
2586 4379 2699 4419 non
2742 4378 2877 4432 uno,
2917 4361 3021 4417 sed
3058 4359 3321 4433 plurimis
3360 4359 3735 4416 decertatum.
3759 4352 3929 4421 Quibus

626 4479 737 4534 qua
764 4464 851 4517 est
880 4460 1079 4533 pietas)
1105 4462 1482 4532 contorqueat
1506 4477 1711 4517 manus
1729 4461 2035 4534 spiculum,
2062 4478 2128 4517 ac
2159 4479 2251 4518 me
2353 4456 2628 4512 exstincta
2662 4455 2781 4513 fere
2819 4454 3239 4529 quinquaginta
3261 4452 3592 4508 Judaeorum
3620 4450 3787 4508 millia
3820 4460 3928 4519 quos

626 4573 827 4612 omnes
851 4555 952 4610 filii
977 4554 1359 4626 germanique
1384 4555 1592 4610 ultores
1619 4554 1845 4626 pietatis
1864 4555 2054 4627 gladio
2074 4559 2251 4611 trans-
2271 4549 2330 4621 D
2353 4549 2672 4606 Alexander
2700 4548 3010 4615 interemit,
3038 4546 3154 4602 suis
3191 4562 3363 4619 quam
3407 4545 3666 4601 hostibus
3702 4536 3927 4616 pernicio-

625 4650 823 4721 tigant.
864 4649 1137 4704 Mactatur
1176 4648 1359 4705 hostia
1400 4647 1777 4723 parricidalis,
1823 4653 1993 4719 atque
2042 4648 2249 4705 immo-
2351 4644 2487 4713 sior,
2528 4647 2584 4698 et
2623 4642 2838 4713 majore
2875 4642 3057 4697 victor
3093 4639 3463 4707 detrimento,
3504 4635 3762 4712 quoniam
3796 4628 3925 4703 regni

624 4745 772 4798 letur
800 4740 1024 4797 violata:
1052 4740 1494 4810 necessitudini;
1523 4744 1706 4797 totum
1732 4741 1903 4797 simul
1935 4757 2064 4797 caro
2091 4742 2251 4797 noxia
2353 4738 2440 4792 sui
2469 4737 2613 4793 vires
2640 4735 2917 4792 vincendo
2942 4734 3257 4791 attriverat.
3288 4732 3453 4790 Unde
3488 4749 3558 4789 ne
3589 4732 3703 4804 ipse
3733 4724 3923 4799 ααίάοω

622 4834 961 4908 sanguinem
997 4839 1247 4891 evomat.
1283 4835 1405 4889 Non
1433 4834 1710 4889 viscerum
1742 4851 2007 4891 meorum
2031 4835 2247 4891 crucia-

624 4930 771 4985 tibus
813 4932 872 4984 et
915 4929 1067 4983 lenta
1112 4927 1242 4983 tabe
1288 4926 1638 4982 daemonium
1683 4932 2056 4995 exsaturetur,
2084 4928 2251 5000 quod

625 5040 712 5079 me
754 5024 813 5079 in
856 5029 967 5077 tam
1017 5021 1266 5077 nefarios
1299 5036 1469 5075 ausus
1511 5020 1640 5075 saevi
1679 5020 1947 5076 facinoris
1990 5021 2247 5094 impegit.

625 5119 718 5173 His
761 5117 946 5183 dictis,
990 5118 1163 5172 ﬁnem
1208 5112 1440 5186 imperii
1483 5130 1549 5168 ac
1588 5114 1717 5169 vitae
1760 5113 1937 5184 dedit,
1969 5115 2062 5170 vix
2099 5131 2251 5170 anno

618 5214 846 5268 functus
883 5213 1158 5282 potestate
1188 5208 1366 5280 regia,
1398 5212 1634 5278 propter
1664 5223 1836 5279 quam
1878 5207 2249 5279 parricidium

623 5323 733 5361 non
762 5305 1058 5376 effugerat.

1235 5397 1454 5452 CAPUT
1494 5396 1628 5451 Vlll.

689 5521 862 5576 Solvit
898 5521 1049 5576 illico
1098 5519 1327 5585 mulier,
1371 5523 1545 5589 atque
1581 5517 1739 5573 exuit
1772 5517 2012 5571 vinculis
2047 5518 2249 5572 fratres

621 5613 895 5679 defuncti;
924 5628 1120 5683 regem
1151 5611 1446 5666 constituit
1468 5610 1876 5678 Alexandrum,
1904 5611 1995 5663 cui
2026 5614 2082 5665 et
2113 5626 2245 5681 pro-

623 5718 752 5753 vera
799 5706 957 5770 astas,
1008 5707 1066 5757 et
1113 5704 1429 5759 moderatio
1483 5702 1776 5776 suffragari
1833 5703 2244 5759 aestimabatur.

689 5865 750 5923 (ti)
782 5863 1069 5913 Couvulsia.
1104 5866 1277 5919 Bana.

2344 4831 2469 4903 jam
2517 4830 2632 4886 suis
2661 4829 2911 4886 victoriis
2948 4828 3359 4895 delectabatur,
3398 4840 3731 4898 aversusque
3757 4838 3784 4875 a
3809 4830 3922 4891 prm-

2350 4924 2450 4994 lio,
2487 4927 2611 4981 arte
2644 4923 2918 4979 tractabat
2954 4921 3059 4976 sibi
3101 4921 3380 4990 subditos,
3412 4925 3474 4977 ut
3504 4920 3624 4992 jam
3653 4932 3760 4972 non
3787 4908 3923 4967 armis

2350 5023 2657 5091 premeret,
2703 5017 2800 5073 sed
2840 5015 3027 5072 verbis
3074 5020 3323 5088 urgeret,
3350 5031 3414 5070 ac
3452 5011 3587 5069 solis
3617 5002 3921 5066 sermonibus

2351 5110 2731 5168 offensionum
2780 5126 2993 5183 genera
3043 5108 3396 5164 dissolveret.
3449 5105 3597 5162 Nihil
3645 5094 3919 5174 proﬁciebat

2350 5204 2422 5259 ad
2447 5204 2822 5277 colligendam
2839 5203 2941 5257 sibi
2970 5203 3233 5274 gratiam,
3259 5200 3535 5272 quoniam
3562 5196 3696 5252 fictis
3711 5190 3916 5277 facinora

2351 5273 2883 5369 prmponderabant,
2906 5301 3079 5369 atque
3110 5295 3236 5367 ipsa
3262 5293 3558 5367 repentina
3582 5282 3843 5346 conversio
3862 5273 3914 5329 ad

2354 5390 2745 5462 paenitentiam
2789 5405 3135 5461 morumque
3182 5386 3532 5462 ina'qualitas
3573 5398 3709 5438 saeva
3745 5370 3912 5449 passim

2350 5488 2605 5556 suspecta
2633 5484 2975 5538 habebatur.

2990 5594 3215 5652 CAPUT
3250 5594 3332 5649 1X.

2424 5700 2677 5771 Denique.
2703 5714 2832 5752 cum
2860 5697 3129 5753 simulata
3152 5696 3276 5766 ejus
3302 5691 3608 5768 placiditate
3634 5701 3689 5742 se
3711 5683 3907 5737 circum-

2409 5854 2479 5933 (ϐ)
2511 5866 2593 5917 A1.
2627 5870 2748 5915 aute
2776 5864 2936 5916 haud.
2966 5864 3043 5914 In.
