4000 6166
176 318 279 388 2069

1131 325 1213 380 DE
1258 326 1530 411 EXtIlDlt)
1571 325 1769 380 URBIS
1812 327 2165 381 llllﬂRUSUL.
2210 327 2336 411 LIB.
2383 326 2423 378 l.

3325 326 3459 379 207"

170 452 311 510 veniri
335 449 745 517 arbitrarentur,
775 448 1125 503 Demetrium
1158 463 1355 519 regem
1388 447 1491 502 sibi
1517 447 1727 503 auxilio
1752 449 2243 533 AAntipatridcm
2294 452 2351 502 ct
2404 450 2608 520 Joppes
2660 447 2850 507 littora
2901 448 3074 502 l‘oveis
3130 447 3456 520 ingentibus

165 550 375 605 futurum
400 541 657 597 adversus
686 541 1072 598 Alexandrum
1102 542 1160 596 in
1196 540 1411 596 bellum
1444 542 1725 597 excitave-

165 644 286 696 runt.
336 639 512 707 Pugna
562 634 623 689 in
677 634 969 701 manibus,
1032 652 1131 689 nec
1188 634 1727 707 comperendinata,

164 731 379 807 quamvis
404 727 491 784 uni
529 728 834 785 adversum
875 729 1019 785 duos
1063 729 1343 783 exercitus
1373 744 1616 783 numero
1650 729 1728 784 in-

160 823 329 883 feriore
352 822 668 878 certandum
694 822 859 877 foret.
888 822 1031 877 Mille
1060 823 1216 877 enim
1242 822 1550 879 comitatus
1574 822 1731 894 equi~

160 920 278 975 tibus
311 922 359 973 et
395 932 480 971 sex
519 914 771 970 millibus
813 915 1103 987 peditum,
1146 933 1286 989 quos
1328 915 1589 971 mercede
1625 914 1728 970 sibi

156 1010 491 1075 associaverat,
534 1008 737 1064 decem
772 1007 954 1064 millia
991 1025 1221 1081 quoque
1260 1008 1585 1064 Judaaorum
1624 1008 1731 1063 sibi

157 1101 553 1177 conspirantium
603 1101 668 1155 in
714 1100 925 1158 bellum
973 1118 1282 1168 accersens,
1320 1102 1480 1172 juxta
1527 1101 1729 1157 urbem

152 1196 420 1253 Sichimam
476 1194 721 1250 occurrit
772 1194 1057 1261 hostibus,
1121 1195 1327 1267 quibus
1389 1195 1500 1249 tria
1558 1194 1733 1249 millia

151 1290 368 1361 equitum
417 1291 606 1353 erant,
664 1293 721 1341 et
776 1288 1037 1360 peditum
1092 1286 1476 1361 quadraginta
1527 1287 1725 1343 millia.

141 1384 445 1454 Tentatoque
475 1380 744 1453 utrinque
773 1381 1025 1452 agmine,
1057 1380 1155 1435 ubi
1188 1397 1373 1453 neque
1401 1380 1727 1436 Demetrius

146 1475 348 1548 pecunia
389 1474 702 1530 conductos
752 1473 1063 1529 desciscere
1104 1492 1138 1528 a
1178 1473 1290 1529 ﬁde
1339 1474 1495 1541 vidit,
1551 1490 1732 1545 neque

140 1567 416 1624 Alexander
439 1567 509 1623 de
543 1567 754 1623 Iudaeis
800 1567 1022 1639 aliquos
1062 1567 1267 1639 quibus
1311 1583 1368 1621 se
1413 1566 1731 1622 Demetrius

141 1660 459 1733 adjunxerat,
496 1660 826 1732 deposuisse
863 1676 1004 1732 erga
1042 1677 1103 1714 se
1145 1661 1273 1715 odia
1310 1660 1595 1732 cognovit,
1639 1677 1728 1714 ar-

138 1753 222 1808 mis
259 1753 670 1809 decernendum
718 1753 1210 1810 existimaverunt.
1258 1753 1535 1826 Superior
1580 1752 1731 1808 bello

1832 540 2035 609 ductis,
2067 558 2342 614 muroque
2369 540 2669 607 altissimo,
2704 540 2954 595 turribus
2980 557 3205 614 quoque
3237 558 3265 595 e
3298 539 3458 611 ligno

1829 634 2143 706 impositis,
2195 634 2357 689 clusit
2406 650 2644 705 operam
2697 648 2904 705 magno
2953 648 3190 687 suorum
3242 631 3458 697 labore,

1831 728 1985 782 nullo
2018 727 2197 782 hostis
2226 726 2667 799 impedimento.
2708 726 3002 798 Siquidem
3039 724 3271 798 negotio
3308 725 3463 781 facili

1833 821 2058 893 repleta:
2122 820 2327 886 fovete,
2386 826 2685 891 turresque
2749 822 2998 887 exustie,
3053 818 3174 890 ipse
3235 834 3463 891 quoque

1831 913 2153 969 Alexander
2188 913 2327 984 fuga
2365 912 2475 967 sibi
2506 911 2809 980 consuluit,
2845 929 2912 967 eo
2949 910 3144 980 tutior,
3187 911 3324 984 quia
3361 926 3461 966 ne-

1832 1023 2117 1080 quaquam
2152 1006 2292 1062 tanti
2325 1005 2678 1062 existimatus
2713 1005 2806 1076 (8),
2841 1011 2901 1061 ut
2932 1022 3063 1060 eum
3095 1005 3273 1060 victor
3304 1004 3462 1076 priu-

1833 1101 1973 1173 cipis
2002 1100 2125 1156 loco
2153 1100 2418 1172 persequi
2444 1098 2699 1156 deberet.
2728 1101 2870 1155 Nam
2910 1099 3175 1155 secundis
3213 1098 3463 1170 partibus

1837 1199 2199 1262 reservatum,
2235 1199 2295 1248 ut
2325 1192 2546 1248 itineris
2574 1193 2844 1248 obstructi
2877 1192 3144 1264 injuriam
3176 1194 3463 1264 acceptam

1834 1287 2225 1343 ulcisceretur.
2258 1288 2490 1342 Rectum
2530 1290 2720 1342 autem
2758 1287 2816 1340 in
2858 1286 3067 1342 Arabas
3103 1285 3213 1340 iter
3241 1283 3462 1350 direxit,

1834 1397 2077 1453 quorum
2118 1397 2211 1435 rex
2242 1379 2298 1434 in
2337 1379 2460 1435 loca
2503 1380 2697 1451 praelio
2743 1384 3065 1452 opportuna
3107 1396 3226 1433 sese
3270 1381 3467 1434 contu-

1835 1475 1997 1528 lerat.
2046 1473 2258 1528 Deinde
2298 1472 2484 1527 subito
2522 1489 2794 1528 converso
2828 1472 3100 1545 equitatu,
3133 1471 3381 1527 maxima
3410 1472 3463 1525 vi

1833 1584 1895 1621 ac
1926 1566 2287 1621 multitudine
2317 1565 2542 1633 effusas,
2576 1582 2640 1620 ac
2680 1566 2801 1621 sine
2840 1566 3037 1620 ordine
3069 1568 3296 1619 ruentes
3328 1564 3462 1619 bos-

1837 1660 1977 1713 tium
2042 1665 2258 1713 turmas
2315 1659 2587 1714 invasere.
2645 1660 2932 1715 Certatum
2991 1657 3215 1726 acriter,
3273 1657 3463 1730 quoad

1836 1752 2145 1807 Antiochus
2173 1752 2378 1808 restitit
2402 1751 2785 1823 (renitebatur
2806 1750 3002 1823 enim),
3027 1749 3285 1823 quamvis
3310 1766 3465 1806 exer-

138 1846 419 1903 Demetrius
442 1846 649 1915 factus,
679 1845 926 1918 plurimo
951 1850 1143 1901 tamen
1169 1832 1407 1901 Suorum
1432 1846 1728 1917 sanguine.
1752 1827 1810 1897 Β
1835 1844 1975 1901 citus
2007 1846 2129 1917 ejus
2173 1845 2332 1917 quasi
2365 1862 2527 1901 more
2565 1862 2836 1917 pecorum
2873 1844 3325 1900 obtruncaretur.
3356 1842 3460 1899 Ubi

135 1941 359 2012 Namque
414 1939 483 1994 ab
533 1939 623 1995 his
672 1939 770 2012 qui
817 1956 847 1995 e
889 1939 1110 1995 diverso
1154 1940 1419 1995 mercede
1470 1939 1731 1994 conducti

134 2037 393 2100 venerant,
435 2032 674 2105 egregie
700 2032 1001 2099 bellatum,
1038 2035 1099 2086 ut
1131 2031 1213 2086 ita
1252 2048 1428 2104 usque
1469 2031 1545 2086 ad
1587 2048 1734 2087 mor-

133 2130 226 2180 tem
252 2128 449 2181 virtute
475 2143 543 2181 ac
564 2125 675 2181 ﬁde
702 2125 1140 2181 decertaverint.
1169 2125 1511 2180 Destitutum
1540 2124 1732 2198 itaque

131 2236 230 2273 sese
271 2218 599 2274 Alexander
641 2219 857 2287 videns,
903 2220 1060 2274 caesis
1104 2235 1336 2274 suorum
1389 2217 1630 2273 catervis
1673 2218 1731 2273 in

129 2318 325 2368 montes
367 2312 672 2368 concessit.
720 2312 829 2368 Sed
874 2317 1080 2383 praeter
1120 2311 1420 2384 utriusque
1458 2328 1615 2383 spem
1661 2311 1735 2366 ad

127 2407 340 2460 alterum
380 2422 590 2461 eorum
635 2405 854 2477 species
900 2405 1148 2460 victorias
1196 2404 1476 2476 pervenit,
1518 2404 1734 2458 fructus

124 2497 262 2553 alteri
299 2502 497 2571 partus
532 2515 548 2553 :
581 2498 715 2571 quia
754 2502 812 2554 et
850 2498 1176 2553 Demetrius
1216 2499 1463 2553 nudatus
1497 2503 1582 2553 est
1621 2497 1729 2552 dis-

123 2607 259 2645 cessu
294 2592 694 2659 Hebraeorum,
726 2591 822 2663 qui
864 2590 1129 2647 eumdem
1169 2590 1240 2668 ad
1278 2590 1608 2645 societatem
1641 2607 1730 2646 ro-

122 2689 387 2754 gaverunt,
421 2690 481 2740 et
508 2684 838 2740 Alexandro
868 2702 932 2739 ex
962 2684 1099 2756 ipsis
1137 2701 1231 2740 sex
1268 2684 1445 2739 millia
1477 2700 1599 2739 sese
1635 2684 1756 2738 rid--

115 2777 421 2845 junxerant,
446 2794 615 2833 more
635 2777 883 2851 quodam
914 2777 1152 2832 humani
1181 2775 1402 2848 ingenii
1424 2776 1734 2848 astipulan-

122 2869 249 2925 tibus
275 2871 343 2925 ad
374 2871 827 2926 misericordiam
852 2870 1021 2925 rebus
1048 2869 1317 2925 adversis.
1340 2870 1517 2925 Cessit
1544 2870 1733 2941 itaque

117 2963 422 3019 Demetrius
468 2964 555 3031 ei,
603 2980 778 3035 quem
828 2961 975 3019 bello
1028 2964 1231 3019 vicerat
1273 2981 1284 3016 :
1329 2963 1526 3019 videns
1573 2962 1733 3017 illum

116 3055 465 3112 affluentibus
490 3056 776 3130 paulatim
796 3057 1046 3112 Hebraeis
1061 3056 1180 3127 jam
1204 3073 1416 3130 pugnae
1438 3055 1734 3123 idoneum,

114 3166 327 3222 seseque
367 3168 507 3206 cum
543 3150 738 3223 paucis
774 3151 1053 3205 relictum.
1088 3150 1259 3221 Cujus
1296 3148 1527 3204 victoria
1560 3149 1733 3204 liber-
1757 3185 1813 3259 Ο

115 3248 215 3295 tate
243 3244 487 3299 assuetis
529 3242 913 3299 damnationis
942 3243 1020 3315 (7)
1052 3245 1267 3298 metum
1312 3242 1591 3299 movebat.
1624 3243 1739 3297 Re-

109 3334 180 3389 dit
211 3336 550 3393 Alexandro
589 3336 803 3391 saevitia
839 3353 970 3391 cum
1013 3336 1335 3404 securitate,
1384 3350 1739 3406 regnumque

111 3427 156 3481 in
193 3446 322 3484 suos
361 3436 424 3486 et
467 3446 607 3485 usus
636 3428 774 3484 belli
815 3430 1174 3484 reformatur.
1210 3428 1499 3493 Quaarenti
1540 3422 1740 3482 abhis

106 3521 361 3591 quidnam
418 3524 667 3591 faciens,
726 3522 950 3577 animos
1003 3521 1109 3577 sibi
1163 3520 1343 3595 plebis
1387 3520 1735 3589 conciliaret,

109 3629 432 3685 responsum
478 3618 573 3671 est
603 3631 617 3669 :
648 3613 707 3671 Si
737 3618 1073 3670 moreretur.
1101 3614 1201 3669 Vix
1245 3614 1403 3669 enim
1443 3613 1566 3668 fore
1605 3628 1737 3667 cum

102 3712 334 3775 mortuo,
364 3713 496 3765 tam
546 3706 743 3781 gravia
773 3707 1046 3780 perpessi,
1075 3712 1140 3763 ut
1168 3707 1227 3762 in
1268 3706 1511 3778 gratiam
1549 3720 1735 3761 rever-

103 3804 370 3871 terentur,
404 3809 470 3857 ut
508 3801 642 3857 odia
685 3801 955 3857 adversus
992 3800 1321 3856 defunctum
1361 3799 1736 3871 deponerent.

96 3894 295 3955 Quibus
326 3896 654 3962 excitatus,
682 3892 1111 3967 rebellandique
1140 3892 1519 3962 assuetudine,
1547 3892 1742 3947 multis

100 3988 297 4043 nemtis
327 3989 606 4061 reliquos
634 3987 826 4060 coegit
851 3987 911 4043 in
942 3987 1165 4057 urbem,
1196 3986 1284 4042 cui
1324 4001 1534 4042 nomen
1572 3985 1736 4041 Bese-

97 4082 269 4138 melel.
303 4082 501 4154 Cujus
532 4081 889 4154 expugnatio
922 4080 1278 4137 acerbiorem
1318 4080 1477 4135 solito
1518 4085 1740 4151 pestem

94 4171 309 4241 invexit,
354 4180 487 4230 tam
531 4190 682 4229 saevo
725 4174 1074 4230 crudelitatis
1120 4189 1406 4247 processu,
1449 4178 1514 4229 ut
1556 4190 1621 4228 ex
1673 4189 1740 4228 eo

90 4281 321 4324 numero
364 4269 750 4341 octingentos
784 4268 845 4322 in
874 4267 1063 4324 media
1100 4266 1323 4323 civitate
1358 4266 1737 4339 crucifigeret.

91 4357 336 4421 Quorum
370 4363 438 4417 in
473 4364 789 4434 conspectu
819 4348 1093 4433 conjuges
1126 4376 1322 4416 eorum
1357 4359 1616 4431 ﬁliosque
1640 4360 1737 4431 ju-

87 4454 263 4522 gulari
291 4454 617 4529 praecepit.

767 4525 986 4580 CAPUT
1024 4525 1083 4579 Χ.

146 4640 271 4699 Hec
311 4642 634 4717 spectabat
668 4640 1011 4697 accumbens
1054 4640 1112 4696 in
1160 4640 1352 4696 medio
1395 4639 1737 4697 concubina-

86 4750 224 4806 rum,
266 4737 452 4793 lctus
492 4736 652 4792 inter
684 4751 840 4791 escas
873 4739 929 4790 et
966 4734 1189 4806 pocula,
1236 4734 1335 4789 sed
1380 4735 1566 4806 magis
1608 4749 1739 4789 san-

81 4828 248 4897 guine
291 4846 498 4903 quam
549 4828 682 4884 vino
722 4828 1038 4884 inebriatus
1074 4845 1088 4883 :
1121 4828 1229 4883 hoc
1268 4826 1388 4882 solo
1431 4827 1581 4882 facto
1619 4843 1743 4897 am-

79 4921 215 4990 plius
239 4925 557 4997 populum
584 4939 756 4995 quam
782 4922 930 4978 bello
958 4921 1258 4989 deterruit,
1286 4921 1365 4976 ita
1394 4924 1455 4976 ut
1479 4921 1743 4993 proxima

78 5018 239 5073 nocte
276 5016 650 5073 Iudaeorum
692 5019 818 5071 octo
861 5014 1043 5070 millia
1086 5014 1234 5070 ultra
1273 5013 1526 5069 Judaam
1561 5013 1738 5071 disce-

79 5105 311 5178 derent,
374 5108 608 5182 quibus
644 5108 799 5181 fugae
840 5107 970 5163 ﬁnis
1010 5123 1160 5163 mors
1207 5106 1520 5163 Alexandri
1562 5107 1740 5175 foret,

78 5201 347 5275 tantique
390 5203 623 5258 horror
660 5201 798 5257 mali
843 5201 1095 5274 quietem
1142 5216 1325 5273 regno
1376 5200 1582 5256 attulit.
1633 5201 1743 5257 Sed

76 5294 169 5347 ubi
213 5312 251 5349 a
300 5292 665 5352 domesticis
713 5294 982 5350 feriatum
1038 5293 1249 5366 praeliis
1301 5298 1497 5350 exorta
1554 5300 1639 5349 est
1690 5296 1742 5349 ei

78 5401 244 5443 causa
302 5387 784 5463 inquietudinis,
852 5387 1116 5443 Antiochi
1172 5388 1473 5444 adversum
1530 5388 1743 5444 Arabes

76 5482 399 5552 expeditio,
423 5496 619 5554 quam
644 5481 752 5537 sibi
778 5481 1091 5537 terribilem
1118 5486 1174 5537 et
1199 5481 1456 5554 periculo
1486 5481 1740 5537 futuram

76 5572 515 5631 arbitrabatur.
544 5574 639 5630 Hic
658 5580 743 5632 est
760 5574 1095 5643 Antiochus,
1118 5575 1215 5648 qui
1243 5574 1414 5630 etiam
1445 5575 1745 5648 Dionysius

72 5668 444 5737 appellatur,
496 5668 775 5724 Demetrii
816 5670 1050 5724 fratera
1076 5668 1315 5724 Seleuco
1355 5668 1606 5736 ultimus,
1653 5669 1744 5723 cui

72 5760 395 5817 transitum
440 5776 671 5831 negare
710 5763 942 5832 cupiens
985 5761 1315 5828 Alexander,
1348 5762 1499 5820 inter
1544 5762 1743 5817 urbem

134 5866 201 5929 (η
232 5866 677 5918 Damnationis.
713 5869 884 5920 ΒΑΜ.

1839 1955 1969 1994 vero
2013 1942 2069 1993 et
2097 1939 2214 2010 ipse
2253 1937 2455 1994 cecidit
2490 1940 2651 2007 (nam
2690 1954 2812 2010 prae
2855 1938 3075 1993 caeteris
3110 1952 3230 1992 sese
3261 1935 3465 1992 oﬂ‘erre

1837 2032 2056 2087 solebat
2084 2031 2392 2104 periculis),
2432 2032 2651 2087 adversi
2681 2047 2899 2100 omnes,
2937 2047 3186 2103 quorum
3223 2029 3466 2086 maxima

1836 2144 1963 2199 pars
1990 2126 2206 2182 incerto
2237 2127 2385 2199 fugae
2413 2127 2665 2198 dispersa
2694 2125 3097 2198 exstinguitur,
3135 2124 3368 2198 reliquis
3406 2125 3464 2180 in

1836 2220 2019 2274 vicum
2047 2219 2135 2275 cui
2168 2224 2401 2276 Annana
2437 2236 2668 2285 nomen,
2701 2219 2928 2287 coactis,
2963 2222 3133 2291 atque
3160 2218 3461 2274 alimento-

1837 2331 1963 2368 rum
1996 2313 2184 2385 inOpia
2213 2312 2587 2384 consumptis,
2610 2312 2699 2367 vix
2730 2311 3057 2384 paucissimi
3083 2328 3150 2366 ex
3180 2311 3267 2365 his
3293 2316 3465 2366 tanta!

1836 2406 1975 2460 cladi
2004 2405 2352 2476 superfuere.

2477 2499 2697 2556 CAPUT
2737 2499 2821 2554 XI.

1910 2593 2018 2647 Hoc
2050 2608 2309 2647 successu
2339 2595 2536 2646 Aretes
2563 2590 2739 2646 etiam
2770 2608 2805 2646 a
2837 2591 3195 2646 Damascenis
3221 2591 3295 2645 ad
3331 2607 3462 2663 reg-

1840 2685 2095 2740 nandum
2152 2685 2467 2757 expetitus,
2534 2688 2599 2739 ut
2653 2684 2830 2739 C(eles
2886 2683 3172 2756 Syriaeque
3231 2683 3463 2755 imperi-

1836 2782 2001 2847 taret,
2042 2795 2154 2850 quo
2179 2778 2552 2834 Ptolemaeum
2581 2777 2966 2847 excluderent,
3005 2792 3178 2849 quem
3220 2776 3465 2831 maxime

1836 2870 2053 2926 infestis
2081 2869 2226 2926 odiis
2264 2869 2768 2942 persequebantur,
2806 2885 2910 2925 nec
2948 2868 3209 2924 Judaeum
3250 2868 3462 2923 immu-

1836 2980 1966 3019 nem
2010 2962 2240 3036 reliquit
2269 2961 2630 3031 incursionis,
2658 2960 2728 3017 de
2760 2978 2871 3033 qua
2896 2962 3095 3030 victor,
3127 2961 3260 3017 licet
3297 2977 3464 3032 supe-

1839 3063 1960 3112 rato
1987 3056 2321 3124 Alexandro,
2356 3054 2671 3111 secundum
2713 3054 3007 3128 utriusque
3046 3058 3242 3110 tamen
3288 3054 3466 3127 partis

1838 3153 2181 3205 conventum
2219 3147 2491 3217 discessit,
2524 3164 2589 3204 ac
2631 3148 2937 3204 revertitur
2974 3148 3034 3203 in
3074 3164 3195 3203 sua.
3231 3148 3469 3203 Alexan-

1840 3242 1941 3298 der
1963 3249 2152 3298 autem
2174 3243 2386 3297 Pellam
2410 3241 2631 3312 evertit,
2660 3247 2717 3297 et
2742 3242 3039 3297 Gerassem
3069 3241 3230 3314 petiit
3255 3241 3465 3297 iterum

1839 3336 1909 3392 de
1937 3335 2216 3391 Theodori
2255 3335 2709 3407 possessionibus
2748 3335 2968 3408 aliquas
3008 3334 3115 3390 sibi
3156 3334 3467 3407 adiungere

1839 3446 2064 3501 parans,
2098 3445 2343 3500 eamque
2385 3428 2491 3483 sibi
2529 3428 2677 3484 bello
2721 3427 3048 3485 vindicavit.
3094 3426 3231 3483 Inde
3270 3427 3330 3481 in
3377 3426 3471 3498 Sy-

1840 3522 1984 3577 riam
2031 3538 2385 3594 progressus,
2436 3520 2750 3578 Gaulanem
2798 3527 2854 3577 et
2897 3519 3215 3576 Seleuciam
3262 3527 3319 3576 et
3363 3520 3464 3577 Ga-

1843 3615 2054 3670 malam
2084 3615 2306 3683 evertit,
2335 3615 2488 3670 ultus
2528 3614 2835 3688 superioris
2873 3613 3005 3670 belli
3041 3614 3466 3680 contumeliam,

1838 3710 1990 3782 ipsas
2045 3724 2272 3781 quoque
2316 3707 2580 3763 Antiochi
2625 3707 2971 3763 munitiones
3016 3707 3210 3762 diruit.
3256 3706 3471 3772 Quibus

1840 3819 1905 3858 ex
1932 3801 2071 3857 locis
2095 3801 2205 3856 iter
2243 3801 2301 3855 in
2336 3800 2584 3856 Iudaeam
2631 3801 2923 3868 convertit,
2954 3818 3019 3856 ac
3058 3801 3269 3872 praeter
3306 3816 3469 3871 spem

1840 3912 1968 3950 cum
2016 3894 2228 3967 gaudio
2268 3894 2440 3950 totius
2485 3894 2673 3967 gentis
2719 3892 3024 3965 suscipitur
3067 3908 3170 3965 pro
3222 3891 3468 3948 mirabili

1840 4005 2095 4044 successu
2123 4005 2319 4044 rerum
2351 3995 2677 4061 gestarum;
2714 3987 2809 4043 ubi
2838 3991 3004 4060 parta
3029 3986 3281 4042 bellandi
3307 3986 3469 4059 quies

1841 4081 2134 4137 exordium
2177 4081 2375 4137 tribuit
2410 4079 2785 4154 aegritudinis,
2831 4085 3003 4154 atque
3045 4080 3465 4153 aliquantulum

1840 4174 2131 4248 quartanis
2162 4174 2409 4231 febrium
2437 4175 2654 4231 vicibus
2678 4174 2932 4245 affectus,
2960 4175 3144 4231 levato
3186 4174 3472 4246 paulisper

1840 4268 2225 4337 incommodo,
2254 4268 2390 4324 dum
2417 4269 2649 4341 negotia
2675 4268 2884 4341 repetit
2916 4268 3205 4336 militaria,
3230 4284 3337 4322 nec
3358 4286 3473 4323 mo-

1842 4361 1980 4417 dum
2008 4364 2215 4430 servat,
2240 4362 2430 4417 animo
2454 4361 2695 4417 validior
2721 4378 2897 4434 quam
2926 4377 3187 4433 corpore,
3229 4362 3468 4418 commi-

1842 4455 1970 4510 nuit
1998 4472 2234 4511 omnem
2262 4472 2379 4510 sua:
2406 4455 2665 4527 vigorem
2694 4454 2894 4509 salutis
2924 4454 3183 4526 viresque
3209 4454 3473 4526 absump-

1764 4552 1820 4624 D
1842 4548 1931 4617 sit,
1962 4553 2132 4621 atque
2163 4549 2243 4604 ita
2272 4553 2527 4604 mortuus
2554 4553 2657 4603 est.
2690 4547 2898 4619 Viginti
2934 4546 3129 4621 itaque
3156 4555 3213 4603 et
3248 4565 3342 4604 sex
3380 4565 3476 4603 an-

1846 4642 1931 4697 nis
1956 4643 2111 4698 vario
2140 4658 2331 4697 rerum
2359 4645 2567 4697 eventu
2591 4640 2893 4696 adversum
2923 4641 3256 4698 innumeros
3294 4642 3472 4698 bello-

1844 4751 1971 4791 rum
2001 4736 2278 4791 tumultus
2308 4752 2551 4808 regnum
2590 4732 2793 4803 tenuit,
2827 4740 2884 4791 et
2914 4734 3137 4791 duobus
3164 4734 3354 4791 liberis
3381 4752 3472 4789 su-

1845 4828 2189 4900 perstitibus,
2222 4828 2483 4898 decessit,
2514 4845 2655 4901 quos
2683 4827 2935 4900 impares
2958 4830 3125 4902 regni
3150 4828 3474 4885 existimans

1843 4922 2249 4994 gubernaculo,
2281 4938 2568 4977 summam
2599 4938 2717 4976 rem
2750 4923 2942 4979 uxoris
2966 4922 3211 4995 proprias
3239 4921 3470 4995 delega-

1846 5017 1924 5070 vit
1960 5015 2349 5085 sollicitudini,
2383 5016 2657 5089 quoniam
2688 5033 2821 5071 eam
2851 5016 3224 5088 acceptiorem
3258 5017 3473 5089 populo

1844 5110 2139 5181 cognovit;
2184 5114 2355 5182 atque
2403 5109 2476 5165 ob
2519 5111 2623 5165 hoc
2666 5109 2818 5182 apud
2861 5110 3153 5164 universos
3190 5109 3474 5165 invenisse

1847 5202 2116 5275 gratiam,
2153 5203 2305 5277 quod
2336 5204 2507 5259 etiam
2539 5202 2657 5277 ipsa
2685 5203 2755 5258 ab
2788 5202 3144 5258 immanitate
3184 5203 3286 5258 viri
3322 5221 3471 5258 sem-

1844 5314 1948 5369 per
1996 5297 2243 5353 alienam
2292 5314 2351 5353 se
2397 5296 2719 5353 faciendam
2769 5295 3199 5365 existimaverit,
3247 5300 3313 5350 ut
3363 5314 3478 5352 non

1846 5390 2027 5446 solum
2075 5390 2371 5464 refugeret
2417 5390 2767 5463 ﬂagitiorum
2814 5389 3112 5457 consortia,
3159 5389 3254 5444 sed
3298 5391 3475 5446 etiam

1848 5483 2167 5540 resistendo
2218 5485 2342 5556 ejus
2389 5483 2814 5557 iniquitatibus,
2859 5483 3031 5539 totius
3081 5482 3140 5538 in
3188 5500 3248 5538 se
3298 5483 3480 5557 plebis

1845 5577 2297 5635 benevolentiam
2324 5580 2702 5634 converteret.
2744 5577 2853 5634 Nec
2878 5575 3192 5650 improvida
3221 5577 3323 5633 viri
3358 5596 3482 5633 sen-

1845 5673 2029 5726 tentia
2079 5672 2218 5736 fuit;
2276 5688 2411 5727 nam
2472 5672 2753 5743 regnandi
2797 5671 2893 5743 jus
2946 5670 3153 5727 mulier
3203 5671 3483 5728 inoﬂ'ensc

1846 5765 2131 5832 exercuit,
2187 5764 2307 5818 sine
2361 5766 2475 5820 ullo
2526 5763 2764 5819 feminei
2818 5780 2986 5821 sexus
3035 5763 3486 5838 impedimento,

1912 5871 1976 5932 (8)
2002 5870 2086 5920 Al.
2112 5870 2416 5923 aestimatus.
2450 5871 2515 5923 Et
2542 5881 2697 5935 mox,
2718 5873 2958 5939 principe
2991 5869 3112 5922 loco.
3150 5872 3229 5923 Io.
