4000 6166
521 282 651 333 2071

1996 280 2054 336 S.
2092 281 2408 339 AMBROSII

3678 295 3782 351 2072

527 394 828 468 acquisivit
855 396 1192 452 moderandi
1227 398 1467 470 gratiam
1496 414 1673 453 sacrae
1715 398 1856 471 legis
1894 398 2147 454 observa-
2174 398 2486 484 Aneribus
2526 401 2840 458 Alexandra
2883 400 3195 468 mulcebat,
3235 404 3301 456 ut
3336 418 3369 455 a
3410 416 3463 457 se
3495 408 3787 467 averteretur'

524 489 699 546 tione.
731 491 875 546 Nam
904 490 1041 546 dum
1068 492 1333 547 attentior
1358 491 1503 547 circa
1532 494 1811 564 templum
1837 508 1972 547 cura
1997 508 2152 547 exer-

526 589 781 651 ceretur,
836 589 892 640 et
947 585 1179 640 dimissa
1240 585 1554 640 ministeria
1608 586 1824 641 fraudis
1880 586 2155 641 succrevit

526 679 750 750 imperii
786 678 966 750 vigor,
1000 696 1102 734 nec
1146 686 1337 735 tamen
1369 679 1574 734 affectu
1611 679 1852 735 infracta
1894 683 2151 735 materno

516 773 691 847 regni
732 772 960 845 cupido.
1006 773 1299 844 Siquidem
1344 791 1409 829 ex
1443 773 1661 828 duobus
1705 773 1893 827 liberis
1938 774 2153 828 electus

526 883 671 920 unus
709 867 783 921 ad
812 883 973 938 spem
1016 867 1085 938 (9)
1135 866 1411 938 regnandi
1454 883 1567 922 non
1611 871 1968 938 potestatem.
2004 869 2147 938 Hyr-

528 977 699 1015 canus
751 960 1021 1016 vocabulo
1075 965 1207 1016 natu
1265 961 1483 1028 senior,
1544 961 1780 1033 ingenio
1833 961 2149 1027 remissior,

523 1055 910 1110 Aristobulum
956 1071 1089 1109 vero
1134 1055 1413 1110 acriorem
1459 1054 1653 1110 animo
1699 1062 1992 1126 expertem
2041 1071 2149 1127 po-

517 1149 761 1221 testatis,
819 1149 1147 1204 emolliebat
1193 1148 1397 1219 privati
1453 1148 1789 1203 humilitate.
1845 1152 2153 1204 Assuerunt

528 1260 585 1298 se
641 1242 904 1297 Pharisaei
956 1241 1197 1311 mulieri,
1253 1258 1435 1313 genus
1492 1242 1791 1296 hominum
1841 1242 2152 1297 secundum

525 1337 669 1407 legis
698 1336 1014 1391 doctrinam
1052 1335 1444 1405 exercitatum,
1473 1335 1787 1393 secundum
1817 1335 2151 1408 qualitatem

527 1429 759 1486 aﬂ‘ectus
820 1429 1109 1497 callidum,
1166 1429 1393 1485 avidum
1450 1430 1837 1502 negotiorum,
1898 1431 2151 1501 pecunia:

526 1530 817 1597 appetens,
846 1524 943 1597 qui
963 1526 1259 1595 captantes
1279 1524 1490 1579 elatam
1516 1523 1936 1591 mulierculam,
1960 1539 2154 1578 secun-

529 1610 666 1672 dum
695 1617 986 1673 scientiam
1020 1617 1167 1689 juris
1205 1616 1381 1672 divini
1410 1617 1729 1672 extollendo
1761 1634 1921 1671 suam
1949 1616 2149 1679 fecere,

512 1717 588 1793 put
618 1712 892 1784 pleraque
920 1711 1087 1766 etiam
1118 1710 1283 1783 regni
1316 1710 1548 1783 negotia
1574 1710 1710 1782 ipsis
1748 1711 2150 1778 committeret,

2256 493 2440 560 Quem
2465 495 2725 551 Lucullus
2751 495 2900 551 facta
2925 495 3246 567 irruptione
3274 495 3331 550 in
3364 499 3529 552 terras
3558 502 3785 561 Armenio.
3936 506 3943 563 |

2252 605 2381 644 rum
2411 588 2636 644 infectis
2665 590 2836 645 rebus
2861 588 3050 644 redire
3086 588 3293 661 coegit,
3321 589 3604 649 consultius
3631 594 3792 652 ducen-

2252 688 2366 738 tem
2421 700 2520 737 sua
2572 682 2999 754 tutari,~quam
3057 680 3247 737 aliena
3295 681 3604 754 adiungere.
3644 688 3791 745 Tantis

2254 776 2445 848 itaque
2481 774 2726 847 negotiis
2764 775 2982 830 intenta
3019 774 3360 843 Alexandra,
3397 774 3453 829 in
3490 778 3710 835 morbum
3737 783 3800 838 in-

2253 867 2408 923 cidit.
2440 869 2616 933 Quam
2658 868 3010 924 occasionem
3037 868 3227 940 rapuit
3262 867 3590 925 Aristobulus
3613 872 3674 927 ad
3702 891 3801 930 suas

2255 968 2436 1029 artes;
2468 969 2525 1018 et
2565 969 2914 1035 congregata
2956 979 3154 1030 manu,
3197 962 3621 1033 conspirantibus
3650 983 3804 1023 secum

2254 1074 2393 1128 quos
2447 1057 2634 1111 fervor
2683 1060 2899 1111 natura:
2942 1061 3229 1128 praerupta
3266 1072 3503 1127 quaeque
3538 1058 3805 1116 audendum

2254 1150 2505 1222 cupienti
2531 1150 2895 1221 adjunxerat,
2929 1151 3229 1205 thesauros
3264 1155 3513 1220 occupat,
3546 1167 3808 1226 eorumque

2254 1244 2429 1316 copiis
2475 1244 2735 1300 invitavit
2776 1243 2848 1298 ad
2891 1242 3150 1298 militiam
3195 1241 3537 1298 voluntarios
3574 1260 3630 1298 ac
3669 1247 3811 1317 pretio

2254 1339 2567 1410 componit,
2592 1343 2652 1393 ut
2676 1337 2732 1392 in
2761 1336 2959 1392 omnia
2987 1352 3115 1408 quae
3137 1336 3304 1391 vellet
3328 1335 3492 1391 ﬁdem
3516 1343 3811 1409 praestarent,

2254 1435 2427 1504 atque
2468 1430 2674 1486 infulas
2717 1430 2868 1501 regis
2905 1428 3111 1485 induit.
3140 1429 3420 1484 Turbatus
3456 1429 3632 1485 animo
3660 1432 3815 1502 Hyrea-

2255 1541 2382 1593 nus,
2427 1530 2671 1580 matrem
2708 1524 2975 1596 lacrymis
3014 1522 3404 1578 conveniebat.
3432 1524 3500 1577 At
3526 1523 3623 1578 illa
3637 1524 3816 1595 spirans

2254 1617 2483 1686 ferocia,
2514 1617 2661 1672 ﬁlios
2694 1621 2750 1672 et
2789 1633 3015 1672 uxorem
3062 1614 3361 1671 Aristobuli
3400 1616 3457 1670 in
3496 1620 3719 1671 castrum
3754 1633 3819 1672 re-

2256 1711 2439 1779 clusit,
2472 1710 2560 1766 cui
2594 1728 2802 1766 nomen
2840 1710 3023 1782 primo
3063 1710 3233 1775 Baris,
3275 1713 3472 1780 postea
3506 1709 3722 1764 Antonia
3743 1726 3819 1781 ap-

530 1776 869 1861 adhiberent
897 1822 1039 1876 quos
1068 1776 1275 1859 vellent
1303 1822 1315 1858 :
1348 1776 1491 1877 quos
1521 1776 1734 1858 vellent
1765 1776 2151 1873 excluderent,
2174 1776 2231 1848 B
2256 1776 2562 1876 pellatum,
2631 1804 2699 1859 de
2763 1776 2878 1876 quo
2941 1820 3113 1875 supra
3169 1776 3621 1858 memoravimus.
3675 1776 3824 1874 Capta

528 1904 699 1971 atque
726 1898 906 1952 aulico
938 1903 1214 1953 exuerent
1245 1897 1577 1952 ministerio.
1598 1896 1739 1961 Quid
1769 1897 1967 1969 plura?
1996 1896 2073 1950 ita
2094 1913 2153 1950 se

528 1993 913 2061 insinuavere,
947 1998 1008 2046 ut
1046 1991 1478 2046 commodorum
1523 1990 1780 2045 omnium
1829 1990 2043 2044 fructus
2084 1989 2151 2044 ad

531 2103 627 2142 eos
671 2086 1032 2158 pervenirent
1069 2102 1081 2139 :
1126 2090 1387 2157 sumptus
1438 2088 1495 2139 et
1541 2084 1814 2138 molestiae.
1859 2083 2152 2137 mulierem

529 2180 711 2234 solam
753 2178 1092 2234 efﬁciebant.
1138 2179 1248 2233 Nec
1294 2177 1595 2232 mediocris
1636 2176 1862 2231 mulieri
1902 2176 2152 2247 spiritus,

535 2276 598 2328 ut
633 2272 878 2328 maxima
915 2288 1157 2343 quaeque
1197 2271 1454 2339 auderet,
1495 2276 1664 2342 atque
1702 2286 1869 2341 supra
1917 2270 2153 2325 feminei

531 2383 695 2423 sexus
730 2365 1124 2421 conditionem
1170 2364 1361 2436 praelia
1400 2363 1744 2436 disponeret.
1776 2362 2069 2436 Siquidem
2098 2368 2157 2419 et

532 2458 1057 2531 praestantissimum
1092 2458 1161 2513 de
1200 2457 1315 2511 suis
1348 2473 1584 2512 manum
1624 2457 1863 2529 paravit,
1895 2460 1951 2510 et
1989 2473 2151 2528 pere-

533 2552 680 2627 grini
726 2552 1004 2607 exercitus
1048 2551 1237 2623 copias
1275 2549 1463 2623 coegit
1498 2550 1776 2622 ingentes,
1823 2554 1888 2605 ut
1928 2567 2040 2605 non
2074 2567 2156 2605 so-

528 2627 650 2700 lum
695 2644 847 2700 domi
894 2648 1014 2699 tuta
1058 2644 1130 2698 ad
1183 2659 1418 2699 omnem
1468 2642 1745 2715 regnandi
1795 2642 2155 2698 securitatem

533 2739 698 2805 foret,
732 2754 933 2793 verum
973 2737 1147 2792 etiam
1186 2736 1395 2793 exteris
1436 2735 1760 2808 potentibus
1787 2740 1937 2791 esset
1964 2736 2156 2792 formi-

533 2831 752 2887 dabilis.
794 2832 872 2886 Ea
913 2836 1104 2887 tamen
1147 2830 1378 2903 reliquis
1408 2829 1713 2902 praestabat.
1740 2830 2027 2897 omnibus,
2056 2830 2156 2885 sed

532 2925 819 2982 Pbarisreis
865 2923 1027 2996 quasi
1077 2922 1314 2979 inferior
1357 2923 1811 2995 obtemperabat.
1863 2924 1993 2978 Erat
2038 2922 2156 2978 Dio-

532 3035 705 3093 genes
731 3020 790 3075 in
830 3033 1006 3089 regno
1047 3018 1191 3089 ejus,
1231 3017 1329 3089 qui
1369 3016 1439 3072 de
1468 3015 1877 3089 potentissimis
1911 3016 2153 3072 Alexan-

2253 1898 2584 1953 Alexandra:
2614 1897 2786 1951 celeri
2817 1898 2937 1968 ejus
2966 1896 3121 1951 obitu
3151 1894 3557 1950 destituuntur.
3598 1897 3651 1950 In
3688 1896 3825 1951 haere-
3946 1896 3951 1969 j

2255 1991 2490 2047 ditatem
2544 2007 2774 2045 omnem
2830 1992 3119 2062 Hyrcanus
3166 1989 3454 2056 successit,
3510 1990 3607 2061 qui
3655 1989 3830 2045 vivente

2255 2085 2439 2140 adhuc
2476 2091 2659 2139 matre
2690 2083 3031 2155 dignitatem
3074 2083 3338 2138 induerat
3375 2082 3680 2138 sacerdotii.
3709 2084 3829 2138 Aris-

2257 2179 2481 2234 tobulus
2521 2178 2726 2234 virtute
2766 2181 2825 2231 et
2861 2177 3142 2248 sapientia
3187 2175 3497 2248 praestabat
3529 2194 3541 2231 :
3572 2193 3658 2232 res
3697 2193 3836 2248 usque

2253 2272 2327 2327 ad
2390 2271 2812 2327 contentionem
2863 2276 3031 2343 atque
3081 2269 3546 2342 congressionem
3600 2268 3834 2337 deducta;
3948 2294 3951 2331 λ

2256 2366 2353 2420 ubi
2407 2369 2766 2433 consertum,
2821 2363 3082 2436 plerique
3132 2363 3334 2418 relicto
3387 2364 3662 2432 Hyrcano,
3715 2362 3841 2417 illum

2255 2460 2500 2515 alterum
2537 2458 2684 2513 bello
2726 2456 3023 2513 meliorem
3053 2456 3248 2511 secuti.
3290 2457 3586 2527 Hyrcanus
3612 2455 3845 2512 comitan-

2256 2552 2407 2607 tibus
2435 2567 2624 2606 secum
2669 2550 2767 2622 qui
2807 2550 2959 2605 bello
2998 2549 3203 2622 reliqui
3241 2550 3499 2617 fuerant,
3538 2548 3777 2621 confugit
3803 2549 3847 2602 in

2256 2646 2586 2713 Antoniam,
2647 2642 2996 2715 repertisque
3040 2642 3172 2697 filiis
3224 2647 3281 2697 et
3331 2658 3513 2698 uxore
3561 2641 3845 2705 Aristobuli,

2258 2755 2359 2809 per
2383 2737 2607 2793 obsides
2635 2737 2872 2792 salutem
2898 2734 3135 2803 invenit,
3165 2736 3300 2808 quia
3336 2753 3415 2791 ne
3453 2734 3595 2807 quid
3627 2750 3852 2807 asperum

2258 2831 2314 2886 in
2360 2848 2494 2887 suos
2535 2832 2723 2898 fieret,
2765 2829 3122 2886 Aristobulus
3165 2835 3332 2901 pacto
3380 2829 3686 2885 consuluit.
3732 2829 3849 2883 Con-
3952 2846 3955 2901 λ

2260 2862 2314 2886 ιιι
2360 2862 2494 2887 θιιυδ
2535 2862 2723 2898 nam,
2765 2862 3122 2886 ηιιοιυυιιιιω
3165 2862 3332 2901 μαυιυ
3380 2862 3686 2885 υυιωιιιιιιι.
3732 2862 3847 2883 υυιικ

2258 2932 2491 2981 ventum
2524 2924 2630 2993 (l2)
2662 2924 2903 2979 fratrum
2934 2922 3264 2995 hujusmodi
3296 2922 3416 2977 fuit
3441 2928 3511 2978 ut
3538 2937 3714 2994 regno
3738 2921 3854 2992 Byr-
3952 2862 3955 2971 Ι

2257 3036 2429 3074 canus
2466 3018 2713 3086 cederet,
2755 3020 2925 3089 atque
2968 3016 3037 3071 ad
3081 3015 3399 3072 Aristobuli
3436 3017 3538 3088 jus
3577 3031 3741 3071 omne
3776 3014 3855 3069 ἰω-
3952 2996 3955 3089 (

531 3113 618 3169 dri
646 3111 845 3167 amicis
874 3110 1239 3166 familiaritati
1264 3110 1387 3181 ejus
1426 3108 1757 3177 inhaeserat;
1794 3126 1926 3164 eum
1965 3109 2155 3166 adorsi
2178 3140 2233 3215 Ο
2260 3112 2402 3184 perii
2446 3110 2731 3180 transiret,
2771 3127 2873 3166 nec
2921 3116 3117 3166 tamen
3167 3108 3858 3182 Hyrcanum'inhonorum
3954 3104 3955 3135 ἦ

529 3206 961 3275 obtruncavere,
1019 3208 1402 3259 memorantes
1456 3202 1634 3274 ipsius
1688 3201 1922 3257 consilio
1972 3204 2153 3260 octin-

518 3301 733 3371 gentos
763 3298 883 3353 illos
907 3298 965 3352 in
994 3297 1187 3352 medio
1216 3296 1369 3351 urbis
1396 3296 1466 3351 ab
1501 3297 1818 3353 Alexandro
1850 3298 2005 3352 cruci
2038 3300 2151 3353 suf-

533 3390 672 3447 ﬁxos
709 3409 724 3446 :
759 3391 816 3446 in
861 3393 1097 3446 caeteros
1130 3406 1357 3462 quoque
1401 3388 1664 3445 facinoris
1703 3395 1957 3446 auctores
1994 3407 2157 3463 quos-

532 3501 643 3559 que
672 3483 805 3557 (tO),
834 3489 899 3540 ut
925 3488 1187 3556 pergeret
1215 3483 1373 3553 ultio,
1413 3483 1767 3539 mandatum.
1798 3484 2161 3542 Necabantur

536 3580 749 3652 itaque,
786 3594 930 3651 quos
968 3576 1234 3633 Pharisaei
1272 3576 1698 3649 precipiebant,
1728 3594 1843 3633 non
1886 3595 2028 3650 quos
2064 3595 2156 3634 so-

516 3672 701 3738 cietas
739 3670 965 3726 sceleris
1000 3670 1334 3725 involverat.
1361 3670 1481 3735 Quo
1514 3674 1669 3726 metu
1714 3671 1997 3743 perterriti
2034 3672 2157 3743 ple-

535 3767 701 3839 rique
742 3765 949 3838 quibus
978 3763 1308 3836 hujusmodi
1338 3763 1591 3836 pericula
1615 3764 2073 3832 intendebantur,
2104 3770 2165 3821 et

536 3859 784 3915 maxime
819 3857 1241 3931 priestantiores
1278 3857 1477 3929 opibus
1521 3861 1620 3912 aut
1665 3857 2059 3929 dignitatibus,
2090 3859 2161 3913 ab

535 3952 856 4008 Aristobulo
892 3951 1351 4006 intercessionem
1389 3950 1790 4021 imploravere,
1825 3956 1885 4006 ut
1920 3953 2161 4007 matrem

536 4046 607 4100 ab
668 4045 1028 4101 exsecutione
1084 4043 1357 4116 praecepti
1411 4043 1743 4112 severioris,
1799 4043 1870 4098 ad
1928 4044 2163 4101 meliora

536 4137 868 4193 inﬂecteret.
917 4136 1010 4192 Ille
1058 4136 1163 4192 sibi
1215 4136 1462 4209 gratiam
1507 4153 1708 4208 parare
1751 4136 2008 4209 cupiens,
2050 4154 2162 4193 non

537 4230 881 4287 detrectavit.
928 4229 1143 4299 Mulier,
1194 4247 1347 4303 aegre
1392 4229 1543 4298 licet,
1583 4231 1771 4286 oranti
1816 4237 2006 4286 tamen
2051 4230 2165 4286 lilio

537 4323 833 4391 concessit,
886 4328 949 4377 ut
1002 4324 1262 4379 contuitu
1312 4324 1600 4379 honorum
1655 4340 1798 4396 quos
1850 4329 2160 4396 gesserant,

541 4416 639 4489 qui
665 4418 722 4472 in
750 4416 1075 4489 hujusmodi
1107 4416 1374 4472 invidiam
1403 4417 1857 4484 arcessebantur,
1884 4433 2165 4488 supreme

2237 3206 2628 3282 _relinqueret,
2666 3202 2765 3259 sed
2802 3204 2969 3275 regni
3001 3206 3279 3258 exsortem
3321 3204 3553 3259 honore
3593 3202 3701 3258 alio
3731 3200 3862 3269 fungi

2259 3299 2489 3366 sineret,
2534 3313 2706 3370 quem
2755 3296 2877 3369 ipse
2927 3296 3356 3368 impertivisset.
3418 3294 3745 3353 Transactio
3786 3293 3865 3348 bu-

2250 3390 2508 3465 jusmodi
2550 3389 2721 3446 etiam
2762 3389 3035 3461 religione
3077 3388 3277 3461 templi
3322 3395 3581 3457 sacrata,
3622 3385 3863 3443 assensio-

2258 3502 2396 3542 nem
2459 3483 2752 3556 utriusque
2808 3482 2993 3539 tenuit
3051 3482 3445 3538 voluntariam
3510 3500 3523 3537 :
3582 3482 3709 3537 inde
3766 3494 3867 3534 cum

2262 3578 2445 3653 gratia
2500 3577 2813 3633 discessum
2871 3580 2976 3643 est,
3028 3592 3093 3631 ac
3144 3592 3203 3632 se
3258 3576 3520 3632 invicem
3575 3576 3866 3637 salutantes,

2260 3671 2609 3729 Aristobulus
2645 3671 2701 3725 in
2738 3670 2926 3725 aulam
2964 3669 3183 3741 regiam
3222 3686 3352 3724 sese
3403 3668 3648 3741 recepit.
3697 3668 3867 3738 Hyrca-

2261 3783 2368 3821 nus
2410 3763 2818 3836 aequanimiter
2860 3762 2918 3818 in
2956 3764 3196 3819 domum
3234 3763 3568 3818 Aristobuli
3613 3757 3869 3817 concessit

2876 3857 3093 3914 CAPUT
3130 3857 3267 3912 Xlll.

2335 3951 2445 4008 Sed
2480 3952 2661 4021 fuere,
2690 3966 2834 4023 quos
2871 3953 3055 4005 metus
3090 3966 3153 4004 ac
3181 3965 3385 4005 rerum
3434 3950 3682 4004 mutatio
3724 3948 3873 4001 inces-

2263 4049 2435 4113 serat,
2482 4044 2581 4117 qui
2623 4061 2681 4099 se
2730 4042 3010 4099 stu’duisse
3061 4043 3337 4098 adversus
3391 4042 3783 4100 Aristobulum
3815 4051 3878 4092 re-

2264 4139 2652 4206 cordarentur,
2701 4141 2758 4191 et
2811 4153 2932 4209 prae
2982 4136 3199 4192 caeteris
3253 4137 3574 4208 Antipater
3630 4152 3643 4190 :
3692 4137 3738 4190 is
3786 4133 3881 4186 erat

2264 4234 2545 4289 Idumaaus
2590 4247 2821 4304 genere,
2864 4230 3118 4286 moribus
3156 4231 3264 4302 (t3)
3323 4231 3492 4304 apud
3536 4246 3670 4285 suos
3708 4228 3880 4288 clarus,

2268 4343 2379 4383 non
2423 4324 2609 4381 tenuis
2652 4324 2929 4397 pecunias,
2978 4328 3037 4379 et
3074 4324 3202 4379 ideo
3239 4325 3580 4396 praevalidae
3628 4321 3885 4396 potentiae,

2265 4423 2387 4475 arte
2413 4419 2558 4474 mira
2585 4418 2763 4473 factus
2791 4418 2864 4473 ad
2890 4417 3383 4473 contemnendam
3410 4417 3722 4491 pecuniam
3750 4427 3886 4486 prop-

541 4511 695 4566 necis
721 4510 999 4565 sententia
1032 4510 1411 4581 mitigaretur,
1446 4516 1615 4582 atque
1642 4527 1738 4565 eos
1768 4514 1993 4565 tantum
2024 4526 2166 4582 quos
2185 4504 2244 4578 D
2268 4518 2355 4569 ter
2392 4511 2810 4568 conciliandam
2839 4510 3105 4583 gratiam.
3142 4510 3248 4576 Qui
3291 4512 3638 4584 Hyrcanum
3676 4506 3888 4564 consiliis

540 4603 816 4659 obnoxios
858 4606 1233 4675 suspectaret,
1277 4609 1334 4657 et
1378 4603 1640 4675 patrandi
1683 4602 1795 4673 (lt)
1842 4602 2044 4674 ﬂagitii
2088 4604 2169 4658 in-

538 4701 799 4751 centores
838 4698 1008 4752 fuisse
1053 4697 1189 4752 urbe
1229 4696 1444 4767 egredi,
1483 4697 1730 4769 juberet.
1777 4696 1882 4762 Qui
1938 4704 2167 4769 accepta

540 4792 665 4845 vita:
695 4790 996 4845 securitate
1029 4807 1129 4862 per
1156 4807 1325 4862 agros
1351 4790 1553 4862 dilapsi
1585 4794 1738 4845 sunt.

1174 4884 1395 4940 CAPUT
1424 4885 1531 4939 XII.

615 4980 821 5035 Eodem
884 4982 1143 5050 tempore
1208 4994 1374 5033 causa
1437 4976 1660 5045 accidit,
1719 4984 1781 5033 ut
1836 4979 2165 5033 Damascum

531 5076 803 5145 juventus
834 5072 1194 5145 dirigeretur,
1230 5072 1501 5144 quoniam
1529 5072 1867 5126 Ptolemaeus
1897 5072 2166 5143 frequen-

540 5168 688 5222 tibus
718 5165 1138 5222 incursionibus
1168 5165 1379 5220 incolas
1421 5172 1751 5221 memorata:
1793 5165 1943 5220 urbis
1987 5169 2165 5220 terre-

539 5261 659 5329 bat;
694 5261 855 5332 cujus
885 5260 1097 5332 negotii
1140 5258 1441 5315 necessitas
1482 5260 1777 5329 occupavit
1816 5259 1885 5314 de
1921 5258 2168 5314 exercitu

538 5354 896 5410 Alexandriae
948 5354 1188 5409 validam
1243 5369 1498 5409 manum.
1541 5352 1898 5423 Cleopatram
1943 5369 2169 5425 quoque

540 5448 831 5519 Tigranes,
878 5448 970 5521 qui
1022 5440 1310 5502 Armeniis
1359 5446 1746 5519 imperitabat,
1792 5446 1849 5499 in
1894 5446 2035 5501 urbe
2080 5446 2168 5499 cui

544 5556 753 5597 nomen
801 5542 1126 5607 Ptolemais,
1158 5541 1452 5597 obsidione
1491 5540 1788 5604 clauserat,
1832 5556 2001 5611 quem
2044 5556 2168 5594 mu-

603 5685 670 5745 (9)
701 5685 951 5745 Speciem,
980 5691 1042 5736 ut
1062 5688 1202 5738 infra
1226 5700 1346 5751 cap.
1376 5685 1460 5736 43.
1486 5686 1668 5735 Bann.

599 5754 699 5820 (ιο)
726 5755 898 5808 Vacat
924 5756 1245 5809 hiecdictio
1278 5757 1330 5811 in
1358 5769 1459 5809 ms.
1492 5757 1569 5809 to.

603 5826 699 5887 (lt)
730 5825 952 5875 Patrati.
993 5826 1071 5875 in.

2268 4606 2382 4663 suis
2427 4605 2816 4678 perterritum,
2866 4605 3019 4677 quod
3065 4604 3285 4660 nullam
3335 4605 3552 4661 salutis
3596 4619 3711 4659 sua:
3752 4612 3885 4673 spem

2270 4706 2447 4756 tutam
2484 4698 2746 4768 haberet,
2788 4699 2889 4770 qui
2931 4697 3173 4770 imperio
3210 4698 3573 4755 decessisset
3610 4697 3715 4753 nisi
3740 4700 3887 4750 trans

2238 4794 2426 4866 “fugio
2460 4792 2564 4848 sibi
2601 4793 2937 4861 consuleret,
2982 4791 3077 4846 ubi
3118 4792 3187 4846 ad
3224 4808 3367 4847 suas
3402 4796 3563 4849 artes
3606 4784 3886 4847 inclinavil.

2262 4886 2519 4941 insinuat
2553 4888 2738 4941 Aretes
2778 4884 2923 4957 regi,
2972 4883 3281 4940 fovendum
3325 4886 3550 4942 auxilio
3596 4886 3770 4940 virum
3812 4876 3891 4950 qui

2270 4979 2690 5035 circumventus
2718 4978 2867 5034 foret
2896 4983 2957 5034 ut
2996 4994 3173 5050 regno
3200 4978 3479 5049 cederet;
3514 4979 3777 5033 decorum
3801 4972 3887 5025 hoc

2271 5074 2393 5129 fore
2446 5073 2598 5144 regi,
2656 5073 2700 5127 si
2760 5071 2975 5127 arbiter
3026 5072 3187 5127 fieret
3244 5072 3498 5144 imperii
3554 5064 3887 5127 restituendi;

2273 5168 2567 5237 multoque
2612 5165 2924 5237 pulchrius,
2972 5164 3016 5219 si
3061 5165 3535 5237 circumscripto,
3584 5163 3673 5219 cui
3718 5156 3885 5233 primi-

2274 5260 2387 5315 tiva
2436 5259 2601 5331 regni
2657 5262 3077 5330 competerent,
3133 5257 3269 5314 dolo
3331 5260 3569 5315 sublata
3621 5247 3887 5313 reformari

2265 5353 2493 5424 juberet
2522 5369 2533 5406 :
2563 5353 2724 5407 illum
2771 5356 3061 5407 versutum
3106 5356 3166 5406 et
3206 5353 3517 5420 callidum,
3562 5357 3619 5406 et
3653 5349 3775 5403 ideo
3806 5358 3883 5397 su-

2273 5453 2527 5520 spectum
2569 5446 2795 5513 vicinis;
2829 5447 2982 5501 hunc
3021 5445 3219 5501 mitem
3250 5452 3317 5501 et
3353 5446 3640 5519 quietum,
3681 5440 3770 5514 qui
3806 5451 3889 5508 1)Γο

2272 5557 2497 5596 summo
2518 5540 2793 5596 beneﬁcio
2815 5540 3121 5612 acciperet,
3141 5538 3439 5612 quidquid
3466 5539 3575 5594 sibi
3593 5537 3664 5591 ab
3683 5539 3887 5590 externo

2334 5684 2432 5746 (12)
2470 5683 2642 5734 Vetus
2667 5683 2861 5743 codex,
2893 5686 3188 5735 conventus.
3218 5681 3310 5732 In.

2340 5756 2434 5815 (13)
2461 5753 2779 5817 Majoribus.
2812 5755 2889 5805 In.
