4000 6166
260 232 374 285 2οἳ3

1261 231 1344 285 DE
1385 231 1644 288 EXCIDIO
1686 235 1884 290 URBIS
1923 235 2278 289 HIERUSOL.
2326 235 2452 288 LIB.
2497 235 2537 286 l.

3436 233 3568 287 2074

255 356 578 417 tribueretur,
608 353 693 404 cui
735 354 912 407 frater
948 354 1114 408 etiam
1154 357 1432 425 regnandi
1464 357 1558 426 jus
1591 359 1830 412 ademis-
1861 373 2114 443 AprOpe
2166 358 2378 428 majore
2429 375 2598 428 quam
2657 358 2878 412 solebat
2931 358 3163 428 stipatus
3211 358 3452 422 ambitu,
3507 362 3564 410 ut

249 452 335 505 set.
361 449 719 516 Praeparatam
765 446 956 517 itaque
999 452 1180 503 Aretae
1222 449 1372 520 regis
1413 450 1653 520 gratiam
1702 452 1833 521 Hyr-

246 557 369 597 cano
407 539 760 606 annuntians,
800 539 1057 611 fugiendi
1113 558 1272 612 spem
1316 542 1536 611 detulit,
1583 548 1640 598 et
1685 545 1828 598 viam

246 631 636 698 demonstravit,
673 637 737 684 ut
766 649 958 688 secum
996 638 1218 705 peteret
1255 637 1481 691 Petram
1524 638 1581 691 in
1625 637 1832 691 finibus

241 726 432 782 Arabire
481 724 660 792 sitam,
713 742 823 797 quo
869 727 924 781 in
971 727 1095 783 loco
1151 745 1346 800 regem
1399 730 1628 785 adirent
1673 747 1686 784 :
1731 731 1829 801 qui

239 819 470 894 precibus
527 819 801 890 Antipatri
863 820 1142 893 donisque
1195 822 1466 890 inﬂexus,
1523 824 1827 894 plurimam

238 911 544 967 bellatorum
582 929 819 966 manum
850 915 1106 984 Hyrcano
1137 915 1420 986 adjunxit,
1452 922 1514 969 ut
1540 933 1719 987 regno
1747 933 1825 972 re-

237 1006 550 1061 stitueretur.
594 1006 770 1060 Erant.
817 1008 932 1061 fere
963 1008 1213 1078 peditum
1251 1009 1621 1081 equitumque
1665 1011 1826 1082 quin-

233 1099 477 1170 quaginta
529 1099 727 1166 millia,
772 1117 806 1153 a
843 1100 1047 1171 quibus
1092 1101 1277 1172 prima
1326 1103 1522 1173 pulsus
1567 1119 1825 1174 congres-

233 1192 382 1258 sione,
428 1192 772 1248 Aristobulus
823 1193 1267 1265 Hierosolymam
1316 1196 1594 1267 confugit,
1630 1197 1820 1267 ibique

231 1287 419 1340 intutus
469 1285 732 1340 adversus
786 1291 1000 1342 tantam
1054 1288 1306 1343 hostium
1363 1289 1818 1359 multitudinem,

229 1394 336 1450 quin
376 1378 623 1432 clausum
667 1381 1129 1450 expugnavisset,
1180 1382 1284 1435 nisi
1331 1387 1571 1438 Scaurus
1621 1383 1822 1437 ductor

225 1471 434 1527 Romani
488 1473 770 1527 exercitus
829 1474 1064 1528 alterius
1125 1474 1260 1529 belli
1313 1475 1609 1530 occasione
1663 1477 1813 1547 quod

221 1565 455 1619 adversus
477 1565 781 1636 Tigranem
807 1567 1136 1638 gerebatur,
1159 1569 1415 1623 solvisset
1438 1568 1815 1635 obsidionem,

225 1658 399 1712 missus
446 1675 478 1712 a
525 1660 826 1732 Pompeio,
883 1660 970 1715 cui
1024 1662 1238 1732 recepti
1291 1662 1624 1717 Mithridatis
1681 1662 1816 1716 ultio

222 1750 399 1819 gravis,
444 1752 689 1823 bellique
729 1752 788 1807 in
827 1770 1087 1809 socerum
1133 1755 1510 1810 transferendi
1559 1755 1813 1826 proposi-
1839 1733 1894 1802 Β

218 1849 319 1897 tum
351 1845 564 1910 exarsit,
603 1862 714 1915 qua
755 1862 922 1900 causa
961 1847 1179 1917 Syriam
1220 1847 1473 1902 infestari
1514 1863 1616 1918 per
1655 1850 1816 1903 Scau-

217 1953 322 1990 rum
355 1942 712 2009 praeceperat,
743 1956 874 1994 cum
911 1939 1028 2010 ipse
1063 1941 1363 2011 Tigranem
1403 1946 1571 2012 atque
1608 1944 1810 1995 Arme-

217 2030 348 2083 niam
378 2038 624 2102 nrgeret.
665 2033 878 2088 Scauro
909 2033 1100 2104 itaque
1132 2034 1452 2088 advenienti
1479 2035 1814 2089 Damascum

213 2139 358 2193 quam
397 2125 648 2179 Metellus
686 2131 742 2180 et
781 2126 984 2180 Lollius
1034 2125 1290 2181 funditus
1333 2132 1676 2193 everterant,
1725 2144 1813 2182 oc-

211 2231 413 2271 currere
453 2217 696 2273 fratrum
738 2219 938 2289 legati,
985 2219 1091 2274 sibi
1128 2219 1341 2292 quique
1385 2221 1659 2275 Romanas
1691 2219 1812 2292 opis

209 2309 450 2364 auxilium
517 2311 928 2383 implorantes;
997 2316 1054 2367 et
1119 2314 1374 2384 quamvis
1441 2313 1810 2368 inferioribus

208 2408 332 2456 esset
385 2403 595 2459 viribus
650 2405 1057 2471 Aristobulus,
1097 2407 1551 2476 praeponderavit
1617 2411 1806 2460 tamen

207 2496 429 2559 pecuniae
459 2498 768 2554 oblatione.
813 2500 1083 2554 Venditur
1108 2517 1338 2555 summa
1377 2501 1641 2571 praelialis
1681 2518 1804 2556 cer-

205 2588 402 2644 taminis
427 2592 652 2646 talentis
682 2593 968 2660 trecentis,
1000 2599 1056 2648 et
1071 2594 1296 2664 justitia
1329 2594 1594 2663 postulati
1624 2595 1804 2665 pretio

203 2689 456 2750 pensatur.
504 2688 630 2749 Qua
679 2687 918 2757 pecunia
967 2687 1074 2742 sibi
1127 2692 1536 2754 annumerata,
1590 2683 1806 2742 denun-

203 2775 288 2828 tiat
313 2777 547 2832 Scaurus
589 2781 848 2849 Hyrcano
883 2780 1118 2852 regique
1153 2780 1370 2836 Arabize
1409 2781 1695 2835 discedere
1732 2782 1802 2836 ab

200 2868 483 2938 obsidione,
512 2878 618 2926 aut
655 2873 701 2927 si
741 2877 1173 2944 permanerent,
1214 2874 1426 2928 scirent
1464 2874 1567 2928 sibi
1614 2875 1803 2929 adver-

201 2978 304 3016 sum
333 2965 665 3035 Pompeium
703 2972 762 3021 et
803 2968 1087 3022 Romanos
1129 2966 1279 3022 bello
1323 2967 1683 3023 certandum.
1725 2969 1802 3022 Eo

203 3060 388 3112 terrore
415 3057 642 3112 obsidio
681 3059 880 3127 soluta,
911 3064 1108 3114 Aretas
1146 3059 1600 3130 Philadelphiam
1638 3063 1794 3132 petit,
1820 3094 1874 3165 C

196 3153 408 3204 Scaurus
453 3152 795 3208 Damascum
842 3153 1165 3207 revertitur.
1207 3152 1562 3208 Aristobulus
1604 3161 1796 3210 autem

195 3241 678 3299 vixdum'idoneus
705 3245 1083 3316 propulsando
1112 3245 1362 3316 periculo
1404 3263 1636 3301 manum
1679 3247 1792 3302 col-

194 3334 316 3404 ligit,
341 3336 562 3391 hostem
605 3337 944 3408 insequitur,
978 3342 1038 3392 et
1073 3339 1141 3392 ad
1166 3340 1540 3408 Paparionem
1575 3341 1687 3410 (14)
1716 3340 1794 3410 (id

192 3427 501 3484 vocabulum
545 3431 689 3502 loco)
729 3447 822 3485 sex
867 3431 1046 3486 millia
1077 3432 1347 3499 hostium,
1381 3433 1550 3486 simul
1597 3438 1648 3487 et
1689 3433 1794 3488 fra-

191 3523 312 3575 trem
361 3523 648 3594 Antipatri
703 3524 997 3579 fallionem
1061 3525 1258 3595 praelio
1324 3525 1500 3588 fudit;
1559 3527 1794 3596 Hyrcani

187 3616 334 3684 atque
362 3616 651 3688 Antipatri
679 3633 804 3688 spes
830 3619 983 3688 lapsa
1011 3621 1113 3682 est,
1147 3618 1348 3688 quibus
1380 3618 1578 3672 fiducia
1610 3620 1795 3673 omnis

191 3705 235 3758 in
258 3709 460 3764 Arabia
487 3709 702 3764 viribus
733 3713 873 3765 erat.

787 3803 1004 3858 CAPUT
1041 3805 1173 3859 XIV.

244 3893 345 3949 Sed
377 3897 474 3950 ubi
515 3912 764 3968 magnus
802 3897 1108 3968 Pompeius
1142 3896 1299 3952 adire
1343 3899 1560 3968 Syriam
1605 3899 1790 3969 coepit,

185 3990 232 4039 et
264 3987 595 4046 Damascum
632 3990 886 4057 advenit,
916 4007 948 4044 a
982 3990 1254 4046 Romanis
1293 4007 1538 4061 quorum
1568 3991 1793 4044 auxiliis

183 4079 403 4150 infracti,
437 4083 511 4138 de
552 4084 818 4138 inanibus
850 4083 1136 4139 victoriam
1170 4083 1431 4149 amisere,
1460 4100 1630 4154 opem
1661 4101 1788 4154 pos-

185 4172 358 4240 tulant,
396 4177 850 4248 Pompeiumque
890 4177 1119 4244 adeunt,
1155 4181 1428 4248 tanquam
1463 4176 1598 4246 justi
1639 4176 1788 4231 arbi-

182 4272 332 4335 trum,
370 4275 428 4324 et
467 4270 710 4325 minime
753 4286 989 4325 avarum
1033 4270 1314 4340 pecuniae.
1355 4269 1791 4340 Allegationibus

179 4356 343 4430 itaque
377 4379 496 4418 non
534 4363 872 4418 muneribus
899 4363 984 4432 (ut
1022 4363 1175 4433 ante)
1211 4362 1313 4416 niti
1351 4379 1571 4433 coepere
1603 4381 1616 4417 :
1646 4380 1786 4434 quo-

1935 452 2033 522 qui
2062 452 2131 506 de
2151 451 2374 521 justitia
2402 451 2715 516 dissideret,
2745 450 3138 522 acquiescendi
3165 451 3562 522 prejudieium

1934 544 2275 610 excluderet,
2323 561 2480 615 spem
2533 543 2835 598 obediendi
2889 547 3152 614 negaret;
3203 544 3298 598 sed
3347 543 3563 598 diutius

1933 639 2176 692 tolerare
2229 638 2467 692 Romani
2517 637 2763 692 consulis
2817 635 3223 690 sublimitatem
3277 635 3560 706 nequivit,

1930 731 2021 786 cui
2055 747 2176 785 mos
2216 735 2340 785 erat
2379 731 2542 802 regni
2580 730 2761 785 exorti
2805 729 3032 800 regibus
3059 729 3414 800 imperitare.
3448 731 3555 783 Ita-

1929 839 2038 895 que
2066 823 2159 877 ubi
2192 824 2264 878 ad
2293 824 2498 878 urbem
2531 827 2761 877 ventum
2794 827 2897 890 est,
2933 822 3021 876 cui
3053 838 3260 876 nomen
3292 821 3557 891 Diopolis,

1927 917 2037 971 alio
2075 918 2372 986 concessit,
2409 918 2676 972 Romanae
2716 916 3012 988 dignitatis
3055 915 3423 986 supercilium
3460 915 3552 969 de-

1925 1011 2191 1081 dignatus
2238 1010 2400 1080 regni
2448 1014 2686 1064 tumore.
2732 1011 2850 1076 Qua
2897 1008 3206 1063 secessione
3253 1007 3556 1062 Aristobuli

1925 1110 2008 1159 est
2065 1122 2175 1158 non
2231 1103 2529 1158 mediocris
2587 1103 2749 1157 datus
2803 1101 3097 1157 offensioni
3149 1103 3326 1166 locus,
3381 1117 3557 1171 usque

1925 1198 2068 1251 adeo
2110 1202 2400 1251 commoto
2441 1197 2695 1262 consule,
2735 1203 2797 1249 ut
2839 1196 3028 1249 statim
3074 1211 3234 1249 arma
3273 1195 3552 1248 Romano-

1922 1307 2049 1344 rum
2094 1290 2152 1344 in
2188 1290 2444 1344 ludazam
2487 1291 2980 1354 converterentur;
3021 1287 3336 1358 conjunctis
3375 1287 3551 1358 Syriae.

1922 1383 2096 1436 etiam
2138 1383 2422 1453 plerisque
2461 1381 2826 1435 auxiliaribus
2867 1397 2879 1434 :
2920 1397 3089 1452 quem
3133 1380 3228 1434 ubi
3274 1381 3554 1451 comperit

1920 1476 2269 1530 Aristobulus
2299 1476 2368 1530 ad
2405 1475 2606 1529 urbem
2639 1473 3020 1544 Scythopolim
3061 1479 3233 1544 atque
3273 1473 3404 1528 inde
3436 1474 3544 1528 Co-

1921 1586 2041 1624 reas
2088 1569 2572 1640 appropinquare,
2624 1568 2772 1622 unde
2824 1572 2947 1621 erat
2992 1567 3197 1621 Judaeae
3247 1565 3545 1621 exordium

1919 1663 2317 1733 possessionis,
2381 1661 2638 1732 confugit
2703 1661 2758 1715 in
2824 1660 3228 1714 Alexandrium
3297 1663 3542 1714 castrum

1920 1755 2203 1810 munitum
2247 1755 2580 1822 admodum,
2615 1758 2673 1808 et
2712 1755 2769 1807 in
2814 1759 3010 1807 monte
3052 1753 3321 1806 altissimo
3351 1752 3542 1806 situm.

1919 1848 2042 1912 Quo
2081 1848 2334 1920 cognito,
2358 1848 2529 1919 jubet
2569 1864 2701 1901 eum
2739 1847 3044 1918 Pompeius
3083 1845 3457 1913 descendere;
3488 1850 3546 1898 at

1916 1943 2011 1997 ille
2063 1945 2332 2014 tanquam
2384 1941 2546 1996 herili
2598 1944 2878 2012 praecepto
2931 1939 3158 1994 obedire
3205 1938 3539 1993 indecorum

1917 2036 2259 2104 existimans,
2315 2035 2632 2106 periculum
2690 2035 2876 2105 potius
2930 2033 3308 2101 subeundum,
3367 2047 3542 2102 quam

1915 2129 2428 2200 obtemperandum
2459 2128 2700 2200 imperio
2732 2127 2909 2182 animi
2939 2126 3279 2180 immodicus
3309 2124 3542 2178 arbitra-

1913 2222 2097 2276 batur.
2129 2223 2235 2278 Sed
2280 2223 2491 2276 referta
2530 2221 2752 2293 populis
2789 2223 3046 2276 Romana
3083 2223 3265 2274 castra
3297 2218 3540 2289 desuper

1911 2322 2193 2386 spectans,
2237 2316 2406 2370 simul
2448 2333 2480 2370 a
2523 2315 2640 2369 suis
2689 2314 2954 2380 monitus,
3001 2330 3112 2367 non
3161 2311 3536 2378 lacessendos,

1910 2425 2151 2480 quorum
2193 2409 2250 2462 in
2281 2424 2488 2462 nomen
2519 2425 2582 2462 ac
2613 2412 2945 2478 potestatem
2981 2411 3129 2460 totus
3171 2421 3348 2476 prope
3387 2403 3538 2457 orbis

1907 2506 2194 2556 terrarum
2234 2505 2604 2567 concesserat,
2645 2499 2956 2566 descendit,
2991 2498 3362 2568 pluribusque
3403 2512 3536 2550 usus

1907 2595 2110 2667 quibus
2141 2611 2383 2666 regnum
2416 2595 2520 2649 sibi
2545 2595 2675 2664 jure
2716 2593 2971 2648 delatum
3009 2594 3261 2645 astruere
3292 2595 3530 2644 conten-

1907 2688 2088 2752 derat,
2121 2689 2204 2742 vel
2240 2688 2462 2759 generis
2492 2687 2751 2742 debitum
2787 2685 3222 2748 necessitudine,
3255 2683 3342 2736 vel
3371 2699 3528 2736 exer-

1905 2781 2048 2837 citus
2081 2781 2319 2852 judicio,
2349 2781 2446 2852 qui
2477 2784 2699 2834 secutus
2735 2780 2809 2834 sit
2835 2778 3185 2844 validiorem,
3219 2775 3530 2831 deseruerit

1904 2877 2203 2946 ignavum;
2234 2875 2321 2928 vel
2359 2878 2566 2928 eventu
2601 2873 2802 2944 pl‘iBlii,
2835 2873 2916 2925 vel
2960 2871 3108 2942 pacti
3149 2864 3528 2924 conventione

1903 2968 1972 3022 ad
2019 2968 2399 3024 munitionem
2443 2966 2763 3022 revertitur.
2808 2967 3021 3020 Rursus
3066 2980 3195 3018 cum
3243 2965 3528 3033 Hyrcanus

1903 3062 2191 3116 consulem
2217 3061 2468 3128 adiisset,
2498 3064 2720 3114 vocatus
2745 3059 2818 3113 ad
2839 3058 3119 3129 judicium
3151 3054 3524 3119 Aristobulus,

1899 3171 2020 3209 sese
2070 3153 2515 3225 repraesentavit.
2563 3153 2672 3209 Sed
2719 3169 2846 3207 cum
2895 3151 3079 3205 adhuc
3126 3147 3523 3220 comperendi-

1900 3248 2023 3302 nari
2068 3247 2458 3318 cognitionem
2510 3246 2739 3309 videret,
2789 3245 2844 3298 in
2896 3243 3190 3299 castellum
3237 3257 3528 3312 regressus

1900 3347 2000 3394 est.
2042 3341 2255 3394 Medius
2291 3340 2442 3394 enim
2473 3340 2625 3394 inter
2663 3355 2822 3409 spem
2863 3343 2918 3392 et
2961 3337 3224 3391 timorem
3267 3333 3525 3405 putabat,

1897 3433 2047 3506 quod
2079 3433 2336 3504 imperiis
2370 3433 2490 3503 ejus
2523 3431 2845 3486 obediendo
2876 3431 2944 3484 ad
2973 3430 3057 3483 sui
3088 3428 3327 3499 gratiam
3357 3428 3523 3480 Pom-

1898 3526 2089 3598 peium
2128 3525 2460 3580 inﬂecteret.
2491 3524 2602 3580 Sed
2634 3541 2704 3579 ne
2742 3524 2792 3577 vi
2819 3523 3149 3594 adigeretur
3177 3521 3381 3574 iterum
3414 3519 3524 3572 imo

1895 3619 2054 3690 peric
2083 3619 2311 3686 cedere,
2353 3617 2410 3672 in
2449 3617 2840 3672 Alexandriam
2883 3633 3007 3670 sese
3049 3613 3381 3684 recipiebat.
3413 3613 3522 3666 Nec

1896 3713 2174 3783 praeteriit
2204 3712 2468 3783 Magnum
2499 3711 2647 3781 regis
2672 3708 2919 3763 versutia
2949 3726 2961 3761 :
2989 3707 3154 3777 jubet
3180 3722 3314 3759 eum
3342 3703 3521 3758 disce-

1898 3806 2033 3860 dere
2074 3805 2520 3871 munitionibus;
2557 3803 2725 3874 idque
2766 3803 3071 3867 faeturum,
3113 3798 3258 3853 datis
3301 3798 3358 3852 in
3401 3797 3519 3851 sin-

1896 3898 2060 3968 gulos
2099 3897 2362 3951 custodes
2402 3897 2792 3950 munitionum
2827 3893 3047 3960 litteris,
3085 3907 3209 3946 sese
3241 3889 3519 3961 astringe-

1894 3997 1999 4045 ret.
2027 3989 2202 4044 .lussis
2238 3988 2468 4060 quidem
2501 3987 2707 4059 paruit,
2745 4003 2874 4058 quas
2911 4002 3026 4040 non
3062 3983 3310 4039 audebat
3344 3983 3514 4036 refel-

1893 4084 2008 4137 lere
2059 4101 2070 4136 :
2121 4082 2380 4153 protinus
2425 4086 2618 4135 tamen
2671 4077 3190 4149 Hierosolymitanis
3234 4075 3521 4130 manibus

1895 4191 2014 4231 sese
2055 4174 2292 4241 abdidit,
2324 4181 2379 4228 et
2409 4173 2623 4229 bellum
2656 4173 2956 4228 adversum
2996 4173 3282 4227 Romanos
3315 4184 3521 4240 parare

1892 4269 2082 4340 cmpit.
2112 4268 2412 4338 Pompeius
2439 4283 2668 4338 quoque
2694 4266 3010 4337 fugientem
3040 4264 3281 4335 insequi,
3313 4277 3520 4334 urgere

1893 4362 2170 4426 clausum,
2201 4377 2388 4432 neque
2418 4360 2679 4431 parandis
2706 4360 2837 4414 belli
2869 4359 3060 4412 usibus
3088 4362 3313 4428 tempus
3341 4356 3516 4410 ullum

179 4450 315 4506 niam
351 4454 581 4527 integer
617 4456 842 4511 animus
881 4456 1150 4511 adversus
1192 4455 1573 4526 corruptelam
1617 4472 1785 4526 peeu-
1809 4452 1868 4522 D
1893 4455 2048 4510 dare.
2083 4454 2298 4509 Direxit
2322 4454 2504 4524 Magni
2536 4453 2909 4507 intentionem
2939 4452 3006 4506 de
3033 4450 3352 4505 Mithridate
3378 4465 3517 4502 nun-

181 4543 292 4610 llltB,
336 4547 554 4620 laqueis
596 4549 844 4604 avaritia:
887 4567 1004 4604 non
1047 4548 1393 4619 capiebatur,
1437 4552 1494 4602 et
1537 4548 1784 4619 gratuito

178 4636 341 4692 odisse
376 4649 606 4711 poterat
634 4641 890 4697 fraterno
930 4642 1260 4696 insidiatum
1303 4641 1532 4709 honori;
1565 4648 1620 4696 et
1657 4641 1785 4696 ideo

181 4729 255 4783 bis
278 4748 407 4788 eum
432 4735 620 4790 adorsi
648 4735 918 4806 querelis,
946 4735 1154 4806 quibus
1189 4741 1246 4789 et
1277 4735 1596 4790 Aristobulo
1628 4735 1789 4789 lieret

178 4821 396 4895 invidia,
428 4828 586 4899 quod
613 4829 887 4899 indignus
913 4828 1101 4883 aliena
1127 4827 1418 4894 invaserit,
1450 4831 1508 4882 et
1533 4829 1788 4899 Hyrcano

179 4917 572 4990 conciliaretur,
616 4921 706 4977 cui
752 4923 837 4976 vel
878 4921 1082 4976 merito
1127 4921 1274 4987 vitae,
1317 4921 1401 4975 vel
1446 4921 1628 4976 astatis
1669 4921 1786 4975 suf-

176 5007 338 5081 fragio
379 5015 663 5084 regnandi
700 5015 796 5086 jus
838 5017 1212 5086 competeret,
1255 5013 1593 5086 astipulante
1639 5031 1785 5086 prae—

178 5104 350 5160 sertim
379 5107 578 5162 matris
605 5108 961 5176 auctoritate,
990 5124 1120 5180 qua:
1150 5110 1207 5163 et
1226 5107 1508 5178 judicium
1540 5107 1790 5180 eligendi

178 5193 357 5252 habuit
416 5207 476 5255 et
531 5201 624 5270 jus
691 5201 1038 5256 conferendi.
1107 5201 1216 5256 Nec
1276 5200 1632 5256 Aristobulus
1693 5201 1788 5256 diu

178 5286 354 5357 abfuit,
380 5295 642 5362 quamvis
682 5295 822 5350 nihil
860 5294 916 5348 in
959 5310 1167 5366 magno
1207 5299 1450 5365 pectore,
1485 5294 1638 5366 quod
1677 5293 1792 5348 suis

175 5382 372 5438 artibus
397 5387 764 5455 conduceret,
792 5388 1114 5443 intueretur
1143 5403 1157 5441 :
1190 5387 1576 5459 pracsumebat
1603 5391 1791 5441 tamen

179 5471 238 5524 de
274 5474 464 5532 Scauri
510 5480 926 5551 redemptione,
967 5496 1203 5552 seseque
1245 5480 1368 5550 ejus
1404 5480 1663 5550 jactabat
1696 5497 1786 5536 so-

179 5563 381 5623 cietate.
437 5571 599 5627 Venit
653 5575 841 5646 itaque
906 5573 1063 5644 regio
1114 5576 1318 5628 ornatu
1381 5573 1683 5642 praeditus,
1735 5582 1792 5628 et

1887 4550 2022 4617 tius,
2052 4548 2205 4620 quod
2248 4552 2428 4601 morte
2473 4547 2687 4600 bellum
2726 4545 2979 4600 tiniissct.
3017 4544 3156 4600 Urbs
3197 4543 3419 4598 Hierico
3461 4542 3514 4596 in

1885 4641 2140 4695 ﬁnitimis
2181 4640 2294 4694 suis
2335 4639 2664 4710 Pompeium
2707 4637 2956 4704 tenebat,
2991 4654 3121 4692 cum
3166 4637 3247 4692 rei
3291 4653 3512 4692 memo-

1891 4739 2029 4788 ratae
2059 4733 2266 4787 indicia
2304 4733 2560 4787 venirent
2593 4750 2605 4786 :
2642 4733 2800 4787 locus
2832 4749 3008 4804 prope
3049 4732 3271 4799 urbem,
3305 4731 3362 4784 in
3403 4746 3514 4801 quo

1889 4828 2207 4882 balsamum
2261 4826 2540 4898 gignitur,
2590 4826 2960 4898 virgultisque
3015 4825 3342 4891 innascitur,
3390 4839 3517 4893 qua-

1887 4920 2170 4992 lapidibus
2212 4919 2476 4974 incidunt
2515 4919 2675 4991 pueri
2717 4920 3119 4989 agricolarum,
3168 4934 3381 4990 perque
3427 4933 3518 4970 eas

1891 5013 2193 5068 incisiones
2234 5013 2467 5067 distillat
2506 5014 2712 5068 humor
2752 5013 3015 5084 lacrymis
3052 5012 3285 5084 pulchre
3318 5026 3512 5065 roran-

1892 5107 2058 5161 tibus.
2100 5107 2233 5161 lude
2276 5107 2357 5160 vir
2395 5107 2615 5162 militia:
2653 5113 2810 5161 vetus
2840 5105 3166 5177 compositis
3205 5103 3515 5168 ordinibus,

1892 5202 1962 5256 ad
2004 5217 2302 5272 vesperum
2343 5206 2530 5255 castra
2569 5202 2763 5269 movit,
2799 5206 2854 5256 et
2890 5200 3076 5272 primo
3116 5199 3362 5254 diluculo
3392 5199 3515 5254 Hie-

1890 5293 2320 5364 rosolymitanis
2371 5294 2652 5348 moenibus
2702 5294 2907 5360 astitit,
2959 5299 3130 5365 atque
3181 5292 3520 5364 improvisus

1892 5392 2142 5442 armatas
2169 5389 2319 5442 acies
2346 5386 2616 5442 infundit.

2525 5482 2742 5536 CAPUT
2783 5482 2884 5535 XV.

1963 5576 2403 5647 Obstupefactus
2457 5573 2815 5632 Aristobulus
2867 5575 3250 5645 dispositionis
3304 5575 3522 5646 specie.

237 5752 326 5812 (Nl
358 5756 704 5824 Papyrenem,
736 5761 962 5827 Josepli.
994 5776 1112 5830 cap.
1140 5761 1188 5826 ὅ,
1220 5759 1311 5811 lib.
1341 5774 1355 5812 ι
1385 5761 1447 5812 de
1481 5759 1604 5812 Bell.
1634 5759 1757 5810 Iud.
1789 5759 1945 5813 ΒΑΜ(

3949 5141 3951 5224 l

3950 5227 3951 5272 1

3949 5329 3951 5368 l

3950 5487 3951 5522 ι

3949 5545 3951 5606 l

3949 5623 3951 5666 l
