4072 6192
457 250 594 301 2075

1926 253 1978 305 S.
2021 249 2336 306 AMBROSII

3654 255 3770 304 267σί

459 373 704 427 virorum
750 375 973 443 robore,
1007 377 1260 432 militum
1303 378 1608 447 alacritate,
1643 382 1844 449 sponte
1881 392 2078 432 occur-
2105 375 2333 458 Aferro
2355 375 2537 430 Judaei
2573 377 2921 442 existimant,
2953 376 3170 447 reliqua
3209 375 3510 431 certamina
3538 374 3777 446 religioni

457 463 550 524 rit,
615 465 835 520 veniam
905 473 1188 539 precatur,
1248 470 1572 541 pecuniam,
1628 469 1851 538 urbem,
1909 486 2082 540 seque

459 558 721 613 offerens.
755 561 1064 632 Verbisque
1104 562 1160 616 in
1191 562 1462 618 mollibus
1502 563 1832 634 suppliciter
1869 561 2085 616 inﬂexis

462 652 814 723 mitigaverat
843 653 1295 726 indignationem
1335 657 1610 722 consulis;
1643 656 1740 711 sed
1772 657 1932 710 irrita
1962 674 2084 728 pre-

461 745 714 814 catione,
772 746 906 818 quia
955 748 1186 803 eﬂ‘ectus
1241 749 1436 804 deerat
1491 749 1911 820 promissionis,
1968 767 2081 806 non

457 838 636 892 solum
697 841 919 911 negatis
965 842 1238 911 pecuniis,
1289 841 1386 897 sed
1440 843 1613 897 etiam
1665 842 1802 897 urbe
1859 845 2085 898 excluso

459 931 695 987 Gabinio
723 933 820 1004 qui
845 933 1090 989 oblatam
1126 935 1366 1005 petitum
1395 941 1645 1003 venerat,
1676 935 1890 992 bellum
1920 938 2081 992 incu-

458 1025 599 1078 buit.
643 1027 901 1098 Namque
938 1028 1174 1098 Magnus
1210 1028 1476 1083 adhibitis
1519 1029 1842 1084 custodibus
1878 1031 2081 1087 Aristo-

463 1118 614 1184 bulo,
659 1119 811 1174 urbis
859 1123 1070 1175 moenia
1113 1122 1394 1192 speculari
1439 1123 1626 1194 coepit,
1673 1127 1845 1194 atque
1887 1126 2082 1195 explo-

464 1227 586 1266 rare
634 1212 986 1283 diligentius,
1039 1213 1244 1284 quibus
1301 1215 1358 1268 in
1416 1216 1552 1270 locis
1602 1221 1850 1272 tentaret
1899 1217 2082 1288 irrup-

464 1305 702 1359 tionem.
757 1306 866 1360 Sed
921 1323 1050 1362 cum
1111 1313 1166 1361 et
1231 1308 1418 1362 valida
1479 1326 1775 1365 murorum
1838 1310 2084 1366 circum-

460 1403 759 1467 spectaret,
802 1400 953 1470 quod
994 1402 1304 1470 expugnari
1352 1402 1672 1473 nequirent,
1712 1407 1770 1457 et
1810 1404 2088 1475 templum

461 1491 519 1544 in
561 1491 698 1545 urbe
743 1492 897 1547 haud
942 1493 1310 1549 inferioribus
1353 1495 1771 1551 circumdatum
1818 1497 2084 1553 munitio-

457 1583 648 1649 nibus,
689 1588 746 1637 et
792 1589 854 1639 ut
897 1587 1193 1657 geminum
1240 1592 1390 1643 esset
1435 1589 1723 1660 ingressus
1770 1590 2088 1661 periculum

460 1682 516 1732 et
553 1693 587 1731 a
623 1677 1017 1733 defensoribus
1054 1681 1273 1752 templi,
1316 1685 1373 1736 et
1409 1682 1478 1736 ab
1523 1682 1612 1736 his
1655 1682 1752 1754 qui
1791 1699 2089 1738 murorum

462 1772 887 1841 pr0puguacula
956 1748 1287 1839 tuerentur,
1359 1773 1522 1828 haesit
1585 1748 1778 1829 animo
1846 1748 2165 1845 dubius,B

462 1864 872 1936 sententiaeque
921 1866 1170 1922 incertus
1223 1883 1327 1937 per
1385 1867 1812 1938 aliquantulum
1863 1875 2085 1940 tempo-

462 1955 539 2009 ris
567 1956 699 2027 (15),
727 1973 856 2011 cum
885 1958 1068 2013 subito
1097 1958 1242 2013 intra
1274 1959 1478 2014 urbem
1512 1965 1636 2016 orta
1666 1961 1870 2016 seditio
1897 1963 2085 2018 volen-

461 2047 611 2102 tibus
675 2051 909 2121 Hyrcani
971 2052 1132 2106 sociis
1198 2052 1336 2106 urbe
1399 2053 1652 2124 recipere
1719 2055 2086 2126 Pompeium,

463 2141 839 2197 renitentibus
875 2143 1176 2200 Aristobuli
1217 2146 1757 2217 propugnatoribus,
1786 2147 1867 2202 illi
1897 2151 2090 2219 portas

466 2235 689 2304 aperire
742 2237 964 2306 Magno,
1010 2238 1101 2292 isti
1151 2238 1438 2307 obserere,
1483 2239 1811 2311 bellumque
1861 2241 2089 2309 inferre,

467 2343 538 2381 ne
568 2343 765 2398 regem
806 2330 1113 2401 eriperent.
1149 2332 1257 2388 Sed
1289 2332 1544 2403 pluribus
1579 2349 1722 2404 quos
1760 2337 1949 2390 terror
1984 2352 2087 2406 po-

462 2420 653 2476 tentias
695 2423 974 2478 Romanas
1017 2429 1277 2492 auxerat,
1310 2442 1530 2480 cessere
1573 2426 1891 2494 inferiores,
1923 2433 2090 2500 atque

463 2514 522 2569 in
543 2515 824 2586 templum
847 2532 969 2572 sese
997 2533 1288 2590 recepere,
1312 2520 1494 2574 soluto
1521 2523 1696 2591 ponte
1722 2520 1819 2591 qui
1849 2521 2091 2575 transitu

463 2607 658 2678 pervio
687 2609 888 2664 urbem
915 2625 978 2665 ac
1004 2612 1279 2682 templum
1311 2611 1534 2667 medius
1570 2614 1959 2683 conjunxerat.
1992 2616 2093 2669 [te-

463 2705 659 2772 ceptus
694 2701 885 2774 itaque
923 2702 981 2758 in
1021 2704 1218 2760 urbem
1257 2712 1342 2760 est
1379 2706 1658 2760 exercitus
1700 2707 2007 2772 Romanus,
2037 2710 2094 2761 et

464 2794 582 2848 suis
632 2795 899 2850 manibus
949 2797 1124 2852 Judaei
1172 2814 1446 2868 aperuere
1493 2803 1701 2869 portas,
1749 2816 1858 2852 non
1917 2801 2092 2855 multo

467 2892 594 2957 post
634 2888 788 2943 urbis
817 2906 882 2944 ac
920 2891 1118 2960 templi
1148 2891 1629 2962 expugnatoribus
1665 2892 1889 2946 futuris.
1924 2894 2089 2948 Coin-

467 2981 796 3052 pletumque
853 2985 939 3036 est
986 2983 1123 3037 illud
1174 2983 1503 3038 Davidicum
1559 3003 1569 3037 :
1622 2988 1776 3042 Deus.
1833 2991 2093 3040 venerunt

464 3078 643 3141 gentes
693 3076 754 3127 in
801 3075 1180 3130 hereditatem
1233 3080 1416 3138 tuam,
1464 3078 1783 3145 polluerunt
1839 3080 2168 3178 templumc

463 3172 710 3221 sanctum
774 3173 925 3222 tuum
983 3169 1150 3237 (Psal.
1204 3185 1432 3237 Lxxvin,
1494 3169 1562 3238 t).
1620 3170 1836 3240 Sponte
1898 3171 2093 3242 itaque

467 3257 752 3312 tradidere
791 3259 1007 3330 regalia
1045 3277 1162 3327 sua,
1203 3277 1424 3315 cessere
1463 3261 1678 3316 aulicis.
1714 3262 1901 3318 Pisoni
1943 3265 2094 3318 claro

471 3350 620 3404 inter
661 3366 794 3406 suos
831 3351 950 3406 viro
993 3359 1048 3406 et
1078 3353 1297 3408 militia
1340 3354 1636 3426 stipendiis
1673 3356 2001 3424 exercitato,
2038 3358 2091 3412 id

468 3443 684 3513 negotii
741 3445 1109 3501 commissum
1161 3452 1266 3512 est,
1325 3451 1387 3501 ut
1443 3464 1614 3502 manu
1671 3449 1856 3503 valida
1904 3451 2091 3506 aulam

469 3537 683 3608 regiam
719 3542 1040 3610 ceteraque
1080 3540 1236 3595 urbis
1281 3540 1490 3596 tuenda
1528 3541 1904 3609 existimaret;
1943 3545 2094 3616 quod

469 3629 540 3683 ab
586 3646 654 3684 eo
696 3630 933 3687 sollicite
973 3639 1256 3700 curatum,
1299 3634 1464 3705 quasi
1506 3633 1575 3687 ad
1623 3651 1692 3688 ea
1735 3634 2096 3691 defendenda

469 3722 676 3791 potius,
737 3740 906 3794 quam
961 3725 1288 3796 occupanda
1342 3727 1732 3782 Romanorum
1785 3729 2094 3784 exercitum

469 3815 798 3872 ductaverit.
825 3817 907 3872 Ad
942 3816 1144 3888 templi
1173 3822 1366 3872 autem
1394 3818 1792 3891 irruptionem,
1821 3822 2091 3892 quoniam

470 3909 836 3976 pertinaciter
879 3910 1266 3978 resistebatur,
1307 3911 1531 3966 Judaeos
1575 3897 1808 3984 Magnus
1852 3916 2091 3985 paravit,

467 4001 648 4054 socios
690 4001 942 4057 videlicet
983 4004 1244 4072 Hyrcani,
1279 4009 1358 4071 ut,
1401 4004 1450 4058 si
1491 4004 1614 4058 fieri
1661 4010 1870 4077 posset,
1909 4007 2096 4063 aliena

471 4093 712 4150 Romani
756 4095 1031 4164 mysteria
1073 4113 1184 4150 non
1231 4097 1628 4166 profanat-ent;
1669 4099 1836 4153 simul
1876 4106 1937 4154 ut
1981 4103 2096 4156 suis

473 4185 739 4242 manibus
775 4186 954 4242 Judaei
996 4189 1165 4242 fossas
1209 4190 1517 4260 replerent,
1561 4189 1737 4262 imliiio
1781 4194 2096 4249 ministerio

470 4284 526 4334 et
559 4279 711 4351 turpi
749 4279 1018 4352 obsequio
1061 4281 1384 4337 servierunt
1418 4299 1624 4338 manus
1665 4301 1862 4340 eorum
1903 4287 1959 4342 in
2000 4305 2093 4342 co-

469 4371 646 4442 phino
693 4372 856 4443 (Psal.
906 4391 1065 4440 Lxxx,
1118 4375 1193 4445 7),
1244 4378 1468 4431 mentes
1517 4376 1575 4431 in
1622 4378 1950 4451 sacrilegio;
2001 4381 2096 4436 sed

2185 468 2416 523 ducunt.
2477 470 2600 524 Jam
2669 470 2880 524 vallum
2947 474 3306 533 excreverat,
3350 469 3468 539 jam
3530 469 3780 526 machina

2184 561 2468 629 admotas,
2521 562 2918 634 repugnabant
2967 561 3110 634 regii
3164 577 3454 616 murorum
3507 561 3781 617 altitudine

2184 654 2505 722 ferociores,
2552 672 2654 710 nec
2703 654 3008 710 intermisti
3059 655 3271 726 praeliis
3321 654 3575 726 propiore
3621 654 3783 725 Magni

2186 764 2408 802 accessu
2470 747 2912 802 inclinabantur.
2971 747 3241 820 Stupebat
3301 747 3590 818 Pompeius
3647 763 3784 801 acres

2187 841 2432 895 virorum
2471 842 2710 904 animos,
2747 843 2892 896 muri
2936 843 3195 898 decorem
3226 858 3291 895 ac
3331 839 3785 912 magnitudinem,

2186 943 2240 990 et
2289 952 2566 1006 nusquam
2614 935 2847 989 remissa
2891 935 3077 990 officia
3117 933 3470 989 sacerdotum
3515 934 3573 987 in
3616 933 3785 988 medio

2188 1028 2317 1084 belli
2370 1029 2590 1094 furore;
2649 1034 2920 1099 tanquam
2982 1027 3261 1099 profunda
3313 1044 3418 1097 pax
3473 1032 3614 1081 esset
3665 1025 3789 1080 nihil

2190 1122 2391 1176 deerat
2454 1120 2860 1175 sacriﬁciorum
2923 1121 3318 1182 solemnitati,
3388 1119 3787 1173 imbellatorum

2188 1215 2338 1269 inter
2371 1215 2558 1285 jacula
2607 1219 2930 1285 mortesque
2974 1229 3250 1268 cassorum
3292 1211 3634 1266 fundebatur
3675 1228 3789 1264 san-

2191 1308 2319 1379 guis
2379 1308 2714 1362 hostiarum.
2775 1307 3007 1361 Victima
3066 1305 3338 1360 altaribus
3387 1302 3791 1375 imponebatur,

2189 1407 2318 1455 ante
2361 1417 2517 1454 aram
2566 1401 2734 1471 positi
2780 1398 3148 1454 feriebantur.
3189 1397 3413 1453 Tertius
3444 1397 3564 1467 jam
3609 1399 3796 1450 mensis

2189 1509 2395 1564 anceps
2423 1493 2612 1548 adhuc
2641 1497 2933 1548 certamen
2968 1492 3214 1546 tenebat.
3245 1490 3469 1546 Primus
3499 1490 3632 1544 Silla
3658 1492 3796 1543 ortus

2189 1587 2472 1655 Cornelio,
2509 1587 2742 1640 Faustus
2778 1589 2835 1639 et
2875 1585 2986 1639 duo
3027 1584 3410 1650 centuriones,
3441 1599 3677 1654 quorum
3713 1582 3797 1636 uni

2191 1696 2402 1734 nomen
2459 1679 2653 1746 Furio,
2711 1678 2870 1733 alteri
2933 1683 3054 1733 erat
3106 1677 3337 1742 Fabius,
3392 1675 3613 1746 dejecta
3667 1681 3798 1729 terra

2193 1787 2491 1827 murorum
2517 1770 2648 1841 (l7),
2681 1771 2958 1842 templum
2991 1770 3270 1841 irrupere,
3301 1769 3542 1839 singulis
3577 1783 3798 1838 sequen-

2192 1865 2342 1918 tibus
2370 1881 2491 1918 sese
2517 1863 2772 1930 catervis,
2805 1869 2862 1918 et
2888 1863 3308 1918 circumdantes
3341 1861 3596 1932 undique
3625 1861 3800 1930 templi

2191 1957 2485 2025 interiora,
2537 1973 2911 2028 quoscunque
2968 1960 3322 2027 repererant,
3379 1953 3589 2026 gladiis
3640 1959 3798 2008 trans-

2192 2051 2564 2106 verberabant
2611 2067 2623 2104 :
2675 2049 3039 2104 caedebantur
3085 2049 3389 2118 fugientes,
3436 2047 3802 2118 repugnantes

2191 2144 2287 2199 alii
2334 2143 2842 2198 obtruncabantur.
2890 2142 3085 2196 Nullus
3130 2141 3404 2212 parcendi
3457 2139 3679 2205 modus,
3716 2155 3803 2193 nec

2191 2242 2382 2292 tamen
2425 2254 2489 2291 ea
2531 2236 2747 2290 saevitia
2777 2234 3135 2301 bellantium,
3176 2234 3455 2304 obsequia
3498 2238 3683 2287 vatum
3715 2233 3802 2300 (t8,

2191 2331 2484 2402 impedita.
2532 2328 2766 2384 Nudatis
2818 2327 3019 2400 gladiis
3069 2326 3410 2382 imminebat
3457 2326 3634 2382 hostis
3679 2342 3691 2378 :
3736 2325 3804 2380 illi

2191 2429 2382 2478 tamen
2413 2423 2532 2478 sine
2573 2422 2690 2476 ulla
2720 2421 3145 2494 perturbatione
3173 2419 3322 2475 soliti
3353 2421 3542 2475 vicem
3579 2417 3806 2473 muneris

2192 2516 2670 2589 exsequebantur.
2705 2515 2932 2571 Nullum
2969 2514 3360 2570 intermissum
3409 2517 3496 2569 est
3529 2512 3694 2568 ofﬁcii
3723 2528 3805 2583 ge-

2193 2627 2320 2665 nus.
2343 2608 2626 2681 Quidquid
2655 2609 2730 2662 ad
2756 2607 3165 2680 puriﬁcationis
3189 2607 3642 2674 solemnitatem,
3665 2603 3810 2678 quid-

2194 2703 2327 2775 quid
2369 2703 2441 2758 ad
2484 2703 2668 2756 cultus
2710 2702 2851 2756 sacri
2898 2700 3319 2755 observantiam
3361 2708 3624 2771 spectare
3666 2706 3808 2770 pote-

2193 2802 2298 2862 rat,
2321 2796 2624 2868 impletum
2651 2801 2754 2850 est.
2780 2796 2955 2849 Tanta
2982 2799 3109 2848 erat
3132 2811 3264 2848 cura
3294 2793 3630 2862 ministerii;
3657 2796 3808 2863 atque

2197 2891 2412 2945 utinam
2471 2905 2574 2960 pro
2632 2888 2867 2943 veritate
2920 2886 3228 2942 devotionis
3281 2892 3339 2941 et
3404 2886 3540 2941 ﬁdei
3597 2886 3806 2941 fuisset!

2192 2985 2406 3054 Majora
2440 2998 2669 3054 quoque
2698 2998 2730 3036 a
2759 2981 2873 3036 suis
2909 2984 3029 3035 orta
3070 2979 3340 3052 pericula,
3371 2996 3546 3052 quam
3588 2979 3689 3034 sibi
3720 2980 3807 3046 (19)

2193 3077 2262 3131 ab
2292 3075 2536 3131 Hebraeis
2560 3075 2801 3130 invicem
2829 3073 3239 3141 inferebantur,
3261 3077 3435 3144 atque
3462 3073 3614 3127 intus
3641 3088 3810 3144 pugna

2197 3170 2604 3238 vehementior,
2633 3174 2688 3223 et
2715 3185 2748 3223 a
2776 3167 3052 3222 seditiosis
3080 3165 3318 3238 propius
3354 3171 3414 3221 et
3445 3182 3654 3237 anceps
3683 3164 3810 3236 peri-

2195 3265 2384 3318 culum
2415 3281 2429 3317 :
2463 3281 2496 3317 a
2523 3263 2711 3317 fronte
2745 3267 3012 3316 externus
3035 3260 3236 3328 hostis,
3267 3277 3298 3314 a
3331 3262 3502 3330 tergo
3534 3258 3808 3313 lateribus

2197 3373 2306 3427 que
2339 3355 2702 3410 domesticus.

2813 3447 3030 3502 CAPUT
3068 3445 3198 3500 XVI.

2273 3546 2463 3615 Itaque
2513 3542 2766 3597 conclusi
2811 3541 3083 3612 undique,
3135 3539 3227 3594 alii
3275 3557 3336 3594 se
3382 3539 3809 3612 praecipitabant,

2196 3637 2288 3690 alii
2318 3636 2515 3706 patriae
2544 3633 2822 3689 incendiis
2849 3633 3248 3688 exarabantur.
3280 3633 3616 3687 Sacerdotes
3641 3635 3808 3685 tamen

2199 3745 2375 3800 usque
2416 3728 2489 3781 ad
2532 3728 2790 3782 ultimum
2839 3727 2896 3782 in
2941 3743 3044 3782 suo
3087 3741 3326 3780 munere
3371 3725 3808 3796 perseverabant,

2199 3823 2487 3875 hortantes
2535 3837 2595 3874 se
2646 3819 2904 3884 invicem,
2955 3835 3025 3872 ne
3076 3819 3134 3872 in
3182 3818 3603 3889 posterioribus
3647 3831 3808 3888 pone-

2200 3919 2322 3969 rent
2369 3913 2618 3968 ofﬁcium
2672 3911 2956 3984 religionis
3006 3928 3174 3983 quam
3226 3911 3423 3965 salutis
3467 3909 3808 3982 praesidium;

2199 4012 2347 4062 recte
2386 4023 2577 4060 secum
2611 4005 2723 4077 agi,
2767 4006 2808 4059 si
2844 4004 3041 4077 pietati
3079 4005 3501 4076 impenderent,
3541 4002 3689 4075 quod
3726 4001 3808 4060 de-

2197 4101 2428 4154 beretur
2465 4098 2803 4164 necessitati,
2832 4093 3424 4169 pulcherrimumque,
3456 4097 3500 4150 si
3536 4098 3593 4151 in
3635 4093 3811 4168 patriae

2197 4193 2324 4247 sinu
2363 4191 2592 4264 sepeliri
2634 4191 2843 4247 liceret.
2883 4190 3029 4255 Quid
3075 4193 3265 4244 autem
3299 4191 3536 4260 juvaret
3574 4189 3809 4244 evadere.

2198 4293 2250 4341 et
2291 4285 2653 4358 superstitem
2697 4285 2883 4339 vivere
2925 4283 3230 4355 religioni?
3268 4284 3608 4355 praeclarum
3647 4279 3811 4353 potius

2198 4396 2338 4450 opus
2378 4379 2604 4433 muneri
2648 4377 2924 4432 commori
2970 4378 3084 4450 pio.
3124 4375 3284 4440 Quod
3330 4377 3377 4430 si
3425 4374 3555 4448 quis
3595 4371 3809 4446 periculi

469 4465 613 4520 nihil
666 4467 1000 4536 proﬁciebat
1053 4469 1380 4540 congestio,
1435 4486 1567 4524 cum
1626 4471 2011 4528 reniterentur
2065 4463 2356 4534 eDmetu
2407 4471 2652 4538 deserat,
2706 4469 3064 4542 sacrilegium
3117 4474 3232 4536 est;
3284 4468 3331 4522 si
3385 4469 3515 4540 quis
3572 4467 3804 4538 impleat.

473 4559 648 4616 muris
709 4560 1015 4616 Aristobuli
1075 4562 1355 4628 fautores,
1409 4568 1466 4618 et
1520 4563 1765 4637 desuper
1822 4564 2096 4620 afferrent

470 4651 979 4722 impedimentum;
1017 4654 1289 4727 irritaque
1332 4657 1606 4728 Pompeio
1650 4657 1892 4713 fuissent
1929 4676 2090 4714 exor-

469 4744 580 4811 dia,
614 4744 718 4799 nisi
748 4744 1169 4802 incurrentibus
1199 4748 1306 4819 (l6)
1332 4749 1506 4803 sacris
1537 4750 1832 4822 religionis
1867 4751 2091 4819 diebus,

470 4837 678 4909 quibus
715 4837 784 4893 ab
820 4839 976 4894 omni
1007 4855 1206 4894 vacare
1239 4857 1412 4912 opere
1449 4843 1673 4898 Iudaeos
1711 4850 1870 4898 vetus
1903 4845 2091 4899 obser-

472 4931 613 4985 vatio
664 4932 835 5001 foret,
886 4932 1190 4988 imminere
1241 4951 1374 4989 suos
1423 4937 1769 5006 aggerendis
1813 4944 2095 4993 terrarum

471 5023 700 5079 tumulis
744 5025 1167 5096 imperavisset;
1211 5028 1330 5082 sola
1371 5028 1522 5082 enim
1566 5031 1930 5086 conserendas
1971 5048 2091 5087 ma-

470 5134 575 5172 nus
632 5118 1002 5190 usurpatione
1059 5120 1116 5174 in
1170 5121 1640 5178 consuetudinem
1694 5139 1871 5189 versa,
1921 5125 2094 5180 etiam

472 5211 728 5280 Sabbato,
783 5213 830 5268 si
887 5218 1077 5268 tamen
1136 5214 1416 5270 inferatur
1472 5216 1752 5288 praelium,
1807 5221 1862 5272 et
1915 5217 2097 5274 salute

471 5309 785 5362 extremum
841 5309 1064 5378 petatur
1118 5308 1462 5379 periculum,
1511 5310 1940 5365 decernendum
1992 5312 2096 5366 sibi

539 5480 642 5550 (t5),
669 5481 1002 5550 Gronovius,
1046 5483 1279 5544 Monob.,
1319 5499 1440 5550 pag.
1480 5487 1565 5544 67,
1609 5488 1845 5538 restituit
1891 5503 1902 5536 :
1943 5489 2098 5540 Haesit

474 5547 648 5665 anima
670 5548 848 5606 dubio,
879 5554 1251 5617 sententiaque
1279 5547 1478 5606 incerto
1517 5555 1856 5620 aliquantum
1895 5563 2098 5622 tempo—

474 5629 566 5665 ηε.
654 5629 899 5665 nmium.

473 5629 566 5666 7‘38.
599 5629 881 5667 ULLLAND
889 5655 899 5666 .

537 5683 632 5744 (16)
659 5685 1155 5740 Intereat-rentibus.
1189 5693 1365 5746 BARR.

542 5752 634 5811 (17)
664 5749 946 5802 Habebat...
982 5761 1131 5807 turre
1158 5773 1450 5812 murorum.
1489 5767 1565 5818 lo.

2197 4565 2538 4620 sacriﬁcium
2569 4568 2627 4619 et
2656 4565 2764 4636 piae
2796 4564 3072 4637 passionis
3100 4563 3349 4618 victoria.
3380 4562 3610 4617 Infulati
3635 4561 3808 4630 itaque

2197 4657 2517 4713 sacerdotes
2574 4658 2723 4713 inter
2784 4675 2914 4712 suas
2972 4657 3182 4712 hostias
3236 4655 3706 4717 immolabantur,
3759 4655 3803 4704 et

2195 4753 2387 4807 amicti
2439 4751 2875 4806 sacerdotalibus
2928 4751 3084 4805 stolis
3135 4750 3284 4804 inter
3333 4748 3600 4804 cadavera
3651 4762 3799 4800 casso-

2196 4863 2324 4900 rum
2354 4845 2514 4900 humi
2534 4844 2818 4916 jacebant.
2856 4843 2997 4898 Fusa
3025 4843 3138 4898 illic
3161 4843 3492 4898 Judworum
3527 4837 3799 4895 duodecim

2199 4938 2394 5009 millia,
2441 4939 2827 4994 Romanorum
2874 4937 3036 5009 pauci
3078 4937 3356 5003 exstincti,
3399 4935 3590 5007 plures
3630 4933 3797 4986 vulne-

2201 5033 2303 5087 rati
2334 5036 2485 5087 sunt.
2518 5031 2665 5086 Nihil
2704 5037 2898 5086 tamen
2937 5029 3161 5103 gravius
3197 5030 3253 5084 in
3290 5027 3382 5085 illa
3414 5027 3642 5084 miseria
3669 5025 3800 5095 inge-

2202 5131 2468 5181 muerunt
2512 5124 2715 5192 Judmi,
2761 5141 2932 5196 quam
2982 5124 3133 5196 quod
3180 5121 3279 5177 illa
3321 5121 3650 5177 abscondita
3687 5119 3797 5171 ante

2200 5217 2706 5274 sanctiﬁcationum
2783 5217 3085 5288 mysteria,
3153 5219 3364 5272 retecta
3436 5213 3691 5286 gentibus
3746 5224 3797 5261 ac

2200 5312 2564 5368 manifestata
2633 5316 2783 5365 sunt.
2857 5309 3107 5381 Denique
3183 5307 3484 5381 Pompeius
3557 5317 3794 5362 curarum

2264 5490 2358 5553 (18)
2422 5491 2630 5546 Vatum,
2671 5488 2728 5537 id
2776 5489 2878 5548 est,
2928 5486 3298 5546 sacerdotum,
3343 5489 3402 5535 ut
3453 5498 3520 5535 ex
3562 5483 3795 5553 contextu

2199 5550 2391 5627 liquet.
2425 5561 2606 5624 Quem
2635 5559 2862 5625 quidem
2905 5559 3089 5610 locum
3137 5558 3387 5623 pluribus
3426 5554 3659 5606 illustrat
3693 5550 3797 5627 Ma.-

2202 5617 2539 5683 zobbius'v.
2599 5617 2670 5681 cf
2703 5631 2760 5680 in
2809 5631 3091 5681 Comment.
3138 5617 3213 5680 ad
3252 5641 3440 5679 morm.
3496 5627 3650 5687 Neap.
3692 5617 3795 5670 sccl.

2201 5701 2502 5758 kalendar.,
2536 5700 2643 5751 vol.
2675 5701 2766 5760 III,
2797 5713 2920 5764 pag.
2953 5702 3066 5749 ΤΠ.
3099 5700 3392 5752 GALLAND.

2267 5772 2362 5836 (19)
2388 5773 2471 5823 Al.
2500 5785 2617 5840 quae
2645 5770 2761 5820 sibi.
2796 5771 2971 5822 BARR.
