4000 6166
247 333 352 383 20ῖῖ
1213 324 1295 378 DE
1339 323 1609 378 EXCIDIU
1648 322 1846 378 URBIS
1887 321 2245 376 HIERUSOL.
2292 321 2416 375 LIB.
2460 323 2500 374 l.

3394 327 3529 379 2078

242 449 511 508 istiusmodi
546 449 833 503 declinans
877 453 1161 520 superflua
1201 449 1340 504 dum
1385 449 1676 522 triumpho
1713 459 1888 530 κιο-Α
1910 449 2195 519 dandique
2237 447 2535 518 cupidine;
2578 447 2728 518 quod
2767 447 2954 517 potius
2995 462 3138 515 reor,
3170 465 3346 520 quam
3390 465 3520 519 pro-

239 547 327 601 tius
371 543 602 598 ambusta
655 542 922 610 ambiret,
973 541 1340 614 sequentibus
1395 560 1517 598 sese
1571 559 1805 598 suorum
1907 541 2120 596 ferendi
2175 540 2398 611 imperii
2453 540 2674 610 gratia,
2732 555 3018 594 summam
3080 539 3237 610 regni
3304 541 3526 597 Arabiae

235 635 455 709 plurimis
493 634 624 688 vidit
668 635 1116 703 tabernaculum,
1158 636 1466 692 secundum
1509 636 1660 708 quod
1702 635 1806 690 soli
1905 636 2128 688 Petram
2173 633 2435 688 invadere
2479 632 2693 700 volens,
2723 633 3059 688 difﬁcultate
3101 633 3332 703 quidem
3373 635 3520 689 loco-

231 729 439 803 principi
463 727 811 783 sacerdotum
837 729 1078 784 solemni
1107 745 1334 783 accessu
1360 728 1605 800 patebat,
1634 734 1804 800 atque

228 824 358 878 intus
396 814 627 892 inspexit
674 821 988 888 lucernam,
1030 825 1088 877 et
1133 838 1406 892 mensam,
1457 828 1512 877 et
1559 822 1803 894 thymia-

229 920 355 972 mata
398 913 522 983 (20),
571 918 629 968 et
681 914 900 968 tabulas
947 915 1324 983 Testamenti,
1374 931 1660 988 superque
1711 933 1808 970 eas

224 1008 516 1074 Cherubim,
551 1009 607 1060 et
645 1007 1070 1063 multitudinem
1107 1014 1428 1064 aromatum
1467 1009 1803 1081 dispersam,

225 1107 271 1157 et
307 1117 463 1156 sacra:
508 1100 764 1170 pecuniae
808 1100 1021 1157 talenta
1065 1102 1175 1157 duo
1220 1102 1397 1157 millia
1443 1121 1455 1155 :
1502 1102 1559 1157 in
1604 1103 1808 1174 quibus

219 1212 327 1249 cum
364 1193 662 1264 plurimum
701 1194 824 1248 auri
862 1198 1027 1260 esset,
1064 1194 1286 1266 integer
1317 1199 1508 1250 tamen
1545 1195 1615 1250 ab
1649 1196 1806 1251 omni

218 1287 514 1358 cupiditate,
570 1286 656 1342 vel
708 1286 849 1357 ipsa,
901 1289 986 1342 vel
1041 1287 1087 1342 si
1140 1305 1254 1358 qua
1303 1304 1594 1344 sacrorum
1647 1305 1804 1344 vaso-

215 1397 324 1435 rum
373 1380 596 1434 inventa
651 1386 814 1450 sunt,
869 1380 1081 1436 intacta
1137 1381 1343 1436 servari
1397 1382 1694 1454 praecepit;
1753 1388 1810 1438 et

215 1472 447 1544 sequenti
491 1479 616 1543 post
662 1473 953 1528 excidium
998 1474 1087 1530 die
1131 1475 1452 1530 Theocorus
1491 1474 1599 1544 (2t)
1640 1475 1810 1545 jussit

212 1565 446 1620 mundari
509 1566 706 1637 templi
773 1567 1076 1635 interiora,
1133 1584 1197 1622 ac
1258 1567 1531 1623 celebrari
1587 1572 1810 1623 assueta

212 1659 474 1714 sacriﬁcia.
518 1661 773 1731 Hyrcano
813 1677 1046 1732 quoque
1090 1661 1473 1732 principatum
1513 1661 1809 1716 sacerdotii

208 1752 346 1808 dedit
391 1757 656 1824 prompta
697 1754 818 1823 ejus
854 1770 1031 1824 opera
1077 1771 1209 1808 usus
1255 1754 1313 1808 in
1354 1754 1664 1810 obsidionis
1709 1773 1804 1811 ne-

1908 745 2032 782 rum
2076 726 2400 798 impeditus,
2441 727 2760 797 irrumpere
2810 726 3096 796 nequivit;
3130 727 3294 797 plura
3334 732 3522 781 tamen

1909 823 1991 875 vel
2020 821 2343 893 prepinqua
2375 821 2502 875 urbi
2524 819 2611 875 vel
2642 820 2812 892 longe
2844 821 3028 890 posita
3055 819 3384 885 devastavit,
3407 819 3526 890 qui-

1906 914 2010 970 bus
2038 914 2095 968 in
2125 914 2263 968 locis
2289 914 2602 969 exercitum
2635 914 2757 984 ejus
2779 916 3106 994 morantem
3131 912 3312 968 fames
3341 913 3522 967 inces-

1907 1015 2076 1074 serat,
2121 1024 2185 1062 ac
2231 1024 2377 1079 pene
2422 1007 2711 1062 incidisset
2753 1007 2975 1062 facinus
3025 1005 3376 1072 miserabile,
3418 1005 3525 1059 nisi

1908 1118 2009 1172 per
2060 1102 2414 1173 Antipatrum
2465 1101 2853 1155 laborantibus
2918 1098 3184 1154 Romanis
3239 1100 3527 1170 Hyrcanus

1907 1194 2236 1249 alimoniam
2265 1193 2658 1261 ministrasset,
2683 1193 2953 1264 idemque
2978 1193 3046 1247 de
3072 1191 3306 1246 consilio
3332 1191 3526 1247 Scauri

1909 1291 2138 1342 Aretam
2169 1287 2483 1343 monuisset
2504 1287 2718 1341 solvere
2745 1286 2954 1340 bellum
2981 1285 3238 1355 pecunia.
3270 1284 3527 1355 Denique

1908 1380 2176 1435 trecentis
2219 1379 2446 1435 talentis
2494 1380 2670 1434 Arabs
2712 1380 2871 1433 hoste
2926 1393 2984 1432 se
3034 1378 3208 1446 exuit,
3252 1377 3526 1432 Scaurum

1909 1473 2170 1542 redemit,
2213 1473 2317 1527 hoc
2365 1473 2729 1544 regressionis
2770 1473 2891 1543 ejus
2941 1470 3185 1542 pretium
3233 1471 3358 1537 fuit,
3399 1485 3526 1540 qua:

1909 1583 1998 1623 res
2041 1568 2292 1638 Hyrcano
2334 1566 2506 1621 fidem
2552 1583 2680 1621 cum
2728 1565 2998 1621 Romanis
3040 1563 3308 1631 ﬁrmavit,
3348 1563 3524 1618 socie-

1911 1664 2084 1714 tatem
2116 1665 2171 1714 et
2210 1659 2487 1729 profunda
2526 1677 2660 1730 pace
2697 1659 3061 1714 securitatem
3098 1656 3348 1722 fovebat,
3375 1657 3524 1728 quod

1910 1752 1968 1807 in
1995 1752 2132 1807 locis
2170 1753 2465 1807 hostilibus
2494 1752 2767 1807 exercitui
2794 1753 3072 1817 Romano,
3105 1767 3277 1822 Opera
3305 1749 3428 1821 ejus
3456 1764 3525 1803 ex

209 1845 442 1901 cessitate
480 1863 496 1901 :
539 1863 676 1901 nam
722 1847 826 1902 etsi
872 1846 1082 1902 inﬁdus
1123 1848 1258 1916 suis,
1302 1846 1570 1903 Romanis
1615 1854 1805 1902 tamen
1831 1820 1884 1891 Β
1911 1845 2227 1916 indigentia
2253 1846 2432 1918 gravi,
2460 1845 2733 1900 frumenti
2776 1844 2996 1899 satietas
3026 1845 3191 1909 facta,
3227 1843 3524 1897 auxilium-

206 1939 382 2005 ﬁdelis,
413 1945 473 1994 ut
500 1956 606 1994 sua
635 1939 816 2010 patria
848 1944 1294 2012 expugnarctur.
1324 1941 1434 1996 Sed
1461 1944 1602 2012 puto
1633 1941 1810 1996 nemi-

205 2048 320 2086 nem
367 2032 473 2086 dici
523 2032 754 2087 ﬁdelem
807 2049 988 2105 posse,
1039 2033 1135 2104 qui
1182 2033 1297 2088 suis
1342 2034 1516 2088 fuerit
1565 2034 1804 2089 invidus.

203 2125 306 2179 Non
333 2125 720 2196 perfunctorie
748 2127 944 2198 itaque
981 2127 1040 2181 in
1074 2125 1196 2198 ipso
1233 2127 1428 2198 praelia
1449 2127 1598 2198 juvit
1621 2128 1811 2183 hostes

202 2233 434 2287 suorum,
479 2220 566 2274 vel
613 2220 768 2291 quod
813 2219 1204 2275 extramurani
1250 2221 1444 2292 populi
1488 2221 1808 2276 multitudi-

199 2327 315 2366 nem
356 2311 717 2368 annitentem
747 2312 1068 2368 Aristobulo
1106 2313 1341 2368 retraxit
1371 2313 1442 2367 ab
1473 2315 1596 2384 ejus
1631 2314 1807 2368 socie-

200 2407 298 2458 tate
343 2421 355 2458 :
405 2404 479 2459 ad
534 2405 733 2460 omnia
789 2409 984 2461 tamen
1040 2405 1241 2478 quibus
1291 2406 1379 2461 vel
1432 2407 1809 2478 praeveniendi

197 2496 501 2565 .tristobuli,
540 2499 903 2570 ducendique
948 2499 1070 2568 ejus
1109 2498 1464 2566 auctoritate,
1504 2501 1591 2553 vel
1633 2500 1808 2554 confi-

196 2589 378 2644 ciendo
419 2590 689 2646 celeriter
732 2591 882 2647 bello
923 2592 1221 2663 Pompeius
1262 2591 1529 2664 egregius
1573 2593 1811 2664 impera-

198 2685 273 2737 tor
320 2683 445 2738 fuit.
500 2685 848 2740 Praeclarum
901 2685 1005 2739 hoc
1055 2684 1301 2749 addidit,
1350 2689 1413 2738 ut
1465 2685 1524 2740 in
1581 2685 1812 2741 victoria

192 2775 408 2831 modum
463 2782 725 2844 teneret;
774 2778 1023 2849 denique
1068 2776 1420 2848 benignitate
1471 2777 1574 2832 sibi
1628 2778 1813 2848 magis

190 2884 345 2939 quam
399 2876 662 2936 terrore,
713 2887 853 2942 quos
914 2871 1126 2926 vicerat
1186 2870 1504 2937 associavit,
1555 2877 1814 2926 auctores

188 2964 590 3019 tantummodo
623 2964 756 3019 belli
791 2964 974 3019 securi
1015 2964 1307 3036 percussit.
1342 2963 1639 3019 Tributum
1680 2981 1814 3036 quo-

186 3071 286 3126 que
337 3056 499 3111 victis
551 3057 854 3128 imposuit,
895 3056 1091 3112 statuit
1139 3057 1363 3124 ducem,
1414 3057 1621 3112 Judasa:
1673 3058 1815 3112 fines

1911 1955 2022 2009 que
2056 1944 2262 2010 praesto
2289 1939 2417 1994 fuit.

2502 2033 2722 2088 CAPUT
2773 2032 2945 2086 XVIII.

1982 2126 2085 2181 Sed
2115 2126 2211 2180 ubi
2237 2125 2558 2180 Alexander
2584 2141 2614 2179 e
2653 2125 2890 2180 vinculis
2918 2124 3107 2194 Magni
3138 2125 3380 2194 elapsus,
3411 2122 3527 2193 pri-

1917 2235 2075 2273 mum
2115 2220 2350 2288 occulte,
2388 2223 2444 2272 et
2487 2235 2590 2289 per
2629 2218 2987 2290 aliquantum
3028 2222 3256 2288 tempus
3299 2229 3533 2271 manum

1913 2312 2016 2366 sibi
2064 2311 2329 2366 idoneam
2376 2327 2760 2382 congregans,
2807 2310 3010 2365 deinde
3063 2311 3250 2380 palam
3307 2325 3534 2380 percur-

1912 2422 2034 2460 sare
2079 2405 2246 2476 coepit
2285 2405 2559 2472 Iudaeam,
2611 2404 2882 2476 exagitari
2925 2406 3208 2474 Hyrcanus
3259 2409 3318 2456 et
3369 2401 3533 2455 rebus

1914 2498 2027 2552 suis
2075 2497 2358 2566 difﬁdere,
2409 2499 2699 2553 Romanos
2747 2513 2880 2552 cura
2926 2512 3149 2568 urgere,
3197 2511 3269 2550 ne
3322 2493 3531 2549 bellum

1912 2591 2173 2662 glisceret
2218 2608 2231 2645 :
2282 2591 2421 2663 quin
2470 2592 2640 2646 etiam
2685 2607 2914 2645 murum
2971 2604 3290 2661 prmparare
3336 2587 3530 2643 Hiero-

1912 2685 2141 2756 solymis
2180 2685 2548 2740 constituerat
2577 2702 2750 2756 quem
2780 2685 3017 2755 Magnus
3057 2682 3433 2750 destruxerat,
3467 2698 3532 2736 ac

1912 2795 2090 2850 prope
2136 2795 2440 2850 aggressus
2493 2779 2680 2833 fuerat
2731 2795 2892 2850 opus,
2944 2776 3053 2831 nisi
3102 2774 3392 2842 Gabinius,
3435 2775 3532 2846 qui

1914 2871 2123 2927 Scauro
2176 2871 2464 2937 successit,
2517 2871 2725 2926 curatis
2776 2874 3003 2924 strenue
3055 2869 3276 2924 caeteris
3329 2867 3534 2939 quibus

1914 2971 2190 3018 terrorem
2263 2964 2350 3018 sui
2423 2963 2669 3018 nominis
2743 2967 3057 3034 sparserat,
3123 2960 3537 3016 occurrendum

1916 3057 2215 3113 Alexandri
2245 3056 2618 3112 tentanientis
2648 3055 3052 3110 aestimavisset.
3083 3055 3193 3110 Nec
3220 3053 3534 3109 Alexander

185 3147 614 3205 determinavit.
662 3151 784 3206 Suis
827 3166 966 3222 ergo
1011 3149 1219 3205 finibus
1262 3150 1686 3223 circumscripta
1727 3152 1814 3205 Ju-
1836 3179 1890 3248 Ο
1917 3149 2321 3221 refugiendum
2346 3150 2673 3217 arbitratus,
2697 3149 2791 3204 sed
2816 3149 3121 3204 decernere
3149 3147 3345 3219 praelia
3369 3162 3534 3200 ausus

185 3240 296 3294 dea
333 3247 420 3297 est
461 3259 474 3297 :
511 3243 859 3298 reformavit
898 3244 1070 3298 etiam
1106 3243 1386 3298 Gadaram
1425 3260 1599 3316 quam
1637 3243 1812 3298 Judaei

181 3340 529 3404 everterant,
599 3342 828 3407 rogatus
877 3352 911 3389 a
961 3336 1248 3392 Demetrio
1301 3337 1398 3407 qui
1450 3336 1646 3407 patria:
1698 3353 1815 3392 suae

183 3427 506 3497 hujusmodi
559 3429 814 3500 gratiam
867 3446 900 3483 a
950 3433 1192 3500 patrono
1245 3435 1610 3501 poposcerat;
1656 3433 1714 3483 et
1756 3429 1815 3483 in

180 3519 271 3574 hac
323 3538 502 3576 causa
566 3527 629 3576 et
680 3521 739 3576 in
797 3521 1059 3592 plurimis
1112 3522 1262 3592 apud
1317 3522 1585 3592 Magnum
1648 3538 1816 3594 supra

180 3612 487 3669 liberorum
546 3613 787 3669 modum
835 3631 1012 3685 usque
1061 3615 1133 3669 ad
1184 3614 1456 3669 invidiam
1511 3615 1812 3680 excellens;

177 3706 575 3763 Aristobulum
613 3711 805 3762 autem
846 3723 975 3762 cum
1008 3707 1137 3761 filiis
1167 3712 1226 3761 et
1253 3724 1442 3762 socero
1479 3708 1601 3777 ejus
1635 3708 1814 3778 capti-

180 3815 264 3853 vos
301 3801 507 3856 statuit
551 3817 752 3856 secum
796 3802 1036 3856 Romam
1075 3800 1387 3866 deducere;
1425 3802 1522 3855 sed
1558 3817 1707 3855 unus
1748 3816 1814 3856 ex

172 3892 359 3949 sobole
396 3894 577 3966 regia
619 3893 674 3948 in
712 3893 920 3948 itinere
956 3894 1177 3964 elapsus
1207 3893 1549 3960 custodibus,
1581 3894 1817 3949 domum

176 3987 516 4056 revertitur;
569 3986 624 4040 ei
669 4002 880 4041 nomen
918 3985 1262 4052 Alexander,
1302 3989 1434 4040 astas
1474 3987 1647 4041 fratre
1685 4003 1812 4057 pro-

169 4078 378 4134 vectior
406 4085 468 4135 et
494 4095 734 4135 sorores
754 4078 904 4134 duae.
927 4079 1240 4150 Antigonus
1265 4081 1458 4134 autem
1485 4095 1604 4134 sevo
1625 4079 1819 4149 junior

169 4187 294 4225 cum
340 4172 599 4227 feminei
645 4188 812 4226 sexus
857 4171 1238 4242 germanitate
1278 4171 1346 4226 ad
1388 4172 1588 4234 urbem
1632 4171 1815 4226 dedu-

167 4263 326 4331 citur,
359 4265 800 4337 Pompeiusque
830 4263 1104 4334 Ciliciam,
1134 4263 1339 4319 deinde
1366 4265 1601 4320 Romam
1633 4264 1815 4334 petiit.

797 4409 1014 4465 CAPUT
1052 4409 1207 4463 XVII.

1917 3260 2047 3298 cum
2087 3243 2284 3299 decem
2330 3243 2582 3297 millibus
2622 3243 2900 3314 peditum,
2934 3242 3086 3298 mille
3120 3245 3176 3294 et
3208 3239 3536 3312 quingentis

1918 3337 2199 3408 equitibus
2252 3337 2425 3391 etiam
2477 3335 2706 3391 castella
2757 3334 3059 3406 reparavit.
3108 3333 3534 3397 Alexandrium,

1919 3431 2283 3501 Hyrcanium,
2331 3430 2752 3484 Macheruntam
2801 3427 3155 3497 receptaculo
3191 3425 3300 3481 sibi
3343 3426 3406 3495 (si
3449 3442 3537 3479 res

1917 3522 2284 3593 peposcisset)
2342 3522 2563 3588 futura,
2617 3523 2702 3575 vel
2767 3520 3020 3575 hostibus
3085 3519 3535 3590 impedimento,

1919 3616 2189 3688 quoniam
2217 3618 2272 3669 et
2298 3614 2507 3669 Arabia
2536 3631 2648 3668 non
2675 3614 2806 3668 satis
2838 3613 2951 3669 tida
2982 3613 3250 3668 Romanis
3276 3612 3537 3683 proxima

1918 3714 2058 3764 erat.
2094 3708 2382 3775 Gabinius,
2413 3724 2525 3779 quo
2563 3706 2726 3762 citius
2755 3708 3099 3773 occurreret,
3127 3706 3194 3760 M.
3229 3704 3534 3759 Antonium

1919 3820 2048 3857 cum
2079 3807 2240 3873 parte
2276 3801 2554 3856 exercitus
2599 3799 2890 3871 praemisit,
2930 3802 2993 3853 ut
3025 3798 3132 3853 iter
3162 3797 3407 3852 hostium
3437 3799 3537 3852 im-

1917 3894 2232 3968 pediretur,
2260 3893 2441 3949 donec
2468 3893 2588 3964 ipse
2613 3909 2744 3948 cum
2771 3895 2886 3947 toto
2912 3891 3147 3963 agmine
3182 3891 3534 3945 adventaret.

1917 3988 2213 4060 Antipater
2266 4003 2397 4040 cum
2450 3986 2647 4040 electis
2691 3985 3016 4052 adveniens,
3069 3991 3126 4040 et
3171 3983 3441 4040 Malichus
3484 3990 3538 4039 et

1919 4081 2207 4136 Pitholaus
2231 4079 2462 4136 diversis
2489 4080 2815 4136 Iudaeorum
2843 4078 3074 4134 subnixi
3117 4077 3372 4143 catervis,
3403 4094 3536 4132 cum

1917 4175 2160 4230 Antonio
2187 4174 2332 4230 vires
2361 4174 2623 4245 junxere,
2655 4189 2798 4245 quos
2841 4172 2933 4227 ubi
2971 4171 3260 4227 confertos
3298 4173 3535 4228 Alexan-

1921 4267 2024 4322 der
2064 4267 2205 4322 vidit
2242 4268 2397 4337 (nam
2423 4267 2548 4337 jam
2590 4270 2649 4321 et
2676 4266 2952 4322 Gabinius
2986 4266 3199 4336 aderat)
3225 4264 3382 4320 ﬂexit
3405 4281 3537 4320 con-

1921 4361 2132 4428 silium,
2179 4363 2239 4414 ut
2285 4364 2601 4414 retrorsum
2645 4359 2888 4415 cederet.
2938 4358 3047 4414 Sed
3092 4374 3219 4412 cum
3256 4358 3377 4428 jam
3423 4373 3539 4412 non

1923 4455 2090 4525 longe
2157 4457 2348 4508 essent
2397 4453 2469 4507 ab
2531 4451 2963 4523 Hierosolymis,
3019 4456 3242 4506 coactus
3307 4466 3537 4504 manum

235 4548 304 4598 At
346 4546 405 4600 in
454 4542 631 4614 Syria
666 4542 928 4609 Scaurus,
970 4540 1070 4614 qui
1112 4540 1271 4595 ducis
1317 4541 1506 4596 officio
1555 4549 1812 4612 praeerat,
1840 4537 2241 4614 Dconserere,
2300 4545 2476 4599 victus
2543 4545 2782 4616 aufugit,
2840 4542 3053 4599 necatis
3116 4543 3295 4598 ferme
3361 4541 3541 4597 tribus

167 4637 417 4710 receptis
471 4635 720 4692 urbibus
760 4649 900 4706 quas
937 4632 1119 4689 Judaei
1166 4634 1489 4688 invaserant
1534 4635 1590 4690 in
1638 4635 1817 4690 medi-
1922 4640 2171 4696 millibus
2210 4654 2464 4704 suorum,
2509 4637 2729 4692 caeteris
2771 4637 2950 4709 captis
2989 4643 3088 4691 aut
3139 4635 3402 4707 dilapsis;
3455 4635 3540 4689 vix

167 4731 481 4797 terraneis,
515 4727 870 4801 Scythopoli,
899 4728 1132 4798 Ippone,
1165 4726 1337 4793 Pella,
1367 4727 1639 4795 Samaria,
1667 4730 1820 4783 Jam-
1923 4733 2238 4790 Alexandro
2276 4731 2438 4803 pauci
2479 4730 2831 4802 superfuere,
2859 4730 3048 4802 potius
3078 4730 3150 4786 ad
3187 4730 3338 4799 fugas
3375 4728 3543 4784 socie-

163 4823 273 4892 nia,
331 4823 574 4890 Mirisa,
621 4823 815 4888 Azoto,
865 4819 1166 4888 Arethusa,
1224 4818 1526 4874 maritimis
1575 4837 1820 4893 quoque,
1925 4829 2102 4881 tatem
2147 4842 2318 4897 quam
2353 4824 2422 4880 ad
2466 4823 2778 4879 rebellandi
2816 4824 3128 4878 audaciam.
3159 4823 3411 4894 Denique
3442 4840 3539 4893 pa-

161 4919 326 4983 Gaza,
359 4919 589 4988 JOppe,
621 4915 769 4969 Dora
801 4918 859 4968 et
893 4929 961 4968 ea
992 4929 1121 4984 qua:
1153 4912 1433 4968 Stratonis
1473 4913 1646 4968 turris
1685 4915 1822 4970 olim
1923 4936 2045 4974 cem
2095 4936 2127 4972 a
2182 4918 2417 4973 Gabinio
2471 4923 2690 4988 petens,
2749 4917 2921 4971 etiam
2973 4915 3219 4981 castella,
3274 4932 3346 4970 ne
3400 4915 3539 4986 quid

162 5011 509 5076 vocabatur,
561 5012 754 5080 postea
800 5009 995 5060 autem
1043 5006 1304 5060 Gmrarea
1347 5010 1675 5078 nuncupata
1717 5007 1822 5061 sub
1921 5016 2245 5083 suspectum
2296 5011 2594 5077 haberent,
2642 5010 2907 5065 Romanis
2958 5008 3211 5064 tradidit.
3257 5009 3337 5063 Eo
3388 5008 3540 5063 bello

1925 5104 2155 5176 egregie
2179 5104 2412 5158 Antonii
2443 5105 2620 5159 virtus
2646 5102 2896 5171 emicuit,
2919 5101 3178 5174 quamvis
3205 5101 3540 5172 praclarum

1925 5199 2130 5269 ubique
2171 5197 2581 5252 documentum
2622 5212 2738 5250 sua;
2774 5195 2997 5250 dederit
3042 5193 3402 5248 fortitudinis.
3434 5195 3536 5248 Ga-

1921 5290 2110 5345 binius
2158 5289 2217 5344 in
2268 5289 2521 5361 quinque
2573 5290 2883 5344 conventus
2926 5286 3180 5343 Judaaam
3227 5286 3433 5356 divisit,
3484 5293 3543 5341 ut

1923 5386 2260 5456 potestatem
2300 5382 2606 5447 minueret,
2646 5397 2712 5435 ex
2755 5397 2869 5451 qua
2913 5378 3202 5434 oriebatur
3243 5382 3432 5451 potior
3460 5397 3542 5434 re-

158 5103 412 5176 imperio
447 5101 721 5168 Herodis,
752 5099 850 5172 qui
881 5105 937 5153 et
973 5103 1238 5154 ornatum
1267 5097 1488 5152 addidit
1525 5103 1582 5154 et
1609 5115 1820 5155 nomen

154 5198 426 5265 mutavit,
467 5194 785 5250 adversum
825 5191 1036 5248 Arabas
1073 5191 1291 5247 bellum
1330 5190 1686 5261 moliebatur,
1725 5195 1818 5248 Ju-

156 5289 345 5346 ἀείδω
380 5291 564 5344 inter
595 5287 941 5359 Euphratem
975 5287 1033 5340 et
1060 5286 1388 5357 Egyptum,
1419 5284 1641 5356 Syriam
1678 5303 1818 5358 quo-

155 5398 268 5453 que
292 5384 425 5438 suis
461 5381 842 5438 reformatam
872 5377 1100 5444 finibus,
1125 5377 1345 5448 judicio
1383 5394 1648 5434 coercens
1673 5396 1817 5450 pra:-

1926 5561 2126 5619 torum,
2163 5557 2374 5608 scilicet
2419 5556 2740 5619 θνμιατήριον,
2779 5554 3199 5606 memorandum
3239 5559 3545 5622 supererat.

1924 5627 2198 5679 Caeterum
2230 5627 2618 5690 thymiaterium
2644 5626 2827 5690 potius
2861 5639 3028 5691 quam
3060 5621 3550 5689 thymiamateriun‘o

1923 5699 2088 5749 scribi
2130 5698 2429 5750 debuisset.
2462 5698 2587 5748 th.
2617 5697 2863 5748 Mazoch.
2911 5698 2944 5747 l.
2989 5709 3035 5746 c.
3080 5709 3202 5759 pag.
3237 5696 3348 5746 794.
3385 5696 3548 5746 GAL-

1922 5781 2093 5820 LAND.

1986 5841 2078 5900 {2i}
2114 5840 2273 5890 Forte
2304 5842 2582 5892 Neocorus.
2616 5841 2697 5892 In.

219 5560 320 5624 me)
345 5560 448 5611 ΑΙ.
487 5559 950 5623 thymiamuteria.
982 5559 1192 5609 Auctor
1217 5558 1357 5608 infra
1390 5557 1482 5608 lib.
1514 5571 1570 5621 v,
1594 5570 1714 5622 cap.
1745 5558 1777 5607 9
1809 5573 1819 5605 :

151 5623 306 5680 Intus
351 5623 890 5695 thymiamatefium,
939 5631 1080 5680 intus
1131 5639 1345 5687 mensa,
1392 5629 1535 5678 intus
1585 5627 1818 5678 lucerna.

152 5701 301 5762 Quae
329 5701 597 5766 quidem
623 5703 787 5754 lectio
820 5702 932 5752 huc
973 5713 1199 5765 quoque
1237 5697 1545 5750 revocanda
1584 5698 1817 5748 videtur.

155 5771 306 5822 Nihil
339 5773 516 5824 enim
551 5771 640 5823 hic
669 5773 806 5824 facit
837 5771 1142 5836 thymiama,
1179 5771 1286 5820 hoc
1326 5773 1428 5830 est,
1459 5769 1699 5830 sumtus,
1725 5769 1820 5820 ubi

153 5849 277 5901 post
313 5843 633 5894 lucernam
663 5847 710 5892 et
749 5855 1017 5900 mensam,
1058 5842 1227 5891 altare
1262 5853 1489 5892 aureum
1531 5837 1819 5889 suffimen-
