4072 6192
497 274 639 350 2079

1981 276 2030 326 S.
2077 271 2389 329 AMBROSII

3686 280 3800 332 2080

494 412 624 449 rum
655 395 974 450 insolentia.
1014 398 1266 466 Hyrcano
1296 414 1396 468 pro
1428 398 1871 452 mansuetudine
1903 397 2120 467 ingenii
2145 409 2202 480 Α
2226 401 2420 468 trum),
2450 400 2546 470 qui
2576 399 2838 470 pecunia,
2873 399 3179 464 frumento,
3225 398 3418 464 armis,
3451 399 3656 453 auxiliis
3681 416 3799 470 quo-

499 489 621 556 ejus
665 489 968 543 sacerdotii
1008 490 1192 544 honor
1237 489 1466 556 mansit,
1498 490 1668 544 totius
1707 497 1897 544 autem
1947 489 2124 560 regio-

494 581 581 636 nis
612 582 736 652 ejus
763 587 1077 637 conventus
1121 599 1233 637 non
1267 584 1386 651 nni,
1419 583 1519 636 sed
1560 583 1619 636 in
1661 599 1963 637 commune
2006 583 2127 637 Hie-

495 675 922 746 rosolymitanis
967 692 1000 729 a
1047 676 1282 731 Gabinio
1333 693 1465 730 cura
1515 677 1826 747 impertita,
1876 675 2125 747 itemque

498 769 687 823 caeteri
725 773 1037 823 conventus
1078 769 1245 824 simili
1292 770 1462 825 modo
1501 769 1778 836 attributi,
1810 786 1910 840 per
1951 769 2126 824 Gada-

499 872 622 915 ram
668 865 724 916 ct
767 863 1178 917 Amathuntem
1224 868 1277 917 et
1331 863 1573 931 Hierico,
1621 862 2125 933 Seﬁoritanosque,

502 954 666 1017 urbes
709 955 917 1010 scilicet
973 956 1220 1026 potiores
1265 955 1448 1023 divisi,
1498 973 1612 1027 quo
1663 959 1720 1009 et
1769 956 2125 1027 singulorum

497 1047 773 1118 potentiae
816 1047 953 1102 nihil
987 1049 1432 1120 relinqueretur,
1475 1053 1533 1102 et
1567 1049 1782 1102 functio
1820 1048 2127 1117 regionum

497 1155 608 1195 non
640 1141 950 1206 vacillaret,
985 1159 1112 1212 quae
1151 1142 1438 1212 publicam
1473 1145 1828 1213 exspectaret
1859 1142 2123 1196 sollicitu-

499 1231 714 1287 dinem.
757 1235 912 1298 Quod
948 1239 1005 1288 et
1041 1252 1073 1289 a
1119 1235 1390 1290 Romanis
1433 1237 1504 1289 ad
1541 1235 1910 1290 revelandum
1952 1235 2130 1290 rebel-

499 1326 662 1382 lionis
704 1333 942 1392 metum,
975 1332 1032 1381 et
1067 1329 1273 1382 Judaais
1312 1329 1380 1383 ad
1414 1329 1814 1400 deponendam
1857 1328 2127 1383 invidiam

498 1436 627 1474 cum
683 1421 864 1491 gratia
909 1425 1266 1492 susceptum;
1319 1423 1589 1494 quoniam
1649 1439 1761 1476 non
1815 1423 1918 1476 sub
1969 1438 2126 1494 rege,

498 1514 593 1568 sed
638 1513 740 1567 sub
792 1515 1159 1585 optimatibus
1206 1515 1445 1586 degeret
1501 1515 1872 1570 Hebraeorum
1925 1530 2126 1586 genus,

495 1605 567 1658 ad
607 1606 934 1676 reipublicae
974 1609 1244 1662 Romanae
1281 1608 1749 1675 similitudinem;
1784 1609 1840 1663 in
1873 1625 1984 1679 qua
2012 1624 2130 1664 non

499 1715 645 1753 unus
671 1698 1047 1770 imperitaret,
1078 1701 1176 1755 sed
1216 1718 1320 1772 per
1355 1702 1500 1755 vices
1533 1702 1731 1772 optimi
1759 1702 1974 1773 quique
1999 1702 2122 1773 qui-

498 1791 601 1845 bus
645 1769 840 1846 sortito
885 1769 1253 1864 magistratus
1288 1769 2077 1862 cesseratpadministrabant
2111 1769 2203 1849 :B

501 1885 661 1955 regni
708 1886 942 1956 quidem
997 1893 1270 1950 exsortes,
1321 1889 1412 1940 sed
1469 1905 1666 1958 regum
1723 1887 1940 1954 arbitri,
1991 1905 2121 1942 con-

499 1978 712 2032 sultum
768 1979 1000 2049 provide
1056 1981 1354 2035 adversum
1419 1981 1874 2050 inquietudinem
1943 1981 2127 2052 gentis

503 2070 620 2124 esti
631 2072 907 2126 mabatur.

1119 2144 1339 2198 CAPUT
1379 2145 1504 2198 XIX.

572 2258 680 2312 Sed
719 2259 1021 2313 Aristobuli
1067 2261 1205 2330 fuga
1246 2259 1577 2330 reditusque
1617 2259 1676 2313 in
1711 2259 1968 2315 Judzeam
2010 2262 2126 2331 ple-

500 2351 690 2421 risque
719 2351 1030 2421 plurimum
1050 2353 1350 2406 turbarum
1372 2353 1731 2420 excitaverat,
1757 2353 2125 2408 reﬂuentibus

501 2442 574 2498 ad
616 2459 748 2498 eum
790 2461 928 2516 quos
967 2445 1171 2500 veteris
1211 2445 1476 2500 amicitiae
1521 2446 1699 2516 gratia
1735 2447 2126 2501 sollicitaverat

499 2540 597 2591 aut
647 2553 734 2592 res
789 2538 1022 2606 ultimae,
1073 2539 1278 2609 quibus
1334 2538 1652 2593 remedium
1718 2556 1782 2593 ex
1841 2539 2124 2594 discordia

497 2629 723 2699 publica
758 2631 1121 2701 quaerebatur
1149 2651 1160 2686 :
1203 2631 1317 2685 ima
1350 2631 1591 2686 summis
1632 2631 1869 2686 miscere
1897 2633 2123 2702 cupien—

497 2721 666 2789 tibus,
693 2727 866 2794 atqne
899 2723 1025 2778 alia).
1051 2740 1179 2794 spes
1223 2725 1392 2794 lapsa:
1431 2725 1637 2779 forent.
1679 2725 1986 2794 Regressus
2016 2724 2119 2794 igi-

492 2822 586 2870 tur
610 2817 960 2873 Aristobulus
1000 2819 1348 2874 munitiones
1387 2819 1689 2885 aedificare,
1719 2819 2121 2873 Alexandriam

495 2925 758 2979 reparare
799 2916 1046 2982 cmperat
1081 2928 1094 2966 :
1141 2929 1254 2982 quo
1288 2917 1600 2982 comperto,
1641 2912 1906 2965 Gabinius
1955 2913 2122 2966 Sisin-

496 3003 614 3069 nio,
661 3009 714 3058 et
757 3004 1026 3072 Antonio,
1071 3004 1422 3075 Servilioque
1467 3021 1594 3057 cum
1648 3007 1807 3074 parte
1848 3004 2123 3058 exercitus

495 3095 744 3163 directis,
793 3102 1038 3166 coeptum
1083 3113 1224 3167 opus
1275 3097 1574 3166 impedivit
1618 3113 1630 3150 :
1682 3096 1921 3151 desertis
1965 3098 2197 3199 enimC

494 3189 928 3257 munitionibus,
955 3188 1310 3244 Aristobulus
1344 3207 1404 3243 se
1440 3190 1588 3244 bello
1624 3190 1861 3260 paravit,
1894 3195 1951 3244 et
1989 3191 2122 3262 quia

495 3283 710 3352 majore
763 3298 1001 3336 numero
1050 3298 1224 3352 quam
1269 3299 1371 3335 nsu
1419 3299 1627 3353 agmen
1675 3283 1955 3352 trahebat,
1994 3285 2120 3340 deo-

494 3374 718 3428 neravit
764 3375 936 3428 armis
981 3375 1178 3446 populi
1229 3375 1678 3444 multitudinem,
1731 3383 1788 3430 et
1837 3377 1952 3431 sola
1992 3382 2118 3432 octo

494 3466 677 3521 millia
720 3471 1074 3522 armatorum
1119 3468 1322 3538 coegit,
1350 3467 1618 3538 adjuncto
1666 3485 1891 3540 quoque
1934 3469 2118 3524 Pitho-

493 3559 620 3625 lao,
673 3560 773 3631 qui
829 3561 1175 3615 voluntarius
1229 3577 1297 3615 ex
1353 3561 1754 3630 Hierosolymis
1806 3579 1934 3617 cum
1987 3563 2118 3616 viris

492 3651 650 3707 mille
689 3652 759 3707 ad
774 3658 1039 3720 venerat;
1081 3653 1291 3708 deinde
1324 3660 1449 3708 orto
1482 3654 1679 3725 praelia
1715 3655 2119 3725 (imminebant

493 3745 731 3800 Romani
776 3747 898 3818 ejus
940 3747 1290 3816 cervicibus),
1330 3747 1665 3818 aliquandiu
1709 3748 1941 3819 quidem
1983 3755 2118 3804 stre-

488 3855 600 3893 nue
643 3844 985 3910 pugnatum,
1032 3847 1221 3894 tamen
1273 3841 1566 3911 praevaluit
1611 3841 1788 3895 virtus
1837 3843 2112 3908 Romana,

487 3947 629 3986 caesa
666 3932 998 3986 Judieornm
1049 3933 1301 4003 quinque
1348 3932 1545 3987 millia.
1592 3933 1947 3988 Aristobulus
1985 3951 2114 3990 cum

488 4023 644 4078 mille
673 4025 802 4079 viris
845 4025 1046 4095 irrupit
1081 4025 1280 4090 aciem,
1316 4031 1372 4079 et
1404 4025 1460 4079 in
1494 4026 1703 4081 castelli
1737 4027 2116 4082 Maclieruntis

488 4117 851 4172 munimenta
897 4135 1019 4172 sese
1065 4119 1296 4189 recepit,
1349 4119 1462 4173 duo
1506 4119 1679 4174 millia
1717 4120 1826 4174 alio
1877 4121 2112 4192 dilapsa,

488 4209 675 4264 adorsi
701 4215 892 4265 tamen
924 4212 1212 4266 castellani
1241 4213 1504 4279 Romani,
1535 4230 1632 4283 per
1669 4213 1906 4268 biduum
1934 4215 2114 4269 ferme

487 4302 682 4368 dilati,
732 4303 1007 4374 quoniam
1063 4305 1134 4358 de
1190 4305 1385 4359 ultimo
1448 4306 1704 4376 periculo
1758 4306 2114 4362 Aristobulus

489 4395 623 4450 totis
675 4395 890 4450 viribus
937 4396 1298 4452 decernebat.
1342 4398 1448 4452 Sed
1490 4415 1848 4470 nequaquam
1901 4400 2113 4455 diutius

2228 508 2337 562 que
2387 492 2698 546 exercitum
2738 492 2987 562 juvaret,
3028 509 3092 545 ac
3138 490 3382 546 maxime
3419 492 3809 562 congressiones

2227 585 2373 640 circa
2403 585 2705 651 Pelusium,
2738 583 2846 638 nisi
2887 584 3080 655 gnaris
3121 583 3379 638 locorum
3420 589 3475 637 et
3510 585 3670 638 totius
3692 585 3802 640 belli

2229 679 2454 748 generis
2504 677 2716 732 Iudaeis
2769 677 2967 732 omnia
3020 675 3489 747 procurantibus,
3541 678 3806 734 Gabinium

2228 770 2390 825 facile
2428 769 2855 825 deterruissent.
2900 769 3009 825 Sed
3055 785 3248 824 rursus
3289 775 3538 824 morante
3573 771 3809 836 exercitu,

2227 865 2540 918 Alexander
2565 863 2870 918 Aristobuli
2902 862 3048 916 ﬁlius
3081 863 3138 917 in
3183 862 3405 934 Syriam
3444 878 3558 917 sese
3582 864 3812 930 alteram,

2229 957 2380 1010 velut
2427 956 2481 1010 in
2539 973 2768 1010 vacuam
2809 956 3158 1027 provinciam
3201 956 3542 1026 immergere
3581 956 3816 1010 molieba-

2231 1053 2341 1113 tur,
2380 1049 2484 1104 nisi
2527 1049 2854 1104 rumoribus
2892 1050 3106 1103 excitus
3150 1048 3417 1102 Gabinius
3461 1049 3691 1103 reditum
3721 1067 3818 1104 ma-

2227 1143 2544 1210 turavisset,
2586 1143 2994 1213 przeinissoque
3037 1143 3356 1212 Antipatro,
3391 1147 3688 1196 revocasset
3719 1143 3820 1212 plu-

2229 1237 2408 1290 rimos
2458 1235 2785 1290 Judaeorum
2852 1236 2920 1289 ab
2977 1235 3272 1290 Alexandri
3327 1235 3584 1288 societate
3635 1251 3646 1287 :
3699 1251 3815 1305 quo-

2228 1345 2356 1384 rum
2414 1329 2778 1384 multitudine
2824 1329 3023 1393 fretus,
3070 1327 3305 1398 parabat
3347 1344 3545 1381 omnes
3593 1344 3723 1396 quos
3766 1329 3813 1381 in

2230 1422 2466 1492 regione
2493 1421 2827 1485 offenderat,
2863 1423 3144 1476 Romanos
3173 1421 3372 1476 exsilio
3399 1421 3564 1487 dare;
3593 1419 3816 1492 denique

2229 1516 2459 1586 dilapsis
2519 1516 2647 1569 licet
2696 1516 3026 1570 Judaeorum
3084 1514 3370 1586 plerisque
3423 1530 3522 1584 per
3571 1514 3821 1584 Antipatri

2229 1609 2688 1674 conventionem,
2737 1609 3030 1662 audaciam
3085 1613 3276 1661 tamen
3331 1623 3445 1662 non
3495 1607 3820 1677 deposuerat.

2233 1702 2602 1773 prteliumqne
2644 1702 2879 1756 adorsus
2912 1701 2968 1755 in
3006 1701 3245 1770 triginta
3292 1699 3537 1754 millibus
3575 1699 3819 1764 virorum,

2228 1811 2423 1848 verum
2463 1795 2609 1849 circa
2649 1794 2940 1849 Itabirium
2981 1796 3258 1859 montem,
3285 1792 3424 1846 fusis
3461 1791 3648 1846 decem
3684 1792 3823 1846 milli-

2227 1887 2351 1955 bus,
2391 1888 2636 1958 aufugit,
2680 1887 3034 1957 reliquorum
3072 1886 3420 1956 dispersione
3465 1885 3672 1939 bellum
3714 1901 3824 1939 con-

2228 1981 2459 2035 fectum.
2491 1979 2777 2046 Gabinius,
2801 1980 3125 2052 compositis
3154 1979 3222 2033 ad
3249 1978 3548 2033 arbitrium
3573 1977 3823 2049 Antipatri

2226 2073 2553 2144 reipublicae
2617 2073 3143 2144 Hierosolymitanae
3197 2072 3479 2144 negotiis,
3537 2071 3664 2126 inde
3713 2087 3821 2141 pro-

2227 2167 2426 2232 fectus,
2469 2166 2804 2221 Nabathaeos
2832 2165 3026 2236 prielio
3067 2165 3326 2236 subegit;
3353 2163 3823 2234 Mithridatemque

2226 2267 2281 2314 et
2321 2260 2627 2330 Tigranem
2657 2260 2947 2330 fugientes
2984 2259 3054 2313 de
3082 2258 3309 2313 Perside
3335 2260 3557 2313 occulte
3589 2257 3785 2311 dimisit
3812 2275 3822 2309 :

2225 2354 2412 2424 palam
2470 2359 2660 2408 tamen
2728 2351 3002 2406 militibus
3066 2351 3379 2415 intimavit,
3436 2352 3574 2421 fuga
3635 2351 3822 2421 lapsos.

2225 2446 2504 2502 Successit
2535 2445 2772 2500 Gabinio
2810 2447 3062 2511 Crassus,
3105 2448 3160 2498 et
3199 2444 3566 2516 profecturus
3609 2443 3678 2497 ad
3716 2444 3828 2496 Par-

2224 2539 2443 2593 thicum
2479 2538 2715 2605 bellum,
2749 2554 2921 2592 omne
2959 2537 3110 2609 quod
3157 2540 3277 2592 erat
3313 2535 3711 2606 Hierosolymis
3747 2552 3826 2588 au-

2223 2648 2350 2686 rum
2405 2631 2464 2686 in
2511 2632 2744 2702 templo,
2791 2631 3046 2694 abstulit,
3101 2636 3158 2685 et
3201 2633 3478 2702 praeterea
3520 2630 3631 2685 duo
3674 2628 3828 2682 millia

2223 2725 2441 2780 talenta
2483 2724 2705 2778 detrahi
2744 2724 2932 2794 jussit,
2971 2740 3099 2794 qua:
3139 2724 3442 2795 Pompeius
3478 2723 3684 2777 intacta
3723 2722 3827 2776 reli-

2223 2823 2444 2889 querat,
2489 2833 2593 2871 nec
2637 2817 2875 2888 longum
2924 2817 3145 2870 laetatus
3189 2833 3203 2870 ε
3248 2816 3342 2871 ubi
3392 2817 3700 2871 transmisit
3742 2817 3827 2869 Eu-

2224 2910 2508 2980 phratem,
2539 2909 2846 2964 exercitum
2890 2909 3102 2976 amisit,
3143 2912 3199 2962 et
3239 2909 3359 2980 ipse
3405 2910 3706 2963 exstinctus
3739 2914 3824 2962 est.

2222 3003 2301 3056 Eo
2345 3018 2604 3056 successu
2648 3002 2836 3056 Parthi
2879 3003 3147 3069 laetiores,
3193 3002 3608 3057 transeundum
3649 3002 3703 3056 in
3742 3003 3826 3071 Sy-

2227 3094 2365 3149 riam
2429 3094 2822 3161 crediderunt,
2879 3111 3022 3166 quos
3081 3099 3313 3150 strenue
3369 3095 3586 3150 insidiis
3632 3093 3825 3165 excepit

2222 3189 2465 3255 Cassius,
2489 3192 2546 3243 et
2569 3189 2886 3243 commissa:
2911 3188 3016 3243 sibi
3047 3188 3353 3260 provincia:
3383 3189 3594 3244 ﬁnibus
3620 3187 3826 3259 repulit,

2222 3298 2339 3336 non
2382 3282 2504 3336 sine
2559 3282 2716 3352 gravi
2769 3281 3113 3336 detrimento
3169 3281 3444 3349 hostium,
3500 3298 3626 3336 cum
3674 3280 3826 3335 effuse

2221 3374 2532 3441 venientes,
2579 3374 2732 3445 quod
2780 3375 3065 3429 neminem
3110 3374 3214 3428 sibi
3260 3374 3534 3430 obsistere
3578 3389 3825 3428 ausurum

2220 3467 2651 3534 arbitrarentur,
2687 3467 2821 3523 locis
2860 3472 3174 3537 praeventas
3213 3468 3644 3538 angustioribus
3688 3481 3827 3519 occu-

2220 3559 2486 3632 pavisset.
2529 3561 2811 3632 Denique,
2854 3561 2986 3614 fusis
3035 3577 3268 3615 suorum
3315 3561 3596 3632 pluribus,
3636 3560 3823 3614 bellum

2220 3653 2543 3708 deseruere.
2572 3654 2794 3710 Cassius
2830 3655 3054 3724 repulso
3099 3654 3258 3708 hoste
3286 3669 3521 3709 securus
3547 3651 3824 3724 provincia

2221 3746 2276 3799 in
2325 3747 2583 3801 Iudaeam
2635 3747 2816 3816 irruit,
2867 3753 2942 3813 et,
2987 3746 3288 3802 Tarichaeis
3344 3748 3570 3809 deletis,
3619 3745 3826 3816 triginta

2219 3839 2395 3895 millia
2418 3841 2745 3896 Iudaeorum
2772 3841 2829 3895 in
2855 3841 3185 3896 servitutem
3215 3841 3495 3896 vendidit.
3527 3841 3824 3894 Pitholaum

2219 3950 2446 4004 quoque
2485 3939 2808 4004 suspectum
2853 3933 2986 4001 doli,
3018 3951 3133 4005 quo
3177 3940 3364 4005 partes
3401 3933 3700 3990 Aristobuli
3738 3932 3824 3986 ful-

2217 4027 2376 4093 ciret,
2427 4026 2686 4097 jugulari
2725 4027 2910 4096 jussit.
2966 4027 3155 4098 Neque
3201 4043 3403 4098 expers
3457 4025 3670 4082 consilii
3721 4025 3824 4094 ejus

2216 4119 2514 4190 Antipater
2547 4119 2671 4184 fuit,
2704 4125 2764 4175 ut
2792 4121 3063 4175 aemulum
3099 4119 3373 4191 potentia:
3396 4136 3572 4190 quam
3604 4117 3823 4173 maxime

2217 4212 2567 4266 excluderet.

2839 4307 3060 4361 CAPUT
3100 4307 3232 4361 XXl.

2288 4402 2334 4453 Is
2360 4400 2657 4471 Antipater
2685 4399 2950 4471 cognovit
2985 4415 3221 4454 uxorem
3257 4399 3345 4453 cui
3378 4416 3590 4455 nomen
3623 4397 3818 4470 Cypris.

485 4489 762 4543 sustinere
802 4490 1006 4560 potuit,
1049 4495 1246 4561 captus
1287 4507 1414 4546 cum
1455 4492 1574 4546 tilio
1609 4492 1914 4563 Antigono,
1942 4511 2109 4564 quem
2133 4485 2191 4556 D
2215 4492 2674 4564 splendidissimo
2719 4493 2866 4548 inter
2905 4493 3128 4548 Arabia:
3175 4493 3420 4548 feminas
3466 4495 3588 4548 loco
3633 4497 3816 4553 ortam,

486 4581 701 4651 pariter
747 4582 976 4653 fugiens
1019 4583 1089 4638 de
1138 4583 1376 4638 vinculis
1421 4600 1612 4639 secum
1661 4585 1997 4653 adduxerat,
2038 4587 2111 4640 ad

485 4673 789 4728 Gabinium
825 4676 1002 4742 missi,
1037 4682 1094 4730 et
1135 4676 1206 4731 ab
1247 4693 1314 4731 eo
1345 4677 1582 4731 Romam
1611 4677 1811 4733 directi
1845 4684 1992 4732 sunt.
2024 4681 2112 4734 Se-

485 4768 673 4830 natus,
705 4766 1024 4822 Aristobulo
1063 4769 1116 4822 in
1161 4770 1481 4825 custodiam
1518 4771 1771 4838 detruso,
1808 4771 1952 4825 tilios
1991 4771 2112 4840 ejus

485 4859 557 4913 ad
598 4859 920 4930 Bithyniam
964 4861 1196 4928 dimisit,
1235 4862 1385 4933 quod
1420 4863 1720 4918 Gabinium
1757 4864 1950 4919 ferunt
1989 4864 2107 4935 epi-

483 4951 644 5006 stolis
680 4953 1009 5018 insinuasse,
1052 4953 1106 5007 id
1145 4954 1446 5010 Aristobuli
1486 4957 1717 5028 conjugi
1744 4957 2108 5028 promissum,

482 5045 923 5100 remunerandus
966 5045 1280 5102 sedulitatis
1333 5047 1455 5118 ejus
1506 5049 1707 5118 gratia,
1755 5049 1826 5102 ob
1878 5049 2112 5104 traditas

482 5135 586 5192 sibi
615 5139 982 5194 munitiones.

1108 5233 1330 5287 CAPUT
1377 5233 1483 5289 XX.

555 5325 646 5378 His
684 5325 760 5378 ita
801 5325 859 5379 iu
895 5325 1091 5379 Judaea
1120 5325 1316 5396 gestis,
1345 5325 1617 5381 Gabinius
1653 5327 1983 5382 audendum
2015 5329 2111 5382 ali-

483 5417 620 5490 quid
659 5420 834 5484 ratus,
867 5416 927 5471 in
970 5418 1204 5473 Parthos
1244 5419 1673 5490 expeditionem
1715 5421 1970 5492 paravit;
2011 5421 2112 5475 sed

484 5513 741 5579 suspecta
773 5510 1023 5580 partium
1052 5511 1346 5567 Ptolemaei
1367 5513 1518 5584 regis
1549 5519 1962 5569 revocaverunt
1984 5531 2111 5586 pro-

481 5599 716 5656 fectum.
756 5601 897 5656 Nam
936 5602 1006 5656 ab
1052 5604 1339 5675 Euphrate
1387 5606 1444 5660 in
1488 5607 1794 5678 Egyptum
1841 5606 2112 5663 Gabinius

483 5689 596 5740 iter
637 5693 932 5760 convertit,
969 5710 1100 5748 usus
1135 5699 1465 5752 necessariis
1510 5699 1584 5753 ad
1621 5699 1817 5754 omnia
1860 5700 2111 5756 ministe-

485 5776 583 5833 riis
624 5778 902 5846 Antipatri
943 5789 997 5838 et
1044 5787 1282 5855 Hyrcani
1315 5791 1430 5860 (sed
1472 5793 1706 5864 Hyrcani
1751 5809 1856 5871 per
1882 5794 2110 5874 Antipa-

2213 4591 2388 4656 atque
2422 4602 2488 4639 ex
2521 4601 2590 4639 ea
2616 4586 2866 4656 suscepit
2889 4585 3094 4641 liberos
3115 4590 3362 4657 quatuor
3391 4603 3557 4641 sexus
3588 4583 3748 4638 virilis
3769 4585 3817 4634 et

2211 4694 2388 4732 unam
2420 4678 2720 4733 feminam.
2749 4679 2893 4733 Viris
2920 4679 3248 4748 hujusmodi
3283 4679 3593 4734 vocabula:
3622 4677 3816 4749 primus

2213 4771 2504 4837 Phaselus,
2551 4788 2794 4843 sequens
2835 4773 3080 4828 Herodes
3121 4776 3375 4840 vocatus,
3419 4773 3618 4826 tertius
3655 4769 3812 4837 Josip-

2211 4881 2339 4936 pus,
2367 4868 2601 4936 quartus
2626 4865 2922 4932 Pheroras,
2952 4869 3010 4919 et
3038 4865 3263 4920 Salome
3290 4864 3424 4919 ﬁlia.
3457 4866 3645 4936 anue
3672 4876 3816 4916 causa

2214 4959 2298 5012 vir
2327 4957 2558 5029 egregie
2587 4958 2768 5012 factus
2807 4958 2874 5012 ad
2918 4959 3285 5013 emerendam
3317 4957 3646 5013 muneribus
3671 4959 3816 5024 atque

2211 5051 2459 5105 amicitia
2498 5051 2827 5105 societatem
2869 5051 3207 5122 potentium,
3241 5051 3488 5122 gratiam
3529 5066 3642 5122 pra:
3676 5051 3815 5102 caete-

2212 5143 2291 5198 ris
2335 5143 2441 5198 sibi
2485 5144 2638 5214 regis
2682 5144 2933 5198 Arabum
2977 5144 3395 5212 conciliaverat,
3430 5143 3563 5215 quia
3596 5142 3663 5196 de
3698 5137 3816 5193 locis

2212 5236 2433 5292 Arabiae
2458 5237 2646 5292 uxoris
2663 5244 2908 5308 acceptae
2931 5237 3320 5309 praetendebat
3337 5234 3812 5292 necessitudinem.

2213 5327 2464 5400 Denique
2490 5329 2756 5385 adversus
2780 5330 3166 5385 Aristobulum
3194 5330 3502 5385 decernere
3529 5325 3716 5400 praelio
3735 5339 3812 5394 pa-

2213 5438 2364 5489 rans,
2401 5422 2546 5476 filios
2583 5439 2711 5477 suos
2757 5423 3030 5495 praedicto
3070 5423 3324 5478 Arabum
3363 5423 3487 5494 regi
3529 5419 3682 5492 quasi
3713 5431 3812 5470 mu-

2213 5519 2325 5570 tuae
2353 5515 2652 5570 charitatis
2690 5517 2930 5587 pignora
2959 5516 3188 5571 direxit.
3221 5517 3371 5580 Quos
3411 5515 3506 5569 ille
3548 5511 3703 5585 quasi
3731 5508 3810 5561 de-

2212 5607 2458 5681 positum
2494 5609 2819 5664 inviolabile
2859 5615 3167 5680 susceptos,
3199 5625 3265 5665 eo
3303 5609 3456 5665 cultu
3492 5623 3601 5680 quo
3627 5603 3811 5658 liberes

2213 5701 2370 5758 domi
2393 5702 2610 5767 habuit,
2643 5708 2696 5756 et
2726 5703 2917 5772 postea
2950 5701 3218 5774 repetitos
3255 5701 3400 5774 patri
3432 5697 3685 5756 reddidit.
3716 5689 3809 5748 Sed

2215 5812 2343 5853 cum
2379 5794 2732 5856 Aristobulus
2768 5795 2919 5854 bello
2959 5802 3278 5872 superatus,
3313 5796 3372 5855 in
3403 5791 3634 5854 vinculis
3660 5786 3810 5848 habe-
