4072 6192
318 324 447 378 '208l

1356 322 1440 377 DE
1484 325 1753 380 EXCIDIU
1791 324 1992 379 URBIS
2035 323 2386 378 IIIEROSOL
2433 321 2554 376 LIB.
2601 321 2640 375 I.

3539 324 3678 376 "208“!

321 455 508 517 retur;
541 446 862 502 Alexander
885 447 1032 501 filius
1060 449 1184 518 ejus
1211 464 1339 502 cum
1370 449 1686 503 secundum
1710 465 1951 504 conven-
1975 464 2031 532 Α
2055 465 2178 502 rum
2221 449 2560 518 populorum
2604 446 2904 516 aliquoties
2938 446 3203 500 victorem
3243 447 3498 514 decebat,
3533 454 3594 502 ut
3627 447 3682 500 in

317 541 503 596 tiones
527 540 704 612 pacis,
732 541 940 613 quibus
962 556 1096 596 eum
1124 541 1348 596 Cassius
1369 541 1440 597 ad
1470 542 1823 613 Euphratem
1855 558 1948 596 re-

317 635 542 688 diturus
591 634 936 701 devinxerat,
983 633 1181 706 prmlio
1217 637 1475 704 vacaret;
1525 652 1654 690 cum
1699 635 1951 689 confinia

320 728 560 782 Persidis
590 729 743 784 haud
775 728 892 784 ullo
927 731 1190 800 suspecta
1225 729 1566 783 Parthorum
1597 729 1837 783 transitu
1868 728 1953 782 in-

319 821 698 888 festarentur,
758 827 816 876 et
864 821 1085 876 blandte
1138 821 1562 892 tranquillitatis
1626 821 1840 892 species
1893 821 1950 876 in

319 914 567 969 Orientis
619 913 880 984 partibus
925 914 1208 969 humanas
1256 915 1470 969 levaret
1513 913 1948 983 sollicitudines,

319 1008 508 1062 Caesar
530 1006 896 1077 transalpinis
923 1007 1251 1078 regionibus
1277 1007 1614 1077 Galliarum,
1634 1008 1802 1062 Italia:
1829 1024 1950 1062 sese

320 1099 628 1155 infundens
657 1141 671 1166 ,
723 1100 1056 1170 Pompeium
1101 1105 1473 1171 senatumque
1525 1101 1678 1155 ultra
1729 1099 1952 1155 Ionium

319 1209 478 1248 mare
517 1193 756 1264 expulit.
810 1193 968 1248 Italia
1013 1193 1290 1256 exclusus,
1332 1193 1677 1249 Emathiam
1718 1194 1951 1265 Magnus

319 1286 482 1357 petit,
513 1301 695 1357 eoque
714 1286 952 1340 diversis
979 1302 1046 1339 ex
1075 1286 1208 1340 locis
1236 1287 1498 1341 Romana
1515 1287 1685 1357 jussit
1712 1286 1950 1358 agmina

317 1379 501 1450 sequi,
543 1378 698 1450 quod
747 1378 829 1433 ibi
872 1378 1084 1433 bellum
1138 1382 1385 1449 pararet.
1437 1379 1651 1443 Quibus
1695 1379 1950 1434 intentus

319 1472 591 1544 gerendis
614 1471 969 1526 Aristobulus
995 1488 1169 1543 quem
1197 1473 1389 1528 Romae
1421 1474 1673 1527 vinctum
1701 1473 1949 1544 relique-

319 1569 430 1634 rat,
456 1581 587 1620 eum
607 1567 794 1620 Caesar
812 1564 910 1636 qui
931 1565 1080 1620 inter
1105 1564 1303 1620 urbem
1324 1567 1562 1621 Romam
1590 1570 1761 1637 atque
1791 1567 1952 1620 Pom-

317 1658 521 1729 peium
566 1657 784 1712 medius
817 1663 957 1726 erat,
987 1658 1258 1728 quoniam
1299 1657 1370 1712 de
1421 1659 1694 1713 Flaminia
1736 1659 1794 1713 in
1834 1661 1947 1730 Ap-

320 1752 482 1822 piam
519 1750 964 1822 compendiariis
1004 1751 1325 1806 tramitibus
1369 1752 1636 1822 Magnum
1679 1752 1952 1823 sequeba-

2054 541 2150 595 illa
2199 541 2327 594 victi
2381 543 2531 594 sorte
2584 539 2905 610 exsulisquc
2958 539 3280 593 conditione
3332 540 3683 610 conspiciens

2055 651 2245 688 rerum
2277 634 2658 688 humanarum
2687 632 2997 686 ludibrium
3023 637 3079 687 et
3107 631 3464 700 varietatem,
3494 633 3682 703 gladio

2053 728 2328 782 cervicem
2359 727 2545 792 offert,
2568 727 2638 780 ab
2670 743 2737 780 eo
2761 726 2848 780 cui
2878 741 3119 796 regnum
3149 725 3402 790 dederat,
3431 741 3534 796 pro
3559 743 3682 796 gra-

2055 822 2126 875 tia
2164 825 2404 875 mortem
2451 824 2799 890 recepturus.
2842 821 2972 873 Post
3012 817 3173 888 cujus
3211 834 3410 872 necem
3445 819 3681 872 mutatio

2053 915 2217 978 facta,
2266 913 2552 984 plerisque
2597 929 2664 967 ex
2719 911 3095 966 familiaribus
3139 910 3320 982 Magni
3371 910 3679 965 amicitiam

2052 1006 2288 1062 Caesaris
2315 1005 2729 1077 expetentibus,
2756 1004 3161 1075 praecipueque
3189 1004 3483 1075 Antipatro
3510 1004 3685 1058 incre-

2053 1099 2284 1153 dibilem
2345 1099 2398 1154 in
2452 1099 2684 1153 modum
2737 1097 2998 1168 prmdito,
3045 1098 3112 1150 ad
3165 1113 3385 1164 omnes,
3437 1113 3682 1167 quorum

2050 1191 2338 1246 affectaret
2401 1191 2730 1246 amicitiam.
2790 1191 3066 1245 Omnibus
3123 1191 3275 1244 enim
3345 1190 3681 1244 necessaria).

2053 1303 2208 1357 opes,
2237 1292 2292 1340 et
2327 1285 2574 1338 maxime
2604 1285 2659 1338 in
2693 1284 3015 1355 praeliorum
3055 1283 3445 1355 apparatibus,
3476 1283 3571 1338 ubi
3612 1299 3680 1336 ex

2053 1379 2297 1432 inimicis
2347 1383 2517 1449 atque
2564 1377 2895 1431 adversariis
2944 1393 3341 1447 saepenumero
3387 1376 3679 1431 chariores

2055 1473 2398 1526 efficiuntur.
2456 1470 2676 1524 Etenim
2742 1471 2836 1541 qui
2903 1470 3237 1524 Ptolemaeus
3300 1471 3525 1540 Egypti
3583 1486 3681 1524 rex

2052 1565 2222 1620 fidem
2274 1567 2511 1626 laeserat,
2561 1563 2630 1617 ab
2681 1564 2802 1634 ipso
2856 1564 3069 1618 Caesare
3121 1562 3278 1616 bellis
3331 1563 3684 1626 gravissimis

2053 1658 2435 1728 premebatur.

2643 1726 2864 1780 CAPUT
2903 1727 3080 1781 XXIII.

321 1817 436 1913 tur,
481 1849 543 1898 ut
583 1817 669 1898 vel
711 1845 899 1915 ipsum
937 1844 1132 1915 excipe
1151 1847 1258 1909 ret,
1302 1845 1386 1898 vel
1426 1817 1792 1916 interciperet
1833 1817 2030 1914 ejusB
2125 1845 2510 1913 Pergamenus
2537 1841 2881 1896 Mithridates
2918 1857 3046 1894 cum
3091 1843 3246 1895 omni
3288 1858 3461 1896 manu
3507 1859 3679 1913 quam

317 1938 664 2005 exercitum,
702 1937 942 1992 vinculis
983 1939 1256 2007 levatum,
1285 1937 1512 1992 tributis
1546 1937 1720 1992 etiam
1753 1938 1954 1992 milita-

318 2031 482 2086 ribus
522 2029 779 2086 numeris
822 2031 880 2085 in
929 2031 1149 2102 Syriam
1195 2030 1420 2098 direxit,
1464 2036 1523 2086 ut
1561 2031 1811 2086 Iudaeam
1848 2031 1952 2086 sibi

314 2124 680 2195 adjungeret,
720 2124 1164 2195 Pompeiumque
1194 2141 1226 2178 a
1266 2127 1430 2194 tergo
1479 2128 1724 2196 urgeret.
1757 2124 1864 2180 Sed
1891 2125 1950 2178 in

317 2217 562 2272 exordio
604 2221 1116 2285 teutamentorum,
1163 2216 1263 2271 ubi
1306 2218 1375 2271 ad
1427 2217 1615 2272 locum
1667 2219 1947 2290 pervenit,

316 2327 544 2366 veneno
591 2311 991 2381 interemptus,
1037 2309 1438 2380 imperfectum
1484 2311 1783 2382 negotium
1833 2309 1950 2364 reli-

318 2405 468 2475 quit.
505 2403 712 2474 Opinio
747 2402 946 2458 mortis
985 2403 1108 2473 ejus
1145 2403 1400 2474 Pompeii
1434 2404 1751 2458 fautoribus
1783 2403 1952 2458 ascri-

316 2497 609 2551 bebatur:
655 2497 735 2550 ita
784 2497 923 2550 Iuste
969 2501 1100 2550 sunt
1144 2495 1540 2566 dispositiones
1591 2496 1848 2564 Caesaris,
1897 2501 1952 2550 et

317 2589 605 2645 destitutae
631 2588 938 2643 Aristobuli
969 2589 1330 2659 cupiditates,
1373 2605 1519 2644 nova
1548 2589 1794 2660 quadam
1832 2606 1953 2643 mu-

319 2683 604 2736 tationum
631 2681 921 2749 varietate,
955 2685 1020 2734 ut
1046 2681 1222 2736 tutior
1249 2681 1418 2736 fuerit
1458 2682 1613 2735 exsul
1647 2682 1797 2736 inter
1826 2681 1952 2736 hos-

320 2781 410 2830 tes
442 2779 497 2829 et
531 2775 589 2828 in
631 2773 863 2828 vinculis
897 2774 1172 2844 captivus,
1213 2790 1384 2846 quam
1434 2774 1581 2828 inter
1617 2791 1750 2828 suos
1791 2774 1948 2841 civis,

314 2867 588 2922 dominus
623 2868 691 2936 in
740 2867 1024 2935 cubiculo,
1070 2883 1160 2921 rex
1206 2868 1264 2921 in
1310 2867 1591 2922 convivio.
1634 2869 1754 2931 Quo
1794 2884 1946 2921 com-

313 2965 505 3031 perto,
535 2959 858 3029 Pompeius,
890 2959 1038 3030 quod
1089 2960 1443 3014 Aristobulus
1483 2961 1540 3013 in
1573 2960 1770 3015 Iudaea
1811 2960 1951 3014 reci-

311 3053 452 3107 diva
475 3052 582 3107 sibi
611 3052 757 3107 bella
778 3067 1042 3124 reparare
1076 3056 1383 3106 tentaverat
1411 3053 1540 3123 (2‘2),
1563 3054 1731 3107 etiam
1765 3053 1946 3106 tilium

2054 1952 2242 1990 secum
2278 1935 2610 2003 deduxerat,
2644 1933 2945 1988 Pelusiacis
2983 1935 3238 2004 repulsus
3267 1933 3595 2004 obstaculis,
3624 1937 3681 1990 in

2055 2029 2191 2083 urbe
2229 2029 2498 2082 Ascalone
2536 2027 2840 2082 resederat.
2878 2027 3295 2098 Desperatoquc
3327 2029 3591 2093 transitu,
3626 2033 3684 2081 et

2053 2125 2262 2176 conatu
2292 2122 2473 2188 irrito,
2503 2137 2607 2176 nec
2627 2121 2748 2191 jam
2779 2137 2838 2174 se
2867 2120 3219 2174 committere
3247 2120 3393 2174 bello
3418 2121 3681 2189 audebat,

2055 2215 2187 2269 locis
2233 2214 2613 2286 iniquioribus
2654 2218 2711 2268 et
2753 2213 2939 2285 impar
2981 2213 3207 2268 viribus.
3245 2214 3346 2267 Cui
3386 2215 3685 2285 Antipater

2054 2309 2265 2363 Arabas
2321 2309 2566 2379 primum
2622 2308 2678 2360 in
2729 2307 2999 2360 auxilium
3049 2307 3262 2368 ascivit,
3315 2307 3520 2362 deinde
3577 2309 3684 2363 tria

2052 2402 2231 2456 millia
2283 2401 2606 2456 Iudaeorum
2657 2399 2842 2453 valida
2895 2416 3066 2453 manu
3126 2404 3184 2453 et
3235 2400 3458 2455 munita
3507 2403 3684 2454 armis

2051 2511 2240 2548 secum
2272 2493 2553 2564 perduxit.
2584 2492 2900 2548 Commovit
2924 2492 3092 2546 etiam
3126 2491 3302 2562 Syriae
3332 2496 3594 2562 potentes
3620 2495 3680 2547 in

2051 2588 2449 2658 adjumentum
2491 2585 2686 2657 ipsius,
2730 2590 2787 2639 et
2824 2585 3201 2640 Ptolemaeum
3244 2586 3342 2656 qui
3385 2585 3683 2641 habitabat

2050 2681 2108 2735 in
2137 2681 2372 2746 Libano,
2404 2683 2463 2735 et
2487 2679 2896 2746 Jamblichum,
2923 2683 2978 2732 et
3007 2679 3378 2733 Ptolemazum
3412 2680 3675 2734 alterum.

2051 2774 2300 2838 Quorum
2330 2773 2456 2828 freti
2497 2773 2784 2838 societate,
2815 2772 2991 2827 etiam
3025 2772 3116 2825 alii
3147 2772 3339 2843 populi
3373 2773 3438 2826 ad
3467 2772 3681 2828 bellum

2051 2866 2268 2921 accensi
2297 2869 2449 2920 sunt.
2480 2866 2697 2930 Quibus
2723 2865 3006 2935 adjunctis
3030 2865 3240 2919 viribus
3266 2865 3445 2918 fretus
3471 2867 3684 2920 Mithri-

2051 2961 2226 3027 dates,
2266 2959 2549 3014 Pelusium
2591 2958 2842 3024 accessit,
2877 2963 2934 3012 et
2971 2975 3099 3012 cum
3132 2960 3372 3013 transitu
3412 2960 3676 3029 prohibe-

2054 3059 2226 3119 retur,
2267 3053 2625 3107 obsidionem
2673 3052 2900 3106 adortus
2941 3057 3042 3105 est.
3077 3054 3198 3119 Quo
3243 3053 3345 3106 loci
3387 3053 3682 3122 Antipater

316 3147 448 3216 ejus
490 3145 872 3200 Alexandrum
909 3145 1164 3216 jugulari
1192 3146 1381 3215 jussit,
1417 3150 1748 3217 suspectum
1779 3145 1949 3200 nimis
1971 3177 2024 3250 Ο
2053 3148 2386 3217 praeclarum
2433 3146 2651 3200 militiae.
2697 3145 3103 3199 documentum
3145 3145 3300 3199 dedit
3341 3164 3352 3198 :
3393 3146 3682 3216 siquidem

317 3239 396 3294 ob
443 3242 631 3309 partes
673 3239 1034 3292 Ctesarianas.
1080 3237 1269 3308 Scipio
1309 3238 1444 3295 Cnei
1493 3239 1778 3294 mandatis
1820 3239 1949 3293 obe-

317 3332 488 3386 diens
519 3347 620 3402 pro
653 3330 924 3385 tribunali
969 3330 1164 3384 statuit
1195 3348 1378 3399 reum,
1411 3339 1473 3385 ut
1505 3333 1720 3402 species
1750 3333 1948 3403 judicii

315 3425 813 3497 praetenderetur,
881 3424 1299 3478 accusatoribus
1364 3441 1590 3496 quoque
1659 3425 1947 3491 adhibitis,

318 3523 496 3589 atque
535 3517 596 3572 in
638 3532 790 3584 eum,
820 3517 915 3588 qui
960 3517 1279 3572 Romanam
1325 3517 1735 3588 rempublicam
1780 3519 1951 3572 armis

315 3611 718 3682 inquietasset,
763 3609 1054 3664 sententia
1087 3611 1303 3680 prolata
1341 3611 1420 3664 uti
1463 3627 1565 3681 pro
1586 3609 1736 3680 juris
1766 3611 1951 3681 potius

317 3703 663 3759 auctoritate
703 3719 872 3774 quam
918 3719 1019 3772 pro
1060 3703 1422 3758 exsecutione
1467 3703 1757 3774 praecepti,
1794 3720 1949 3759 more

316 3813 435 3868 quo
465 3797 636 3851 duces
665 3795 916 3850 hostium
955 3796 1200 3849 convicti
1241 3796 1584 3862 rebellionis,
1613 3797 1789 3851 securi
1822 3813 1946 3866 per-

323 3905 524 3944 cussus
549 3889 989 3943 existimaretur.

458 4045 461 4047 _
926 3981 1147 4036 CAPUT
1187 3983 1340 4037 XXII.

391 4073 638 4146 Cognita
665 4076 961 4145 utriusque
991 4091 1144 4141 nece,
1176 4076 1530 4143 Ptolemaeus,
1561 4078 1656 4146 qui
1685 4094 1944 4149 suscepe-

315 4172 409 4224 rat
440 4167 746 4235 Aristobuli
775 4183 1079 4238 germanos
1106 4171 1163 4221 et
1192 4184 1428 4222 uxorem
1461 4169 1784 4236 Alexandri,
1815 4170 1945 4224 Phi-

314 4261 631 4332 lippionem
655 4260 837 4314 filium
861 4277 1026 4314 suum
1051 4261 1110 4314 in
1140 4260 1334 4314 urbem
1366 4263 1696 4316 Ascalonem
1725 4263 1946 4328 direxit,

319 4358 672 4408 memoratos
725 4353 926 4407 fratres
977 4353 1382 4408 accersiturum
1431 4373 1440 4405 :
1499 4355 1591 4408 ille
1643 4354 1950 4409 adveniens

317 4445 570 4516 suscepit
608 4445 956 4516 Antigonum
995 4449 1164 4516 atque
1203 4446 1322 4514 ejus
1360 4462 1598 4512 sorores,
1638 4455 1700 4500 ut
1742 4448 1810 4502 ad
1843 4465 1945 4518 pa-

2052 3240 2442 3294 resistentibus
2469 3237 2789 3310 oppidanis,
2820 3254 2950 3292 cum
2989 3254 3210 3292 summa
3239 3239 3289 3291 vi
3325 3237 3460 3292 belli
3499 3238 3676 3293 utrin-

2049 3350 2158 3404 que
2186 3334 2606 3401 decerneretur,
2638 3334 2857 3403 primus
2897 3348 3027 3386 cum
3070 3332 3183 3386 suis
3212 3331 3442 3403 dirupta
3483 3348 3677 3388 muro-

2052 3443 2175 3480 rum
2209 3432 2368 3497 parte
2401 3427 2457 3480 in
2495 3442 2609 3496 qua
2640 3427 2761 3497 ipse
2804 3425 3190 3497 praeliabatur,
3225 3424 3423 3479 urbem
3457 3427 3681 3498 irrupit,

2052 3536 2292 3590 eamque
2319 3519 2487 3590 cepit.
2523 3521 2633 3574 Nec
2659 3523 2850 3573 tamen
2879 3519 2970 3572 hic
2995 3517 3125 3571 ﬁnis
3155 3518 3362 3573 laboris
3388 3519 3682 3589 adjumen-

2053 3613 2226 3682 tique,
2265 3613 2360 3666 sed
2402 3611 2596 3678 etiam,
2633 3627 2760 3664 cum
2805 3611 3113 3664 introrsum
3160 3612 3438 3665 exercitus
3471 3629 3676 3684 perge-

2055 3711 2158 3769 ret,
2189 3710 2246 3758 et
2270 3705 2415 3758 circa
2445 3720 2573 3757 eam
2607 3719 2734 3774 qua:
2763 3703 3086 3774 appellatur
3113 3703 3268 3757 Ouia-
3297 3706 3475 3775 regio,
3504 3707 3680 3761 Judaei

2051 3797 2294 3868 [Egyptii
2343 3797 2551 3850 vellent
2593 3796 2850 3850 resistere
2899 3812 3011 3865 quo
3058 3797 3498 3851 intercluderent
3552 3800 3680 3863 iter,

2053 3907 2245 3944 rursus
2274 3890 2575 3960 Antipater
2610 3906 2722 3943 non
2767 3890 2946 3942 solum
2988 3890 3226 3943 removit
3262 3890 3546 3959 praelium,
3581 3895 3678 3946 sed

2051 3985 2221 4039 etiam
2283 3983 2350 4036 ad
2407 3982 2718 4036 exercitum
2767 3981 3123 4052 juvandum,
3178 3999 3307 4054 qua:
3362 3986 3682 4042 necessaria

2049 4078 2240 4132 forent
2279 4077 2403 4130 usui
2445 4076 2832 4142 humanitatis,
2861 4075 2930 4129 ab
2963 4076 3096 4146 ipsis
3138 4077 3236 4146 qui
3279 4092 3442 4130 arma
3483 4086 3685 4133 contra

2053 4174 2407 4242 paraverant,
2440 4168 2744 4223 ministrari
2777 4168 2984 4222 effecit.
3015 4169 3170 4223 Unde
3201 4171 3519 4241 Memphitze
3547 4190 3684 4243 quo-

2050 4281 2161 4336 que
2187 4263 2409 4316 animos
2436 4279 2465 4315 a
2494 4263 2689 4333 przelio
2722 4267 3147 4329 revocaverunt,
3178 4270 3234 4317 et
3261 4281 3318 4317 se
3349 4265 3682 4321 Mithridatis

2050 4356 2299 4411 societati
2331 4355 2583 4409 volentes
2614 4355 2902 4409 dedidere.
2935 4356 3038 4419 Qui
3080 4360 3514 4428 praetergressus
3555 4377 3679 4412 sus-

2053 4449 2322 4519 pectiora,
2345 4463 2475 4501 cum
2507 4447 2738 4517 reliquis
2765 4447 3036 4518 Egyptiis
3057 4449 3472 4503 conserendum
3503 4457 3678 4518 ratus,

319 4545 471 4593 trem
511 4537 844 4607 deduceret;
879 4555 978 4591 usu
1018 4543 1073 4593 et
1110 4539 1524 4594 consuetudine
1553 4541 1762 4594 amoris
1797 4541 1945 4611 igni-
1968 4541 2026 4610 D
2051 4542 2406 4597 liberioribus
2435 4540 2667 4612 quidem
2694 4540 2847 4605 locis,
2877 4541 2971 4593 sed
3003 4539 3373 4595 validioribus
3407 4544 3554 4611 viris,
3587 4561 3677 4597 re-

318 4632 482 4686 culus
517 4631 765 4704 obrepsit
796 4631 1159 4698 adolescenti,
1197 4631 1546 4703 ignoscendo
1587 4634 1860 4704 profecto,
1905 4635 1947 4688 si
2047 4634 2236 4706 gionis
2282 4633 2452 4704 ipsius
2499 4633 2660 4703 cujus
2710 4633 2986 4686 .incolatus
3028 4635 3354 4690 Judmorum
3403 4637 3684 4691 exercitus

320 4725 530 4780 scirent
552 4726 777 4796 tyranni
809 4725 1132 4796 ignoscere;
1162 4728 1332 4796 atque
1362 4726 1598 4780 alteram
1633 4725 1704 4781 de
1735 4727 1947 4781 sorori-

318 4820 430 4873 bus
467 4817 686 4887 accepit
725 4817 829 4871 sibi
870 4817 928 4871 in
973 4817 1229 4888 conjugii
1269 4819 1616 4873 societatem.
1655 4821 1777 4874 Non
1827 4821 1952 4874 tulit

319 4912 428 4966 hoc
448 4909 802 4978 Ptolemaeus
836 4915 1016 4980 pater,
1045 4911 1142 4965 sed
1183 4912 1362 4965 occiso
1398 4911 1539 4979 filio,
1568 4929 1780 4966 nurum
1818 4929 1945 4984 pro-

318 5004 508 5074 palam
556 5003 662 5057 sibi
703 5004 893 5074 junxit
935 5021 947 5058 :
997 5020 1220 5058 morum
1278 5004 1542 5075 egregius
1588 5023 1803 5072 censor,
1853 5006 1949 5078 qui

320 5099 674 5166 inexoratamv
699 5095 759 5150 in
787 5096 904 5150 filio
930 5097 1226 5152 damnaret
1256 5097 1711 5168 conjunctionem
1745 5104 1804 5154 ut
1832 5101 1948 5170 ipse

321 5207 380 5244 se
421 5189 723 5261 parricidio
759 5193 819 5244 et
847 5190 1063 5244 incesto
1098 5189 1536 5246 contaminaret.
1566 5193 1835 5264 Pompeio
1865 5192 1947 5247 in-

323 5283 580 5351 terfecto,
598 5283 697 5354 qui
717 5282 852 5338 dum
875 5300 1031 5338 arma
1052 5284 1284 5338 Caesaris
1305 5285 1473 5355 fugit,
1499 5286 1729 5357 spadoni
1753 5288 1954 5358 Egyp-

322 5376 399 5430 tio
453 5382 624 5446 caput
669 5391 836 5430 suum
886 5376 1307 5448 amputandum
1356 5377 1626 5450 praebuit,
1681 5396 1954 5435 conversa

325 5485 444 5539 res;
471 5468 720 5541 praebuit
758 5475 949 5524 tamen
981 5486 1049 5526 ea
1081 5471 1354 5540 patientia
1392 5476 1584 5544 caput,
1623 5489 1736 5544 qua
1769 5477 1951 5530 tanto-

383 5631 478 5697 (22)
534 5637 613 5685 Ita
665 5649 890 5702 quoque
948 5643 1143 5688 auctor
1188 5639 1327 5689 infra
1383 5638 1497 5707 lib.‘
1532 5653 1608 5696 III,
1660 5653 1778 5702 cap.
1835 5640 1954 5700 ult.,

324 5707 558 5758 recidiva
602 5707 793 5772 praelia
846 5710 1160 5760 resuscitare
1199 5725 1214 5758 :
1259 5710 1539 5761 Maronem
1574 5711 1793 5761 scilicet
1831 5708 1956 5760 imi-'

329 5782 488 5840 tatus,
519 5781 612 5832 cui
651 5781 800 5839 £13.,
827 5794 888 5844 ι,
929 5785 984 5833 et
1021 5781 1174 5846 alibi,
1216 5783 1453 5833 recidiva
1495 5785 1626 5832 sunt
1667 5794 1958 5832 renascen-

330 5849 416 5900 tia.
459 5848 840 5902 Tertullianua
887 5851 1017 5904 Item
1055 5852 1136 5904 sic
1181 5853 1386 5916 passim
1422 5851 1574 5918 loqui
1625 5855 1791 5913 amat,
1819 5866 1873 5903 ν.
1907 5865 1955 5905 c.

2047 4727 2455 4799 appellabatur,
2493 4731 2722 4780 strenue
2757 4727 3094 4794 decertavit;
3127 4727 3270 4783 adeo
3304 4737 3364 4784 ut
3394 4737 3682 4801 praerupto

2050 4837 2168 4876 sese
2211 4820 2463 4890 periculo
2505 4819 2688 4886 daret,
2720 4836 2782 4874 ac
2822 4836 2966 4892 pene
3012 4821 3322 4876 exstinctus
3366 4823 3532 4890 foret,
3573 4824 3686 4877 nisi

2050 4915 2344 4985 Antipater
2365 4913 2562 4967 videns
2583 4918 2764 4967 totum
2791 4914 2846 4967 in
2875 4931 2988 4984 quo
3016 4915 3364 4969 Mithridates
3393 4922 3532 4982 erat,
3555 4918 3685 4970 dex-

2051 5013 2203 5061 trum
2237 5022 2410 5061 cornu
2441 5023 2472 5059 a
2505 5006 2735 5060 cohorte
2769 5009 2980 5077 urgeri,
3015 5025 3078 5061 ex
3117 5008 3224 5062 alia
3260 5025 3488 5080 quoque
3526 5015 3686 5080 parte

2052 5100 2264 5154 includi
2300 5099 2560 5176 flumine.
2591 5117 2691 5154 nec
2725 5100 2900 5154 ullum
2932 5101 3208 5171 etl'ugium
3247 5101 3400 5170 viris,
3431 5102 3688 5158 irruisset

2051 5212 2084 5248 a
2119 5210 2296 5249 cornu
2337 5193 2560 5247 sinistro
2596 5211 2767 5264 super
2804 5211 2898 5248 eos
2933 5196 3030 5264 qui
3063 5194 3440 5250 Mithridatem
3479 5195 3683 5261 ceden:

2054 5291 2166 5342 tem
2205 5285 2722 5359 persequebantur;
2752 5303 2892 5358 quos
2928 5303 2996 5341 eo
3031 5305 3206 5359 usque
3240 5289 3545 5353 insectatus
3574 5294 3686 5364 est,

2054 5380 2238 5434 donec
2278 5379 2465 5434 omnis
2506 5380 2754 5434 hostium
2801 5382 3045 5451 populus
3088 5382 3566 5453 exstingueretur.
3611 5383 3688 5438 Eo

2056 5473 2251 5546 praelio
2282 5473 2566 5544 octoginta
2607 5474 2756 5528 solos
2791 5474 3084 5544 Antipater
3111 5476 3256 5528 viros
3282 5476 3349 5530 de
3387 5477 3502 5531 suis
3538 5459 3683 5532 ami;

2061 5643 2131 5692 De
2176 5654 2378 5691 rcsurr.
2422 5641 2623 5697 carnis,
2664 5653 2783 5702 cap.
2827 5640 2933 5689 18:
2975 5641 3282 5704 Scriptura,
3325 5645 3520 5706 inquit,
3554 5619 3688 5692 rem?

2056 5711 2293 5831 cavatum
2334 5711 2410 5774 (id
2448 5715 2547 5773 est,
2597 5711 3076 5774 resurrectionem)
3117 5715 3299 5764 carnis
3347 5714 3684 5778 pollicentur.

2115 5792 2322 5833 moon.
