4072 6192
469 209 601 258 2083

1909 211 1914 216 ’
1940 209 1992 260 S.
2035 205 2347 260 AMBROSII

3650 217 3760 268 2084

439 329 554 394 sit,
588 345 753 398 super
789 328 1144 399 octingentos
1173 330 1544 400 Mithridates,
1581 332 1657 384 ita
1697 337 1759 385 ut
1788 331 1906 400 ipse
1941 347 2085 401 prag-
2114 343 2168 414 Α
2193 337 2338 384 tram
2375 332 2728 416 amicitiam?
2763 334 2966 387 Mirum
3006 349 3140 387 sane
3183 333 3424 401 videtur,
3456 336 3591 405 quod
3627 353 3766 392 accu-

465 427 551 475 ter
578 436 734 490 spem
768 422 1040 491 evaserit;
1070 426 1242 493 atque
1270 424 1392 477 haec
1433 440 1546 477 uno
1581 428 1870 478 momento
1905 423 2090 477 clades

471 518 686 568 secuta.
719 515 1013 586 Antipater
1039 515 1234 571 multis
1261 517 1585 571 vulneribus
1610 532 1845 588 corpore
1884 532 2086 586 excep-

464 607 556 675 tis,
594 609 896 679 egregium
931 608 1154 663 virtutis
1193 626 1310 664 sum
1351 610 1739 666 testimonium
1776 608 1928 680 apud
1967 610 2086 664 Ca3-

466 717 650 755 sarem
709 702 925 756 invenit
971 724 980 754 :
1021 701 1339 758 Mithridate
1386 704 1704 774 praesertim
1752 719 1862 756 non
1910 702 2091 756 solum

465 811 582 849 sua:
621 795 990 850 absolutionis
1026 797 1353 867 interprete,
1390 797 1486 851 sed
1531 797 1702 850 etiam
1741 796 2092 851 fortitudinis

465 887 872 958 prtedicatore;
912 888 1118 960 quibus
1160 890 1328 944 rebus
1356 890 1588 961 egregie
1621 890 1808 944 Caesar
1847 889 2086 944 delecta-

467 989 572 1047 tus,
621 981 677 1034 in
725 981 1004 1036 honorem
1051 983 1437 1054 Antipatrum,
1478 987 1544 1036 ut
1588 982 1904 1054 oportebat,
1945 984 2093 1038 inter

466 1076 678 1128 amicos
713 1075 943 1146 recepit.
978 1073 1207 1139 Deinde,
1242 1075 1335 1129 ubi
1372 1091 1442 1129 ea
1471 1092 1599 1146 quas
1629 1077 1868 1147 .Egypto
1900 1076 2090 1130 forent

466 1166 860 1222 constituenda
897 1167 1192 1238 disposuit,
1230 1172 1400 1239 atque
1445 1169 1503 1223 in
1541 1169 1756 1239 Syriam
1799 1169 2088 1240 processit,

467 1261 734 1314 Romanae
765 1277 898 1314 eum
935 1260 1260 1331 reipublicze
1295 1262 1606 1316 honoribus
1643 1261 1828 1316 affecit
1863 1278 1875 1316 :
1905 1263 2088 1317 talen—

466 1361 591 1408 tum
636 1369 864 1424 quoque
914 1355 1172 1421 contulit,
1223 1359 1540 1426 ceteraque
1593 1358 1656 1409 ut
1699 1355 1936 1426 probato
1985 1355 2088 1410 sibi

466 1448 585 1502 viro
614 1447 811 1517 gratiae
840 1463 955 1500 sum
990 1447 1230 1517 pignora
1270 1447 1599 1518 impertivit.
1633 1449 1886 1519 Hyrcano
1915 1448 2092 1502 etiam

466 1555 752 1594 summum
782 1539 1167 1594 sacerdotium
1193 1540 1262 1596 de
1288 1541 1568 1595 sententia
1590 1541 1870 1610 Antipatri
1901 1542 2092 1596 volens

469 1633 730 1687 limavit.

1064 1704 1283 1758 CAPUT
1323 1705 1493 1758 XXIV.

538 1823 852 1892 Antigonus
896 1837 1125 1891 quoque
1171 1820 1227 1873 in
1273 1820 1434 1889 Syria
1477 1820 1682 1875 Caesari
1731 1821 1994 1887 occurrit,
2037 1826 2091 1874 et

469 1930 637 1985 quem
679 1913 762 1967 vel
806 1914 982 1984 patris
1015 1913 1221 1967 deflere
1258 1928 1576 1967 aerumnam
1611 1919 1964 1981 convenerat,
1997 1930 2090 1968 ve-

470 2023 621 2062 neno
652 2023 757 2078 per
782 2007 997 2061 amicos
1023 2005 1278 2076 Pompeii
1304 2006 1606 2073 interfecti,
1637 2008 1720 2061 vel
1755 2006 2091 2078 supplicium

470 2100 726 2170 germani
755 2115 926 2171 quem
965 2098 1151 2169 Scipio
1180 2113 1401 2152 summa
1431 2099 1784 2165 crudelitate,
1814 2103 2091 2170 tanquam

469 2208 629 2246 reum
668 2192 848 2247 securi
885 2197 1257 2262 percusserat,
1292 2191 1516 2245 invidias
1560 2191 1741 2262 magis
1779 2209 1951 2262 quam
1990 2192 2089 2246 do-

469 2285 608 2340 loris
633 2288 822 2356 partes
856 2284 1290 2356 exsequebatur,
1322 2287 1386 2337 ut
1415 2285 1735 2356 Hyrcanum
1775 2288 1831 2339 et
1859 2286 2090 2356 Antipa-

469 2386 621 2433 trum
669 2378 934 2432 incubare
989 2377 1205 2446 alienis,
1251 2393 1378 2448 quae
1425 2377 1525 2431 sibi
1575 2380 1633 2430 et
1673 2377 1939 2432 fratribus
1982 2379 2094 2432 suis

469 2488 571 2542 per
594 2472 774 2525 scelus
805 2475 1000 2541 erepta
1030 2471 1232 2537 forent,
1265 2474 1468 2542 questu
1509 2470 1838 2541 gravissimo
1874 2479 2093 2526 coacer4

469 2563 631 2618 baret
679 2569 962 2617 extorrem
1009 2578 1068 2616 se
1114 2562 1323 2617 factum
1375 2562 1734 2618 habitationis
1780 2569 2031 2635 paternae
2079 2582 2090 2617 :

470 2663 680 2712 terram
723 2656 783 2710 in
829 2672 943 2727 qua
984 2656 1058 2710 sit
1099 2660 1282 2724 natus,
1326 2657 1518 2728 negari
1564 2655 1690 2723 sibi,
1729 2660 1922 2712 tamen
1966 2674 2095 2710 suas

471 2750 706 2820 injurias
735 2749 1140 2804 tolerabiliores
1174 2749 1381 2815 videri;
1418 2750 1595 2804 multo
1624 2750 1944 2805 acerbiores
1976 2750 2096 2805 illas

473 2842 679 2914 quibus
713 2847 829 2897 tota
861 2857 1001 2913 gens
1043 2842 1236 2913 populi
1274 2841 1602 2897 Iudaeorum
1635 2843 1705 2896 ab
1748 2845 2001 2914 Hyrcano
2040 2849 2097 2898 et

471 2936 768 3008 Antipatro
821 2935 1160 2991 afﬁceretur.
1213 2935 1435 3006 Eosque
1487 2936 1558 2990 de
1610 2936 1758 2990 bene
1810 2937 1982 3008 gestis
2035 2937 2092 2990 in

2191 427 2375 478 satum
2409 441 2758 497 quemquam
2794 428 3081 482 Romanos
3114 426 3278 481 adeat
3312 428 3628 499 Antigonus,
3654 446 3771 501 quos

2188 518 2337 574 bello
2383 519 2555 573 soleat
2596 519 2894 589 incessere,
2937 525 3107 591 atque
3149 520 3298 591 apud
3344 535 3439 575 eos
3477 527 3685 577 exutum
3724 541 3772 578 se

2191 612 2436 684 imperio
2466 615 2759 684 queratur,
2789 613 2948 684 cujus
2974 629 3143 667 usum
3168 629 3232 667 ac
3261 613 3566 684 negotium,
3590 631 3693 670 non
3716 617 3774 671 ad

2193 705 2276 758 sui
2315 707 2648 776 potentiam,
2688 721 2790 761 nec
2829 706 2900 759 ad
2937 706 3164 777 insigne
3192 706 3573 773 domesticum,
3603 709 3689 762 sed
3717 710 3775 764 ad

2190 799 2514 853 lacessenda
2544 815 2701 853 arma
2740 801 3015 867 Romana,
3045 803 3102 853 et
3131 799 3448 853 ulciscenda
3482 800 3644 870 patris
3669 817 3774 871 ger-

2190 890 2462 963 manique
2511 891 2682 946 exitia
2721 891 3139 946 desideraverit.
3184 893 3442 963 Ingratus
3478 892 3656 947 salutis
3690 895 3777 948 tri-

2190 984 2363 1039 bunal
2413 986 2729 1040 Romanum
2784 1000 2899 1039 non
2949 985 3177 1051 timeat,
3236 985 3334 1039 sed
3385 985 3550 1039 etiam
3599 986 3782 1041 audeat

2196 1078 2342 1132 ultro
2370 1078 2669 1146 incessere,
2698 1094 2828 1132 cum
2861 1077 3002 1132 sciat
3034 1077 3156 1132 istic
3181 1077 3503 1132 rebellionis
3530 1094 3638 1133 sua!
3665 1094 3781 1133 con-

2193 1175 2402 1226 sortem
2444 1187 2635 1241 posuas
2672 1171 2863 1225 luisse.
2902 1170 3006 1224 Ubi
3040 1170 3341 1241 Antipater
3374 1170 3544 1225 ﬁnem
3585 1171 3784 1225 dicendi

2191 1263 2344 1331 fecit,
2389 1265 2574 1319 Caesar
2618 1264 2953 1334 pronuntiat
2996 1262 3236 1335 dignum
3287 1263 3467 1334 magis
3511 1263 3789 1318 sacerdotio

2195 1358 2516 1428 Hyrcanum
2545 1357 2720 1411 videri
2753 1373 2766 1410 :
2795 1357 3090 1428 Antipatro
3118 1359 3310 1410 autem
3343 1356 3544 1410 detulit
3571 1360 3790 1426 potesta-

2193 1450 2262 1502 tis
2298 1450 2654 1504 electionem.
2686 1451 2829 1504 Tum
2854 1450 2946 1504 ille
2977 1450 3250 1504 eumdem
3277 1447 3552 1504 arbitrum
3582 1447 3792 1502 honoris

2193 1548 2252 1598 et
2275 1543 2703 1599 moderatorem
2733 1547 3021 1614 expetens,
3043 1547 3212 1613 atque
3240 1542 3298 1596 in
3325 1557 3393 1596 eo
3419 1542 3516 1612 qui
3542 1541 3789 1596 honorem

2195 1637 2379 1704 daret,
2420 1652 2638 1708 ponens
2680 1651 3010 1691 mensuram
3058 1635 3313 1701 honoris,
3357 1637 3540 1689 astute
3583 1635 3705 1688 satis
3747 1640 3795 1690 et

2115 1702 2508 1784 Bverecunde
2557 1729 2727 1784 decus
2772 1730 2903 1784 tulit
2951 1736 3009 1784 et
3053 1729 3478 1783 incrementum
3525 1727 3791 1798 potentia».

2192 1823 2380 1877 Totius
2408 1822 2563 1877 enim
2588 1821 2798 1878 Judaei
2830 1824 3161 1892 procurator
3185 1821 3363 1877 factus
3389 1824 3476 1876 est
3497 1819 3792 1890 Antipater;

2194 1932 2328 1970 sane
2375 1916 2651 1987 poposcit,
2703 1920 2764 1970 ut
2811 1931 3004 1971 muros
3050 1914 3260 1970 ludam
3304 1914 3405 1986 qui
3452 1914 3599 1969 bello
3644 1913 3796 1967 diruti

2192 2009 2451 2076 fuerant,
2507 2007 2837 2063 aediﬁcaret.
2890 2009 3251 2079 Tantumque
3312 2007 3609 2079 negotium
3671 2004 3798 2059 data:

2193 2100 2320 2156 ﬁdei
2350 2117 2599 2169 securus,
2633 2107 2688 2156 et
2714 2101 3011 2172 postulavit
3042 2105 3101 2154 et
3133 2101 3483 2172 impetravit.
3511 2101 3716 2170 anue,
3746 2105 3798 2152 ut

2197 2194 2372 2249 moris
2402 2200 2526 2249 erat
2564 2193 2832 2249 Romanis
2869 2193 3324 2264 imperatoribus,
3367 2192 3604 2247 arbitrio
3640 2192 3795 2244 Caesa-

2198 2287 2271 2342 ris
2309 2288 2366 2341 in
2399 2288 2672 2359 Capitolio
2711 2287 2921 2358 scripta
2961 2289 3113 2354 sunt,
3145 2302 3274 2358 quae
3305 2285 3555 2358 insignia
3592 2285 3802 2339 honoris

2195 2381 2492 2452 Antipatro
2532 2380 2884 2435 conferenda
2923 2380 3108 2436 Caesar
3151 2378 3564 2448 mstimavisset,
3603 2383 3665 2432 ut
3703 2391 3802 2430 suae

2188 2474 2440 2543 justitiae,
2473 2476 2530 2528 et
2556 2473 2891 2528 meritorum
2916 2473 3042 2542 viri,
3071 2472 3416 2544 posteritatis
3445 2486 3668 2544 quoque
3691 2485 3802 2540 cog-

2197 2567 2401 2622 nitioni
2440 2567 2648 2621 indicia
2687 2571 2996 2621 exstarent.
3035 2568 3370 2622 Prosecutus
3415 2570 3605 2620 autem
3642 2565 3799 2618 Cassa-

2197 2677 2319 2719 rem
2363 2662 2662 2733 Antipater
2695 2677 2763 2715 ex
2804 2659 2981 2730 Syria,
3017 2659 3077 2714 in
3116 2659 3368 2714 Iudaeam
3409 2659 3566 2714 ﬂexit
3603 2659 3717 2712 iter.
3748 2656 3804 2710 Et

2196 2756 2414 2828 primo,
2464 2771 2634 2827 quem
2689 2753 2986 2824 Pompeius
3038 2753 3398 2807 destruxerat
3452 2766 3707 2817 murum,
3752 2749 3801 2802 in

2195 2855 2443 2904 veterem
2486 2851 2696 2901 statum
2740 2846 3090 2900 reformavit.
3138 2844 3354 2900 Deinde
3406 2844 3680 2900 tumultus
3725 2856 3799 2896 re-

2197 2942 2420 3014 pressit,
2449 2940 2792 2996 conveniens
2834 2938 3084 3009 singulos
3126 2937 3331 2992 affectu
3368 2937 3642 3009 parentis,
3674 2950 3805 2989 nunc

474 3031 710 3101 Egypto
737 3028 907 3082 rebus
939 3028 1224 3082 vindicare
1249 3028 1513 3098 gratiam,
1547 3045 1676 3084 cum
1708 3029 1849 3084 illud
1876 3029 2093 3084 Mitliri-
2118 3062 2173 3134 Ο
2198 3034 2547 3090 mollioribus
2603 3031 2846 3099 monitis,
2904 3047 3056 3085 nunc
3115 3030 3319 3099 minis;
3380 3034 3445 3084 ut
3497 3045 3622 3102 quae
3669 3027 3807 3099 pacis

474 3122 619 3177 datis
632 3121 865 3192 juvandi
889 3136 1114 3186 munus,
1142 3137 1254 3174 non
1276 3136 1346 3174 ex
1367 3121 1536 3176 insita
1554 3121 1612 3176 in
1638 3123 1911 3178 Caesarem
1933 3123 2098 3180 bene-

474 3216 739 3284 volentia,
769 3215 1036 3270 sedulitas
1066 3215 1172 3268 ulla
1198 3213 1484 3282 detulerit,
1511 3215 1614 3269 sed
1642 3232 1710 3270 ex
1736 3216 2098 3288 Pompeiana

473 3307 821 3364 conscientia
863 3307 1146 3361 societatis
1189 3307 1438 3362 formido
1484 3309 1802 3376 extorserit,
1846 3313 1911 3365 ut
1953 3319 2097 3367 esset.

471 3401 797 3458 offensionis
847 3399 1133 3455 obtentus.
1180 3399 1462 3456 Adversus
1509 3419 1574 3456 ea
1617 3403 1931 3474 Antipater,
1980 3423 2094 3460 non

472 3495 780 3551 verborum
818 3494 1068 3549 referens
1106 3493 1306 3562 vicem,
1339 3494 1438 3549 sed
1475 3511 1662 3551 rerum
1699 3497 2094 3569 assertionem,

472 3589 633 3645 scidit
659 3594 892 3656 vestem,
926 3591 981 3642 et
1014 3587 1947 3662 nudus'vestimentorum,‘plenus
1973 3593 2091 3647 vul-

475 3699 702 3750 ncrum,
743 3682 1031 3738 diloricato
1075 3683 1308 3750 amictu,
1350 3682 1593 3738 offerens
1632 3685 1810 3740 oculis
1853 3685 2094 3741 circum-

471 3777 743 3833 stantium
774 3781 1038 3848 spectatae
1071 3777 1274 3831 indicia
1306 3777 1526 3831 virtutis
1555 3794 1568 3831 :
1605 3779 1707 3846 En,
1737 3778 1942 3849 inquit,
1973 3795 2092 3833 ma-

470 3870 783 3927 levolentia:
815 3885 960 3924 mea:
995 3867 1053 3923 in
1083 3869 1359 3924 Caesarem
1402 3871 1755 3938 testimonia;
1785 3871 2100 3927 defendant

473 3981 660 4032 reum,
687 3980 816 4036 quae
840 3967 1115 4034 tanquam
1148 3963 1324 4018 animi
1353 3963 1569 4018 lumina
1597 3964 1824 4020 micant.
1857 3967 1962 4019 Has
1987 3981 2097 4036 ego

471 4058 761 4113 cicatrices
809 4056 931 4124 tibi,
979 4057 1179 4123 Cresar,
1230 4057 1532 4112 voluntatis
1585 4057 1823 4112 interna:
1875 4059 2098 4113 obsides

474 4150 688 4205 tribuo.
742 4152 870 4204 Haec
923 4166 1028 4221 ego
1078 4149 1206 4204 ﬁdei
1265 4167 1407 4205 mea:
1459 4150 1680 4222 depono
1727 4151 1986 4223 pignora,
2043 4157 2098 4207 et

471 4244 777 4315 inscriptos
800 4242 956 4298 cordi
981 4242 1169 4314 apices
1195 4259 1350 4314 gero.
1375 4243 1431 4298 Si
1451 4243 1662 4298 civibus
1688 4261 1800 4300 non
1824 4245 2094 4312 creditur,

471 4340 667 4393 hostes
697 4337 1144 4408 interrogentur,
1175 4355 1278 4409 pro
1310 4354 1424 4409 quo
1452 4338 1681 4393 vulnera
1709 4339 1804 4393 illa
1831 4356 2092 4412 suscepe-

2199 3131 2388 3184 essent
2425 3126 2613 3198 potius
2650 3140 2827 3196 quam
2865 3124 3019 3191 belli,
3057 3123 3350 3196 sequenda
3390 3122 3804 3185 arbitrarentur,

2201 3238 2341 3277 neve
2382 3224 2785 3290 exasperarent
2824 3218 3084 3272 animum
3128 3217 3302 3288 regis.
3343 3215 3454 3280 Qui
3496 3215 3541 3270 si
3583 3213 3803 3269 inoffen-

2200 3332 2292 3370 sus
2336 3319 2614 3380 maneret,
2657 3313 2840 3366 civem
2889 3314 3205 3382 prtestaret,
3251 3311 3296 3364 si
3348 3313 3806 3368 commoveretur,

2198 3415 2504 3481 tyrannum
2570 3406 2896 3473 exhiberet;
2963 3409 3020 3458 et
3085 3404 3133 3458 si
3196 3403 3351 3458 mitis
3413 3407 3561 3458 esset
3622 3404 3807 3455 natura

2199 3504 2517 3574 Hyrcanus,
2574 3504 2834 3554 caverent
2877 3503 3074 3553 tamen
3139 3513 3209 3551 ne
3277 3513 3412 3550 eum
3474 3491 3807 3551 contumelia

2199 3595 2634 3660 exacerbarent;
2692 3592 2797 3647 sibi
2850 3607 3074 3664 quoque
3125 3589 3380 3645 studium
3440 3605 3595 3650 esse.
3650 3595 3708 3643 ut
3755 3586 3805 3640 in

2201 3689 2445 3745 medium
2513 3687 2863 3754 consuleret,
2921 3700 3024 3755 pro
3084 3683 3464 3738 sollicitudine
3527 3684 3650 3754 pia,
3703 3694 3805 3736 non

2200 3799 2300 3854 pro
2329 3785 2632 3853 potestate.
2669 3779 2778 3834 Sed
2814 3778 2860 3832 si
2900 3793 3105 3834 navare
3145 3775 3337 3847 aliqua
3361 3780 3670 3844 tentarent,
3702 3773 3803 3827 vin-

2199 3874 2424 3931 dicandi
2455 3874 2711 3928 animum
2744 3872 2848 3926 sibi
2879 3887 2994 3926 non
3023 3870 3371 3936 defuturum,
3405 3871 3805 3926 Romanorum-

2198 3985 2310 4042 que
2337 3966 2645 4023 amicitiam
2678 3965 2884 4037 potius,
2911 3979 3080 4035 quam
3119 3962 3571 4017 dominationem
3607 3959 3805 4032 experi-

2197 4068 2417 4117 rentur.
2449 4060 2551 4115 Cui
2577 4059 2729 4114 enim
2764 4057 3003 4113 dubium
3041 4057 3190 4111 foret
3225 4072 3296 4110 ex
3332 4055 3537 4110 amicis
3575 4055 3631 4109 in
3667 4066 3807 4108 arma

2198 4160 2521 4226 erupturos,
2568 4152 2613 4206 si
2661 4167 2794 4208 eum
2847 4151 2936 4206 cui
2982 4165 3225 4222 regnum
3277 4150 3386 4221 ipsi
3441 4149 3804 4208 ﬁrmaverant,

2197 4247 2591 4320 cognovissent
2626 4261 2805 4317 regno
2840 4244 3112 4299 exutum?
3139 4242 3319 4299 Simul
3345 4243 3483 4314 quia
3513 4237 3806 4296 lenitudine

2199 4341 2419 4412 ingenii
2476 4338 2786 4394 tardiorem
2853 4338 3172 4409 Hyrcanum
3233 4343 3475 4390 noverat
3536 4334 3604 4389 ad
3664 4345 3803 4386 exse-

471 4432 602 4486 rim.
633 4430 779 4496 Quid
811 4431 868 4486 in
901 4447 992 4486 me
1023 4431 1196 4498 aliud,
1229 4432 1334 4486 nisi
1364 4431 1538 4486 ﬁdem
1571 4448 1741 4504 quam
1774 4433 1875 4488 tibi
1909 4433 2094 4488 defer-
2116 4422 2176 4494 D
2199 4434 2453 4507 quendas
2500 4432 2854 4504 publicorum
2909 4445 3213 4485 munerum
3265 4429 3646 4493 necessitates,
3693 4422 3806 4478 filiis

473 4541 619 4594 rem,
666 4525 1196 4598 persequebantur?
1241 4529 1311 4579 At
1358 4525 1604 4597 objectat
1651 4527 1794 4581 mihi
1842 4528 2096 4599 Pompeii

474 4619 751 4689 gratiam;
785 4621 986 4686 fateor,
1017 4619 1226 4688 Caesar,
1255 4636 1347 4674 me
1374 4637 1486 4675 non
1514 4619 1830 4687 hominum,
1865 4621 1958 4675 sed
1989 4637 2094 4676 no-

474 4712 612 4767 mini
642 4713 899 4767 Romano
924 4712 1171 4768 amicum
1202 4713 1395 4794 fuisse,
1421 4713 1594 4784 idque
1625 4713 1904 4769 studuisse
1933 4731 2090 4784 egre-

474 4809 589 4882 gie,
621 4813 680 4862 ut
712 4810 911 4861 vestrae
953 4806 1277 4878 reipublicae
1316 4824 1442 4863 mea
1475 4807 1660 4863 ofﬁcia
1698 4807 2093 4879 impenderen-

473 4908 584 4958 tur.
630 4901 853 4958 Militavi
899 4899 1089 4971 itaque
1132 4917 1241 4955 non
1288 4902 1409 4968 uni,
1454 4901 1550 4956 sed
1596 4901 1884 4969 omnibus;
1924 4901 2094 4956 fuerit

472 4997 617 5052 mihi
661 4999 869 5050 charus
914 4993 1235 5066 Pompeius,
1276 4995 1373 5050 sed
1418 4999 1549 5049 ante
1600 4995 1742 5050 mihi
1792 4995 1884 5049 ille
1931 4996 2098 5065 coepit

469 5091 685 5147 amicus
713 5106 854 5158 esse,
883 5105 1056 5161 quam
1087 5090 1287 5146 Caesari
1330 5097 1473 5144 esset
1504 5088 1788 5146 inimicus.
1812 5089 1962 5144 Tuus
2002 5089 2096 5143 ille

472 5201 649 5259 gener
673 5190 813 5253 erat,
849 5188 900 5238 et
929 5190 988 5238 tu
1017 5201 1173 5239 socer
1198 5183 1367 5239 illius.
1397 5186 1537 5238 Cum
1572 5187 1718 5238 esset
1748 5184 1802 5237 in
1839 5183 2097 5254 partibus

466 5281 693 5349 Iudaeae,
726 5281 869 5351 juvi,
911 5285 972 5333 ut
1005 5279 1412 5350 imperatorem
1458 5278 1809 5346 Romanum;
1853 5293 1968 5331 non
2013 5284 2093 5330 ta-

473 5390 606 5430 men
642 5391 706 5429 ea
742 5390 844 5446 pro
889 5373 984 5428 illo
1022 5389 1151 5446 qua:
1187 5389 1289 5444 pro
1333 5377 1406 5439 te,
1447 5370 1640 5442 excepi
1683 5371 1936 5426 vulnera.
1973 5371 2092 5425 Tibi

472 5467 721 5539 impendi
755 5467 922 5521 vades
949 5467 1173 5535 mortis,
1201 5471 1256 5522 et
1289 5467 1434 5520 ictus
1469 5465 1710 5520 telorum
1743 5465 1938 5535 excepi
1970 5464 2093 5518 hos-

474 5561 685 5612 tilium.
723 5563 861 5622 Quid
907 5561 1116 5614 mirum
1160 5566 1373 5627 autem,
1413 5560 1460 5613 si
1503 5559 1758 5630 captivus
1795 5558 2096 5612 vulnerum

477 5652 645 5701 decus
685 5652 902 5705 nescit?
941 5657 999 5705 et
1041 5653 1313 5723 fugitivus
1353 5651 1494 5724 quid
1535 5653 1606 5706 sit
1646 5651 1787 5706 ﬁdes
1829 5651 2098 5721 ignorat?

477 5740 620 5804 Quid
648 5748 833 5792 autem
870 5748 1172 5812 perpetuus
1203 5746 1376 5799 hostis
1405 5746 1628 5815 objiciet
1664 5746 1822 5812 mihi,
1851 5745 1958 5798 nisi
1984 5761 2097 5798 ves-

2198 4529 2310 4583 suis
2359 4526 2723 4582 dividendam
2773 4523 3002 4578 tuendae
3052 4522 3298 4594 regionis
3348 4537 3545 4576 curam
3587 4515 3803 4590 putavit.

2198 4621 2352 4694 quod
2409 4621 2499 4675 ille
2549 4620 2740 4688 impar
2803 4621 2976 4672 tanta:
3039 4616 3180 4670 moli
3237 4615 3592 4686 imperioque
3651 4613 3801 4665 esset.

2197 4714 2498 4770 Phaselum
2555 4714 2746 4784 itaque
2801 4710 3086 4766 seniorem
3143 4725 3215 4763 ex
3271 4708 3466 4763 liberis
3527 4703 3799 4777 praesulem

2201 4806 2602 4878 Hierosolymis
2653 4809 2711 4860 et
2761 4805 2964 4858 ducem
3015 4801 3236 4858 militia:
3286 4799 3601 4856 constituit.
3650 4795 3801 4850 Hero-

2197 4902 2325 4958 dem
2365 4916 2591 4973 quoque
2633 4899 2910 4954 minorem
2951 4900 3090 4952 natu
3129 4900 3300 4968 atque
3341 4892 3646 4949 admodum
3683 4885 3804 4942 ado-

2201 4998 2506 5052 lescentem
2552 4993 2673 5065 pari
2712 4993 2931 5047 honore
2975 4988 3220 5046 Galilaeas
3264 4986 3537 5060 praefecit.
3579 4981 3676 5048 Qui
3716 4977 3800 5034 ubi

2201 5093 2535 5161 potestatem
2598 5086 2840 5158 adeptus
2903 5088 3018 5152 est,
3077 5089 3278 5138 natura
3339 5081 3530 5135 acrior
3591 5075 3656 5129 ad
3709 5070 3796 5126 ob-

2199 5183 2384 5238 eunda
2425 5183 2671 5252 negotia,
2702 5179 2894 5234 statim
2928 5177 3158 5249 ingenio
3197 5192 3295 5229 suo
3339 5171 3629 5228 materiam
3666 5167 3799 5221 inve-

2200 5279 2302 5332 nit.

2797 5367 3016 5422 CAPUT
3063 5365 3215 5422 XXV.

2273 5462 2582 5518 Laborabat
2607 5461 2760 5516 enim
2791 5460 2951 5532 Syria
2989 5457 3239 5514 Ezechiae
3277 5452 3513 5511 latronis
3549 5444 3793 5506 incursio-

2202 5559 2383 5612 nibus.
2425 5557 2639 5622 Quibus
2679 5555 2774 5610 ille
2814 5553 3168 5626 praedatorias
3199 5551 3391 5606 manui
3431 5547 3679 5620 princeps
3712 5544 3788 5594 to-

2197 5656 2314 5706 tam
2369 5649 2672 5705 infestabat
2717 5646 3087 5720 provinciam,
3142 5649 3308 5716 atque
3366 5639 3624 5696 omnibus
3671 5629 3789 5685 locis

2201 5744 2450 5798 infensus
2471 5748 2614 5798 erat.
2643 5742 2828 5807 Quem
2857 5747 3179 5812 correptum
3194 5730 3641 5809 jugularijussit,
3660 5721 3785 5782 mul-
