4072 6192
277 238 417 289 2085

1318 238 1408 296 DE
1448 240 1716 297 EXCIDIO
1754 239 1955 297 URBIS
1992 237 2353 293 HIEROSOL.
2398 239 2524 293 LIB;
2568 238 2608 294 l.

3502 249 3636 303 2086

274 365 477 432 tosque
502 361 838 433 praedonum
868 332 1160 419 interemit
1190 382 1204 419 :
1234 365 1385 438 quod
1421 366 1473 420 ei
1498 382 1771 438 magnam
1797 365 1903 419 vir-
1925 379 1985 449 Α
2009 366 2155 434 (quae
2190 362 2483 417 tractando
2510 362 2699 434 alitur)
2730 365 2941 420 excitus
2972 368 3243 438 Herodes,
3281 378 3632 443 congregato

275 454 417 508 tutis
445 453 692 524 gloriam
719 456 960 529 peperit,
990 460 1055 512 ut
1095 457 1332 515 haberet
1372 460 1523 532 apud
1564 460 1730 532 Syros
1772 476 1900 532 gra-

276 547 438 602 tiam.
475 547 635 604 Unde
666 549 724 605 in
754 549 988 631 urbibus
1021 568 1085 607 ac
1127 551 1261 608 vicis
1306 554 1635 610 canentium
1678 554 1907 610 vocibus

274 641 689 713 celebrabatur,
745 644 907 716 quasi
958 662 1158 718 pacem
1213 650 1270 702 et
1321 648 1568 720 quietem
1616 648 1902 720 publicam

273 735 463 791 multa
503 741 634 807 post
677 742 937 810 tempora
986 740 1429 797 reformavisset.
1479 740 1771 798 Excitabat
1814 741 1905 797 hic

272 844 470 884 sermo
507 829 758 885 secundo
792 831 973 903 plebis
1008 849 1245 890 rumore
1282 834 1711 891 aemulationem
1749 835 1905 908 piam

272 922 464 976 laudis
500 922 788 993 fraternae,
827 927 890 980 ut
921 926 1192 982 Phaselus
1213 927 1508 999 juniorem
1542 934 1701 997 natu,
1733 945 1902 1001 quem

268 1014 606 1087 adequaret
632 1018 841 1072 mentis
860 1018 1231 1092 benignitate,
1257 1020 1471 1077 allectis
1492 1022 1554 1077 in
1575 1022 1901 1094 primorum

269 1108 466 1163 locum
518 1108 919 1167 benevolentia
975 1113 1494 1184 pmstantioribus,
1554 1115 1653 1187 qui
1710 1131 1904 1171 severa

270 1205 666 1285 temperarent
693 1204 900 1275 gratia.
932 1205 1095 1262 Unde
1123 1212 1181 1261 et
1211 1208 1485 1263 maximus
1522 1208 1707 1264 honor
1742 1209 1899 1264 Anti-

268 1300 467 1366 patro,
522 1296 682 1368 quasi
738 1299 961 1370 parenti
1023 1300 1278 1371 publico,
1332 1300 1723 1370 deferebatur;
1783 1302 1903 1373 ipse

270 1394 474 1444 tamen
502 1388 642 1445 nihil
684 1389 753 1447 de
790 1391 1181 1448 benevolentia
1222 1410 1286 1448 ac
1330 1393 1440 1449 fide
1486 1395 1745 1463 mutavit,
1791 1412 1903 1467 qua

267 1481 572 1537 observare
618 1483 940 1554 Hyrcanum
977 1486 1176 1542 solitus
1201 1492 1340 1542 erat.
1388 1487 1495 1543 Sed
1542 1487 1777 1544 difficile
1817 1491 1903 1543 est

267 1575 327 1628 in
363 1576 654 1647 prosperis
690 1577 899 1634 invidia
936 1594 1153 1636 carere.
1184 1579 1436 1652 Denique
1469 1581 1723 1652 primum
1758 1582 1897 1638 taci—

269 1672 367 1722 tus
391 1669 685 1740 Hyrcanus
704 1670 779 1726 ad
794 1672 1071 1743 juvenum
1097 1672 1294 1729 laudes
1316 1673 1710 1743 vellicabatur;
1740 1675 1901 1731 vehe-

2008 455 2256 511 exercilu
2298 455 2570 527 pergebat
2607 456 3078 530 Hierosolymam,
3118 465 3184 514 ut
3227 463 3467 519 solveret
3505 481 3632 520 om-

2006 565 2134 604 nem
2169 549 2411 620 Hyrcani
2451 553 2812 621 potestatem,
2845 567 2911 606 ac
2948 568 3095 622 pene
3127 552 3411 621 effecerat,
3454 558 3560 612 nisi
3599 576 3632 613 a

2009 643 2177 698 fratre
2205 642 2481 698 infractus
2509 649 2567 698 et
2587 646 2767 714 patre,
2797 644 3044 716 impetus
3072 646 3195 716 ejus
3221 651 3631 716 consenuisset,

2006 735 2359 806 rogantibus,
2393 740 2454 790 ut
2484 735 2857 792 insurrexisse
2886 738 3025 792 satis
3056 743 3299 810 putaret,
3329 745 3387 795 et
3415 743 3633 797 minita-

2006 828 2156 884 tione
2201 828 2459 884 vindicta:
2496 829 2732 885 modum
2775 834 3050 901 poneret;
3084 832 3397 889 abstineret
3439 840 3631 892 tamen

2006 922 2076 977 ab
2116 922 2479 994 imperatoris
2518 922 2713 991 exitio,
2746 923 2852 978 sub
2880 939 2996 995 quo
3024 940 3137 979 non
3174 926 3519 983 mediocrem
3545 945 3631 983 as-

2004 1017 2229 1069 secutus
2261 1016 2408 1070 foret
2438 1014 2702 1086 gratiam,
2731 1021 2797 1070 ut
2821 1021 3041 1072 tantam
3081 1022 3422 1089 potestatem
3460 1021 3635 1093 adipi-

2004 1111 2318 1186 scerentur,
2350 1108 2551 1163 laesum
2589 1108 2822 1180 quidem
2860 1110 3061 1178 videri,
3089 1111 3244 1182 quod
3269 1112 3328 1167 in
3348 1113 3635 1184 judicium

2002 1204 2230 1256 vocatus
2266 1201 2356 1269 sit,
2390 1201 2492 1256 sed
2524 1218 2719 1257 rursus
2754 1201 3015 1258 aﬂ'ectum
3049 1205 3257 1275 gratia,
3289 1207 3442 1279 quod
3468 1208 3631 1263 abso-

2002 1294 2153 1349 lutus
2186 1314 2199 1350 :
2231 1295 2438 1349 durum
2484 1294 2677 1363 nimis,
2718 1295 2765 1350 si
2817 1295 3085 1367 injuriam
3130 1307 3531 1372 prosequatur,
3577 1308 3634 1357 et

2002 1403 2107 1458 pro
2137 1388 2321 1442 salute
2359 1386 2616 1460 ingratus
2644 1389 2714 1444 sit
2743 1406 2756 1443 :
2783 1388 3020 1445 dubium
3051 1390 3256 1447 deinde
3292 1394 3627 1465 ancipitem-

2001 1495 2111 1552 que
2165 1480 2447 1536 bellorum
2496 1485 2759 1537 eventum
2801 1497 3078 1553 :gravem
3133 1499 3357 1556 quoque
3403 1487 3631 1543 invidie

2001 1573 2301 1640 sarcinam,
2333 1591 2461 1629 cum
2503 1573 2842 1647 imperatori
2882 1592 2984 1631 suo
3024 1593 3181 1632 arma
3222 1579 3448 1648 inferat,
3483 1584 3540 1634 et
3576 1582 3627 1635 ei

2001 1666 2100 1738 qui
2158 1670 2400 1738 paterno
2449 1667 2653 1723 affectu
2699 1684 2830 1723 eum
2882 1668 3102 1734 foverit,
3158 1671 3361 1742 saepius
3396 1673 3630 1743 juverit,

270 1738 529 1817 mentitis
556 1738 928 1836 tamen‘e'nm’
955 1782 1083 1838 qua
1124 1767 1391 1839 praelate
1432 1773 1591 1839 gesta
1628 1767 1685 1823 in
1725 1738 1977 1823 Hero-B
2001 1776 2300 1831 nunquam
2324 1760 2553 1828 laeserit,
2586 1761 2698 1816 nisi
2734 1777 2862 1816 cum
2904 1762 3067 1817 malis
3107 1764 3439 1820 consiliariis
3473 1783 3628 1833 usus,

268 1854 360 1910 dis
390 1855 656 1926 operibus
694 1857 1045 1929 ferebantur,
1082 1860 1511 1932 exasperabant,
1541 1877 1712 1933 quem
1755 1862 1902 1918 ultra

266 1948 432 2021 leges
487 1948 817 2006 Judworum
870 1955 929 2007 et
976 1953 1182 2024 privati
1239 1954 1475 2010 modum
1528 1971 1897 2027 progressum

266 2039 516 2111 videbat,
552 2046 617 2097 ut
652 2059 881 2099 omnem
911 2044 1018 2099 sibi
1044 2062 1175 2101 cum
1217 2047 1390 2102 fratre
1427 2063 1492 2102 ac
1521 2053 1683 2118 patre
1714 2047 1898 2104 vindi-

267 2137 429 2189 caret
452 2136 785 2206 potentiam,
812 2153 1124 2212 regemque
1151 2146 1428 2196 exuerent
1467 2140 1630 2196 omni
1660 2141 1897 2207 honore,

266 2226 362 2281 cui
403 2227 549 2282 nihil
591 2234 797 2300 praeter
834 2247 1046 2287 nomen
1093 2231 1414 2301 resedisset,
1461 2234 1612 2306 quod
1661 2250 1900 2290 vacuum

264 2321 560 2392 potestatis
596 2322 828 2379 inanem
863 2324 1111 2395 speciem
1151 2325 1467 2397 praeferret.
1509 2327 1767 2400 Denique
1811 2327 1898 2383 in-

264 2414 530 2470 consulto
578 2431 644 2471 eo
696 2416 977 2488 plurimos
1029 2419 1157 2474 neci
1207 2420 1370 2475 datos
1431 2421 1553 2475 sine
1620 2421 1899 2476 mandatis

266 2508 563 2579 regalibus
590 2509 937 2578 interfectos,
977 2528 1121 2584 quos
1164 2512 1253 2568 lex
1296 2518 1522 2584 patrum
1552 2514 1742 2585 perire
1786 2532 1899 2569 non

267 2602 529 2656 sineret:
557 2601 710 2657 unde
735 2610 997 2675 oportere
1037 2605 1315 2661 Herodem
1349 2606 1406 2661 in
1449 2623 1676 2662 causam
1716 2608 1898 2662 vocari

267 2693 530 2764 plerique
567 2694 821 2763 aiebant,
869 2701 931 2752 ut
984 2698 1263 2754 rationem
1310 2699 1504 2769 daret,
1553 2717 1669 2772 qua
1717 2701 1901 2772 gratia

266 2786 567 2841 violaverit
591 2787 802 2859 legem,
824 2805 953 2861 quae
978 2790 1263 2847 inauditos
1288 2796 1506 2848 vetaret
1530 2793 1706 2848 exitio
1731 2793 1854 2848 dari
1882 2812 1895 2849 :

269 2877 482 2933 debere
534 2896 833 2953 assurgere
885 2884 1241 2955 Hyrcanum,
1297 2886 1384 2939 vel
1434 2885 1567 2940 hinc
1622 2886 1895 2956 experiri,

269 2975 464 3027 utrum
497 2988 694 3045 regem
723 2990 794 3030 an
823 2975 1104 3046 privatum
1135 2993 1255 3031 sese
1296 2978 1539 3033 Herodes
1568 2984 1752 3050 gerat.
1790 2978 1896 3044 Qui

267 3068 497 3120 vocatus
525 3066 586 3121 in
614 3066 897 3137 judicium
935 3068 1042 3125 nisi
1078 3069 1322 3136 adesset,
1351 3071 1722 3126 manifestum
1753 3072 1894 3139 fore,
1920 3102 1975 3175 C

267 3173 386 3230 quo
441 3160 598 3214 tanta
639 3160 762 3230 ejus
801 3161 1107 3218 insolentia
1151 3163 1528 3235 aspiravisset.
1580 3164 1676 3218 His
1727 3171 1897 3237 atque

266 3250 595 3321 hujusmodi
622 3253 917 3324 regiorum
957 3255 1263 3311 satellitum
1300 3257 1659 3312 sermonibus
1692 3258 1895 3329 Hyrca-

268 3360 378 3399 nus
407 3361 513 3416 per
548 3345 819 3402 invidiam
858 3348 1130 3418 paulatim
1170 3349 1609 3418 accendebatur,
1638 3350 1736 3423 qui
1764 3367 1898 3424 pro-

266 3438 520 3509 priorem
561 3438 797 3510 ignavias
827 3441 1108 3511 pudorem
1150 3442 1587 3514 increpitabant,
1617 3445 1770 3516 quod
1820 3462 1899 3501 re-

268 3531 485 3602 galium
540 3532 909 3603 negotiorum
952 3534 1082 3605 jure
1135 3534 1462 3605 decesserit,
1508 3538 1789 3593 transfusa
1841 3540 1899 3593 in

266 3624 631 3696 Antipatrum
674 3631 732 3680 et
772 3625 918 3682 ﬁlios
959 3626 1080 3698 ejus
1123 3630 1417 3698 potestate,
1460 3646 1603 3701 quos
1642 3630 1900 3687 dominos

267 3717 631 3787 constituerit
671 3718 905 3774 licentia
943 3719 1046 3774 sibi
1087 3720 1367 3792 regnandi
1406 3721 1732 3779 imminuta.
1770 3722 1901 3788 Qui-

263 3810 373 3866 bus
410 3811 647 3878 excitus,
692 3811 890 3867 statuit
935 3812 1216 3869 Herodem
1248 3814 1469 3885 judicio
1510 3832 1612 3870 suo
1654 3832 1770 3871 non
1808 3817 1901 3873 de-

266 3904 391 3959 fore
444 3910 864 3977 purgaturum,
910 3922 1038 3977 quze
1092 3907 1391 3963 adversum
1439 3908 1591 3979 leges
1636 3913 1901 3981 usurpata

264 3996 711 4067 objectarentur.
762 3998 1007 4054 Herodes
1047 4000 1273 4055 tametsi
1314 4000 1374 4056 in
1399 4002 1677 4072 judicium
1722 4020 1782 4057 se
1814 4020 1901 4057 vo-

263 4092 460 4144 catum
498 4089 915 4161 indignaretur,
958 4097 1149 4147 tamen
1187 4093 1276 4147 vel
1314 4081 1491 4164 patris
1534 4095 1781 4163 monitis,
1813 4096 1898 4152 vel

262 4181 504 4237 consilio
544 4183 856 4263 placidiora
898 4183 1263 4254 adventabat,
1306 4188 1713 4259 praeoccupatis
1750 4189 1894 4244 Gali-

264 4275 388 4330 laete
458 4276 907 4347 munitionibus;
968 4278 1065 4333 sed
1133 4284 1318 4334 tamen
1383 4296 1570 4352 neque
1627 4281 1900 4338 invidioso

263 4368 519 4440 agmine,
550 4372 612 4424 ut
636 4369 847 4424 bellum
881 4371 1092 4425 minari
1122 4371 1427 4438 videretur,
1464 4389 1568 4428 nec
1598 4373 1806 4429 iterum
1842 4376 1898 4431 in

1998 1852 2262 1907 umbram
2307 1854 2358 1907 ei
2407 1852 2734 1908 excitaverit
2783 1854 3125 1927 iniquitatis,
3177 1873 3290 1927 qua
3331 1873 3388 1913 se
3440 1859 3629 1914 lusum

2002 1945 2394 2001 arbitraretur.

2600 2018 2821 2073 CAPUT
2857 2018 3036 2075 XXVI.

2078 2131 2170 2185 His
2212 2140 2269 2187 et
2313 2132 2515 2187 talibus
2555 2132 2778 2204 fregere
2814 2135 3129 2205 juvenilem
3166 2137 3466 2208 impetum,
3508 2138 3631 2192 bel-

2002 2225 2232 2295 lumque
2259 2225 2593 2281 intestinum
2617 2243 2650 2281 a
2670 2228 2863 2283 Iudaea
2890 2231 3199 2299 remotum,
3222 2228 3324 2285 sed
3352 2231 3637 2287 Romano-

2000 2334 2128 2372 rum
2154 2317 2575 2374 interventione
2601 2321 2952 2376 transfusum
2976 2326 3149 2393 atque
3174 2323 3233 2377 in
3256 2339 3354 2379 eos
3381 2340 3628 2380 versum.

2001 2410 2294 2483 Siquidem
2335 2430 2366 2466 a
2402 2411 2625 2467 Caecilio
2670 2413 2839 2469 Basso
2883 2414 3086 2470 Sextus
3132 2416 3320 2470 Caesar
3367 2417 3497 2472 dolo
3543 2419 3633 2473 in-

2001 2510 2319 2576 teremptus
2360 2508 2479 2573 est;
2523 2510 2578 2560 et
2620 2511 2812 2576 postea
2848 2506 3027 2562 Julius
3065 2509 3253 2563 Caesar
3291 2509 3543 2565 triennio
3575 2515 3631 2566 et

2001 2601 2221 2668 septem
2262 2598 2548 2653 mensibus
2590 2601 2863 2670 potestate
2905 2600 3133 2655 functus
3169 2608 3463 2674 perpetua,
3498 2606 3633 2676 quia

2000 2690 2199 2761 privati
2232 2690 2494 2746 habitum
2524 2682 2922 2764 supergressus
2943 2693 3149 2763 fuerat,
3183 2696 3238 2750 in
3272 2703 3473 2751 senatu
3505 2713 3634 2768 gra-

2002 2800 2095 2839 ves
2125 2799 2319 2855 paenae
2350 2784 2531 2855 dedit,
2562 2787 2749 2843 Cassio
2780 2788 3063 2860 Brutoque
3094 2790 3437 2846 auctoribus.
3477 2791 3631 2848 Unde

2001 2878 2359 2950 congregatis
2410 2878 2678 2948 urbibus,
2725 2896 2855 2935 cum
2904 2881 3087 2936 ultum
3142 2882 3208 2937 iri
3258 2883 3408 2938 ﬁlius
3454 2884 3632 2940 Julius

1999 2971 2299 3043 adoptivus
2355 2972 2530 3043 patris
2586 2972 2861 3041 exitium,
2911 2973 3180 3045 adjuncto
3229 2976 3335 3031 sibi
3383 2979 3633 3033 Antonio

2000 3064 2413 3132 destinavisset,
2457 3066 2588 3137 quia
2631 3067 2936 3121 maximam
2981 3068 3115 3122 belli
3155 3075 3401 3140 partem,
3449 3070 3635 3126 missis

1996 3159 2239 3224 auxiliis,
2281 3159 2523 3214 Herodes
2554 3159 2769 3232 juvisse
2806 3160 3203 3230 mstimaretur,
3245 3162 3417 3218 totius
3455 3164 3631 3236 Syriae

2000 3251 2182 3307 eidem
2229 3252 2497 3324 regenda:
2536 3254 2839 3308 commissa
2874 3260 2956 3310 est
2996 3255 3333 3311 sollicitudo.
3367 3258 3503 3322 Qua:
3547 3274 3633 3312 res

2000 3345 2298 3417 Antipatro
2329 3362 2493 3401 causa
2518 3347 2745 3403 lethalis
2772 3348 2932 3405 exitii
2958 3349 3087 3404 fuit.

2585 3441 2807 3498 CAPUT
2843 3443 3036 3498 XXVII.

2070 3526 2293 3580 Timens
2320 3527 2475 3582 enim
2514 3528 2798 3585 Malechus
2836 3531 3121 3602 Antipatri
3163 3533 3479 3603 potentiam
3506 3552 3632 3608 qua-

2002 3619 2207 3674 virtute
2250 3620 2479 3675 Herodis
2511 3622 2927 3690 cumulabatur,
2973 3631 3239 3696 corrupto
3279 3642 3394 3680 uno
3435 3627 3506 3681 de
3540 3645 3630 3682 re-

2003 3712 2227 3782 galibus
2256 3713 2551 3780 ministris,
2583 3716 2885 3787 Antipatro
2915 3733 3201 3772 venenum
3239 3719 3477 3789 paravit.
3509 3722 3633 3784 Quo

2005 3809 2225 3876 potato,
2266 3810 2394 3877 post
2423 3807 2744 3862 convivium
2785 3810 2977 3864 statim
3020 3810 3265 3865 moritur
3308 3811 3631 3882 Antipater,

2001 3898 2249 3969 impigro
2278 3900 2335 3954 in
2376 3899 2599 3954 caeteris
2634 3900 2887 3972 ingenio,
2932 3907 2989 3957 et
3029 3902 3273 3959 maxime
3317 3906 3634 3975 querendo

2003 3991 2455 4064 stabiliendoque
2495 3993 2738 4065 Hyrcani
2773 3995 3017 4067 imperio
3054 3996 3139 4051 vir
3167 4003 3452 4052 strenuus.
3486 3999 3635 4052 Tulit

2001 4087 2250 4157 graviter
2272 4086 2522 4142 Herodes
2549 4087 2769 4143 obitum
2805 4089 2998 4159 patris,
3031 4095 3436 4163 commotoque
3467 4108 3629 4147 exer-

2001 4180 2136 4247 citu,
2194 4180 2435 4236 ultorem
2489 4181 2894 4252 pollicebatur;
2945 4183 3043 4238 sed
3092 4184 3343 4240 fraterno
3396 4186 3631 4242 consilio

2002 4278 2317 4343 revocatus,
2352 4291 2421 4330 ne
2451 4273 2599 4330 bello
2636 4275 2905 4331 intestino
2934 4278 3129 4331 .ludaPa
3166 4278 3316 4333 inter
3357 4280 3635 4335 Herodem

2001 4375 2056 4422 et
2085 4368 2398 4424 Malacbum
2432 4374 2743 4431 vexaretur,
2776 4374 2976 4440 parato
3007 4371 3076 4424 ad
3113 4374 3549 4443 repugnandum
3579 4380 3636 4428 et

266 4466 390 4516 tuto
425 4462 715 4534 praesidio,
748 4467 814 4517 ut
852 4464 1091 4520 salutem
1118 4465 1389 4536 proderet
1418 4485 1429 4520 ε
1460 4466 1638 4522 fultus
1675 4467 1979 4540 quoqueD
2002 4460 2247 4516 maxime
2275 4462 2661 4518 dissimulante
2697 4463 2967 4529 Malacho,
3013 4463 3163 4533 quod
3205 4465 3360 4519 necis
3399 4467 3630 4536 Antipa-

263 4555 417 4610 Sexti
459 4555 697 4611 Caesaris
732 4561 853 4611 erat
895 4557 1182 4628 aspirante
1223 4558 1329 4613 sibi
1368 4560 1597 4631 gratia:
1635 4561 1735 4632 qui
1778 4578 1898 4616 me-

266 4652 438 4704 tuens
469 4663 543 4703 ne
580 4648 721 4720 quid
752 4649 953 4721 juveni
994 4650 1327 4707 insidiarum
1360 4652 1732 4724 irrogaretur,
1762 4672 1902 4726 pras-

262 4742 573 4812 scripserat
597 4742 854 4813 Hyrcano
886 4743 1168 4799 mandatis
1202 4745 1594 4814 severioribus,
1638 4751 1701 4802 ut
1736 4764 1770 4802 a
1806 4752 1898 4819 ju-

260 4834 397 4889 dicii
431 4834 712 4906 gravioris
731 4836 985 4908 periculo
1008 4836 1440 4909 temperandum
1468 4845 1711 4910 putaret.
1743 4841 1901 4897 Unde

257 4928 455 5000 magis
509 4928 921 4984 absolutionem
968 4930 1169 5001 judicii
1228 4931 1399 4988 Sexto
1464 4932 1671 4989 detulit
1722 4951 1899 5007 quam

258 5022 577 5092 voluntati;
626 5022 883 5094 quamvis
932 5025 1239 5095 Hyrcanus,
1287 5026 1391 5080 etsi
1441 5026 1903 5082 insimulantibus

260 5118 537 5183 cesserat,
578 5120 643 5171 ut
681 5131 816 5172 eum
859 5116 919 5171 in
965 5133 1194 5173 causam
1239 5123 1488 5189 vocaret,
1535 5121 1734 5175 volens
1777 5126 1901 5176 tum

260 5207 594 5277 absolverit,
640 5209 915 5281 quoniam
954 5225 1180 5267 servare
1224 5211 1366 5268 hero
1411 5229 1586 5286 quam
1636 5214 1901 5287 persequi

265 5301 542 5357 malebat.
581 5301 689 5358 Sed
730 5303 826 5359 ille
858 5304 1099 5377 juvenili
1145 5306 1330 5362 calore
1376 5306 1643 5378 injuriam
1682 5307 1899 5375 dolens,

265 5393 645 5475 absolutionis
676 5397 961 5470 ingratus,
1007 5399 1258 5470 perrexit
1298 5401 1367 5455 ad
1414 5403 1649 5458 Sextum
1687 5419 1899 5475 pr0po-

268 5472 374 5543 sito
413 5489 624 5557 studio,
660 5493 722 5545 ut
758 5490 805 5547 si
842 5491 1052 5547 iterum
1094 5498 1410 5563 vocaretur,
1458 5511 1571 5550 non
1622 5494 1899 5563 obediret,

268 5580 539 5653 deditque
566 5582 1015 5641 obtrectantibus
1040 5570 1417 5643 insimulandi
1444 5589 1631 5643 locum
1663 5608 1674 5642 :
1706 5605 1901 5660 quam-

268 5673 349 5729 vis
407 5675 695 5747 Hyrcanus
746 5693 864 5733 non
913 5685 1240 5752 assurgeret
1287 5681 1361 5736 ad
1413 5681 1712 5749 ultionem,
1766 5697 1898 5736 cum

273 5767 487 5823 videret
545 5770 918 5851 superiorem,
971 5773 1369 5831 recordatione
1420 5779 1613 5829 tamen
1673 5773 1901 5846 injurias

2004 4553 2075 4608 tri
2117 4554 2373 4609 conscius
2419 4554 2598 4623 foret;
2649 4556 2708 4609 in
2758 4555 2915 4609 aliud
2964 4570 3144 4627 genus
3196 4556 3425 4611 ultionis
3471 4558 3632 4613 facile

2004 4646 2298 4701 traductus
2337 4650 2442 4714 est,
2482 4653 2545 4703 ut
2583 4647 2961 4704 satisfactione
3005 4656 3239 4720 accepta
3282 4650 3437 4722 quod
3482 4652 3634 4707 nulla

2002 4740 2201 4795 fraude
2256 4739 2488 4795 Malachi
2541 4740 2837 4813 Antipater
2889 4741 3149 4803 obiisset.
3205 4744 3524 4814 Hyrcanum
3571 4762 3633 4799 ac

2002 4834 2317 4889 Malachum
2354 4834 2597 4889 Herodes
2638 4833 2711 4889 ad
2747 4850 2970 4890 coenam
3014 4843 3258 4903 vocaret,
3302 4843 3360 4891 et
3399 4839 3468 4892 de
3499 4854 3630 4891 seu.

2005 4927 2179 4982 tentia
2204 4927 2402 4997 Cassii,
2428 4928 2526 5000 qui
2559 4927 2730 4983 etiam
2762 4929 2876 4983 suis
2916 4929 2969 4983 id
3015 4930 3229 5002 negotii
3261 4931 3633 4985 mandaverat

2003 5021 2075 5075 ab
2116 5021 2442 5077 obeundam
2492 5022 2761 5078 ultionem
2805 5022 3033 5078 directis
3062 5040 3088 5078 ’τ
3120 5022 3300 5095 parati
3342 5024 3630 5077 centurio.

2003 5131 2104 5169 nes
2158 5114 2560 5187 prazpositique
2616 5116 2861 5171 Romani
2916 5116 3222 5184 exercitus,
3280 5115 3636 5172 venientibus

2004 5208 2259 5279 Hyrcano
2313 5206 2480 5262 simul
2532 5224 2598 5263 ac
2645 5207 2900 5265 Malacho
2952 5225 3248 5265 occurrere
3307 5209 3363 5263 in
3416 5208 3632 5278 littore,

2003 5307 2175 5373 atque
2219 5301 2532 5373 evaginatis
2568 5301 2781 5374 gladiis
2812 5306 3119 5375 utrumque
3158 5318 3360 5358 eorum
3402 5302 3637 5363 circum-

2001 5400 2228 5452 stetere.
2255 5395 2452 5452 Solum
2485 5398 2676 5452 tamen
2712 5395 3030 5451 Malacbum
3074 5395 3272 5451 multis
3307 5396 3635 5452 vulneribus

2001 5489 2323 5545 confossum
2368 5506 2435 5545 ac
2470 5489 2749 5544 laniatum
2789 5505 3052 5561 supremo
3093 5489 3268 5545 exitio
3315 5490 3631 5547 trucidave-

2002 5591 2160 5641 runt.
2208 5587 2617 5642 Consternatus
2667 5599 2735 5638 eo
2782 5586 2998 5639 terrore
3049 5583 3357 5655 Hyrcanus,
3406 5586 3632 5640 sensum

2000 5679 2211 5748 amisit,
2238 5681 2412 5749 atque
2445 5676 2610 5732 omni
2637 5675 2856 5732 solutus
2880 5675 3079 5748 vigore
3107 5678 3317 5733 mentis
3346 5680 3405 5733 et
3430 5694 3634 5751 corpo-

2002 5772 2077 5827 ris
2114 5771 2347 5826 corruit.
2392 5770 2680 5844 Paulisper
2723 5776 2914 5827 tamen
2958 5767 3058 5826 ubi
3104 5787 3226 5827 sese
3271 5772 3504 5846 recepit,
3548 5772 3633 5828 in-
