4000 6166
495 240 627 292 2087

1965 237 2017 287 S.
2063 230 2374 289 AMBIIUSII

3655 248 3747 299 Ἦ)εεί

493 365 777 430 terrogato
820 362 1058 429 Herode,
1093 363 1220 432 quis
1264 363 1627 433 praecepisset
1669 363 1980 416 Malachum
2025 378 2117 414 oc-
2143 362 2618 446 Aadvenientem
2654 363 2707 415 in
2747 362 2997 417 Iudaeam
3040 361 3356 432 gratissime
3387 363 3505 418 satis
3535 369 3754 439 Antipater

491 453 620 521 cidi,
678 453 772 508 ubi
825 454 1089 525 cognovit
1141 471 1208 508 ex
1265 455 1600 526 praepositis,
1655 455 1829 511 Cassii
1880 454 2117 509 Romani
2222 453 2469 524 hospitio
2501 456 2735 527 recepit,
2768 455 3075 525 multisque
3108 457 3389 526 percoluit
3413 457 3752 525 ofﬁciis;tlero-

493 547 855 618 imperatoris
889 548 1054 618 jussu
1096 553 1381 615 necatum,
1426 549 1573 604 illico
1613 548 1898 620 respondit
1939 567 1950 602 :
1994 549 2119 602 Cas-

493 640 606 696 sius
643 657 780 713 ergo
822 646 879 695 et
914 641 1080 710 mihi,
1112 644 1168 696 et
1197 643 1396 714 patriae
1439 658 1583 696 meae
1626 641 1796 696 saluti
1841 641 1965 703 fuit,
2018 641 2114 712 qui

496 734 788 805 utriusque
821 733 1210 790 insidiatorem
1247 735 1512 806 peremit.
1551 735 1658 790 Sed
1707 735 1809 788 hoc
1855 735 1968 788 sive
1999 751 2117 806 pl‘tB

490 832 647 881 metu
679 827 906 894 dixerit,
941 827 1054 881 sive
1102 829 1178 882 ita
1216 828 1458 882 senserit
1511 830 1821 897 Hyrcanus,
1864 828 2010 881 haud
2051 827 2114 880 li-

487 920 658 991 quido
699 924 872 990 patet,
921 937 1106 991 neque
1148 925 1339 975 nostro
1384 920 1607 974 definiri
1649 923 1838 991 potest
1875 920 2112 991 judicio.

488 1016 870 1068 lnsurrexerat
933 1013 1183 1080 Elichus,
1239 1015 1335 1085 qui
1384 1013 1633 1068 fraterna
1694 1013 2112 1070 necessitudine

486 1106 719 1160 Malachi
765 1111 1008 1160 mortem
1056 1113 1289 1176 cuperet
1331 1106 1556 1172 ulcisci;
1610 1107 1706 1161 sed
1761 1106 1891 1178 quia
1939 1108 2112 1160 Hero-

487 1199 618 1254 dem
655 1198 932 1253 lacessere
975 1217 1088 1255 non
1123 1199 1391 1266 audebat,
1432 1199 1663 1254 fratrem
1691 1199 1867 1271 ipsius
1909 1199 2110 1254 Phase-

485 1294 600 1346 lum
637 1292 1024 1347 lacessendum
1063 1291 1468 1347 arbitrabatur.
1503 1293 1623 1357 Quo
1657 1292 1908 1363 cognito,
1942 1294 2109 1346 Hero-

485 1385 582 1439 des
616 1402 844 1440 movere
883 1403 942 1440 se
980 1387 1236 1456 cupiens,
1265 1391 1518 1441 retentus
1555 1389 1639 1440 est
1669 1386 1916 1457 corporis
1949 1386 2110 1439 inﬁr-

485 1479 699 1533 mitate.
759 1479 985 1533 Elichus
1039 1479 1257 1534 interea
1314 1479 1664 1534 munitiones
1719 1480 1997 1550 quasdam
2057 1483 2111 1533 et

483 1573 761 1643 praecipue
799 1572 1110 1627 Massadam
1155 1572 1432 1643 impositis
1473 1572 1754 1643 praesidiis
1794 1588 2106 1644 occupave-

484 1670 588 1720 rat.
635 1665 746 1720 Sed
783 1665 880 1719 ubi
922 1665 1129 1720 Herodi
1175 1665 1400 1720 refusus
1443 1666 1641 1720 salutis
1679 1666 1839 1737 vigor
1876 1672 1979 1732 est,
2017 1682 2106 1720 re-

2222 547 2352 602 dem
2402 553 2458 602 et
2506 548 2808 602 Phaselum
2853 548 3166 602 tetrarchas
3214 549 3498 616 ordinavit,
3541 553 3756 625 totiusque

2217 641 2424 695 Iudaeae
2449 642 2904 712 procurationem
2930 657 3099 713 agere
3128 642 3415 714 praecepit.
3445 643 3561 698 Hinc
3585 662 3761 717 quoque

2220 734 2622 806 multiplicatus
2679 741 2763 788 est
2820 751 3093 790 numerus
3146 737 3612 806 conquerentium;
3661 756 3760 794 nam

2220 827 2323 881 etsi
2360 827 2499 881 alios
2542 828 2862 898 legatorum
2893 827 3144 882 custodia
3185 833 3491 898 receperat,
3518 830 3633 884 alios
3660 832 3764 886 atie-

2218 922 2370 973 cerat
2393 920 2756 985 contumelia,
2800 921 2879 975 illi
2913 927 3101 975 tamen
3137 925 3330 992 postea
3356 922 3518 991 legati
3549 923 3604 977 ad
3633 929 3764 979 Anto-

2219 1013 2382 1066 nium
2421 1013 2479 1066 in
2523 1013 2658 1068 urbe
2699 1015 2844 1084 Tyro
2883 1014 3213 1084 degentem,
3260 1013 3407 1068 facta
3446 1014 3773 1087 Hierosolymis

2217 1105 2512 1171 seditione,
2557 1122 2799 1178 pergere
2841 1107 3134 1177 praecepit,
3167 1105 3442 1160 voluntati
3474 1107 3646 1162 civium
3683 1125 3768 1163 non

2216 1196 2538 1251 defuerunt.
2586 1199 2653 1252 Et
2689 1199 2944 1269 quamvis
2976 1197 3222 1268 graviter
3252 1201 3402 1253 esset
3437 1200 3489 1252 in
3528 1200 3784 1255 reclaman-'

2213 1295 2296 1344 tes
2355 1291 2734 1356 vindicatum,
2801 1308 2994 1345 rursus
3050 1295 3242 1346 tamen
3305 1297 3630 1363 pcrstrepere
3683 1295 3775 1347 ausi

2213 1389 2388 1438 sunt:
2433 1384 2633 1438 missus
2686 1385 2756 1439 ab
2808 1373 3073 1439 Antonio.
3110 1385 3407 1455 Tyriorum
3460 1401 3662 1456 praeses,
3705 1387 3782 1456 qui

2211 1477 2521 1547 corriperet
2572 1477 2887 1532 insolentia:
2940 1493 3089 1545 reos,
3135 1493 3265 1531 cum
3320 1480 3435 1531 tam
3487 1477 3594 1548 ipse
3643 1493 3779 1548 quam

2213 1569 2384 1624 etiam
2433 1570 2674 1624 Herodes
2713 1573 2881 1641 atque
2933 1571 3221 1640 Hyrcanus
3265 1575 3602 1641 quaererent,
3626 1587 3689 1624 ne
3723 1569 3785 1624 ibi

2211 1661 2546 1732 gravissima
2586 1662 2881 1734 supplicia,
2924 1663 3238 1735 patriaeque
3285 1662 3714 1735 perturbationes
3743 1669 3786 1718 et

481 1762 649 1829 cepta
689 1758 904 1826 omnia,
954 1759 1256 1830 ipsumque
1301 1760 1557 1815 Elichum
1609 1735 1928 1814 munitione
1969 1759 2105 1812 Mas-
2129 1735 2185 1806 B
2210 1772 2406 1811 causas
2442 1757 2725 1811 bellorum
2755 1755 3036 1828 gigneret.
3066 1755 3170 1811 Ubi
3201 1756 3344 1811 nihil
3371 1757 3690 1828 profectum,
3713 1757 3788 1811 sed

482 1851 632 1906 sadaa
663 1852 908 1906 Herodes
940 1852 1336 1907 obsecrantem
1376 1852 1606 1907 dimisit.
1652 1852 2102 1923 lnterpellaverat

481 1945 602 2014 ejus
629 1945 942 2015 potentiam
965 1945 1284 2016 Antigonus
1308 1945 1634 2010 Aristobuli,
1663 1944 2105 1999 adminiculante

477 2037 581 2094 sibi
622 2037 931 2092 Ptolemaeo
969 2053 1186 2105 socero,
1225 2055 1368 2109 quos
1405 2038 1652 2092 Herodes
1688 2038 1890 2109 praelia
1939 2036 2102 2102 fudit,

479 2136 534 2186 et
578 2131 756 2200 ejecto
800 2131 1122 2201 Antigono,
1168 2131 1614 2200 Hierosolymam
1655 2131 1829 2184 victor
1870 2131 2100 2184 reverti-

475 2230 587 2277 tur.
623 2223 824 2294 Magna
852 2223 1037 2291 gratia
1060 2224 1235 2278 etiam
1267 2224 1508 2278 recentis
1538 2223 1836 2294 triumphi,
1866 2231 1922 2278 et
1956 2240 2100 2293 pras-

476 2317 640 2388 cipue
695 2333 857 2371 novre
911 2316 1348 2386 conjunctionis.
1407 2317 1548 2370 Nam
1601 2316 1786 2386 primo
1838 2317 1999 2371 Dosis
2052 2318 2102 2371 ei

475 2410 682 2480 conjux
748 2410 1096 2477 adhaeserat,
1155 2426 1216 2464 ex
1275 2427 1388 2481 qua
1448 2411 1802 2480 Antipatrum
1861 2411 2100 2480 suscepit

472 2503 690 2568 ﬁlium;
746 2507 942 2574 postea
990 2503 1359 2558 Mariamnem
1419 2503 1743 2558 Alexandro
1797 2503 2099 2559 Aristobuli

473 2597 589 2651 filio
645 2597 920 2666 genitam,
974 2597 1238 2651 secundis
1289 2597 1394 2650 sibi
1455 2597 1665 2668 nuptiis
1717 2598 2097 2667 copulaverat,

470 2691 729 2761 Hyrcano
771 2689 1080 2760 proximam
1123 2693 1293 2761 atque
1344 2689 1416 2744 ob
1461 2707 1527 2743 ea
1571 2691 1752 2760 regali
1803 2689 2096 2761 praeditam

469 2783 779 2838 nobilitate.
830 2784 938 2838 Nec
987 2786 1180 2837 tamen
1228 2782 1501 2837 invidiam
1551 2783 1744 2848 evasit,
1797 2783 1943 2854 quod
1979 2799 2099 2853 reg-

467 2894 606 2931 num
639 2883 985 2947 praereptum
1017 2875 1100 2930 ire
1142 2877 1391 2946 Hyrcano
1419 2875 1798 2930 affectaverat.
1835 2877 1974 2929 Nam
2007 2875 2098 2929 ubi

463 2970 611 3025 bello
654 2970 1013 3025 Macedonico
1059 2970 1244 3023 Camer
1295 2974 1463 3040 atque
1517 2969 1795 3023 Antonius
1847 2968 2098 3023 Cassium

468 3065 819 3132 Brutumque
871 3079 1229 3133 oppressere,
1285 3062 1637 3132 victoresque
1686 3063 1832 3116 alter
1878 3061 1930 3114 in
1985 3063 2091 3116 Ita-

463 3155 599 3210 liam
635 3154 860 3224 regredi
888 3154 1218 3219 maturavit,
1247 3153 1392 3207 alter
1428 3153 1483 3207 in
1519 3154 1742 3224 Syriam
1774 3170 2091 3225 properan-

466 3246 604 3301 dum
655 3246 929 3312 credidit;
976 3246 1359 3315 legationibus
1415 3246 1675 3317 plurimis
1728 3246 2094 3301 affluentibus

461 3355 778 3394 convenere
817 3340 886 3393 ad
926 3339 1236 3393 Antonium
1280 3339 1606 3394 Judasorum
1645 3341 1856 3412 quique
1906 3340 2090 3410 potio-

463 3445 588 3498 res,
639 3433 808 3499 atque
865 3429 921 3482 in
983 3428 1302 3499 Bithyniam
1351 3445 1705 3499 processere,
1765 3434 2092 3485 accusantes

464 3521 738 3577 Herodem
779 3521 1136 3593 fratremque
1184 3523 1305 3593 ejus
1348 3523 1667 3590 Phaselum,
1699 3539 1767 3577 eo
1804 3524 1950 3594 quod
1985 3525 2087 3595 ipsi

458 3615 735 3670 violenter
763 3615 1020 3669 invasere
1049 3631 1242 3669 rerum
1282 3615 1543 3670 omnium
1587 3619 1948 3686 potestatem,
1985 3634 2085 3672 no-

457 3724 586 3763 men
619 3707 804 3764 solum
838 3709 1092 3779 Hyrcano
1120 3709 1188 3762 ad
1220 3710 1464 3779 speciem
1497 3709 1733 3764 honoris
1759 3711 2090 3781 dereliquis-

454 3806 596 3856 sent.
647 3801 752 3855 Sed
805 3800 1105 3871 praesentia
1157 3801 1390 3855 Herodis
1438 3802 1734 3872 prmvaluit
1779 3806 1834 3856 et
1878 3803 2084 3872 gratia,

2209 1849 2586 1903 irrationabili
2636 1849 3003 1904 contentione
3058 1849 3284 1904 misceri
3340 1850 3531 1904 omnia
3576 1865 3787 1921 coepere,

2207 1941 2413 1996 direxit
2455 1942 2731 1997 Antonius
2770 1949 3044 2010 armatos,
3091 1959 3124 1996 a
3167 1942 3376 2013 quibus
3419 1943 3512 1998 alii
3550 1942 3687 2010 caesi,
3719 1943 3791 1996 alii

2207 2035 2456 2105 graviter
2498 2035 2706 2100 saucii;
2751 2035 2822 2089 ab
2870 2036 3124 2106 Hyrcano
3170 2040 3372 2090 tamen
3420 2040 3484 2090 ut
3531 2035 3794 2106 sepulturae

2210 2129 2447 2195 mortui,
2513 2134 2611 2183 aut
2665 2129 2997 2194 medicinas,
3055 2131 3156 2200 qui
3207 2132 3513 2200 potuerant
3561 2128 3794 2194 evadere,

2207 2222 2446 2291 gratiam
2503 2221 2715 2292 adepti,
2767 2221 3011 2292 gemine
3063 2221 3437 2276 humanitatis
3481 2223 3796 2276 occasionem

2205 2314 2436 2382 dedere,
2479 2331 2593 2385 qua
2631 2315 2754 2385 ejus
2788 2315 2846 2368 in
2892 2315 3037 2369 cives
3079 2315 3470 2370 benevolentia
3511 2314 3796 2368 manifesta-

2207 2413 2379 2461 retur.
2428 2407 2631 2463 Caeteri
2671 2424 2901 2479 quoque
2946 2408 3040 2478 qui
3100 2407 3450 2479 eﬁ'ugerant,
3511 2408 3588 2462 ita
3633 2405 3801 2461 urbem

2203 2501 2539 2571 exagitanda
2582 2505 3052 2571 exasperaverant
3097 2502 3437 2567 Antonium,
3473 2505 3533 2555 ut
3570 2501 3725 2554 etiam
3755 2500 3801 2551 in

2202 2608 2298 2646 eos
2334 2610 2474 2664 quos
2513 2595 2724 2648 vinctos
2754 2593 3007 2659 tenebat,
3047 2610 3319 2666 suprema
3363 2593 3641 2665 supplicia
3672 2607 3803 2646 man-

2201 2685 2342 2740 darit
2357 2728 2368 2739 .

2768 2757 2987 2813 CAPUT
3024 2757 3255 2813 XXVIII.

2271 2875 2530 2926 Cesserat
2574 2873 2866 2927 acerbitati
2909 2873 3234 2939 insolentia,
3281 2874 3383 2928 sed
3435 2873 3670 2928 decursu
3715 2872 3810 2925 fere

2199 2963 2415 3018 biennii
2475 2963 2754 3019 effuderat
2802 2981 2860 3019 se
2914 2965 3092 3035 Syrias
3138 2965 3492 3020 Parthorum
3539 2964 3812 3022 exercitus.

2199 3059 2412 3112 Pacoro
2461 3057 2610 3128 regis
2657 3057 2772 3112 tilio
2819 3061 2877 3111 et
2920 3057 3357 3114 Barzafarmane
3409 3053 3712 3114 Persarum
3745 3071 3815 3108 sa-

2199 3154 2382 3221 trapa,
2422 3150 2731 3205 barbarum
2771 3167 2981 3222 agmen
3027 3151 3430 3208 ductantibus.
3477 3150 3692 3216 Quibus
3733 3148 3815 3203 sti-

2201 3244 2450 3298 mulator
2477 3245 2710 3298 accessit
2740 3244 3008 3314 Lysanias
3045 3245 3336 3300 Ptolemaei
3365 3245 3542 3313 illius,
3569 3243 3813 3298 defuncto

2198 3340 2381 3408 patre,
2413 3339 2500 3391 cui
2533 3343 2978 3408 cognomentum
3015 3339 3253 3393 Menneo
3293 3337 3412 3394 fuit
3449 3355 3464 3393 :
3503 3344 3702 3393 exutus
3717 3336 3819 3405 jam

2194 3434 2480 3501 potestate
2547 3447 2645 3500 per
2704 3433 3088 3485 memoratum
3141 3435 3464 3502 satrapam,
3525 3428 3820 3485 sollicitavit

2193 3522 2470 3577 Pacorum
2513 3523 2800 3593 promissis
2840 3524 2997 3578 mille
3034 3523 3259 3595 argenti
3297 3524 3565 3592 talentis,
3601 3526 3656 3578 et
3685 3521 3825 3593 quin-

2193 3616 2381 3687 gentis
2437 3615 2798 3683 mulieribus,
2852 3621 2914 3671 ut
2973 3618 3258 3688 Antigono
3329 3634 3593 3688 regnum
3647 3616 3817 3677 daret,

2193 3711 2433 3780 Hyrcani
2497 3710 2734 3765 solveret
2795 3710 3191 3766 sacerdotium.
3261 3712 3525 3766 Pacorus
3587 3709 3823 3764 ministro

2190 3804 2348 3873 regio
2378 3810 2601 3874 partem
2643 3804 2926 3874 equitatus
2959 3803 3114 3859 dedit
3153 3805 3469 3875 (quoniam
3503 3805 3629 3875 ipse
3659 3799 3820 3857 rebel-

2189 3896 2436 3951 lionibus
2477 3897 2622 3952 intra
2663 3897 2886 3968 Syriam
2927 3897 3337 3968 detinebatur),
3372 3905 3441 3953 ut
3485 3899 3547 3952 in
3587 3895 3824 3953 Iudaeam

454 3988 564 4041 mis
589 3987 816 4042 Antonii
846 3987 1104 4040 animum
1138 3987 1244 4041 sibi
1277 3986 1629 4042 devinxerat.
1669 3988 1827 4043 Unde
1861 4005 1929 4042 ne
1967 4005 2084 4043 ser-
2186 3990 2472 4059 transiret,
2503 3994 2677 4061 atque
2709 3990 2990 4060 Antigono
3029 4006 3150 4044 rem
3192 3995 3446 4061 gereret
3489 3995 3549 4045 et
3588 3988 3824 4044 studium

453 4096 627 4134 mone
655 4079 882 4150 quidem
917 4080 1032 4134 ullo
1072 4081 1399 4150 perstrictus
1433 4080 1504 4133 ab
1539 4082 1805 4150 Antonio,
1845 4098 2108 4136 evacua-r
2185 4083 2304 4152 ejus
2341 4084 2590 4154 juvaret,
2633 4083 2727 4138 sed
2780 4083 2887 4138 hoc
2930 4097 3155 4154 quoque
3199 4099 3423 4154 parum
3469 4082 3827 4154 processerat,

453 4174 534 4226 vit
559 4171 826 4226 invidiam
854 4173 1151 4226 adversum
1179 4189 1236 4227 se
1265 4172 1494 4227 directae
1522 4173 1845 4244 legationis.
1873 4177 2081 4230 lterum
2187 4177 2291 4230 nisi
2323 4176 2758 4247 conﬂigentibus
2797 4176 3098 4230 adversum
3143 4193 3202 4230 se
3231 4175 3484 4244 Judeis,
3520 4175 3741 4231 Herode
3773 4187 3827 4224 ac

449 4268 678 4319 centum
722 4264 844 4318 fere
886 4263 986 4318 viri
1025 4265 1354 4319 Iudaeorum
1389 4265 1752 4321 Antiochiam
1781 4268 1852 4322 ad
1884 4284 2078 4340 usque,
2183 4271 2438 4336 Pbaselo,
2473 4276 2528 4324 et
2569 4275 2764 4324 contra
2798 4270 3099 4340 Antigono,
3138 4269 3393 4324 ducibus
3436 4271 3512 4325 de
3555 4263 3828 4324 sententia

451 4375 560 4412 non
637 4357 858 4413 minore
931 4358 1132 4430 spiritu
1199 4361 1525 4413 accusatum
1594 4359 1860 4430 profecti,
1930 4362 2080 4431 apud
2181 4363 2451 4434 Antigoni
2486 4365 2840 4434 propositum
2872 4363 3035 4429 foret,
3071 4365 3131 4416 ut
3179 4363 3478 4418 Pacorum
3508 4362 3826 4417 conciliato.

451 4452 746 4523 Daphnem
779 4452 1064 4507 offendo-re
1110 4453 1442 4520 Antonium,
1466 4453 1587 4523 jam
1627 4458 1807 4508 totum
1847 4457 2078 4524 Cleopa-
2103 4456 2160 4527 D
2186 4473 2306 4510 rem
2336 4457 2486 4527 pacis
2517 4457 2857 4528 reciperent.
2885 4457 3044 4521 Quod
3082 4457 3368 4510 Phaselus
3398 4455 3636 4528 ingenii
3664 4451 3826 4510 facili-

453 3895 551 3965 qui
594 3911 709 3949 non
745 3894 1016 3948 mediocri
1051 3894 1312 3964 pecunia,
1355 3893 1453 3948 sed
1497 3901 1553 3949 et
1595 3895 1930 3949 muneribus
1961 3895 2082 3967 epi-

446 4551 547 4599 trae
581 4546 872 4600 amoribus
911 4545 1192 4613 deditum,
1240 4549 1416 4616 atque
1456 4547 1579 4617 ejus
1623 4546 1844 4601 libidini
1885 4548 2076 4602 deser-

445 4639 724 4702 vientem,
782 4638 973 4710 ibique
1027 4655 1269 4710 arguere
1319 4643 1614 4712 coeperunt
1663 4640 2073 4696 intolerabilem

445 4733 686 4786 fratrum
716 4736 1074 4802 potestatem.
1107 4733 1338 4786 Messala
1362 4737 1558 4787 contra
1585 4734 1884 4788 refellebat
1907 4735 2071 4788 assis-

441 4829 660 4880 tentem
693 4826 948 4896 Hyrcano
976 4833 1032 4878 et
1062 4824 1418 4880 insolentiam
1459 4827 1644 4896 gentis
1671 4827 2070 4898 redarguebat,

443 4936 569 4989 quae
618 4918 858 4972 factione
903 4933 1211 4989 paucorum
1257 4917 1495 4973 excitata
1534 4936 1663 4973 suos
1703 4919 2068 4989 detrectaret,

442 5013 664 5067 alienos
690 5016 994 5083 quaereret,
1019 5011 1374 5082 Hyrcanique
1403 5011 1670 5080 injuriam
1698 5017 2058 5084 prastexeret;

441 5122 572 5160 cum
618 5106 927 5176 Hyrcanus,
964 5104 1115 5175 quod
1164 5103 1378 5159 civibus
1423 5109 1574 5159 esset
1615 5108 2065 5173 accommodum,

440 5200 879 5270 pra-optavissct.
927 5198 1180 5268 Cognitis
1225 5198 1420 5268 itaque
1460 5199 1898 5269 allegationibus
1936 5218 2063 5272 par—

438 5293 602 5356 tium,
634 5293 1007 5363 interrogavit
1038 5293 1356 5362 Hyrcanum
1385 5293 1681 5356 Antonius,
1711 5287 1851 5365 quos
1883 5295 2061 5366 aptio-

437 5403 524 5440 res
586 5403 706 5440 esse
774 5386 1174 5440 arbitraretur.
1243 5386 1416 5456 Cujus
1481 5386 1683 5440 affectu
1752 5388 2063 5442 secundum

436 5479 710 5532 Herodem
737 5495 800 5532 ac
828 5479 1063 5532 fratrem
1106 5479 1227 5548 ejus
1263 5479 1663 5546 conveniente,
1698 5497 1824 5533 cum
1866 5480 2059 5535 volun-

438 5571 537 5622 tati
580 5587 692 5621 sum
734 5587 1004 5640 responsa
1052 5579 1465 5643 congruerent,
1504 5572 1816 5628 delectatus
1860 5573 2059 5629 admo-

434 5664 603 5733 dum,
637 5661 811 5733 quod
869 5667 990 5715 erat
1037 5663 1306 5720 fratribus
1359 5667 1610 5735 paterna:
1666 5665 2062 5738 hospitalitatis

433 5749 728 5821 copulatus
757 5752 1191 5820 necessitudine,
1219 5759 1453 5827 quando
1487 5775 1615 5813 cum
1659 5777 1786 5814 cum
1824 5760 2059 5815 Gabinio

2178 4553 2310 4617 tate,
2341 4549 2632 4604 obnitente
2662 4549 2904 4617 Herode,
2935 4549 3236 4620 probatum
3267 4549 3336 4603 in
3369 4558 3671 4620 tempore,
3705 4560 3827 4600 mox

2178 4643 2281 4697 sibi
2306 4643 2688 4714 perniciosum
2713 4647 3002 4715 expertus,
3027 4643 3299 4713 cognovit
3325 4650 3550 4699 natura
3570 4641 3829 4698 barbaros

2176 4753 2298 4790 esse
2327 4735 2607 4802 infideles;
2633 4753 2764 4791 nam
2786 4736 2989 4791 missus
3014 4737 3082 4790 ad
3103 4737 3656 4803 Barzafarmanem,
3678 4732 3827 4805 quasi

2175 4831 2328 4900 pacis
2371 4833 2758 4885 exsecutorem
2807 4836 2863 4884 et
2903 4847 3031 4885 cum
3077 4830 3346 4899 Hyrcano
3396 4830 3700 4902 profectus
3743 4840 3823 4881 oc-

2172 4924 2348 4977 currit
2389 4928 2648 4994 satrapaa,
2693 4928 2877 4978 astute
2917 4925 3047 4978 satis
3086 4924 3300 4977 velanti
3359 4924 3612 4979 insidias
3656 4920 3826 4993 specie

2172 5016 2567 5087 benignitatis.
2600 5017 2854 5087 Denique
2885 5016 3222 5088 profecturis
3253 5032 3524 5072 munera
3551 5015 3749 5080 dabat,
3776 5015 3826 5067 et

2170 5110 2659 5180 quemadmodum
2725 5110 3282 5165 circumvenirentur
3349 5108 3823 5182 dispositionibus

2169 5203 2285 5256 suis
2350 5203 2746 5257 constituebat.
2805 5203 3313 5274 Prosequebantur
3385 5220 3495 5258 eos
3560 5199 3822 5258 custodia

2171 5296 2355 5367 magis
2393 5313 2582 5364 causa,
2619 5313 2789 5368 quam
2833 5296 2970 5351 socii
3011 5294 3440 5367 periculorum.
3486 5296 3817 5354 Defereba‘n-

2167 5395 2259 5444 tur
2296 5388 2502 5458 nuntii,
2542 5391 2695 5462 quod
2738 5389 2897 5445 mille
2927 5390 3149 5445 talentis
3189 5390 3454 5446 Parthus
3495 5390 3822 5460 redemptus

2165 5483 2312 5536 foret
2361 5483 2430 5551 ad
2479 5483 2715 5539 exitium
2764 5488 3229 5538 memoratarum.
3286 5483 3547 5540 Ofellius
3600 5495 3821 5554 quoque

2165 5579 2362 5646 fugam
2408 5577 2695 5645 suadebat,
2730 5578 2883 5648 quod
2924 5593 2956 5630 a
2987 5575 3301 5632 Saramalla
3341 5576 3635 5649 Syrorum
3665 5571 3816 5630 ditis-

2163 5671 2306 5725 simo
2348 5670 2656 5726 factionem
2700 5670 2781 5725 eis
2826 5674 3083 5741 paratam
3127 5674 3520 5738 cognoverat.
3564 5669 3680 5724 Sed
3718 5683 3819 5722 nec

2164 5765 2240 5818 sic
2267 5764 2498 5835 quidem
2544 5764 2818 5819 adductus
2847 5769 2929 5819 est
2965 5763 3259 5831 Phaselus,
3292 5764 3505 5818 relicto
3537 5764 3813 5836 Hyrcano,
