4072 6192
219 264 355 323 2089
1252 214 1345 319 us
1381 259 1658 343 EXCIDIO
1695 259 1827 317 una

1974 256 2293 318 IEROSOL.
2335 261 2464 319 LIB.
2506 261 2548 313 l.
3018 258 3031 263 ’
3444 260 3582 315 2090

216 388 315 444 sibi
360 389 689 457 consulere;
723 402 919 444 verum
971 386 1213 442 adorsus
1255 390 1341 442 est
1387 391 1674 459 satrapam
1711 401 1845 457 gra-
1870 390 2102 471 Atem;
2144 401 2209 440 ac
2251 384 2297 439 si
2335 384 2425 441 vel
2466 382 2708 440 Arabem
2751 385 2999 454 paternae
3044 383 3450 440 immemorem
3494 383 3581 438 di-

216 482 461 538 vioribus
499 481 883 548 contumeliis,
923 481 1076 553 quod
1112 480 1298 553 pretio
1335 480 1510 536 ﬁdem
1551 479 1844 553 proderet,
1954 478 2248 547 lectionis,
2306 478 2393 533 vel
2453 476 2774 533 referendis
2836 476 3173 532 muneribus
3233 477 3583 533 tenaciorem

214 575 502 648 plurisque
540 575 846 647 pecuniam
878 591 1051 646 quam
1078 574 1405 647 aequitatem
1438 573 1692 639 duceret,
1722 589 1844 627 am-
1951 571 2294 640 offenderet,
2323 588 2400 627 aes
2444 573 2712 625 mutuum
2754 573 3015 641 posceret
3040 570 3291 642 pretium
3329 570 3588 642 redemp-

212 670 363 742 plius
407 685 511 742 pro
552 671 734 726 salute
776 686 900 725 sese
943 669 1123 737 daret,
1168 685 1339 740 quam
1380 667 1703 739 Antigonus
1744 682 1847 738 pro
1950 665 2138 732 tionis,
2181 682 2284 737 pro
2324 681 2438 737 quo
2480 664 2892 736 oppigneraret
2935 663 3337 719 redimendum
3378 663 3583 729 ﬁlium,

213 780 393 835 regno
435 769 864 818 annumeraret.
914 762 1021 819 Sed
1068 763 1235 817 Persa
1277 761 1451 817 ﬁdem
1502 777 1672 833 quam
1713 776 1847 832 pro-
1953 776 2127 832 quem
2163 759 2233 814 ad
2273 760 2378 815 hos
2416 774 2554 814 usus
2598 762 2936 830 septennem
2975 773 3218 830 puerum
3262 773 3457 813 secum
3484 758 3586 812 de-

214 857 452 925 diderat,
483 856 737 928 perjurio
765 855 1067 912 conciliare
1107 855 1213 910 sibi
1255 856 1423 910 nixus
1472 859 1529 909 et
1568 852 1847 925 suspicio-
1951 853 2212 908 duxerat.
2245 851 2353 908 Sed
2395 854 2759 924 preventum
2795 857 2879 907 est
2916 850 3024 923 pia:
3065 850 3318 907 studium
3358 866 3586 922 germa-

212 967 345 1006 nem
393 966 623 1006 omnem
680 950 985 1023 depellere,
1040 949 1195 1005 haud
1248 949 1423 1005 multo
1479 950 1608 1020 post
1656 947 1849 1003 dolum
1953 946 2150 1001 uitatis
2191 952 2372 1002 morte
2419 946 2658 1013 Phaseli,
2699 948 2756 1000 et
2800 944 2858 1001 in
2903 961 3146 1001 vacuum
3184 944 3436 1000 Herodes
3474 948 3591 999 tam

212 1044 479 1117 patravit.
510 1045 651 1099 Nam
694 1060 760 1098 eo
800 1044 1055 1116 perfecto
1100 1043 1171 1097 ad
1215 1045 1511 1111 Pacorum,
1544 1042 1749 1114 quibus
1792 1041 1850 1096 id
1953 1040 2151 1095 sedulo
2181 1040 2419 1096 fraterni
2456 1039 2638 1095 studia
2679 1040 2933 1094 muneris
2963 1038 3398 1111 exsequebatur.
3429 1038 3591 1092 Prius

211 1138 430 1209 negotii
480 1136 779 1206 dederant,
822 1137 1127 1193 Phaselum
1180 1141 1239 1192 et
1289 1137 1614 1207 Hyrcanum
1673 1135 1848 1189 corri-
1955 1140 2148 1190 tamen
2192 1150 2365 1206 quam
2412 1133 2483 1188 de
2544 1139 2728 1188 morte
2780 1134 2969 1188 fratris
3023 1136 3412 1204 cognosceret,
3461 1134 3592 1186 Boc-

211 1232 383 1303 piunt
428 1231 942 1299 exsecrationibus,
993 1230 1224 1303 quando
1272 1230 1425 1285 aliud
1483 1229 1601 1301 jam
1667 1228 1852 1285 facere
1953 1228 2127 1283 chum
2176 1227 2395 1282 Arabiae
2440 1243 2632 1298 regem
2677 1227 2927 1281 alienum
2972 1226 3202 1298 reperit,
3235 1243 3408 1298 quem
3452 1228 3595 1281 ami-

210 1324 555 1397 nequibant,
591 1324 772 1379 ultum
811 1324 877 1379 iri
910 1324 1209 1397 cupientes
1244 1323 1625 1378 barbarorum
1668 1322 1853 1394 perju-
1954 1338 2086 1377 cum
2133 1321 2419 1389 credebat,
2461 1337 2595 1376 nam
2639 1322 2683 1375 is
2728 1320 2901 1375 ﬁdem
2944 1336 3073 1376 cum
3108 1328 3362 1392 tempore
3402 1324 3586 1376 muta-

211 1417 303 1473 ria
348 1421 406 1473 et
443 1416 743 1489 perﬁdiam
784 1416 1147 1489 proditionis.
1189 1418 1301 1472 Nec
1346 1416 1537 1471 minus
1572 1415 1699 1471 Nini
1743 1415 1852 1486 (23)
1956 1416 2057 1481 vit,
2092 1421 2147 1471 et
2173 1416 2293 1486 jam
2321 1415 2889 1487 appropinquantem
2920 1415 3138 1470 Arabiae
3174 1414 3383 1470 ﬁnibus
3411 1415 3586 1468 Hero-

209 1512 484 1567 minister
523 1510 728 1566 missus
766 1511 824 1566 in
863 1511 1117 1566 Judasam
1159 1510 1306 1566 dolis
1349 1508 1754 1582 praetenderat,
1791 1513 1857 1563 ut
1958 1509 2088 1564 dem
2121 1509 2299 1565 vetuit
2328 1509 2563 1576 intrare,
2588 1509 2900 1579 composito
2934 1508 3083 1580 quod
3110 1508 3215 1563 sibi
3246 1509 3586 1563 Parthorum

211 1611 445 1677 caperet
498 1605 818 1673 Herodem,
875 1604 975 1660 sed
1024 1604 1186 1660 illum
1239 1603 1583 1675 jamdudum
1628 1618 1851 1674 suspec-
1956 1603 2173 1658 nuntiis
2220 1604 2573 1658 insinuatum
2620 1602 2789 1667 foret,
2845 1619 2915 1656 ne
2963 1602 3271 1675 profugum
3320 1618 3483 1656 suum
3532 1604 3590 1656 in

212 1704 441 1755 tantem
481 1699 719 1754 insidias
762 1698 1140 1754 barbarorum
1190 1698 1379 1770 gravis
1422 1697 1497 1753 ad
1540 1696 1855 1752 cavendum
1956 1712 2202 1768 regnum
2267 1696 2490 1750 Arabiae
2558 1695 2956 1767 recipiendum
3021 1700 3277 1767 putaret,
3345 1695 3591 1765 bellique

211 1809 360 1848 cura
408 1792 727 1858 exercebat,
774 1808 945 1864 seque
1001 1792 1154 1847 intra
1210 1792 1562 1846 munitiones
1608 1774 1934 1846 tenebat.B
1960 1789 2279 1861 gravissimi
2312 1793 2559 1844 causam
2600 1788 2706 1843 sibi
2757 1789 3043 1860 gigneret.
3084 1789 3301 1854 Quibus
3347 1787 3594 1844 offensus

212 1886 335 1940 Nec
360 1885 640 1941 simulatis
666 1903 699 1939 a
729 1887 938 1940 Pacoro
969 1884 1253 1940 mandatis
1290 1884 1495 1956 quibus
1524 1884 1594 1940 de
1622 1883 1857 1938 Phaselo
1960 1884 2223 1953 Herodes,
2265 1884 2534 1938 continuo
2570 1881 2787 1950 retulit,
2822 1899 2949 1954 qua:
2982 1882 3153 1953 justaa
3194 1882 3596 1938 commotionis

211 1981 461 2051 ejusque
536 1979 839 2035 insolentia
905 1980 1142 2034 fratrem
1221 1979 1588 2048 conveniret,
1662 1993 1858 2032 muros
1959 1977 2117 2033 dolor
2143 1983 2523 2048 prompserat,
2558 1982 2726 2049 atque
2762 1976 2893 2031 inde
2931 1977 2989 2031 in
3024 1978 3332 2048 Egyptum
3361 1992 3592 2032 conver-

213 2072 419 2145 egredi
474 2075 531 2127 et
589 2072 848 2144 alloquiis
902 2072 1146 2127 hostium
1202 2088 1322 2126 sese
1374 2070 1857 2126 committendum
1961 2071 2049 2125 tit.
2087 2071 2212 2126 Mox
2256 2077 2455 2125 tamen
2496 2070 2779 2126 Bocchum
2824 2069 3087 2141 paenituit
3125 2070 3341 2126 violata;
3371 2071 3594 2142 gratiae,

212 2167 465 2239 putavit.
506 2168 862 2239 Cognitoque
907 2166 1145 2221 fratrem
1188 2169 1244 2220 et
1286 2166 1608 2236 Hyrcanum
1658 2164 1857 2230 teneri,
1962 2164 2261 2235 missisque
2290 2180 2393 2235 per
2416 2180 2560 2235 quos
2590 2168 2954 2219 revocaretur
2980 2163 3250 2232 Herodes,
3276 2164 3592 2235 pmvertit.

211 2266 388 2317 nocte
416 2260 473 2314 in
515 2260 825 2315 ldumaeam
863 2276 993 2316 suos
1030 2259 1329 2331 praemisit,
1368 2263 1542 2331 atque
1580 2259 1700 2330 ipse
1730 2274 1859 2313 cum
1960 2258 2060 2317 Cui
2107 2258 2366 2329 ingresso
2420 2259 2684 2330 regiones
2738 2274 2880 2329 quas
2927 2257 3256 2313 Rhinocorii
3318 2259 3593 2315 inhabita~

214 2354 467 2409 servulis
536 2354 904 2425 insequentes
979 2353 1248 2407 barbaros
1321 2352 1490 2408 fudit.
1561 2351 1861 2424 Multisque
1962 2353 2119 2421 bant,
2162 2358 2218 2407 et
2258 2351 2329 2406 de
2375 2352 2564 2406 fratris
2596 2350 2852 2419 interitu,
2891 2356 2949 2406 et
2985 2352 3053 2406 de
3095 2353 3334 2423 Hyrcani
3364 2355 3595 2425 captivi-

215 2448 405 2516 caasis,
433 2448 493 2502 in
531 2447 838 2503 Massadam
870 2464 988 2502 sese
1032 2449 1333 2519 properato
1380 2445 1562 2517 gradu
1601 2445 1858 2513 contulit,
1964 2450 2076 2501 tate
2119 2445 2214 2516 qui
2258 2445 2361 2499 sub
2398 2444 2634 2499 vinculis
2681 2444 2737 2500 in
2784 2444 3146 2501 Parthienem
3189 2446 3465 2502 deductus
3493 2455 3594 2514 est,

218 2542 519 2614 graviores
559 2545 754 2596 tamen
800 2541 1022 2596 Parthis
1062 2546 1330 2612 expertus
1364 2540 1586 2595 Judmos
1627 2538 1724 2610 qui
1775 2539 1857 2593 fu-
1962 2539 2108 2595 veris
2156 2539 2370 2593 insidiis
2424 2539 2885 2608 manifestatum,
2941 2542 3283 2611 tantumque
3340 2542 3600 2596 maeroris

218 2635 413 2707 gienti
441 2635 836 2701 incubuerant,
867 2639 924 2689 et
961 2650 1094 2690 suos
1124 2634 1358 2706 quidem
1400 2633 1551 2688 intra
1589 2631 1860 2687 munitio-
1968 2636 2327 2704 assumptum
2350 2676 2363 2699 ,
2419 2637 2698 2704 quantum
2750 2633 3074 2705 depositum
3135 2633 3599 2702 sollicitudinum,

216 2746 331 2785 nes
373 2729 709 2800 composuit,
760 2729 911 2783 ultus
957 2744 1079 2783 sese
1124 2728 1195 2782 de
1237 2726 1694 2799 insequentibus.
1740 2726 1863 2797 Ipse
1966 2730 2031 2781 ut
2073 2742 2175 2798 pro
2203 2726 2354 2781 bello
2387 2727 2583 2798 fugam
2625 2734 2871 2798 pararet.
2909 2727 3163 2799 Denique
3190 2728 3597 2784 Alexandriam

216 2828 422 2878 autem
454 2822 664 2876 relictis
689 2820 969 2893 praesidiis
993 2837 1123 2893 qum
1163 2821 1327 2875 matri
1367 2824 1427 2875 et
1467 2819 1737 2873 fratribus
1766 2819 1862 2888 ju-
1966 2836 2189 2875 summo
2225 2819 2415 2875 studio
2454 2820 2772 2888 contendit,
2802 2826 2975 2893 atque
3010 2820 3087 2875 ibi
3131 2837 3263 2875 cum
3303 2821 3524 2879 honore
3566 2841 3598 2877 a

218 2916 490 2971 nioribus
514 2914 784 2986 praesidio
809 2915 1020 2981 forent,
1053 2915 1107 2968 in
1136 2913 1402 2971 Arabiam
1430 2914 1704 2968 Petraeam
1736 2928 1867 2967 con-
1965 2915 2262 2985 Cleopatra
2323 2920 2647 2985 susceptus,
2698 2914 2847 2985 quod
2902 2915 3046 2969 tanti
3109 2915 3360 2971 nominis
3411 2916 3597 2972 virum

215 3008 435 3065 tendit.
478 3008 741 3065 Infudere
785 3025 843 3063 se
890 3009 1071 3063 Persa:
1116 3007 1541 3079 Hierosolymis,
1590 3007 1868 3061 irruentes
1968 3008 2171 3065 ducem
2215 3008 2435 3064 militias
2474 3007 2589 3063 suis
2634 3008 3018 3080 expetendum
3060 3010 3318 3080 partibus
3356 3009 3598 3066 arbitra-

216 3104 281 3158 in
342 3101 693 3173 fugientium
744 3100 982 3169 domos,
1038 3117 1193 3155 versa
1242 3101 1443 3154 omnia
1490 3100 1545 3153 in
1608 3100 1863 3170 rapinas,
1888 3146 1939 3175 η
1968 3107 2142 3158 retur.
2192 3102 2349 3158 Unde
2401 3101 2737 3173 posthabitis
2790 3102 3005 3174 regina:
3055 3103 3442 3175 petitionibus,
3491 3105 3597 3159 Ro-

218 3146 281 3158 ⁹⁸⁸
342 3146 693 3173 ⁶“Ο“ν“¹’⁸“¹¹““⁵⁸
746 3146 982 3169 *νὐννῖ
1049 3146 1193 3155 """“'
1245 3146 1443 3154 "”‘“"'
1493 3146 1545 3153 "'
1610 3146 1863 3170 ““Ι’““’““’7
1971 3146 2142 3158 ⁸“¹’“¹¹¹¹⁹
2194 3146 2349 3158 ν“⁸“⁸⁵“¹
2402 3146 2737 3173 ι’νν“··“·’”⁶“ν
2791 3146 3005 3174 ⁵⁸⁷0⁸⁸⁸*
3055 3146 3442 3175 ι’ννιυνιιινυυν
3492 3146 3570 3159 ⁵“““’

215 3196 480 3263 bellum,
538 3194 816 3250 tumultus
872 3212 886 3250 :
942 3210 1144 3249 eorum
1193 3194 1399 3265 injuria
1455 3192 1752 3265 processit,
1805 3146 1942 3246 utC
1970 3211 2123 3250 mam
2179 3194 2497 3267 navigavit,
2552 3194 2804 3252 minores
2858 3195 3136 3267 procellas
3189 3196 3393 3253 hiemis
3448 3203 3604 3254 ratus

216 3305 481 3362 regnum
522 3288 805 3360 Antigono
844 3287 1191 3356 traderetur,
1231 3287 1501 3343 Phaselus
1544 3302 1776 3358 quoque
1814 3290 1871 3341 et
1970 3290 2547 3362 perturbationesque
2587 3289 2760 3344 Italiae
2789 3293 3132 3362 compertas,
3161 3307 3337 3363 quam
3377 3308 3518 3364 quos
3545 3294 3601 3347 in

219 3386 527 3457 Hyrcanus
568 3382 627 3437 in
669 3386 1006 3453 potestatem
1051 3382 1174 3453 ejus
1214 3380 1284 3436 ad
1317 3380 1609 3436 subeunda
1646 3396 1774 3452 qua:
1811 3379 1872 3435 li-
1968 3385 2280 3457 Cleopatra:
2304 3384 2622 3439 mobilitate
2663 3384 2952 3455 graviores
2978 3384 3245 3440 omnibus
3285 3387 3606 3459 naufragiis

217 3478 424 3535 bitum
452 3477 618 3546 foret,
648 3476 1143 3547 consignarentur.
1176 3475 1271 3531 llle
1298 3480 1489 3530 autem
1524 3479 1720 3530 tenere
1746 3490 1869 3528 sese
1969 3478 2174 3533 fluctus
2211 3476 2710 3550 perhorrescebat,
2749 3477 2998 3550 denique
3039 3478 3437 3551 inexspectatis
3468 3499 3601 3536 ven-

220 3572 452 3628 diutius
487 3570 762 3643 nequivit,
793 3570 889 3625 sed
932 3569 1206 3625 continuo
1246 3570 1304 3624 in
1353 3570 1678 3640 Hyrcanum
1723 3568 1871 3624 facto
1970 3578 2161 3628 torum
2207 3571 2434 3626 flatibus
2476 3572 2783 3643 profectus,
2822 3572 2974 3627 circa
3010 3573 3404 3645 Pamphyliam
3450 3576 3599 3646 peri-

221 3668 487 3736 impetu,
538 3681 717 3720 aures
782 3665 905 3736 ejus
967 3663 1232 3718 dentibus
1293 3663 1408 3718 suis
1470 3661 1745 3730 abscidit,
1797 3678 1870 3716 ne
1970 3667 2164 3722 culum
2202 3665 2419 3735 incidit,
2462 3665 2561 3720 sed
2601 3664 2776 3720 evasit
2817 3669 3042 3736 tamen;
3086 3672 3144 3722 et
3184 3671 3402 3723 mutato
3448 3670 3601 3723 navi-

222 3759 472 3833 quando
496 3759 614 3813 ulla
638 3774 835 3813 rerum
875 3757 1245 3813 conversione
1279 3772 1538 3812 recursus
1569 3756 1620 3811 ei
1651 3760 1873 3827 pateret
1973 3760 2088 3832 gio,
2128 3759 2513 3814 Brundusium
2554 3759 2731 3830 prius,
2776 3761 2951 3831 atque
2996 3760 3127 3816 inde
3177 3760 3414 3816 Romam
3468 3779 3598 3833 per-

221 3852 304 3908 ad
345 3851 734 3907 sacerdotium
778 3868 790 3907 :
833 3867 1125 3906 summum
1169 3850 1323 3905 enim
1373 3849 1721 3905 sacerdotem
1762 3848 1869 3903 im-
1970 3853 2143 3909 venit.
2210 3852 2287 3906 lbi
2352 3856 2605 3926 paternae
2682 3851 2947 3908 amicitiae
3024 3854 3401 3925 praerogativa
3463 3855 3605 3909 adiit

221 3945 573 4003 mutilatum
621 3962 741 4001 esse
781 3948 1025 4017 oportet,
1066 3959 1170 4000 nec
1211 3944 1383 3999 licere
1426 3960 1533 4015 per
1578 3944 1767 4015 legem
1814 3943 1873 3998 li-
1972 3947 2317 4013 Antonium,
2375 3945 2799 4018 deploratisque
2863 3947 2977 4002 suis
3040 3951 3100 4002 et
3160 3946 3603 4003 domesticarum

222 4044 397 4115 qnet,
442 4045 505 4095 ut
546 4039 806 4095 mutilata
854 4054 1093 4111 corpore
1141 4037 1441 4110 quisquam
1488 4054 1712 4092 summo
1749 4037 1874 4092 fun-
1972 4041 2248 4096 aerumnis
2292 4039 2798 4110 necessitudinum,
2837 4041 3046 4113 quibus
3084 4041 3144 4096 in
3180 4039 3475 4097 obsidione
3505 4058 3601 4114 po-

224 4140 410 4208 gatur
481 4150 726 4189 munere
789 4132 1106 4189 sacerdotii.
1175 4132 1445 4187 Phaselus
1515 4131 1703 4187 ascitas
1767 4131 1870 4187 sibi
1973 4134 2094 4189 sitis
2135 4136 2374 4190 Romam
2428 4139 2725 4205 precatum
2766 4140 3020 4191 venerat.
3069 4136 3379 4191 Antonium
3425 4136 3602 4205 ﬂexit,

225 4227 445 4285 mortis
473 4227 768 4284 celeritate
812 4227 1217 4282 contumeliam
1262 4225 1575 4298 praevertit,
1614 4225 1762 4280 illiso
1789 4241 1875 4280 ca-
1974 4231 2266 4300 assumpta
2314 4244 2380 4282 ex
2429 4230 2587 4282 tanta
2630 4243 2822 4283 rerum
2874 4228 3241 4285 conversione
3290 4230 3607 4286 misericor-

226 4324 362 4396 pite
390 4321 537 4377 saxis
562 4337 691 4393 quae
709 4321 857 4375 forte
884 4324 1266 4390 occurrerant,
1291 4318 1641 4392 dedignatus
1665 4318 1874 4376 servari
1974 4322 2085 4391 dia,
2117 4322 2253 4394 quia
2281 4338 2383 4377 rex
2402 4321 2622 4377 dudum
2648 4322 3099 4393 potentissimus,
3124 4328 3184 4379 et
3209 4323 3306 4395 qui
3333 4325 3604 4380 Romanae

233 4419 316 4473 ad
358 4414 629 4483 ludibria,
657 4414 745 4471 vel
779 4414 941 4485 jussu
967 4414 1155 4469 alieno
1192 4414 1339 4468 mori
1369 4413 1467 4486 qui
1502 4420 1691 4489 posset
1727 4414 1875 4469 vinc-
1975 4417 2306 4489 reipublicae
2349 4415 2559 4487 saepius
2596 4417 2811 4470 tulerat
2846 4432 3038 4488 opem,
3081 4420 3321 4488 repente
3362 4421 3425 4471 ut
3464 4434 3602 4472 nau-

230 4512 315 4566 tis
354 4510 494 4565 licet
520 4509 785 4565 manibus
822 4512 878 4563 et
920 4508 1070 4563 ferro
1111 4511 1319 4579 negato
1354 4508 1574 4564 exitum
1616 4508 1749 4563 vitae
1785 4508 1873 4563 in-
1895 4511 2193 4592 Dfragus,
2230 4515 2288 4566 et
2333 4525 2524 4565 rerum
2567 4510 2823 4564 omnium
2856 4526 3057 4579 egens,
3095 4509 3399 4582 auxiliique
3444 4511 3607 4582 inops

233 4604 465 4659 venire.
531 4602 658 4657 Fuit
713 4608 909 4657 tamen
976 4601 1149 4656 etiam
1209 4600 1355 4656 alius
1416 4601 1487 4657 de
1552 4618 1622 4656 eo
1688 4617 1877 4657 sermo
1975 4604 2090 4659 suis
2114 4604 2174 4658 in
2210 4602 2465 4675 periculo
2498 4602 2696 4673 positis
2725 4602 3060 4673 suppliciter
3084 4602 3417 4676 imploraret
3444 4606 3602 4659 auxi-
3678 4608 3687 4613 '

233 4696 599 4768 hujusmodi,
630 4696 782 4768 quod
818 4695 1011 4751 saucio
1038 4694 1360 4766 Antigonus
1390 4694 1683 4750 medicum
1721 4695 1877 4750 adhi-
1978 4697 2139 4767 lium,
2168 4696 2364 4752 sedem
2399 4696 2726 4765 mutaverit,
2755 4696 2812 4749 in
2843 4712 2957 4767 quo
2986 4697 3091 4751 etsi
3114 4696 3398 4753 Antonius
3418 4698 3610 4770 hospi-

231 4790 460 4860 buerit,
500 4805 613 4861 quo
654 4805 877 4844 venena
914 4789 1136 4843 vulneri
1180 4792 1456 4860 tanquam
1500 4787 1879 4844 medicamen-
1979 4790 2212 4847 talitatis
2252 4790 2435 4863 gratia
2470 4806 2599 4862 quae
2629 4788 2735 4843 sibi
2770 4805 2902 4844 cum
2946 4795 3106 4861 patre
3151 4790 3273 4861 ejus
3314 4793 3608 4864 Antipatro

231 4891 369 4942 tum
414 4884 878 4940 infunderentur.
909 4882 1155 4948 Quilibet
1188 4882 1375 4937 exitus
1409 4882 1635 4951 horum,
1666 4883 1875 4954 princi-
1982 4885 2199 4950 fuerat,
2254 4900 2535 4956 propensa
2599 4883 2967 4938 inclinaretur
3028 4885 3391 4957 maximeque
3460 4886 3606 4957 quod

232 4981 407 5052 pium
435 4978 638 5034 habuit
663 4976 899 5049 spiritus
928 4976 1246 5032 ferocioris.
1279 4975 1574 5032 Addidisse
1598 4977 1881 5048 allegatur
1978 4979 2223 5034 Idumam
2266 4978 2373 5048 (24)
2412 4976 2737 5033 tetrarchon
2772 4975 2987 5033 faciens
3028 4994 3205 5050 regno
3244 4978 3607 5049 prmdestina-

235 5074 305 5129 in
330 5072 553 5128 ultimis
572 5070 709 5140 suis,
729 5086 862 5126 cum
875 5069 1001 5141 jam
1027 5070 1321 5126 exhalaret
1340 5069 1624 5141 spiritum,
1646 5070 1880 5142 cognito
1983 5077 2104 5127 tum
2140 5071 2475 5143 reliquerat.

238 5166 399 5240 quod
470 5164 722 5221 Herodes
774 5164 1005 5229 viveret,
1062 5168 1119 5219 et
1181 5164 1316 5235 fuga
1373 5167 1594 5235 paratas
1646 5164 1883 5220 insidias
2593 5165 2811 5221 CAPUT
2850 5166 2995 5221 XXX.

236 5260 509 5329 evaserit,
551 5275 686 5314 cum
724 5259 903 5330 gratia
943 5274 1068 5312 sese
1113 5257 1293 5325 obire,
1334 5258 1468 5330 quia
1513 5259 1880 5330 superstitem
2052 5260 2231 5315 Caesar
2280 5262 2469 5313 tamen
2509 5258 2906 5315 benevolentia
2951 5260 3194 5315 naturali
3243 5259 3520 5330 diffusior,
3559 5267 3617 5317 et

238 5353 601 5426 relinqueret
652 5351 750 5424 qui
806 5351 909 5406 sibi
973 5351 1257 5407 ultionem
1322 5352 1581 5408 inferret.
1637 5353 1885 5408 Herodes
1987 5353 2282 5409 toleratam
2326 5353 2384 5407 in
2437 5353 2679 5425 Egypto
2721 5352 3002 5423 Antipatri
3052 5352 3313 5409 militiam
3354 5356 3617 5411 omnibus

240 5452 443 5503 antem
475 5444 803 5518 properavit
831 5445 889 5499 in
932 5445 1221 5512 Arabiam,
1253 5462 1494 5517 sperans
1524 5463 1583 5500 se
1619 5452 1881 5518 acceptu-
1987 5447 2162 5518 patris
2204 5448 2287 5502 sui
2332 5446 2569 5503 Caesaris
2608 5445 2838 5519 praeliis,
2880 5450 2935 5500 et
2976 5446 3315 5518 hospitalem
3354 5449 3623 5521 conjunc-

241 5557 382 5597 rum
413 5539 736 5614 pecuniam,
763 5555 876 5611 qua
904 5540 1025 5595 sola
1049 5540 1404 5594 barbaricam
1435 5539 1694 5595 inclinari
1724 5556 1885 5612 posse
1987 5541 2202 5597 tionem
2233 5549 2506 5613 tanquam
2542 5540 2821 5597 renovatis
2865 5541 3066 5612 gratia!
3105 5540 3443 5613 pignoribus
3479 5546 3614 5600 cha-

239 5634 514 5691 erederet
552 5633 875 5700 avaritiam,
916 5636 979 5688 ut
1012 5630 1205 5688 fratris
1241 5633 1554 5689 redimeret
1590 5633 1884 5705 captivita-
1989 5636 2142 5691 riora
2182 5635 2446 5701 habebat,
2486 5634 2841 5707 suspectabat
2888 5638 3076 5691 tamen
3129 5642 3418 5693 versutum
3458 5639 3621 5709 inge-

321 5752 410 5824 (23)
448 5757 538 5810 Al.
582 5756 697 5807 uini
738 5771 754 5806 :
792 5768 921 5807 nam
960 5756 1088 5807 Nini
1136 5769 1339 5806 nomen
1388 5749 1536 5820 apud
1576 5757 1885 5821 Josephum
1919 5771 2031 5811 non
2068 5758 2287 5824 legitur.
2316 5758 2494 5809 ΒΑιιιι.

322 5828 415 5894 (ἳι)
439 5827 762 5891 Idumm;
792 5826 862 5877 a1.
889 5826 948 5875 in
972 5826 1146 5878 ldum.
1179 5826 1255 5878 Id.

579 5907 860 5977 ΡΑτιιοι.
906 5906 1037 5973 XV.
1082 5906 1269 5991 (XIV,
1318 5927 1474 5975 rans
1519 5909 1625 5999 ll.)

3236 5919 3313 5976 66
