4072 6192
540 245 675 301 209t

2016 246 2069 296 Β.
2114 242 2430 299 AMBROSII

3734 247 3846 301 Ἡ)θῖ

542 368 699 421 nium
752 368 926 439 regis,
977 384 1093 423 non
1146 384 1309 439 mquo
1354 370 1410 423 et
1453 367 1621 436 bono,
1672 368 1769 422 scd
1816 367 2181 437 negotiorum
2207 370 2449 454 Artatus
2504 381 2729 437 quoque
2786 365 3060 419 tuendum
3118 364 3226 419 sibi
3291 363 3702 433 commiserant,
3748 384 3851 422 cum

540 478 780 516 suorum
824 453 1167 517 utilitatibus
1217 478 1385 533 prave
1430 462 1740 517 intentum.
1787 461 2028 516 Senatus
2073 460 2174 514 ad-

542 554 714 610 eundi
756 554 887 609 data
925 556 1109 627 copia,
1146 557 1296 628 apud
1341 571 1516 627 quem
1556 555 1789 611 Messala
1817 557 1877 610 et
1913 554 2178 609 Atratino

541 648 927 705 astruentibus
976 656 1213 721 paterna
1263 649 1414 705 bene
1468 653 1662 721 gesta,
1717 649 1896 721 ipsius
1951 665 2181 721 quoque

541 742 775 798 Herodis
794 742 982 798 ofﬁcia
1002 760 1139 816 erga
1161 744 1484 799 Romanam
1513 743 1926 815 rempublicam
1950 747 2179 814 patrum

546 836 885 892 auctoritate
934 837 1225 893 decretum
1274 844 1378 905 est,
1430 837 1566 893 utile
1623 838 1885 893 Romano
1938 836 2181 908 imperio

545 947 795 1003 regnum
834 930 1066 987 Herodis
1101 931 1301 1001 videri,
1341 931 1494 1003 quod
1523 931 1868 1002 astipulante
1906 931 2176 999 Antonio,

546 1024 699 1080 bello
738 1025 1008 1080 adversus
1046 1025 1280 1080 Parthos
1320 1024 1573 1099 gerendo
1623 1024 1863 1096 adjungi
1915 1025 2180 1080 Romanis

548 1119 855 1174 memorati
916 1118 1068 1189 regis
1131 1120 1462 1174 societatem
1526 1118 1884 1175 conduceret.
1941 1119 2179 1174 Dimisso

549 1220 768 1281 senatu,
814 1214 1002 1268 Caesar
1044 1216 1215 1284 atque
1259 1212 1538 1267 Antonius
1581 1217 1637 1267 et
1683 1212 1929 1268 Herodes
1968 1213 2181 1284 pariter

552 1307 770 1379 egressi
807 1306 980 1374 curia,
1009 1307 1483 1379 prosequentibus
1517 1307 1953 1379 magistratuum
1983 1305 2183 1361 ofﬁciis

550 1400 928 1455 deducuntur.
983 1401 1287 1472 Primoque
1341 1400 1454 1467 die,
1507 1417 1620 1472 quo
1677 1416 1918 1472 regnum
1974 1400 2179 1455 Herodi

551 1494 1040 1549 senatusconsulto
1090 1494 1342 1549 delatum
1392 1494 1558 1562 foret,
1612 1494 1893 1551 Antonius
1941 1494 2180 1549 adornat

548 1587 892 1657 convivium,
920 1603 1233 1659 regemque
1264 1587 1482 1642 invitat.
1516 1587 1734 1642 Eodem
1759 1588 1879 1643 fere
1914 1593 2176 1659 tempore

547 1680 810 1753 Josippus
842 1682 1017 1736 frater
1038 1680 1271 1737 Herodis
1291 1697 1455 1753 aquae
1486 1681 1679 1753 inopia
1706 1681 1902 1753 fugam
1931 1681 1990 1735 in
2014 1684 2176 1736 nocte

2283 460 2600 531 praesertim
2644 458 2786 513 nihil
2830 457 3164 514 defuturum
3209 458 3401 513 usibus
3434 457 3779 530 polliceretur.
3801 461 3857 515 Et

2281 552 2570 625 cempleta
2619 552 2874 611 oratione
2928 554 2988 607 in
3043 551 3343 624 regionem
3397 568 3661 623 egressus,
3701 553 3857 608 subito

2284 664 2479 702 rerum
2512 646 2769 701 omnium
2804 646 3216 702 abundantiam
3247 645 3514 702 exercitui
3552 645 3859 718 suppeditari

2282 741 2436 809 fecit,
2482 744 2546 795 ut
2583 739 2740 795 nulla
2787 739 2964 796 Siloni
3000 742 3327 812 superesset
3355 739 3620 805 causatio;
3659 745 3711 794 et
3745 739 3860 795 inde

2283 834 2482 889 erectis
2521 834 2921 889 universorum
2956 833 3182 901 animis,
3226 850 3357 888 cum
3400 831 3611 887 duobus
3650 830 3865 887 millibus

2280 927 2539 1000 peditum
2572 930 2629 982 et
2653 926 2986 999 quingentis
3015 926 3301 998 equitibus
3335 926 3630 981 ldumaaam
3660 928 3864 997 recepit.

2282 1021 2490 1087 Quieto
2511 1021 2633 1092 jam
2662 1022 3052 1076 Romanorum
3091 1020 3344 1092 agmine,
3373 1023 3540 1091 atque
3566 1019 3620 1073 in
3645 1018 3868 1074 hibernis

2282 1116 2486 1184 locato,
2530 1115 2647 1170 dux
2683 1114 2818 1170 facti
2859 1115 3123 1186 Josippus
3158 1114 3353 1169 leviori
3396 1114 3606 1169 electus
3647 1112 3867 1183 negotio,

2279 1226 2355 1264 ne
2424 1209 2559 1280 quid
2628 1209 2899 1264 adversus
2961 1207 3317 1279 Antigonum
3383 1207 3597 1278 majore
3652 1205 3869 1277 periculo

2282 1304 2674 1375 usurpandum
2740 1301 3148 1368 arbitraretur;
3202 1301 3322 1373 ipse
3383 1306 3574 1356 autem
3638 1314 3759 1354 suos
3813 1314 3867 1354 ex

2280 1396 2533 1451 Massada
2575 1396 2896 1463 translatos,
2928 1410 3059 1449 cum
3101 1394 3163 1449 in
3211 1393 3468 1449 Samaria
3507 1392 3732 1464 provisis
3769 1407 3871 1463 quae

2284 1489 2641 1545 munimento
2671 1495 2727 1544 et
2754 1490 2883 1544 usui
2917 1489 3039 1543 fore
3071 1487 3346 1557 crederet,
3379 1485 3741 1555 constitisset;
3771 1486 3869 1557 gla-

2282 1584 2406 1639 ciali
2435 1583 2626 1639 hieme
2666 1589 2722 1638 et
2761 1581 2991 1655 repletis
3030 1582 3158 1637 nive
3199 1581 3340 1636 locis
3372 1579 3657 1648 omnibus,
3685 1594 3869 1651 preve-

2283 1679 2451 1732 niens
2486 1676 2764 1733 adventus
2799 1676 2883 1731 sui
2918 1675 3119 1731 nuntio
3161 1674 3462 1747 Sephorim
3493 1675 3673 1746 prisco
3700 1674 3871 1729 vocita-

551 1778 968 1843 composuerat,
1012 1774 1110 1828 sed
1162 1777 1317 1828 tanta
1360 1772 1546 1829 subito
1588 1775 1670 1829 vis
1712 1774 2029 1845 pluviarum
2080 1778 2184 1828 ter-
2206 1750 2260 1822 Β
2285 1777 2398 1826 tam
2427 1770 2661 1827 nomine
2688 1787 2857 1842 quam
2888 1769 3295 1825 Diocmsaream
3324 1772 3523 1840 postea
3550 1783 3870 1840 nuncupave-

552 1885 676 1923 ram
722 1867 954 1935 infudit,
1002 1871 1063 1921 ut
1108 1884 1310 1922 omnes
1346 1868 1593 1939 repleret
1639 1868 1841 1923 ductus
1878 1884 2177 1940 aquarum.

552 1963 748 2033 Itaque
792 1966 1056 2016 revocato
1099 1961 1419 2033 transfugio
1458 1961 1613 2033 quod
1654 1961 1725 2015 ad
1768 1965 1998 2033 gentem
2042 1967 2177 2017 Ara-

552 2054 688 2109 bum
742 2054 1001 2126 parabat,
1051 2054 1365 2110 obsidentis
1409 2055 1679 2126 Antigoni
1729 2055 1916 2127 copias
1971 2055 2181 2127 partim

552 2147 790 2216 insidiis,
833 2148 1044 2219 partim
1097 2149 1497 2221 congressione
1540 2151 1711 2220 atque
1746 2151 1948 2221 aperto
1989 2148 2183 2220 prmlio

550 2241 719 2309 fudit,
751 2241 852 2296 sed
892 2245 951 2296 et
979 2241 1100 2313 ipse
1130 2241 1471 2314 plerumque
1503 2242 1739 2297 adverso
1783 2243 1934 2297 exitu
1979 2258 2097 2298 sese
2124 2244 2181 2297 in

552 2342 795 2390 castrum
840 2336 1071 2407 recepit.
1104 2336 1171 2390 Et
1203 2336 1327 2406 jam
1371 2335 1623 2391 Herodes
1665 2351 1731 2390 ex
1778 2336 1939 2391 Italia
1988 2337 2047 2391 in
2086 2353 2181 2391 ur-

552 2429 687 2483 bem
728 2429 905 2501 Syria:
948 2429 1361 2484 Ptolemaidem
1408 2428 1749 2501 improvisus
1790 2429 2007 2501 aderat,
2052 2446 2180 2502 pro-

554 2538 806 2594 pereque
847 2538 1105 2595 egressus
1147 2523 1395 2594 navigio,
1438 2539 1571 2578 cum
1615 2523 1837 2595 ingenti
1881 2540 2059 2578 manu
2102 2525 2181 2578 ci-

554 2617 713 2671 vium
749 2620 807 2672 et
846 2616 1287 2688 peregrinorum
1324 2616 1676 2689 Antigonum
1712 2617 1963 2689 petebat,
1995 2634 2189 2673 occur-

556 2710 814 2766 rentibus
848 2710 956 2765 sibi
998 2710 1256 2766 Ventidio
1295 2714 1353 2766 et
1401 2711 1591 2767 Silone
1636 2710 1872 2767 ducibus
1913 2713 2184 2768 Romanae

560 2804 796 2873 militia},
845 2820 986 2876 quos
1030 2804 1304 2861 Antonius
1357 2804 1694 2861 deducendo
1743 2806 1946 2861 Herodi
1991 2804 2186 2861 adesse

558 2904 925 2971 praceperat.
973 2900 1080 2954 Eos
1134 2898 1346 2954 Gellius
1391 2899 1449 2954 in
1493 2900 1597 2955 bos
1640 2916 1773 2954 usus
1819 2899 2067 2955 directos
2114 2900 2185 2955 ab

556 2993 801 3048 Antonio
851 2992 984 3047 licet
1034 2992 1353 3048 abhorrens
1399 2993 1614 3063 studio,
1668 2993 1818 3065 quod
1873 2999 2188 3065 utrumque

558 3087 759 3143 eorum
804 3085 1121 3158 Antigonus
1167 3086 1351 3159 pretio
1405 3090 1708 3158 averterat,
1759 3088 1939 3159 specie
1997 3084 2197 3143 tamen

560 3180 631 3235 de
656 3180 926 3252 proximo
954 3178 1257 3236 convenire
1282 3184 1570 3236 suaserat:
1596 3180 1638 3235 si
1673 3181 1902 3252 quidem
1928 3181 1985 3236 iu
2010 3166 2190 3253 prdxi-

561 3274 670 3329 mis
711 3273 966 3341 urbibus,
1008 3274 1079 3329 ob
1119 3273 1473 3345 reprimendi
1516 3274 1650 3329 belli
1694 3275 1937 3330 Parthici
1970 3278 2186 3329 tumul-

559 3375 670 3437 tus,
704 3367 995 3423 Ventidius
1034 3367 1470 3437 immorabatur;
1498 3368 1651 3425 Silon
1692 3374 1884 3423 autem
1926 3371 2073 3423 intra
2099 3371 2191 3425 Ju-

561 3462 740 3517 daeam
790 3462 1027 3533 positus,
1070 3467 1323 3534 apertam
1372 3478 1501 3517 cum
1537 3462 1823 3534 Antigono
1863 3462 2187 3518 societatem
2230 3501 2241 3513 .

562 3556 806 3629 pecunia
853 3555 1230 3611 conﬁciebat:
1281 3573 1387 3611 nec
1436 3562 1627 3611 tamen
1680 3557 1935 3621 Herodes
1982 3556 2191 3611 auxilio

562 3648 786 3722 egebat,
838 3650 928 3704 cui
983 3652 1194 3721 praeter
1246 3667 1452 3722 paucos
1502 3650 1896 3716 Galilaeorum,
1944 3650 2187 3706 universi

562 3745 938 3810 adhaeserant,
977 3746 1033 3799 et
1074 3744 1207 3816 quia
1245 3744 1599 3816 propositum
1651 3750 1790 3812 erat,
1833 3749 1896 3800 ut
1938 3745 2008 3800 de
2050 3744 2185 3799 Mas-

564 3839 702 3894 sada
754 3855 883 3893 suos
928 3838 1361 3910 quamprimum
1413 3837 1663 3910 eriperet
1712 3837 2013 3903 obsidioni,
2059 3839 2187 3909 Jop-

565 3949 679 4004 pen
714 3933 773 3987 in
814 3930 1005 3987 medio
1034 3932 1276 4003 positam
1308 3932 1616 4003 pugnando
1659 3931 1808 4003 cepit
1844 3932 2191 3989 adversario-

564 4042 696 4080 rum
743 4041 917 4081 mann
958 4025 1245 4095 refertam,
1293 4041 1363 4080 ne
1402 4025 1473 4081 ad
1524 4026 1791 4081 ulteriora
1838 4042 2188 4098 progressus,

566 4120 786 4176 hostem
829 4136 859 4173 a
906 4126 1063 4191 tergo
1108 4119 1475 4191 relinqueret,
1518 4123 1572 4175 et
1612 4121 1873 4193 quamvis
1920 4120 2031 4175 iter
2069 4120 2192 4192 ejus

567 4214 888 4285 Antigonus
933 4214 1215 4286 impedire
1254 4219 1509 4285 cuperet,
1552 4218 1744 4269 tamen
1776 4214 1929 4270 facili
1966 4216 2191 4287 negotio

568 4307 877 4365 Massadam
909 4308 1141 4379 recepit,
1168 4323 1413 4380 suosque
1440 4308 1649 4363 exemit
1673 4307 1946 4380 periculo.
1981 4309 2191 4365 Deinde

569 4402 858 4476 profectus
909 4402 1372 4474 Hierosolymam,
1417 4418 1545 4456 cum
1591 4402 1787 4457 omnia
1828 4403 2071 4471 fecisset,
2118 4420 2191 4457 ne

2280 1868 2437 1935 runt,
2488 1866 2610 1920 sine
2655 1865 2776 1920 ullo
2828 1864 3117 1936 ingressus
3165 1862 3359 1935 przelio
3409 1861 3720 1918 reﬁciendis
3762 1878 3873 1932 quos

2282 1958 2558 2013 hiemales
2589 1958 2810 2030 pruina:
2851 1964 3022 2029 atque
3056 1956 3347 2029 asperiora
3383 1956 3520 2028 gelu
3558 1955 3750 2011 itinera
3774 1953 3871 2009 fati-

2284 2056 2575 2125 gaverunt,
2609 2057 2995 2125 opportunam
3041 2050 3421 2119 existimavit;
3456 2054 3579 2104 erat
3613 2048 3758 2104 enim
3786 2047 3872 2102 illic

2284 2152 2340 2202 et
2385 2147 2797 2202 alimentorum
2839 2146 3017 2201 multa
3061 2145 3245 2216 copia.
3285 2143 3391 2199 Ubi
3439 2143 3657 2200 refectis
3693 2141 3804 2198 cibo
3833 2144 3874 2195 et

2284 2241 2485 2296 stativa
2524 2239 2965 2312 interpositione
2995 2238 3294 2306 militibus,
3323 2237 3630 2292 adversum
3662 2236 3874 2290 latrones

2284 2335 2545 2406 praelium
2593 2334 2973 2390 adoriundum
3020 2332 3261 2404 putavit,
3306 2331 3409 2404 qui
3460 2335 3636 2387 totam
3684 2344 3878 2402 percur-

2285 2434 2477 2483 rentes
2519 2428 2836 2500 regionem,
2867 2443 2983 2482 non
3026 2426 3249 2481 minore
3285 2442 3464 2498 quam
3504 2424 3698 2480 bellica
3726 2424 3877 2477 incur-

2285 2523 2440 2577 sione
2512 2523 2765 2576 locorum
2843 2520 3051 2575 incolas
3124 2518 3412 2575 attrivere.
3481 2519 3670 2590 Itaque
3725 2515 3878 2589 primo

2285 2621 2501 2689 partem
2555 2615 2867 2686 quamdam
2911 2614 3167 2686 equitum
3216 2617 3275 2668 et
3318 2612 3582 2684 peditum
3628 2612 3684 2666 in
3724 2609 3879 2664 vicum

2284 2709 2551 2765 Arbelam
2589 2709 2892 2782 praemisit,
2923 2712 2980 2763 et
3006 2708 3128 2780 ipse
3157 2723 3288 2763 cum
3326 2708 3556 2779 reliqua
3594 2720 3757 2761 manu
3780 2708 3882 2776 post

2286 2803 2666 2876 quadraginta
2695 2802 2816 2858 dies
2841 2801 3043 2856 adfuit.
3067 2802 3179 2856 Nec
3206 2807 3402 2855 tamen
3432 2800 3703 2856 exercitus
3729 2796 3881 2869 specie

2289 2896 2475 2952 territi
2504 2896 2785 2966 latrones;
2818 2896 2913 2951 sed
2950 2909 3080 2951 cum
3122 2894 3298 2950 armis
3328 2892 3740 2950 occurrendum
3778 2889 3884 2953 rati,

2288 2989 2668 3063 praeferebant
2707 2989 3067 3061 disciplinam
3102 2988 3360 3045 bellicam
3401 2994 3462 3044 et
3495 2989 3772 3043 latronum
3806 2999 3888 3038 au-

2289 3084 2525 3141 daciam.
2561 3082 2836 3139 Conﬂictu
2883 3081 3102 3151 habito,
3146 3082 3317 3137 cessit
3351 3098 3537 3137 cornu
3584 3077 3800 3136 Herodis
3825 3075 3881 3131 si-

2293 3177 2559 3244 nistrum,
2606 3177 2700 3232 sed
2746 3177 2859 3232 cito
2907 3176 3187 3247 reparavit
3230 3174 3507 3242 Herodes,
3559 3177 3618 3229 et
3656 3168 3886 3228 adhibitis

2289 3270 2673 3343 adjumentis,
2736 3287 2864 3325 suos
2930 3269 3159 3340 statuit,
3234 3270 3605 3340 insequentes
3665 3261 3886 3339 perculit,

2291 3370 2459 3437 atque
2501 3364 2737 3436 infregit
2779 3364 3029 3435 impetus
3069 3379 3285 3419 eorum.
3332 3361 3445 3427 Qui
3489 3360 3742 3417 cominus
3776 3372 3889 3429 pug-

2290 3463 2520 3514 nantem
2590 3457 2873 3513 Herodem
2942 3456 3063 3529 pati
3137 3455 3486 3528 nequivere,
3553 3452 3883 3510 declinantes-

2293 3570 2403 3625 que
2430 3568 2608 3624 usque
2645 3551 2716 3607 ad
2747 3551 3049 3607 Jordanem
3078 3553 3304 3605 secutus
3330 3549 3463 3605 neci
3491 3546 3740 3605 tradidit.
3768 3542 3883 3599 Beli-

2292 3648 2388 3720 qui
2428 3663 2627 3702 omnes
2656 3661 2831 3716 supra
2867 3645 3108 3700 ﬂuvium
3155 3642 3425 3716 dispersi,
3456 3647 3518 3699 ut
3546 3639 3699 3698 omni
3732 3638 3882 3694 incur-

2292 3743 2521 3796 sionum
2584 3745 2739 3794 metu
2792 3738 3020 3795 Galilaaa
3066 3737 3491 3806 absolveretur,
3544 3730 3885 3791 residentibus

2292 3833 2706 3901 tantummodo,
2751 3833 2850 3905 qui
2886 3851 2944 3889 se
2990 3832 3226 3887 latebris
3270 3832 3667 3897 recondentes,
3712 3842 3771 3881 ac
3811 3841 3883 3877 ve-

2291 3929 2376 3985 lut
2429 3926 2767 3982 infodientes
2815 3925 3120 3998 speluncis,
3168 3923 3471 3979 victoriam
3528 3920 3883 3978 morabantur.

2292 4024 2468 4077 Erant
2496 4026 2683 4076 autem
2715 4021 2773 4075 in
2804 4023 3097 4091 praerupto
3130 4018 3438 4089 montium,
3473 4014 3721 4073 concavis
3750 4024 3883 4067 saxo-

2292 4133 2421 4172 rum
2464 4114 2752 4180 lateribus,
2790 4113 3158 4169 iuhorrentes
3197 4129 3418 4183 specus,
3460 4113 3611 4166 inter
3651 4117 3886 4177 scrupeas

2294 4228 2480 4283 rupes,
2527 4208 2680 4264 invio
2727 4205 2980 4279 undique
3024 4212 3079 4262 et
3124 4204 3479 4277 impossibili,
3520 4203 3628 4259 nisi
3669 4203 3886 4257 locorum

2293 4305 2512 4371 incolis,
2562 4319 2808 4358 accessu.
2854 4300 2959 4365 Qui
3005 4299 3425 4356 transversariis
3471 4296 3686 4353 semitis
3726 4298 3775 4347 et
3810 4305 3887 4344 an-

2293 4399 2475 4470 gustis
2503 4396 2757 4464 callibus,
2790 4395 2998 4467 quibus
3038 4394 3170 4448 solis
3210 4393 3351 4448 adiri
3386 4393 3652 4458 solerent,
3683 4382 3885 4461 periculi

566 4496 861 4569 pugnandi
912 4496 1149 4551 haberet
1197 4495 1615 4559 necessitatem,
1662 4512 1920 4551 asserens
1974 4513 2034 4550 se
2089 4497 2421 4568 proDusu,
2453 4497 2514 4547 ut
2540 4490 2806 4545 adversus
2837 4488 3152 4560 periculum
3184 4483 3657 4558 deprehendendi
3684 4480 3886 4536 tutiores

567 4590 782 4645 civibus
824 4589 1091 4646 adversus
1137 4589 1527 4657 rebellionem,
1568 4606 1683 4645 non
1719 4590 2020 4645 adversum
2062 4607 2193 4646 suos

570 4684 830 4758 praelium
873 4685 1171 4755 recepisse,
1216 4684 1509 4739 lacessitus
1537 4683 1607 4739 ab
1650 4684 1923 4756 Antigoni
1959 4684 2190 4739 fautori-

543 4780 693 4844 ‘bns,
750 4778 970 4850 sagittis
1020 4781 1079 4832 et
1126 4778 1434 4833 levioribus
1482 4778 1709 4850 spiculis
1752 4778 1823 4832 de
1872 4795 2038 4833 muro
2088 4778 2191 4833 sibi

566 4873 956 4944 obstrepentes
984 4872 1187 4943 fugere
1227 4873 1433 4943 coegit.
1480 4873 1591 4927 Nec
1634 4873 1748 4927 ulla
1787 4871 1982 4927 fuisset
2021 4872 2190 4927 victo-

566 4969 667 5023 riae
699 4984 879 5035 mora,
909 4966 967 5020 ni
997 4965 1106 5020 dux
1139 4965 1377 5020 Romani
1418 4965 1666 5037 agminis
1705 4966 1860 5021 Silon
1890 4965 2189 5021 subornas-

568 5068 653 5117 set
692 5061 922 5129 milites,
956 5060 1053 5132 qui
1096 5059 1167 5114 de
1206 5058 1392 5130 inopia
1431 5060 1727 5132 querelam
1767 5067 2190 5132 expromerent,

564 5158 894 5226 vastataque
950 5153 1148 5209 omnia
1194 5153 1343 5208 circa
1405 5169 1629 5223 muros,
1685 5152 2193 5226 difﬁcultatemque

566 5250 916 5311 utensilium,
969 5254 1025 5303 et
1074 5248 1363 5319 angustias
1415 5247 1823 5302 alimentorum
1877 5248 2194 5319 praetende-

566 5349 713 5414 rent,
742 5350 795 5398 et
827 5344 950 5415 jam
992 5347 1216 5414 tempus
1257 5341 1483 5397 adesset
1523 5341 1677 5413 quod
1721 5341 1793 5395 ad
1823 5341 2064 5396 hiberna
2094 5358 2192 5396 eos

560 5438 872 5493 concedere
904 5440 1213 5509 oporteret,
1245 5439 1513 5508 rupturos
1544 5434 1858 5508 imperium
1898 5436 2191 5490 minaren-

564 5536 676 5591 tur,
724 5530 782 5582 ni
822 5530 928 5585 sibi
966 5529 1291 5601 acquietum
1334 5529 1500 5585 foret.
1532 5532 1771 5601 Jamque
1816 5528 2022 5584 seditio
2064 5545 2193 5585 con-

569 5620 852 5685 valuerat,
901 5621 1009 5675 nisi
1060 5622 1308 5677 Herodes
1374 5621 1802 5677 centurionibus
1862 5623 2079 5692 pariter
2131 5639 2193 5677 ac

569 5707 844 5762 militibus
893 5711 1161 5767 Romanis
1201 5715 1453 5771 medium
1503 5731 1562 5770 se
1611 5713 1877 5785 offerens,
1924 5714 2193 5771 oravisset

570 5814 641 5854 ne
685 5798 1012 5855 desererent
1049 5821 1203 5872 eum,
1245 5822 1421 5877 quem
1454 5809 1641 5866 Caesar
1680 5816 1738 5866 et
1765 5809 2059 5881 Antonius,
2103 5826 2188 5867 se-

2295 4586 2506 4642 forent.
2550 4584 2688 4640 Caeci
2736 4584 2887 4638 intus
2925 4584 3227 4638 antrornm
3271 4596 3546 4645 recessus,
3589 4587 3813 4649 quorum
3841 4569 3887 4623 in

2291 4681 2479 4736 fronte
2526 4683 2702 4753 petra,
2748 4694 2927 4748 usque
2971 4674 3043 4730 ad
3089 4674 3402 4747 profundas
3447 4667 3890 4743 congregationes

2292 4790 2594 4847 aquarum,
2619 4773 2769 4827 velut
2791 4769 3043 4843 quodam
3066 4767 3381 4823 continenti
3402 4768 3545 4837 jugo
3571 4761 3889 4837 prominens.

2295 4884 2453 4941 spem
2490 4865 2738 4922 adeundi
2771 4863 3118 4930 excluderet,
3151 4861 3365 4917 lubrico
3409 4859 3658 4930 undique
3688 4853 3805 4919 situ,
3830 4849 3885 4903 de

2294 4961 2595 5035 supercilio
2639 4958 2924 5016 montium
2965 4956 3302 5011 cadentibus
3343 4953 3525 5026 aquis,
3566 4959 3621 5005 et
3663 4946 3884 5004 amnium

2294 5073 2461 5112 cursu
2504 5056 2747 5126 fragoso,
2793 5058 2853 5107 ut
2894 5049 3279 5123 praecipitium
3332 5048 3674 5102 fluentorum
3724 5038 3875 5097 ruina,

2295 5156 2349 5206 et
2390 5165 2589 5204 saxum
2620 5142 2933 5203 imminens
2976 5143 3260 5200 cbarraris
3300 5142 3429 5214 plus
3468 5137 3695 5195 terroris
3731 5132 3879 5188 daret.

2296 5245 2507 5299 Deinde
2558 5239 2889 5313 aliquandiu
2930 5256 3025 5294 rex
3073 5237 3133 5292 in
3177 5238 3396 5292 incerto
3443 5233 3624 5299 haesit,
3667 5243 3769 5284 non
3806 5236 3876 5276 re-

2294 5338 2522 5410 periens
2568 5333 3054 5408 quemadmodum
3097 5334 3358 5386 naturam
3404 5327 3668 5382 vinceret.
3712 5322 3877 5376 Poslea

2294 5449 2425 5487 vero
2456 5429 2778 5502 hujusmodi
2810 5430 3136 5483 commento
3181 5441 3334 5492 usus,
3367 5425 3430 5477 ut
3467 5422 3523 5475 in
3563 5417 3778 5473 modum
3813 5421 3881 5462 ar-

2294 5543 2487 5581 earum
2518 5524 2840 5580 machinato
2882 5520 3225 5589 munimine,
3258 5515 3624 5573 validissimos
3652 5514 3875 5601 quosquf’

2294 5621 2632 5686 includeret,
2681 5619 2740 5672 in
2786 5618 2909 5688 ipsa
2958 5613 3294 5688 spelaaorum
3350 5626 3447 5667 ora
3492 5609 3727 5661 armatos
3774 5597 3877 5649 reti-

2296 5713 2510 5769 naculis
2557 5709 2902 5784 quibusdam
2954 5706 3247 5780 deposuit,
3303 5702 3400 5778 qui
3454 5698 3610 5757 facile
3660 5694 3875 5749 inermes

2295 5807 2517 5877 cedere,
2550 5811 2605 5862 et
2641 5821 2769 5860 cum
2807 5803 3074 5859 omnibus
3113 5791 3614 5857 necessitudinibus
3644 5791 3695 5842 et
3730 5794 3874 5857 gene-
