4072 6192
183 338 329 391 2093

1235 339 1324 394 DE
1364 337 1634 396 EXCIDIO
1674 340 1875 396 URBlS
1914 339 2271 396 HIEROSOL.
2316 341 2442 395 LIB.
2486 342 2525 394 l.

3417 342 3560 396 2094

181 459 409 514 ratione
454 457 772 514 interﬁcere
814 464 1116 532 coeperunt
1154 477 1167 515 :
1212 467 1273 516 at
1321 462 1363 516 si
1410 462 1507 533 qui
1554 463 1824 518 resistere
1847 464 2079 548 Aciens
2128 463 2399 533 Herodes,
2450 464 2671 534 quanta
2725 461 2983 517 hostibus
3028 463 3274 518 formido
3323 464 3555 533 inesset,

181 552 484 622 auderent,
526 570 619 607 eos
662 553 875 625 injecto
916 554 1043 625 igni
1076 570 1335 612 exurere.
1382 556 1578 610 Nullus
1622 557 1821 628 pietati

182 647 363 700 locus.
408 646 552 711 Quin
609 646 781 703 etiam
825 648 1018 703 volens
1064 649 1313 704 Herodes
1367 650 1671 722 plerosque
1717 652 1823 705 eri-

178 756 327 811 pere
362 740 510 807 neci,
534 746 707 812 atque
752 741 825 796 ad
864 758 921 796 se
952 742 1320 813 confugiendi
1351 743 1621 798 ﬁduciam
1661 745 1818 812 dare,

178 834 390 889 avertit
442 835 656 906 magis,
712 835 791 889 ita
842 841 903 890 ut
962 838 1148 891 nullus
1208 838 1562 892 voluntarius
1612 838 1821 893 Herodi

184 927 624 999 adjungeretur,
656 935 716 982 et
751 929 797 983 si
833 930 934 1000 qui
970 930 1369 999 adigebantur,
1401 935 1644 987 mortem
1680 948 1823 1003 pra:-

182 1020 409 1075 ferrent
445 1022 776 1093 captivitati.
819 1025 1076 1095 Denique
1110 1041 1255 1078 unus
1288 1025 1356 1079 de
1388 1025 1699 1079 senioribus
1730 1027 1816 1079 cui

182 1120 407 1184 septem
450 1115 547 1169 ﬁlii
591 1132 850 1188 uxorque
889 1117 1177 1183 adessent,
1205 1134 1449 1189 quorum
1487 1118 1651 1173 saluti
1691 1135 1821 1173 con-

182 1207 374 1261 sulere
422 1212 633 1280 posset,
663 1225 867 1264 omnes
905 1227 1002 1264 eos
1042 1211 1137 1265 tali
1176 1211 1381 1266 occidit
1424 1211 1594 1266 modo
1630 1228 1643 1265 :
1691 1212 1816 1267 Siu-

182 1300 352 1371 gulos
402 1318 658 1374 quosque
700 1303 971 1375 progredi
1011 1304 1241 1374 jubens.
1286 1304 1405 1375 ipse
1449 1305 1510 1360 in
1556 1306 1816 1377 ingressu

182 1396 370 1464 stetit,
404 1401 460 1450 et
486 1398 890 1466 procedentem
930 1397 999 1452 de
1028 1397 1155 1451 ﬁliis
1189 1398 1588 1454 interficiebat.
1616 1400 1815 1471 Despi-

180 1489 349 1542 ciens
413 1490 663 1545 Herodes
716 1496 834 1549 tam
885 1491 1047 1546 triste
1096 1492 1316 1546 facinus
1366 1509 1429 1547 ac
1470 1492 1814 1561 miserabile,

178 1588 430 1651 paterna
472 1585 804 1655 perstrictus
852 1585 1293 1656 necessitudine,
1344 1586 1570 1642 arcebat
1620 1604 1813 1654 manu,

181 1679 245 1730 et
273 1677 463 1731 verbis
489 1678 750 1749 rogabat,
782 1684 843 1733 ut
878 1684 1139 1750 parceret
1172 1679 1386 1750 liberis,
1414 1680 1813 1752 impunitatem

178 1770 504 1841 pollicens;
548 1776 606 1825 at
644 1774 738 1826 ille
776 1774 1221 1845 haudquaquam
1265 1775 1395 1829 ullis
1436 1774 1676 1829 inﬂexus
1712 1792 1812 1829 vo-

1928 557 2186 612 incubuit
2224 557 2440 628 praelio,
2470 560 2529 611 et
2566 558 2821 628 Pappum
2863 556 3050 627 ipsum
3092 556 3298 611 ducem
3330 556 3555 612 adversi

1922 651 2173 721 agminis
2200 650 2505 717 interfecit,
2535 653 2709 721 atque
2739 650 2863 721 ejus
2890 649 3147 705 abscindi
3173 654 3345 720 caput
3360 651 3549 720 jussit,

1921 745 2075 816 quod
2124 746 2194 798 ab
2252 761 2318 798 eo
2372 745 2547 800 frater
2596 744 2863 815 Josippus
2918 744 3111 814 regius
3179 744 3556 814 interemptus

1921 839 2089 892 foret.

2523 909 2742 965 CAPUT
2780 909 2948 963 XXXI.

1994 1025 2582 1097 Antigonusinterea
2622 1025 2819 1095 fugam
2867 1041 3040 1095 quam
3088 1032 3401 1095 paraverat,
3448 1025 3556 1078 dis-

1920 1118 2094 1173 tulit:
2139 1134 2309 1188 quem
2354 1123 2672 1173 morantem
2724 1118 2973 1172 Herodes
3014 1117 3355 1172 circumfuso
3402 1133 3558 1171 exer-

1919 1211 2032 1267 citu
2074 1212 2316 1279 obsedit,
2360 1211 2730 1284 incubuitque
2776 1228 2844 1265 ea
2888 1215 3045 1282 parte
3090 1227 3219 1282 qua:
3259 1219 3379 1265 erat
3421 1219 3554 1265 ante

1918 1308 2220 1376 templum,
2272 1323 2386 1377 qua
2430 1313 2587 1377 parte
2633 1306 2806 1359 etiam
2859 1305 3158 1376 Pompeius
3209 1321 3439 1359 murum
3484 1306 3553 1358 ir-

1920 1405 2172 1470 ruperat.
2200 1401 2376 1453 Tanta
2410 1404 2598 1453 autem
2633 1400 2753 1469 jam
2792 1398 3040 1453 victorias
3083 1400 3198 1468 regi
3231 1414 3549 1470 pressump-

1918 1494 2029 1558 tio,
2084 1498 2149 1547 ut
2199 1493 2369 1547 etiam
2436 1493 2733 1547 obsidione
2794 1495 2976 1563 coepta
3038 1492 3110 1546 ad
3164 1492 3548 1562 accipiendam

1917 1602 2154 1642 uxorem
2222 1587 2523 1641 Alexandri
2589 1587 2761 1640 filiam
2824 1587 3177 1654 deflecteret,
3236 1587 3549 1656 hymenaeis

1916 1681 2212 1735 classicum
2264 1687 2508 1745 mutans,
2556 1686 2613 1734 et
2662 1681 2893 1751 nuptias
2935 1680 3083 1734 bello
3133 1679 3545 1744 intermiscens,

1918 1780 2090 1845 atque
2119 1791 2185 1828 ex
2219 1774 2514 1828 occasione
2551 1773 2729 1843 praelii
2756 1773 3175 1843 conjunctionis
3206 1773 3543 1843 opportuni-

178 1864 367 1930 cibus,
399 1868 568 1936 atque
610 1866 843 1937 insuper
887 1868 1008 1938 regi
1049 1868 1422 1937 conviciatus,
1456 1886 1630 1939 supra
1670 1846 1893 1924 ﬁliosB
1920 1874 2091 1923 tatem
2135 1868 2393 1939 adeptus,
2435 1884 2469 1921 a
2506 1866 2663 1921 festis
2710 1866 2781 1921 ad
2820 1867 3037 1921 bellum
3077 1867 3396 1921 revertitur.
3442 1866 3544 1921 Oc-

178 1957 362 2012 etiam
396 1974 627 2013 uxorem
662 1961 905 2031 peremit
934 1961 1301 2032 praecipitans
1330 1979 1395 2016 ex
1440 1963 1556 2017 alto
1582 1963 1812 2018 cadave-

177 2050 346 2105 ribus
372 2051 638 2118 ﬁliorum,
675 2053 745 2107 ad
779 2054 1045 2109 ultimum
1077 2056 1442 2126 semetipsum
1475 2056 1534 2109 in
1574 2057 1813 2127 profun-

179 2144 323 2198 dum
368 2146 719 2216 praecipitem
759 2148 937 2202 dedit.
983 2149 1321 2203 Perterritus
1361 2150 1448 2203 his
1474 2151 1813 2221 Antigonus,

176 2238 337 2308 quod
378 2245 495 2293 tam
534 2239 699 2294 facile
739 2241 990 2296 Herodes
1030 2243 1316 2297 latronum
1364 2244 1812 2310 multitudinem,

174 2330 556 2404 locorumque
594 2335 974 2404 superavisset
1019 2335 1436 2405 difﬁcultatem,
1476 2337 1653 2407 ipsius
1694 2339 1814 2408 qui-

177 2425 315 2480 dem
359 2427 726 2497 praasentiam
778 2428 1116 2495 declinavit;
1166 2431 1259 2484 sed
1311 2431 1587 2485 convertit
1636 2449 1695 2485 se
1743 2431 1813 2485 ad

179 2520 581 2590 Ptolemwum,
616 2536 790 2591 quem
824 2523 1070 2577 Herodes
1107 2525 1254 2595 parti
1298 2524 1581 2578 exercitus
1611 2525 1810 2595 prmfe-

178 2618 358 2678 cerat,
402 2619 460 2667 et
502 2614 587 2667 vir
629 2615 699 2669 ad
751 2614 905 2669 furta
959 2615 1088 2670 belli
1147 2617 1514 2687 peridoneus,
1566 2634 1669 2688 per
1720 2635 1815 2671 eos

180 2706 394 2778 quibus
452 2723 573 2761 mos
636 2715 755 2763 erat
820 2709 1051 2763 turbare
1115 2710 1445 2776 Galilaeam,
1508 2712 1814 2781 improviso

180 2801 411 2872 impetu
468 2802 837 2857 Ptolemaeum
896 2804 1149 2873 jugulari
1206 2804 1393 2875 coegit
1454 2822 1466 2858 :
1523 2806 1814 2877 Josippum

180 2910 414 2966 quoque
462 2895 700 2949 fratrem
750 2897 1006 2963 Herodis,
1058 2913 1334 2966 germano
1380 2899 1437 2952 in
1489 2899 1613 2953 aliis
1657 2915 1815 2953 occu-

178 2995 315 3059 pato
354 2988 625 3059 partibus,
654 2988 898 3060 impigre
932 2998 1352 3062 repugnantem
1380 3008 1510 3046 cum
1541 2992 1816 3047 militibus

180 3081 460 3137 Romanis
499 3082 596 3154 qui
635 3084 695 3137 in
735 3083 1137 3153 adjumentum
1178 3086 1298 3156 ejus
1341 3088 1557 3140 temere
1593 3087 1811 3142 collecti

180 3174 558 3243 advenerant,
585 3176 809 3231 delevit.
842 3178 953 3232 Nec
982 3182 1143 3232 tanto
1169 3182 1473 3233 contentus
1495 3180 1813 3251 triumpho,

175 3270 402 3325 addidit
427 3271 597 3325 etiam
641 3270 888 3325 victoria:
930 3288 1163 3343 gravem
1206 3273 1265 3326 in
1305 3272 1636 3329 defunctum
1681 3290 1810 3328 con-

178 3364 502 3431 tumeliam,
553 3366 616 3418 ut
661 3364 907 3420 abscisso
953 3366 1136 3436 capite
1181 3366 1602 3438 relinqueretur
1645 3384 1657 3422 :
1710 3384 1816 3439 pro

178 3473 299 3529 quo
359 3457 613 3512 Pherora
677 3458 854 3513 frater
909 3461 1196 3531 perempti
1247 3460 1666 3533 quinquaginta
1729 3464 1811 3516 ta-

178 3551 334 3606 lenta
378 3551 603 3619 obtulit,
642 3568 748 3607 nec
792 3551 1137 3623 impetravit.
1177 3553 1301 3617 Qua
1344 3554 1581 3609 victoria
1622 3571 1816 3610 rursus

180 3645 241 3699 in
281 3644 642 3715 Antigonum
686 3646 1065 3717 plurimorum
1108 3646 1262 3701 intra
1305 3647 1597 3702 Galilaeam
1634 3649 1816 3703 studia

178 3753 455 3793 conversa
520 3743 905 3812 renovataque
968 3740 1100 3795 belli
1159 3740 1407 3812 negotia.
1461 3740 1814 3796 Antiochiam

179 3832 432 3887 Herodes
472 3833 863 3902 contenderat,
893 3834 1004 3888 illic
1034 3850 1262 3889 amoeno
1303 3835 1439 3890 satis
1479 3835 1602 3891 loco
1638 3852 1815 3908 quem

181 3925 461 3997 Daphnen
504 3927 768 3996 vocitant,
815 3927 1227 4000 requiescebat.
1273 3928 1374 3984 Ubi
1415 3936 1645 4001 accepto
1685 3946 1813 4001 ger-

180 4021 335 4075 mani
402 4020 558 4076 necis
618 4022 851 4089 nuntio,
905 4023 1199 4094 paulisper
1254 4023 1637 4094 ingemiscens
1689 4040 1813 4095 pas-

179 4115 326 4170 sioni
360 4130 665 4170 mcerorem
695 4114 937 4185 distulit,
966 4117 1272 4171 vindictam
1299 4119 1544 4188 paravit.
1574 4119 1699 4173 Non
1732 4122 1817 4173 tu-

181 4209 244 4264 lit
271 4208 597 4280 Antigonus
638 4210 921 4264 furentem
970 4211 1184 4278 dolore,
1230 4211 1327 4266 sed
1364 4211 1517 4265 intra
1554 4211 1817 4267 munitio-

180 4318 285 4357 nes
311 4318 438 4358 sese
460 4304 737 4359 recondit.
767 4305 980 4376 Irrupit
1001 4304 1266 4372 Herodes,
1292 4311 1354 4360 ut
1379 4311 1817 4377 persequeretur

181 4396 328 4450 tanti
367 4396 638 4451 facinoris
663 4400 947 4464 auctores,
986 4402 1044 4452 et
1080 4397 1245 4452 facile
1283 4399 1639 4454 occurrentia
1663 4415 1816 4454 aver-

178 4488 247 4544 tit
272 4488 533 4560 agmina.
571 4490 698 4543 Erat
728 4491 1043 4545 multorum
1072 4508 1181 4546 nex
1211 4491 1476 4562 plurima,
1510 4492 1816 4547 obstructae

1917 1962 2095 2017 currit
2123 1965 2181 2016 et
2208 1962 2404 2017 Sosius
2433 1962 2640 2016 missus
2678 1960 2749 2015 ab
2776 1961 3021 2015 Antonio
3061 1961 3119 2014 in
3149 1960 3545 2031 adjumentum

1917 2057 2182 2128 regium:
2234 2057 2308 2110 ita
2349 2056 2668 2127 conjunctis
2708 2055 2940 2122 viribus,
2986 2071 3114 2108 cum
3160 2071 3265 2108 usu
3309 2054 3443 2108 belli
3490 2060 3548 2108 et

1917 2149 2211 2220 disciplina
2244 2149 2475 2203 militari
2518 2149 2754 2203 Romani
2796 2152 3150 2219 praestarent,
3185 2153 3241 2202 et
3280 2147 3399 2217 regi
3428 2151 3543 2201 stu-

1918 2243 2012 2297 dio
2053 2242 2314 2314 placendi
2356 2243 2762 2311 inniterentur,
2799 2242 2887 2295 vix
2930 2242 3128 2312 quinto
3170 2257 3365 2296 mense
3404 2240 3549 2297 facta

1919 2337 2176 2407 irruptio,
2222 2336 2555 2390 Herodianis
2599 2351 2831 2390 murum
2878 2335 3186 2389 ascendere
3233 2335 3405 2389 ausis.
3464 2337 3543 2388 lr-

1917 2430 2210 2484 ruentibus
2253 2436 2446 2484 autem
2484 2431 2881 2484 Romanorum
2920 2428 3350 2483 centurionibus
3382 2429 3542 2499 oppi-

1917 2524 2079 2588 dum,
2111 2524 2487 2578 innumeratee
2527 2524 2693 2578 factae
2736 2523 2942 2589 caedes,
2980 2524 3193 2576 vastata
3224 2522 3372 2576 circa
3401 2525 3542 2576 tem-

1919 2618 2076 2689 plum
2118 2617 2333 2671 omnia.
2364 2617 2475 2671 Alii
2510 2616 2794 2687 fugientes
2830 2615 2898 2669 ad
2942 2614 3245 2686 templum,
3276 2614 3369 2668 alii
3407 2630 3545 2669 con-

1916 2710 2139 2783 gregati
2184 2711 2334 2765 intra
2383 2711 2584 2765 domos
2640 2709 3128 2764 obtruncabantur
3173 2725 3185 2761 :
3238 2708 3395 2763 nulla
3440 2710 3543 2763 mi-

1916 2804 2126 2859 seratio
2179 2804 2518 2869 senectutis,
2572 2803 2727 2857 nulla
2792 2802 3045 2856 infantiee
3104 2807 3202 2857 aut
3254 2801 3549 2856 muliebris

1916 2898 2286 2953 infirmitatis.
2338 2897 2553 2952 Obtulit
2607 2913 2666 2951 se
2723 2896 3072 2966 Antigonus,
3130 2901 3188 2949 et
3244 2895 3550 2950 immemor

1917 2992 2046 3059 loci,
2084 2992 2293 3061 dejecit
2323 3007 2382 3044 se
2423 2990 2490 3045 ad
2539 2990 2713 3061 pedes
2743 2989 2906 3045 Sosii.
2946 2992 3020 3043 At
3058 2989 3151 3042 ille
3181 3004 3352 3059 quem
3396 2994 3548 3044 tanta

1919 3102 2109 3140 rerum
2165 3083 2456 3139 conversio
2509 3083 2820 3139 admonere
2875 3081 3073 3137 debuit
3127 3082 3548 3149 misericordiae,

1916 3179 2263 3237 conviciatus
2298 3178 2595 3250 jacentem
2631 3177 2982 3248 Antigonum
3028 3176 3266 3243 vocavit,
3312 3192 3416 3230 nec
3463 3182 3579 3230 ta-o

1918 3289 2049 3327 men
2086 3273 2246 3343 quasi
2298 3272 2532 3326 mulieri
2576 3270 2851 3343 pepercit,
2891 3269 2990 3325 sed
3030 3269 3281 3325 vinctum
3318 3270 3380 3323 in
3425 3286 3551 3325 car-

1916 3383 2105 3421 cerem
2149 3366 2407 3421 detrusit.
2448 3366 2745 3420 Fluctuare
2797 3364 3063 3433 Herodes,
3109 3362 3395 3434 quomodo
3438 3364 3552 3419 Ro-

1918 3476 2220 3515 manorum
2287 3459 2551 3513 manibus
2614 3459 2864 3529 eriperet
2929 3457 3205 3528 patriam,
3262 3458 3553 3528 quomodo

1916 3554 2197 3625 templum
2248 3569 2281 3606 a
2326 3553 2637 3623 gentilibus
2680 3551 3173 3622 incoinquinatum
3218 3554 3550 3607 reservaret.

1918 3647 2286 3702 Festinabant
2325 3647 2481 3701 enim
2520 3645 2765 3701 Romani
2805 3651 3059 3716 spectare
3098 3645 3372 3715 mysteria
3398 3645 3549 3699 inte-

1918 3741 2089 3807 riora,
2120 3740 2428 3812 profanare
2474 3744 2664 3794 sancta
2694 3744 3041 3793 sanctorum.
3085 3721 3201 3791 Hei
3230 3753 3364 3791 vero
3401 3754 3553 3792 nunc

1919 3851 2109 3906 prece,
2158 3850 2309 3888 nunc
2350 3834 2528 3888 minis
2571 3848 2863 3887 removere
2907 3830 3186 3901 singulos,
3228 3830 3364 3900 fuga
3401 3831 3554 3885 dete-

1919 3929 2130 3984 riorem
2175 3927 2487 3983 arbitratur
2524 3926 2838 3991 victoriam,
2887 3927 2933 3979 si
2978 3923 3117 3996 quid
3159 3930 3547 3979 sacramento-

1918 4039 2047 4078 rum
2106 4022 2521 4093 divulgaretur.
2580 4022 2790 4075 Instare
2843 4019 2911 4073 ad
2973 4020 3221 4089 praedam
3275 4018 3549 4087 Romani,

1920 4118 2167 4173 Herodes
2207 4117 2485 4183 resistere,
2520 4132 2590 4171 ne
2630 4130 2862 4169 vacuam
2895 4113 3001 4167 sibi
3035 4113 3233 4169 urbem
3262 4112 3549 4184 relinque-

1919 4218 2079 4279 rent,
2136 4226 2498 4283 regnumque
2554 4208 2659 4263 sibi
2725 4224 3021 4279 superesse
3074 4208 3304 4263 deserti.
3360 4206 3554 4262 Sosius

1919 4310 2120 4360 contra
2155 4308 2333 4377 captaa
2370 4303 2528 4358 urbis
2557 4302 2810 4374 praedam
2846 4302 3119 4358 militibus
3158 4301 3356 4357 deberi
3395 4317 3548 4356 asse-

1919 4399 2100 4454 rebat.
2134 4399 2239 4454 Sed
2280 4415 2374 4453 rex
2409 4399 2476 4452 de
2506 4398 2739 4468 proprio
2765 4396 3073 4467 spopondit
3103 4396 3269 4450 militi
3296 4412 3353 4450 se
3382 4411 3548 4466 pecu-

1918 4493 2074 4548 niam
2123 4493 2417 4558 daturum,
2472 4494 2642 4561 atque
2693 4491 2768 4544 ita
2816 4491 3102 4560 reliquum
3148 4487 3345 4560 patria:
3394 4488 3549 4559 quod

176 4582 285 4637 via;
326 4582 651 4653 jacentium
702 4583 1104 4651 cadaveribus,
1158 4588 1224 4640 ut
1270 4585 1480 4640 itinera
1529 4586 1653 4657 ipsa
1708 4585 2291 4657 pe-Dremanserat,
2342 4584 2586 4656 pecunia
2632 4582 2897 4649 redemit,
2948 4588 3013 4638 ut
3053 4582 3396 4653 promissum
3439 4582 3546 4635 im-

178 4682 539 4748 remptorum
578 4676 879 4732 funeribus
921 4679 1298 4750 replerentur.
1340 4681 1637 4735 Peractum
1671 4684 1816 4735 esset

177 4771 469 4841 praelium,
510 4771 780 4826 omnibus
814 4773 951 4843 fuga
991 4774 1185 4839 versis,
1229 4774 1275 4827 si
1320 4773 1570 4828 Herodes
1618 4775 1811 4829 Hiero-

177 4865 456 4935 solymam
515 4866 773 4936 protinus
817 4866 1183 4938 dirigendum
1237 4867 1345 4921 iter
1399 4867 1811 4922 aestimavisset.

177 4959 479 5030 Abjecerat
527 4960 845 5031 Antigonus
894 4961 1103 5029 hastas,
1150 4960 1419 5015 ultimum
1470 4961 1813 5032 supplicium

179 5053 614 5124 pertimescens.
657 5054 888 5110 Confusi
930 5071 1132 5110 omnes
1170 5061 1347 5123 metu,
1387 5055 1530 5109 adeo
1572 5059 1652 5122 ut,
1685 5072 1813 5109 cum

178 5147 487 5217 asperitate
536 5147 744 5202 hiemis
797 5154 1091 5202 revocatus
1137 5165 1165 5200 a
1221 5147 1617 5220 persequendo
1669 5153 1816 5203 esset

181 5240 453 5309 Herodes,
485 5248 541 5295 et
570 5241 749 5296 armis
788 5241 1076 5313 depositis,
1110 5242 1383 5296 balneum
1416 5246 1564 5297 esset
1598 5243 1814 5314 ingres-

181 5350 272 5389 sus
300 5350 415 5389 uno
445 5335 747 5390 comitatus
775 5335 1021 5405 servulo,
1053 5341 1431 5391 occurrerunt
1468 5337 1518 5391 ei
1558 5342 1676 5390 tres
1708 5336 1813 5391 viri

183 5426 450 5484 districtis
480 5429 873 5497 mucronibus,
910 5429 1114 5485 deinde
1155 5430 1366 5501 plures,
1397 5430 1493 5501 qui
1535 5430 1815 5500 fugissent

182 5520 251 5576 de
296 5523 515 5594 prtelio,
555 5523 790 5578 latibula
833 5527 1174 5594 quaerentes.
1219 5524 1302 5592 Hi,
1343 5523 1460 5578 viso
1502 5540 1656 5594 rege,
1689 5530 1810 5579 tur-

183 5614 295 5669 bati
339 5619 497 5670 metu
534 5617 908 5688 pertransire,
938 5620 1107 5689 atque
1136 5617 1205 5671 ad
1245 5617 1464 5671 exitum
1494 5617 1680 5671 balnei
1708 5618 1814 5672 fes-

184 5706 543 5775 tinaverunt,
600 5715 662 5764 ut
724 5716 953 5781 possent
1014 5711 1290 5779 evadere,
1350 5711 1445 5781 qui
1511 5714 1815 5782 potuerant

184 5818 384 5859 necem
412 5804 565 5876 regis
601 5805 1164 5877 pararebellumque
1209 5805 1523 5860 absolvere.
1556 5805 1813 5876 Denique

187 5914 358 5954 nemo
399 5897 525 5965 fuit,
573 5898 670 5970 qui
715 5897 1000 5970 fugientes
1041 5898 1351 5971 corriperet
1391 5916 1402 5952 :
1446 5898 1595 5954 unde
1637 5898 1810 5970 conji-

1918 4680 2120 4751 pleret,
2155 4678 2563 4734 humanissime
2591 4676 2801 4731 milites
2826 4675 3096 4747 suscepit,
3130 4674 3550 4731 rationabiliter

1917 4776 2121 4840 duces,
2182 4775 2365 4845 ipsum
2426 4787 2654 4843 quoque
2714 4769 2872 4840 regia
2936 4769 3275 4825 liberalitate
3328 4769 3549 4824 Sosium

1918 4873 2317 4924 remuneratus
2366 4871 2470 4934 est,
2523 4881 2697 4919 nemo
2747 4864 3007 4936 ingratus
3061 4864 3306 4919 recessit.
3355 4862 3549 4917 Sosius

1916 4979 2185 5018 coronam
2237 4962 2347 5016 Deo
2388 4959 2613 5027 obtulit,
2658 4964 2715 5013 et
2752 4959 3037 5030 profectus
3085 4973 3277 5012 secum
3320 4955 3549 5010 abduxit

1915 5057 2264 5127 Antigonum
2297 5055 2367 5111 ad
2398 5054 2733 5120 Antonium,
2763 5069 2935 5124 quem
2978 5052 3072 5106 ille
3100 5050 3261 5121 quasi
3289 5049 3545 5121 degene-

1916 5151 1991 5204 ris
2015 5149 2189 5204 animi
2224 5148 2431 5216 virum,
2465 5148 2650 5203 securi
2679 5146 2975 5219 percussit.

2502 5246 2723 5303 CAPUT
2760 5245 2958 5300 XXXII.

1987 5338 2239 5394 Herodes
2264 5341 2454 5392 autem
2495 5335 2742 5407 plurima
2774 5334 2947 5389 etiam
2989 5333 3105 5387 suis
3129 5333 3393 5404 largitus,
3422 5334 3544 5404 plu—

1918 5434 2064 5488 rima
2103 5431 2349 5487 Antonio
2391 5430 2704 5501 amicisque
2744 5428 2867 5499 ejus
2908 5427 3056 5481 dona
3093 5427 3271 5495 dedit,
3318 5442 3422 5482 nec
3458 5430 3545 5482 ta-

1916 5543 2052 5582 men
2090 5525 2373 5581 redimere
2419 5523 2491 5579 ab
2531 5522 2769 5580 Antonio
2808 5520 2993 5592 potuit
3033 5519 3396 5575 securitatem
3438 5521 3546 5575 sui.

1914 5621 2033 5675 1am
2082 5620 2235 5675 enim
2284 5617 2559 5673 Antonius
2602 5616 2920 5687 Cleopatrae
2961 5614 3143 5668 amori
3188 5613 3549 5669 defeneratus

1914 5712 2270 5777 inserviebat,
2319 5717 2493 5781 atque
2542 5708 2799 5764 addictus
2854 5708 2978 5777 ejus
3030 5706 3255 5763 lididini
3307 5708 3549 5762 famula-

1914 5806 2099 5875 batur,
2130 5805 2229 5860 sed
2261 5805 2484 5859 vincere
2520 5820 2636 5857 non
2667 5807 2893 5874 poterat
2923 5801 3204 5857 femineas
3234 5801 3546 5871 aviditates,

1916 5905 1972 5953 et
2000 5898 2247 5953 maxime
2280 5896 2607 5952 exercitatae
2644 5895 2902 5953 mulieris
2939 5896 2996 5952 in
3027 5894 3280 5951 cladibus
3309 5895 3546 5970 propin-
