4000 6166
555 277 690 329 2095

2009 277 2064 330 S.
2107 276 2422 332 AMBROSII

3690 290 3789 343 2096

555 415 797 469 quorum
818 443 830 467 ,
885 399 1091 471 quibus
1141 401 1429 455 exstinctis
1449 443 1462 467 ,
1514 401 1929 471 possessionem
1987 418 2184 455 eorum
2209 416 2266 485 Α
2288 401 2707 472 expostulabat,
2736 402 2835 456 sed
2866 407 3059 456 tamen
3092 400 3241 455 ultus
3268 416 3565 472 aerumnam,
3591 410 3797 476 posterio-
3918 422 3929 523 Ι

558 494 717 523 [τιταιιηί
750 492 989 523 οηηκιηνι
1034 494 1147 523 ειεῖη
1191 494 1455 523 ειη-ευηηηι
1513 495 1709 523 anAn.“
1747 495 1979 523 ,ειη-..ἔκιε
2016 493 2181 523 ηζηηιι
2288 494 2441 523 ..ει...,.
2474 495 2679 523 -ιαιηιῖζζη
2710 495 2782 523 ξι..
2820 495 3021 523 Α....ι.ηι.
3054 493 3249 523 ..ρης-ξι
3306 498 3363 523 ιιι
3392 511 3533 523 ulnam
3569 497 3689 523 zu-..
3720 503 3777 523 __'_

558 494 718 562 quasi
750 492 992 564 spolium
1034 494 1150 549 suis
1182 494 1477 564 junxerat,
1510 495 1712 550 eadem
1746 495 1985 561 avaritia
2015 493 2185 548 simul

557 591 611 640 et
648 586 1006 655 crudelitate,
1038 587 1084 641 si
1116 604 1259 659 quos
1298 589 1367 643 de
1401 588 1562 660 Syria
1606 587 2007 660 locupletiores
2035 588 2187 643 fama

557 685 871 752 acceperat,
908 681 1303 752 interﬁciebat,
1332 685 1502 754 atque
1530 683 1753 738 addicto
1789 683 1910 754 jam
1946 683 2015 738 ad
2056 699 2186 737 suas

554 773 824 829 libidines
852 776 1123 844 Antonio,
1158 793 1406 848 regnum
1434 792 1664 848 quoque
1698 776 1911 832 Iudaeae
1946 779 2002 830 et
2042 780 2181 832 Ara-

556 867 664 923 bia:
694 868 980 924 exstinctis
1019 870 1249 941 utrique
1284 870 1441 941 genti
1486 870 1969 942 imperitantibus,
2002 871 2182 925 avari-

558 961 652 1016 tiae
693 980 809 1017 suae
847 962 1085 1035 adjungi
1124 980 1290 1035 posse
1332 963 1737 1019 arbitrabatur.
1779 964 1890 1019 Sed
1930 964 2187 1036 quamvis

558 1055 794 1111 libidine
839 1055 1051 1125 ebrius,
1091 1074 1289 1112 somno
1324 1057 1526 1128 gravis,
1557 1057 1615 1112 in
1653 1058 1761 1113 hac
1800 1061 1994 1113 tamen
2026 1061 2185 1130 parte

559 1149 797 1221 resipuit
840 1151 1138 1218 Antonius,
1182 1155 1247 1206 ut
1286 1152 1426 1206 tales
1466 1151 1615 1207 viros
1656 1155 1714 1206 et
1760 1150 2185 1223 potentissimos

560 1259 743 1315 reges,
772 1260 876 1316 pro
908 1245 1149 1317 imperio
1176 1245 1647 1317 petulantissima
1693 1246 1949 1301 mulieris
1980 1245 2185 1301 exstin-

561 1352 733 1409 guere
770 1337 1132 1394 detrectaret.
1168 1340 1380 1395 Tamen
1409 1356 1481 1394 ne
1526 1339 1812 1395 immunes
1846 1340 2182 1407 dimitteret,

558 1431 768 1485 amicos
830 1447 1031 1486 eorum
1098 1432 1370 1504 perculit;
1435 1432 1806 1505 possessionis
1872 1433 2183 1488 maximam

558 1529 780 1596 partem
817 1524 1053 1593 ademit,
1085 1542 1324 1599 eamque
1366 1526 1650 1598 przecipue
1692 1543 1820 1598 quas
1864 1526 2182 1582 balsamum

559 1618 828 1690 gigneret
862 1636 876 1673 :
914 1619 1204 1691 urbesque
1232 1636 1433 1675 omnes
1469 1620 1623 1675 intra
1659 1621 2026 1677 Eleutherum
2067 1638 2187 1676 am-

558 1729 690 1767 nem
732 1712 887 1781 sitas,
926 1714 1091 1784 Tyrio
1131 1717 1322 1771 tamen
1362 1718 1419 1769 et
1459 1713 1672 1770 Sidone
1720 1715 1994 1787 exceptis,
2024 1715 2183 1772 Cleo-

2288 494 2444 551 ribus
2473 495 2681 567 praeliis
2710 495 2786 550 ita
2811 495 3025 550 Arabas
3051 493 3273 560 afﬂixit,
3306 498 3366 548 ut
3392 511 3536 550 unam
3569 497 3690 554 illam
3720 503 3795 557 vic-
3918 493 3927 567 ἒ

2288 589 2497 644 toriam
2555 606 2715 644 suam
2774 589 2983 660 sepius
3041 588 3413 660 deplorarent.
3457 589 3634 645 Accidit
3677 595 3801 651 etiam

2287 688 2450 739 motu
2472 688 2637 739 teme
2663 683 2852 755 gravis
2870 684 3194 738 animorum
3215 681 3462 750 defectio,
3484 700 3579 755 quo
3599 701 3801 756 pecorum

2287 777 2624 849 plurimum,
2669 776 2973 833 hominum
3014 792 3245 850 quoque
3294 774 3505 846 triginta
3539 778 3639 833 fere
3676 781 3807 836 millia

2287 874 2630 943 consumpta
2664 875 2815 927 sunt.
2854 869 3105 926 Militaris
3140 873 3335 925 tamen
3372 868 3534 924 omnis
3561 887 3739 941 manus,
3759 891 3807 929 eo

2285 966 2435 1037 quod
2486 965 2590 1020 sub
2637 965 2731 1021 dio
2783 963 3098 1034 habitabat,
3143 962 3439 1018 incolumis
3486 967 3811 1035 perseveravit.

2291 1059 2429 1114 Hinc
2459 1075 2685 1131 quoque
2717 1059 2889 1115 erecti
2912 1057 3090 1114 animi
3113 1057 3384 1122 hostium,
3409 1063 3465 1111 ut
3482 1057 3812 1114 arbitrarentur

2288 1153 2442 1225 quod
2473 1153 2751 1208 desertam
2791 1152 3047 1208 Judazam
3072 1151 3288 1206 facilius
3314 1151 3637 1218 invaderent,
3663 1156 3709 1207 et
3728 1170 3815 1224 per-

2286 1246 2470 1302 culsos
2500 1247 2706 1302 talibus
2733 1246 3014 1319 prodigiis
3035 1245 3377 1317 afﬂigerent.
3406 1246 3550 1300 Unde
3574 1262 3658 1301 eos
3681 1247 3814 1301 Hero-

2287 1341 2385 1398 des
2405 1341 2474 1396 ad
2498 1340 2894 1396 defensionem
2914 1340 3001 1395 sui
3018 1340 3318 1413 erigendos
3338 1339 3619 1410 putavit,et
3631 1339 3820 1394 maxime

2287 1435 2423 1507 quia
2449 1435 2663 1506 legatos
2689 1426 2831 1507 quos
2856 1434 2915 1489 in
2943 1434 3216 1490 Arabiam
3242 1433 3486 1500 miserat,
3513 1436 3713 1489 necatos
3732 1432 3822 1487 dolo

2287 1533 2646 1601 compertum
2671 1527 2935 1584 habebat.
2966 1530 3079 1584 Hoc
3104 1544 3243 1599 ergo
3270 1526 3600 1599 trepidantes
3622 1542 3823 1581 sermone

2289 1624 2522 1678 adorsus
2553 1627 2661 1679 cst.
2699 1622 2840 1678 Cum
2882 1626 2968 1677 tot
3010 1619 3275 1677 secundis
3314 1626 3623 1676 nostrorum
3653 1619 3826 1691 pretiis,

2288 1717 2479 1771 fractae
2506 1733 2596 1772 res
2630 1715 2877 1771 hostium
2921 1732 3099 1787 usque
3136 1714 3207 1770 ad
3243 1714 3492 1786 ipsorum
3517 1713 3702 1768 fuerint
3728 1728 3827 1766 cou-
3920 1713 3931 1781 1

560 1811 737 1883 petrae
782 1806 1078 1878 cupiditati
1117 1807 1482 1880 adjudicavit.
1527 1808 1665 1873 Qua:
1703 1809 1799 1863 tali
1847 1809 2113 1864 mercede
2154 1794 2262 1866 aB
2290 1810 2617 1879 fessionem,
2666 1810 2761 1883 qui
2812 1826 3018 1865 vesano
3065 1809 3262 1865 dolore
3314 1807 3529 1881 perciti,
3573 1806 3709 1879 quasi
3742 1805 3831 1859 victi

558 1902 678 1955 viro
716 1900 974 1971 delinita,
1009 1918 1186 1973 usque
1223 1902 1291 1957 ad
1324 1902 1671 1974 Euphratem
1713 1907 2011 1974 prosecuta
2048 1918 2180 1974 pro-

556 1994 903 2049 liciscentem
936 1994 995 2048 in
1038 1995 1275 2050 Parthos
1312 1996 1643 2063 Antonium,
1675 2012 1777 2067 per
1802 1996 2054 2051 Iudaeam
2096 2012 2180 2052 re-

556 2089 743 2155 vertit,
782 2087 877 2143 ubi
904 2088 1067 2143 donis
1094 2089 1543 2161 muneribusque
1585 2090 1851 2144 maximis
1888 2090 2185 2145 conciliare

556 2183 663 2237 sibi
690 2183 902 2254 regina:
942 2182 1203 2237 animum
1244 2182 1494 2239 Herodes
1522 2200 1638 2239 non
1667 2183 2051 2256 praetermisit.
2082 2183 2184 2241 Cui

558 2276 817 2331 secundae
867 2293 960 2331 res
1011 2276 1342 2349 superbiam
1404 2276 1712 2349 augebant,
1769 2283 1830 2332 ut
1890 2277 2185 2334 muliebris

559 2370 896 2441 impotentia
922 2386 1095 2441 supra
1125 2369 1360 2426 modUm
1389 2387 1513 2425 sese
1540 2370 1857 2427 extolleret.
1887 2370 2183 2443 Siquidem

558 2480 673 2519 non
722 2465 901 2520 multo
943 2468 1067 2536 post.
1105 2464 1157 2520 ei
1206 2465 1545 2520 Parthorum
1586 2482 1685 2521 rex
1729 2465 2055 2535 Artabazes,
2101 2465 2186 2519 Ti-

557 2557 752 2629 granis
803 2558 1188 2630 potentissimi
1236 2559 1389 2629 regis
1438 2559 1590 2614 ﬁlius
1637 2560 1787 2615 dono
1850 2563 1936 2614 est
1998 2559 2178 2615 datus.
2225 2546 2227 2549 ’

558 2651 738 2716 Quem
764 2653 1042 2707 Antonius
1080 2653 1368 2725 captivum
1411 2657 1627 2724 tenens,
1661 2653 1752 2709 cui
1798 2654 1954 2709 omni
1995 2652 2186 2725 praeda

556 2750 613 2801 et
657 2746 854 2819 spoliis
903 2746 1138 2802 Persicis
1189 2747 1486 2819 triumpho
1537 2747 1817 2815 debitum,
1865 2747 2027 2820 quasi
2077 2746 2185 2803 vile

557 2840 909 2912 mancipium
952 2840 1183 2896 mulieri
1222 2840 1464 2912 addixit,
1506 2845 1569 2896 ut
1609 2858 1723 2914 quo
1758 2841 2030 2896 illustrior
2071 2841 2187 2897 fue-

556 2937 647 2990 rat
702 2934 957 3003 victoria,
1018 2950 1084 2990 eo
1136 2935 1358 3007 turpior
1410 2941 1556 2990 esset
1608 2936 1861 3007 largitio,
1916 2952 2045 3008 quae
2096 2952 2182 2990 re-

556 3044 688 3098 gem
728 3033 885 3084 tento
930 3027 1178 3084 ludibrio
1224 3028 1652 3084 dehonestaret.
1683 3030 1793 3085 Nec
1834 3036 2026 3086 tamen
2066 3029 2187 3084 diu-

558 3123 669 3177 tius
707 3122 921 3193 potitus
958 3121 1244 3191 secundis,
1287 3121 1386 3193 qui
1424 3122 1506 3177 uti
1546 3121 1654 3176 illis
1694 3122 2000 3192 nesciebat,
2042 3124 2187 3178 inso-

556 3215 734 3269 lentia
781 3214 1041 3269 muliebri
1083 3218 1406 3286 Augustum
1450 3215 1508 3270 in
1562 3232 1619 3271 se
1665 3216 1941 3271 excitavit.
1991 3218 2186 3290 Itaque

557 3309 771 3363 bellum
799 3308 1087 3363 Actiacum
1124 3309 1347 3379 magnis
1380 3310 1643 3381 utrinque
1688 3310 1995 3381 parabatur
2025 3312 2185 3366 moti-

556 3404 682 3457 bus.
723 3401 1149 3474 Promptissime
1180 3419 1274 3458 rex
1313 3420 1440 3458 cum
1472 3403 1713 3458 Antonio
1749 3404 2032 3476 gestiebat
2072 3405 2187 3460 bel-

556 3498 675 3551 lum
707 3496 920 3564 subire,
952 3497 1084 3567 quia
1113 3500 1171 3552 et
1194 3498 1391 3553 Judzea
1432 3497 1503 3552 ab
1531 3497 1723 3552 hostili
1754 3500 2004 3553 tumultu
2034 3516 2187 3554 vaca-

556 3591 670 3657 bat,
700 3595 758 3645 et
787 3592 1124 3664 Hyrcaniam
1156 3608 1189 3645 a
1228 3608 1420 3647 sorore
1461 3591 1735 3663 Antigoni
1766 3591 1863 3646 diu
1904 3596 2185 3648 retentam

557 3688 867 3756 receperat.
897 3685 1004 3740 Sed
1038 3686 1095 3739 in
1122 3685 1228 3740 hoc
1259 3701 1488 3758 quoque
1528 3685 1780 3741 Herodes
1807 3686 2184 3756 beatissimus,

556 3780 646 3835 cui
678 3779 927 3833 invisum
968 3782 1053 3834 est
1088 3779 1357 3851 periculis
1395 3778 1592 3834 alienis
1630 3796 1752 3835 sese
1784 3781 2044 3836 miscere.
2079 3783 2183 3837 Vo-

554 3875 677 3930 lens
711 3873 903 3945 itaque
930 3872 1235 3945 Cleopatra
1279 3873 1535 3928 alienare
1576 3874 1834 3929 animum
1873 3875 1997 3946 ejus
2029 3892 2062 3929 a
2107 3891 2188 3929 re-

556 3968 725 4038 gibus
761 3970 935 4038 atque
974 3970 1251 4035 avertere,
1299 3967 1499 4022 suadet
1542 3966 1679 4036 viro,
1720 3971 1786 4021 ut
1829 3968 2040 4023 bellum
2086 3969 2184 4023 ad-

558 4078 749 4116 versus
798 4060 1014 4116 Arabas
1060 4064 1287 4132 gereret
1328 4060 1575 4117 Herodes
1619 4079 1631 4116 :
1678 4078 1792 4133 quo
1840 4063 1885 4116 si
1928 4062 2188 4135 superior

559 4160 721 4223 esset,
756 4154 965 4209 Arabia
994 4154 1212 4226 reginae
1238 4153 1497 4223 cederet;
1523 4156 1566 4208 si
1591 4155 1843 4224 inferior,
1865 4156 2188 4211 dominatus

556 4249 867 4319 Cleopatrae
907 4247 965 4301 in
1000 4247 1251 4303 Iudaeam
1302 4248 1727 4304 extenderetur.
1766 4250 1903 4305 Uter
1948 4250 2184 4315 vicisset,

556 4344 797 4397 alterum
837 4340 1105 4397 solveret.
1135 4342 1296 4406 Quod
1339 4341 1639 4397 consilium
1692 4360 1802 4398 non
1847 4360 1915 4398 ex
1956 4344 2188 4415 disposi-

560 4436 733 4503 tione,
763 4436 859 4491 sed
886 4452 954 4491 ex
983 4452 1090 4490 usu
1125 4435 1179 4490 in
1214 4435 1496 4491 Herodem
1529 4436 1838 4505 inclinavit,
1868 4438 1987 4509 qui,
2017 4438 2186 4492 simul

2207 3165 2261 3238 C

2286 1906 2502 1977 legatos
2531 1909 2753 1960 nostros
2792 1907 3182 1975 peremerunt,
3217 1902 3431 1957 mirum
3482 1901 3614 1956 mihi
3651 1899 3832 1957 videtur,
3926 1930 3931 1941 ι

2285 1999 2437 2070 quod
2469 2002 2652 2055 metus
2678 2015 2776 2054 vos
2808 1997 3213 2054 irrationabilis
3240 1996 3299 2051 in
3332 1999 3550 2052 tantum
3575 1990 3834 2066 perculerit,
3934 1984 3935 1989 “

2284 2097 2350 2147 ut
2394 2093 2623 2148 fortuita
2665 2094 3087 2147 elementorum
3132 2090 3281 2146 notis
3316 2089 3435 2160 jam
3479 2088 3721 2143 virtutum
3752 2101 3835 2140 suc-

2286 2187 2532 2242 cessibus
2568 2185 2905 2259 praeferetis,
2945 2185 3102 2241 nulla
3140 2183 3469 2255 congressio
3506 2182 3624 2249 fuit,
3649 2197 3741 2252 qua
3765 2195 3840 2233 non
3926 2210 3937 2259 ξ

2286 2281 2478 2336 statim
2521 2280 2731 2335 Arabes
2761 2278 3052 2347 cesserint,
3084 2284 3256 2350 atque
3304 2278 3362 2332 in
3397 2277 3586 2347 fugam
3625 2272 3841 2333 conversi,

2286 2374 2604 2430 cedendum
2648 2373 3121 2441 existimaverint;
3173 2378 3232 2427 et
3289 2376 3353 2426 ut
3396 2387 3456 2425 se
3501 2369 3700 2424 habent
3740 2367 3848 2420 furta

2285 2467 2417 2524 belli
2461 2469 2593 2539 ('25),
2634 2467 2836 2522 fraude
2880 2470 3049 2540 atque
3094 2465 3315 2520 insidiis
3364 2463 3615 2520 remedia
3654 2465 3848 2532 captave-

2286 2562 2420 2630 rint,
2452 2577 2566 2616 non
2599 2564 2660 2616 ut
2693 2561 2799 2632 ipsi
2840 2560 3155 2626 vincerent,
3185 2558 3288 2614 sed
3337 2562 3402 2613 ut
3446 2564 3684 2612 nostram
3712 2552 3852 2610 differ-

2286 2658 2416 2710 rent
2440 2656 2749 2711 victoriam.
2784 2656 2888 2709 Pro
2933 2653 3139 2725 quibus
3180 2669 3315 2708 cum
3360 2650 3639 2707 conﬁdere
3680 2652 3851 2719 oporte-

2286 2752 2392 2817 ret,
2417 2749 2722 2822 exagitatio
2741 2748 3004 2803 successit
3021 2747 3180 2820 quasi
3203 2744 3593 2802 formidabilis
3611 2741 3750 2809 belli,
3765 2738 3860 2810 quia

2286 2846 2437 2898 terra
2465 2842 2716 2910 tremuit,
2749 2858 2879 2896 cum
2914 2841 3017 2896 soli
3052 2839 3292 2895 innocui
3316 2839 3537 2895 fuerint
3562 2837 3688 2908 quia
3711 2831 3858 2905 praelia

2288 2940 2571 3009 gererent.
2616 2941 2725 2991 Aut
2766 2936 2811 2989 si
2855 2934 3214 2989 considerare
3263 2933 3515 2989 velimus
3550 2929 3739 3002 quibus
3773 2924 3865 2981 otio

2287 3031 2446 3100 cerit,
2486 3029 2695 3085 Arabes
2735 3028 2921 3101 potius
2958 3027 3393 3097 aestimabimus,
3437 3042 3578 3098 quos
3615 3025 3672 3078 in
3705 3019 3864 3075 bellum

2288 3124 2530 3186 reduxit.
2576 3140 2646 3179 ne
2692 3140 2753 3178 se
2793 3123 3064 3195 fugiendo
3109 3122 3533 3177 subtraherent
3576 3113 3868 3174 fortioribus.

2285 3218 2457 3273 Video
2514 3218 2667 3273 enim
2727 3218 2852 3273 illos
2906 3233 3023 3273 non
3074 3216 3250 3271 armis
3307 3220 3413 3271 aut
3467 3212 3675 3269 viribus
3722 3209 3867 3265 fretos,
3924 3209 3965 3269 1³

2287 3312 2383 3368 sed
2432 3311 2650 3385 pecoris
2692 3310 2874 3367 nostri
2921 3310 3216 3381 dispendio
3272 3311 3338 3365 in
3394 3309 3577 3364 aciem
3628 3314 3871 3361 remeasse.

2289 3406 2525 3477 Fragilis
2562 3410 2754 3461 autem
2794 3422 2945 3477 spes,
2976 3421 3106 3476 qua:
3144 3421 3265 3460 non
3305 3420 3375 3459 ex
3418 3401 3669 3474 propriae
3704 3393 3873 3451 virtutis

2287 3499 2512 3568 fiducia,
2540 3499 2641 3555 sed
2673 3516 2741 3554 ex
2768 3499 2959 3554 aliena
2982 3498 3197 3571 pendet
3222 3497 3494 3566 miseria,
3522 3511 3652 3551 cum
3678 3493 3733 3548 in
3754 3484 3877 3545 terris

2291 3593 2432 3649 nihil
2458 3598 2576 3649 tam
2605 3591 2902 3657 mutabile,
2932 3608 3101 3664 quam
3128 3591 3217 3647 vel
3260 3590 3547 3647 secundas
3584 3604 3671 3643 res
3708 3581 3783 3637 vel
3803 3577 3874 3633 ad-

2290 3704 2482 3743 versas.
2525 3686 2756 3758 Exiguis
2800 3686 2957 3741 enim
2999 3685 3312 3741 momentis
3365 3688 3556 3741 status
3598 3693 3773 3737 rerum
3800 3674 3878 3729 ὶιιι·

2291 3797 2593 3836 manarum
2631 3787 2933 3836 novantur.
2968 3780 3079 3834 Nec
3108 3778 3480 3851 prosperitas
3517 3776 3786 3836 diuturna,
3808 3780 3879 3820 ne?

2289 3891 2549 3930 aerumna
2576 3880 2661 3930 est
2686 3876 2967 3945 pertinax.
2998 3875 3186 3945 Itaque
3218 3889 3331 3928 nec
3360 3874 3647 3928 miserum
3686 3880 3792 3922 esse
3808 3872 3883 3915 nec

2288 3973 2506 4036 contra,
2538 3973 2882 4040 perpetuum
2921 3972 3024 4037 est,
3065 3967 3162 4022 sed
3205 3969 3462 4022 alterum
3502 3963 3825 4035 frequenter,
3846 3958 3885 4005 et

2289 4064 2346 4117 in
2399 4059 2603 4117 iisdem
2650 4062 2823 4117 variae
2872 4061 3022 4116 vices
3074 4077 3297 4116 rerum.
3352 4060 3619 4132 Denique
3666 4072 3727 4111 ex
3766 4046 3888 4107 nobis

2290 4157 2612 4228 exemplum
2647 4172 2939 4228 capessere
2975 4156 3127 4210 licet.
3165 4155 3466 4211 Conflictu
3505 4150 3785 4224 superiore
3814 4156 3889 4213 p0-

2288 4251 2458 4306 tiores
2483 4251 2722 4319 fuimus,
2753 4250 2848 4305 sed
2889 4249 2944 4303 in
2983 4265 3255 4320 processu
3302 4248 3502 4321 prmlii
3544 4262 3663 4302 sors
3702 4242 3891 4298 mutatas

2292 4350 2351 4400 ut
2375 4346 2737 4399 vinceremur
2777 4345 2846 4398 ab
2884 4344 2972 4398 his
3005 4360 3146 4414 quos
3183 4343 3546 4398 viceramus.
3580 4342 3723 4408 Ergo
3753 4339 3803 4388 et
3826 4344 3894 4384 ω’

2289 4438 2375 4492 bis
2419 4454 2644 4510 sperare
2689 4437 2964 4509 suppetit,
3002 4437 3153 4509 quod
3199 4437 3530 4492 vincantur
3574 4451 3605 4489 a
3647 4427 3794 4487 nobis
3827 4419 3896 4495 qui

561 4536 619 4584 ut
666 4529 929 4601 praelium
978 4530 1214 4585 adorsus
1260 4534 1361 4597 est,
1408 4529 1645 4585 validior
1688 4530 1944 4602 equitatu
1987 4532 2190 4587 avertit
2210 4540 2267 4610 D
2292 4549 2390 4587 nos
2415 4534 2680 4588 vicerant.
2713 4535 2941 4586 lncauta
2968 4531 3123 4585 enim
3152 4547 3405 4602 semper
3431 4529 3613 4584 nimia
3642 4532 3902 4610 primum"

558 4624 805 4690 hostem,
848 4623 906 4677 in
955 4623 1107 4677 exitu
1154 4623 1522 4679 multitudine
1569 4623 1821 4679 hostium
1865 4628 2183 4697 superatur,

559 4721 616 4770 et
654 4732 891 4770 numero
931 4715 1396 4771 circumvenitur.
1429 4717 1803 4790 Cougregatis
1834 4718 1891 4773 in
1935 4719 2188 4774 Canatha

558 4810 772 4866 viribus
834 4809 1321 4877 adversariorum,
1379 4811 1682 4866 adversum
1748 4829 1887 4883 quos
1948 4813 2187 4867 densare

554 4905 737 4960 aciem
782 4904 1002 4972 volens,
1032 4902 1193 4958 elatis
1229 4920 1463 4959 suorum
1513 4906 1721 4961 animis
1752 4922 2013 4961 successu
2046 4906 2189 4977 prio-

554 5014 710 5068 rum,
753 5013 935 5068 eaque
973 5013 1139 5051 causa
1177 4996 1231 5051 in
1280 4997 1502 5053 hostem
1546 5000 1992 5072 irrumpentibus
2021 5001 2188 5055 desti-

557 5094 755 5161 tuitur,
798 5095 855 5146 et
888 5091 1139 5146 maxime
1180 5091 1378 5146 fraude
1421 5092 1777 5162 Athenionis,
1810 5111 1982 5165 quem
2024 5094 2184 5150 Cleo-

560 5191 720 5257 patra
763 5186 965 5241 ducem
1008 5185 1371 5257 adjunxerat,
1416 5202 1528 5240 non
1572 5192 1633 5241 ut
1671 5187 1969 5258 adjuvaret
2014 5190 2184 5242 llero-

558 5281 708 5349 dem,
739 5281 837 5336 sed
867 5284 929 5335 ut
966 5278 1024 5335 in
1061 5278 1186 5351 ipsa
1214 5278 1501 5335 desereret
1545 5281 1892 5336 necessitate.
1940 5282 2186 5354 Denique

556 5373 894 5430 destitutum
944 5374 1260 5428 exercitum
1310 5374 1431 5444 ejus
1478 5374 1534 5428 in
1588 5375 1722 5429 locis
1764 5376 1970 5429 saxosis
2015 5378 2186 5447 atque

555 5467 722 5521 inviis
746 5466 939 5522 adorsi
971 5467 1205 5537 Arabes,
1243 5467 1398 5539 gravi
1426 5466 1581 5523 caede
1618 5471 1883 5523 sternunt
1906 5468 2184 5524 fundunt-

556 5574 685 5630 que,
713 5566 770 5614 et
799 5562 1026 5633 fugatos
1064 5577 1243 5634 usque
1281 5562 1351 5617 ad
1402 5561 1619 5633 refugia
1659 5563 1837 5617 secuti
1878 5561 2055 5618 exitio
2085 5562 2183 5617 de-

557 5650 692 5707 dere
719 5670 730 5707 :
755 5654 936 5709 adfuit
956 5654 1210 5711 Herodes
1230 5656 1410 5711 serius
1429 5655 1663 5728 quidem
1684 5672 1860 5729 quam
1884 5657 2188 5712 necessitas

620 5846 714 5918 {25)
746 5845 929 5897 Malim
959 5848 1185 5913 quidem
1215 5851 1329 5913 fata
1365 5851 1507 5906 belli.
1540 5853 1837 5912 GALLAND.

2288 4627 2388 4695 tio,
2432 4631 2489 4681 et
2525 4626 2609 4681 sui
2656 4625 2975 4696 negligens.
3010 4625 3199 4679 Timor
3241 4628 3459 4680 autem
3500 4619 3805 4696 prospicere
3842 4608 3904 4664 ῗιιε

2290 4721 2430 4775 turis
2469 4720 2761 4784 admonet,
2800 4722 2856 4773 et
2901 4718 3265 4790 diligentiam
3314 4719 3515 4773 docet.
3562 4719 3622 4770 In
3665 4704 3904 4784 prottpefis

2290 4813 2527 4868 audacia
2554 4812 2795 4884 obrepit,
2830 4817 2885 4867 et
2914 4811 3238 4867 inconsulta
3270 4811 3588 4867 temeritas
3612 4805 3780 4863 nescit
3800 4813 3903 4855 ωηο

2289 4906 2477 4962 silium
2509 4907 2665 4961 ducis
2690 4909 3037 4977 exspectare.
3068 4906 3336 4977 Denique
3360 4910 3575 4961 contra
3605 4895 3904 4957 sententiam
3964 4896 3965 4911 ‘

2290 5017 2475 5056 meam
2520 4999 3037 5072 progredientibus,
3078 4998 3243 5054 vobis
3291 4997 3654 5055 Athenionis
3697 4983 3905 5063 nequitia

2290 5094 2535 5150 nocendi
2565 5093 2748 5148 locum
2780 5094 3007 5166 reperit.
3040 5094 3196 5148 Nunc
3230 5094 3391 5149 mihi
3426 5091 3733 5163 trepidatio
3756 5086 3903 5137 veslm

2289 5189 2528 5244 vadatur
2594 5188 3025 5260 praerogativam
3086 5186 3433 5243 victoriam.
3503 5184 3714 5257 Erigite
3767 5175 3903 5248 igitur

2288 5282 2539 5352 animos,
2595 5287 2652 5338 et
2700 5285 2944 5337 veterem
2994 5280 3347 5337 Iudaeorum
3412 5273 3903 5351 magnanimitatem

2289 5375 2549 5432 attollite.
2574 5376 2683 5430 Nec
2709 5392 2807 5431 vos
2834 5373 3257 5429 insensibilium
3281 5373 3709 5430 commotiones
3730 5364 3903 5438 perte“

2288 5476 2468 5535 reaut,
2494 5486 2597 5525 nec
2627 5472 2911 5524 terrarum
2934 5473 3118 5523 motus
3145 5468 3405 5524 alterius
3428 5480 3705 5523 aerumnae
3720 5456 3905 5532 judiccs

2287 5562 2666 5618 arbitramini.
2696 5562 2917 5617 Habent
2941 5577 3100 5616 suam
3132 5578 3361 5617 noxam
3386 5559 3681 5635 passiones
3699 5554 3905 5609 elemen-
3964 5568 3965 5635 ἦ

2288 5665 2497 5724 torum,
2538 5673 2640 5712 nec
2676 5655 2828 5711 aliud
2871 5655 3140 5727 timeatis,
3170 5670 3369 5727 quam
3406 5652 3562 5728 quod
3602 5654 3662 5706 in
3696 5646 3817 5720 ipsis
3837 5642 3904 5694 of-
