4072 6192
193 270 331 329 '209'7

1231 273 1319 333 DE
1360 275 1638 333 EXClDlO
1677 274 1874 333 URBIS
1913 272 2273 336 HIEROSOL.
2314 280 2443 336 LIB.
2486 281 2529 337 1.

3328 250 3333 255 ’
3421 286 3560 344 2098

192 397 452 455 fensibus
482 402 586 455 est.
615 400 740 456 Non
777 398 930 456 enim
968 399 1134 473 signa
1174 401 1558 473 periculorum
1593 404 1728 458 sunt
1769 402 1824 457 in
1848 413 1907 486 Α
1929 403 2036 459 iter
2075 404 2197 475 ejus
2237 406 2624 476 praeverterat.
2658 404 3112 480 Adveniensque,
3141 408 3397 482 deposito
3437 408 3557 466 dia-

192 497 363 549 terrae
394 498 553 550 motu
593 497 767 568 atque
811 495 1192 551 animantium
1230 496 1344 562 lue,
1384 497 1478 551 sed
1510 496 1634 567 ipsa
1676 498 1822 569 peri-

189 588 338 642 cula.
363 587 512 643 Nihil
541 595 626 644 est
656 588 808 661 quod
838 589 1162 657 timeamus,
1186 590 1346 661 quasi
1371 590 1569 662 gravia
1597 607 1821 662 perpes-

190 682 312 736 suri
333 682 433 753 qui
461 682 797 754 pertulimus
819 683 1173 754 gravissima.
1198 683 1482 755 Propitius
1494 684 1616 755 jam
1637 689 1824 756 potest

188 781 338 843 exse,
373 777 471 847 qui
504 775 837 844 vindicavit;
867 782 924 831 et
961 777 1176 845 mitior,
1208 794 1383 849 quam
1414 778 1459 832 si
1494 795 1605 832 non
1648 777 1825 833 vindi-

189 875 397 925 casset.
434 869 577 934 Quid
622 875 873 925 servatur
912 874 1041 942 post
1081 877 1246 926 terraa
1288 873 1509 927 motum
1551 888 1616 927 ac
1659 872 1824 944 pesti-

184 964 454 1030 lentiam,
492 964 599 1018 nisi
630 963 1061 1020 misericordia?
1087 966 1227 1030 Quia
1267 966 1537 1020 solvimus
1578 966 1825 1038 duplicia

186 1062 447 1128 peccata.
476 1059 543 1111 Et
590 1063 779 1112 tamen
828 1075 950 1126 nos,
987 1059 1135 1130 quod
1178 1059 1329 1114 bello
1373 1058 1510 1114 utile
1547 1060 1639 1127 sit,
1678 1060 1820 1115 inte-

188 1168 364 1222 grum
392 1151 687 1207 habemus.
722 1151 1050 1207 Pestilentia
1092 1152 1244 1207 enim
1280 1156 1439 1208 extra
1472 1152 1686 1208 bellum
1717 1172 1820 1225 po-

187 1246 334 1300 sitos
358 1245 606 1313 abstulit,
637 1250 825 1300 nostra
846 1251 1041 1301 autem
1071 1246 1303 1301 victoria
1330 1247 1384 1302 id
1413 1247 1672 1302 hostibus
1697 1249 1825 1303 ade-

187 1338 319 1407 mit,
360 1340 515 1411 quod
562 1340 712 1395 bello
763 1340 1033 1396 idoneum
1074 1341 1355 1413 legerant.
1399 1344 1611 1398 Deinde
1663 1343 1824 1399 nobis

184 1450 365 1506 pecus
408 1437 721 1503 mortuum,
768 1434 875 1489 illis
916 1435 1239 1505 consilium,
1291 1437 1390 1507 qui
1426 1437 1644 1508 legatos
1681 1455 1825 1510 quos

184 1527 473 1595 misimus,
503 1533 699 1583 contra
720 1530 816 1601 jus
852 1529 1049 1601 fasque
1072 1530 1420 1600 jugulandos
1454 1535 1821 1602 putaverunt.

184 1622 549 1677 Przevaricati
569 1628 701 1677 sunt
726 1623 911 1694 legem
934 1624 1193 1679 omnium
1219 1624 1538 1691 hominum,
1564 1626 1822 1696 ipsorum

183 1716 364 1771 etiam
390 1716 784 1785 barbarorum,
812 1717 1085 1789 quoniam
1115 1717 1264 1790 apud
1303 1719 1451 1791 ipsos
1482 1735 1706 1791 quoque
1726 1720 1821 1792 qui

182 1810 455 1865 nesciunt
475 1786 913 1879 humanitatem,
940 1786 1290 1868 inviolabiles
1321 1786 1820 1885 legati'habentur,
1846 1786 1901 1856 Β

183 1904 327 1959 dum
360 1903 614 1960 vindicta
640 1905 878 1960 caelestis
902 1906 1327 1971 reformidatur,
1354 1912 1410 1961 et
1432 1908 1575 1961 tanti
1600 1908 1825 1963 sceleris

180 1999 343 2053 ultor
375 1999 523 2053 Deus
552 1998 805 2054 timetur.
827 2001 943 2054 Hoc
965 2016 1104 2072 ergo
1133 2000 1496 2055 admiserunt
1516 2002 1821 2056 adversarii

183 2092 393 2160 nostri,
426 2091 579 2163 quod
606 2108 709 2147 nec
740 2092 1009 2147 humana:
1037 2110 1142 2148 nec
1164 2093 1369 2149 divinas
1396 2095 1552 2167 leges
1573 2096 1821 2151 inultum

184 2170 545 2257 relinquunt.
580 2186 954 2258 Egrediamur
995 2204 1157 2258 ergo,
1192 2204 1305 2243 non
1346 2204 1449 2259 pro
1478 2189 1683 2244 finibus
1724 2194 1823 2244 aut

181 2279 402 2351 spoliis,
453 2279 553 2335 sed
610 2296 715 2351 pro
756 2279 944 2335 divina
992 2279 1203 2352 injuria
1245 2282 1577 2353 prmiiaturi.
1628 2282 1822 2339 lncitet

180 2391 288 2429 nos
317 2373 388 2428 ad
416 2372 653 2440 bellum,
676 2390 792 2429 non
820 2374 1074 2446 conjugii
1106 2381 1203 2430 aut
1230 2376 1406 2447 prolis
1432 2376 1700 2443 charitas,
1725 2378 1819 2431 sed

182 2472 537 2539 prmsumpta
570 2468 845 2538 protectio
874 2468 995 2522 Dei.
1030 2469 1152 2524 Non
1193 2469 1429 2524 arbitria
1473 2473 1688 2538 nostra,
1722 2472 1819 2525 sed

182 2561 365 2616 divini
387 2561 535 2633 juris
571 2567 854 2633 praecepta
882 2563 1249 2634 exsequimur
1283 2579 1461 2630 sacra,
1503 2567 1565 2618 ut
1595 2580 1698 2635 pro
1732 2564 1820 2619 his

182 2655 490 2717 vindictam
516 2672 900 2726 reposcamus,
927 2673 1067 2728 quos
1104 2656 1454 2713 inviolabiles
1491 2674 1614 2712 esse
1644 2675 1813 2729 opor-

185 2755 308 2804 tere
342 2748 542 2820 religio
576 2749 761 2820 jubet.
796 2751 948 2804 lnter
991 2766 1152 2805 arma
1194 2750 1420 2805 hostilia
1448 2752 1662 2821 legatio
1705 2754 1817 2806 sola

184 2843 336 2915 pacis
362 2847 657 2914 sequestra
684 2849 787 2911 est,
818 2843 973 2898 exuit
998 2844 1225 2899 hostem
1258 2844 1352 2917 qui
1380 2845 1665 2916 legatione
1696 2846 1818 2901 fun-

184 2937 360 3008 gitur,
390 2953 634 3009 quorum
662 2952 814 2992 nunc
843 2939 1073 3009 sanguis
1100 2938 1312 2993 clamat
1336 2939 1405 2993 ad
1431 2939 1603 2994 Deum
1627 2945 1684 2994 et
1704 2939 1821 2994 vin-

182 3030 400 3085 dictam
420 3031 687 3102 reposcit.
712 3030 1066 3087 Festinemus
1085 3032 1265 3104 igitur
1283 3032 1353 3087 ad
1376 3032 1658 3104 praelium,
1682 3033 1817 3088 dum

181 3126 429 3180 ultorem
460 3124 735 3180 habemus
762 3125 941 3180 Deum
965 3142 1242 3181 ciesorum
1270 3126 1575 3182 vindicem.
1605 3127 1692 3183 Illi
1713 3144 1818 3198 pro
1840 3160 1894 3231 C

178 3219 349 3274 nobis
394 3219 594 3274 melius
639 3219 991 3290 prwliantur,
1025 3225 1082 3274 et
1117 3220 1445 3275 circumfusi
1481 3222 1815 3293 angelorum

178 3312 521 3385 legionibus,
577 3312 636 3367 in
687 3312 805 3369 acie
855 3314 1239 3384 praetendunt.
1281 3314 1505 3369 Talibus
1560 3315 1818 3370 hortatus

180 3407 411 3473 milites,
454 3407 515 3461 in
566 3407 786 3463 hostem
831 3407 965 3477 ruit,
1010 3423 1242 3463 omnem
1280 3408 1637 3464 occasionem
1683 3409 1813 3466 belli

180 3501 500 3573 requirens.
540 3501 716 3555 Erant
743 3500 953 3557 Arabes
977 3502 1393 3573 prazstantiores
1420 3519 1683 3571 numero,
1717 3505 1813 3559 sed

180 3594 393 3650 animis
425 3594 769 3650 infirmiores
800 3614 811 3649 :
855 3595 1001 3650 unde
1035 3597 1437 3667 congressione
1474 3596 1687 3666 habita,
1720 3614 1811 3652 ce-

177 3689 443 3744 ciderunt
472 3689 586 3744 fere
607 3706 809 3744 eorum
837 3691 1091 3762 quinque
1119 3689 1314 3745 millia.
1345 3690 1566 3763 Reliqui
1595 3708 1720 3746 sese
1752 3691 1811 3746 in

175 3783 566 3838 munitionem
594 3784 956 3855 recipientes,
987 3800 1151 3856 aqua:
1179 3783 1368 3856 inopia
1399 3784 1809 3855 fatigabantur,

177 3881 239 3932 ut
269 3877 560 3949 legatione
590 3877 757 3932 missa
806 3894 1001 3948 pacem
1051 3877 1233 3949 pretio
1273 3878 1663 3950 deposcerent.
1699 3878 1810 3933 Sed

174 3988 305 4026 cum
348 3987 407 4027 se
453 3971 716 4043 protrahi
760 3971 1039 4040 viderent,
1089 3978 1144 4026 et
1188 3971 1308 4026 sitis
1354 3971 1599 4043 amplius
1646 3971 1810 4044 aquis

173 4063 573 4120 deﬁcientibus
628 4064 1067 4131 accenderetur,
1129 4065 1494 4137 egredientes
1550 4064 1809 4137 plerique

174 4175 297 4214 sese
323 4157 645 4214 offerebant
672 4159 951 4225 hostibus,
980 4159 1302 4215 voluntario
1332 4160 1485 4214 ferro
1518 4175 1689 4230 quam
1718 4159 1810 4214 siti

174 4256 564 4326 praaoptantes
584 4252 790 4324 perire.
823 4253 978 4318 Quos
1003 4253 1218 4308 vinctos
1244 4252 1510 4308 servabat
1537 4253 1805 4322 Herodes,

174 4365 246 4403 ne
299 4347 442 4419 quid
484 4350 631 4402 esset
670 4347 1023 4402 insidiarum.
1074 4349 1264 4418 Itaque
1309 4346 1565 4419 quinque
1605 4346 1808 4403 diebus

176 4447 426 4513 quatuor
460 4441 642 4496 ferme
671 4440 848 4496 millia
878 4443 1108 4513 recepta
1144 4447 1295 4509 sunt,
1326 4441 1450 4496 aliis
1488 4441 1559 4497 ad
1589 4441 1806 4496 bellum

1929 497 2171 564 demate,
2225 515 2348 553 sese
2411 497 2619 554 obtulit
2667 500 2892 571 privato
2942 501 3164 572 habitu,
3217 504 3314 559 sed
3369 509 3559 561 mente

1927 593 2104 663 regia.
2147 593 2399 665 Denique
2442 592 2585 647 nihil
2634 594 2853 649 veritati
2896 595 3253 664 subtrahens,
3295 602 3557 655 constan-

1926 686 2067 740 tiam
2116 686 2322 754 tenuit,
2364 687 2760 742 auctoritatem
2807 689 3129 743 reservavit.
3172 691 3312 761 Ego,
3356 693 3558 764 inquit,

1927 784 2194 851 Auguste,
2222 782 2405 835 fateor
2444 797 2537 835 me
2570 780 2799 837 ﬁdelem
2841 782 3015 837 fuisse
3043 784 3283 839 Antonio
3322 785 3557 851 socium,

1931 876 2125 944 utpote
2165 874 2261 944 qui
2297 874 2367 928 ab
2405 891 2473 929 eo
2509 891 2751 946 regnum
2780 877 3124 947 acceperim,
3156 877 3248 932 cui
3276 894 3367 933 me
3398 878 3560 934 debi-

1928 971 2113 1022 torem
2146 967 2332 1023 adhuc
2370 984 2487 1023 non
2524 969 2744 1038 abnuo;
2783 969 2957 1041 idque
2995 970 3169 1025 armis
3205 972 3559 1042 probassem,

1927 1060 1972 1115 si
2006 1061 2309 1132 Cleopatra
2348 1078 2463 1117 non
2509 1061 2822 1131 invidisset,
2863 1067 2921 1117 et
2962 1064 3174 1119 Arabes
3213 1081 3331 1120 non
3378 1066 3555 1139 impe-

1928 1153 2166 1210 dissent.
2199 1156 2272 1209 Ea
2302 1155 2635 1211 necessitate
2666 1172 2827 1211 arma
2857 1157 3159 1213 adversum
3189 1161 3245 1213 te
3274 1176 3390 1215 non
3425 1161 3558 1227 tuli;

1926 1264 2039 1303 non
2081 1249 2238 1321 quasi
2284 1248 2449 1304 amici
2493 1249 2768 1317 desertor,
2802 1254 2903 1306 aut
2944 1252 3122 1323 praelii
3168 1252 3422 1324 pavidus,
3462 1255 3561 1309 sed

1927 1342 2085 1414 quasi
2136 1342 2293 1398 domi
2346 1343 2513 1399 rebus
2568 1343 2836 1415 gerendis
2885 1350 3210 1418 occupatus.
3259 1348 3554 1418 Ingratum

1928 1453 2018 1491 me
2061 1443 2252 1491 tamen
2290 1438 2396 1492 sibi
2425 1454 2544 1493 non
2574 1437 2748 1493 sensit
2779 1438 3076 1504 Antonius,
3107 1440 3258 1511 quod
3297 1444 3356 1495 et
3390 1441 3556 1513 adju-

1927 1535 2122 1585 menta
2161 1531 2441 1586 exercitus
2471 1534 2527 1586 et
2568 1531 2845 1586 frumenti
2880 1531 3333 1588 innumerabiles
3370 1535 3558 1606 copias

1927 1624 2132 1677 absens
2167 1623 2442 1679 miserim.
2477 1624 2587 1680 Sed
2629 1628 2687 1680 et
2718 1628 2797 1695 tu,
2836 1627 3039 1694 Caesar,
3073 1642 3167 1681 me
3207 1643 3324 1682 non
3364 1627 3554 1699 ingra-

1929 1721 2047 1771 tum
2096 1716 2387 1772 beneflciis
2431 1719 2552 1789 ejus
2598 1717 2992 1788 judicavisses,
3038 1719 3085 1773 si
3132 1720 3354 1776 Actiaco
3403 1721 3555 1776 bello

1924 1811 2333 1867 iuterfuissem.
2389 1810 2526 1866 Vide
2583 1828 2750 1883 quam
2814 1812 2956 1867 nihil
3011 1813 3368 1869 subtraham.
3428 1816 3557 1870 Plus

1925 1909 2118 1960 metuo
2158 1905 2307 1977 apud
2346 1908 2401 1960 te
2431 1905 2688 1977 ingratus
2723 1907 2781 1961 in
2812 1906 3038 1962 hostem
3076 1910 3260 1977 tuum,
3292 1924 3466 1980 quam
3498 1908 3556 1964 in

1923 2002 1981 2053 te
2009 1998 2185 2054 hostis
2214 1999 2411 2054 videri.
2442 1999 2725 2055 Judicium
2754 2000 2896 2054 mihi
2934 2003 3094 2055 tuum
3130 2000 3354 2073 gravius
3379 2019 3555 2074 quam

1922 2093 2135 2147 bellum
2175 2099 2278 2161 est,
2317 2093 2466 2165 apud
2506 2109 2682 2165 quem
2724 2110 2836 2148 non
2878 2094 3154 2149 virtutum
3195 2094 3419 2164 merita,
3457 2097 3555 2151 sed

1923 2186 2055 2242 vitia
2098 2187 2507 2259 periclitantur.
2554 2187 2713 2243 Unde
2759 2193 2816 2243 et
2852 2204 2958 2258 ego
3005 2189 3156 2244 malo
3195 2190 3348 2261 apud
3390 2194 3445 2245 te
3487 2192 3555 2246 de

1921 2282 2056 2350 fide,
2083 2297 2258 2353 quam
2300 2282 2372 2337 de
2410 2281 2647 2352 perﬁdia
2683 2298 2880 2337 causas
2916 2281 3121 2337 dicere.
3159 2283 3312 2353 Vide,
3349 2287 3551 2354 Caesar,

1924 2391 2095 2446 quam
2136 2376 2427 2447 integrum
2455 2376 2763 2431 Antonium
2799 2392 2911 2429 non
2945 2375 3315 2445 deseruerim,
3347 2378 3554 2434 victum

1922 2486 2034 2523 non
2097 2469 2299 2540 refugi.
2358 2468 2562 2536 Vicisti,
2611 2471 2812 2535 Caesar,
2870 2469 3178 2524 Antonium
3233 2470 3555 2540 legionibus

1920 2564 2032 2617 tuis
2077 2562 2360 2629 maximis,
2403 2562 2579 2617 vicisti
2626 2562 2873 2617 consiliis
2918 2562 3049 2631 tuis,
3099 2563 3279 2617 vicisti
3326 2564 3551 2637 imperii

1922 2657 2158 2712 Romani
2200 2656 2432 2723 viribus,
2474 2656 2624 2727 quod
2663 2656 2966 2727 dereliquit
3002 2662 3057 2711 et
3093 2658 3245 2729 quod
3289 2658 3548 2730 negavit;

1921 2754 1977 2805 et
2003 2766 2133 2805 vere
2163 2750 2339 2805 victus
2366 2754 2451 2805 est
2477 2750 2781 2805 virtutibus
2809 2750 2938 2819 tuis,
2963 2750 3059 2805 sed
3087 2752 3271 2824 magis
3300 2752 3551 2808 moribus

1921 2846 2052 2901 suis.
2086 2845 2225 2900 Vicit
2250 2860 2381 2899 eum
2408 2845 2711 2915 Cleopatra
2748 2860 2907 2910 uxor,
2935 2844 3067 2901 vicit
3101 2861 3231 2899 eum
3261 2847 3552 2918 .Egyptius

1920 2950 2102 3008 amor,
2135 2940 2263 2993 vicit
2294 2955 2426 2993 eum
2465 2939 2735 3010 ConOpea
2768 2938 3038 2993 luxuries.
3067 2938 3257 2993 Victus
3283 2944 3386 3007 est,
3419 2941 3552 3013 quia

1921 3034 2122 3088 maluit
2156 3050 2284 3087 cum
2323 3032 2622 3104 Cleopatra
2647 3031 2817 3101 vinci,
2849 3049 3019 3104 quam
3047 3033 3169 3087 sine
3197 3049 3263 3088 ea
3288 3033 3548 3103 vincere;

1922 3125 2052 3181 vicit
2088 3142 2218 3181 eum
2264 3125 2471 3181 mulier
2515 3125 2775 3181 infestior
2811 3127 2928 3181 suis
2971 3142 3143 3197 quam
3192 3127 3547 3183 adversariis.

1921 3220 2226 3276 Suaseram
2255 3225 2496 3275 mortem
2528 3219 2803 3288 mulieris,
2833 3220 2877 3274 si
2905 3219 3076 3275 vellet
3100 3219 3204 3274 sibi
3228 3220 3547 3279 consulere:

1919 3314 2298 3386 promiseram
2342 3313 2574 3383 auxilia,
2619 3313 2824 3386 quibus
2868 3329 3195 3386 repararem
3241 3313 3547 3383 afﬂictum;

1920 3408 2291 3480 promiseram
2312 3408 2479 3475 vires,
2500 3407 2707 3480 quibus
2728 3408 2988 3479 fugacem
3014 3410 3226 3476 tuerer,
3250 3424 3345 3463 me
3366 3408 3553 3481 ipsum

1916 3503 2051 3557 belli
2096 3505 2423 3557 consortem
2465 3501 2817 3571 obtuleram;
2852 3502 2945 3557 sed
2989 3506 3243 3557 mentem
3287 3502 3411 3573 ejus
3450 3504 3546 3559 ob-

1916 3597 2261 3652 strinxerant
2297 3595 2613 3667 CleOpatraa
2653 3595 3026 3666 cupiditates;
3065 3594 3239 3650 victus
3277 3604 3381 3664 est,
3415 3599 3551 3669 quia

1917 3690 2115 3745 audire
2145 3707 2237 3745 me
2264 3688 2442 3744 noluit
2471 3706 2484 3742 :
2516 3689 2696 3743 victus
2726 3704 2857 3742 sum
2893 3692 2950 3744 et
2974 3705 3081 3759 ego
3111 3706 3241 3743 cum
3274 3692 3545 3757 Antonio,

1916 3783 2135 3839 minore
2176 3787 2373 3839 tamen
2410 3781 2666 3853 flagitio;
2697 3782 2830 3853 quia
2868 3781 3027 3836 illum
3066 3782 3362 3854 Cleopatra
3396 3784 3547 3851 vicit,

1914 3894 2007 3933 me
2045 3877 2347 3933 Antonius.
2391 3876 2483 3932 llle
2520 3875 2847 3942 barbaram,
2882 3891 2991 3947 ego
3029 3875 3278 3930 amicum
3308 3892 3421 3931 non
3451 3878 3545 3931 de-

1914 3971 2137 4043 reliqui.
2177 3971 2317 4027 Cum
2358 3969 2454 4025 illo
2486 3968 2650 4042 posui
2683 3967 2970 4034 diadema,
3010 3967 3111 4023 sed
3152 3969 3224 4023 ad
3264 3974 3317 4024 te
3356 3969 3547 4024 venire

1915 4067 2122 4121 timens
2152 4065 2319 4120 amici
2347 4064 2531 4119 ﬁdelis
2570 4063 2770 4135 gratia,
2800 4061 3147 4134 sequestravi
3172 4061 3335 4134 regni
3371 4062 3544 4133 insig-

1914 4160 2027 4226 nia,
2063 4159 2163 4214 sed
2200 4175 2315 4213 non
2348 4157 2529 4229 abjeci
2565 4156 2790 4213 virtutis
2830 4155 3256 4224 conscientiam,
3296 4160 3360 4211 ut
3398 4157 3547 4212 voles

1903 4253 2117 4325 judice.
2163 4255 2281 4325 Ego
2321 4256 2514 4308 tamen
2551 4251 2749 4324 quavis
2786 4253 2934 4306 sorte
2956 4249 3157 4322 judicii
3187 4250 3272 4305 tui
3299 4250 3544 4306 referam

1911 4364 2154 4415 mecum,
2173 4347 2325 4419 quod
2342 4346 2663 4417 cujusmodi
2684 4346 2896 4401 fuerim
2917 4344 3132 4399 amicus
3149 4343 3542 4399 zestimabitur.

2484 4446 2706 4503 CAPUT
2744 4445 2959 4499 XXXIV.

174 4535 617 4607 prodeuntibus,
674 4535 885 4590 iterum
938 4536 1007 4590 ad
1060 4538 1280 4608 septem
1336 4535 1508 4590 millia
1558 4530 1884 4600 virorumD
1983 4536 2291 4608 Respondit
2331 4535 2399 4590 ad
2444 4551 2512 4591 ea
2552 4536 2737 4589 Caesar
2770 4550 2782 4586 :
2818 4533 3005 4601 Salve,
3048 4533 3255 4604 inquit,
3294 4534 3353 4586 et
3393 4549 3545 4587 nunc

172 4645 339 4683 caesa.
379 4630 501 4693 Qua
543 4628 713 4701 plaga
749 4628 1033 4684 humiliati
1069 4628 1282 4684 Arabes
1326 4645 1359 4682 a
1398 4645 1555 4700 rege,
1595 4633 1807 4701 quanto

172 4723 389 4778 virtute
439 4722 762 4792 inferiores,
818 4725 979 4777 tanto
1030 4722 1268 4778 consilio
1324 4722 1743 4793 praastantiores
1792 4746 1802 4776 :

172 4833 352 4888 quem
395 4816 778 4871 adversarium
814 4816 1124 4884 habebant,
1153 4815 1315 4889 quasi
1354 4816 1714 4872 defensorem
1753 4821 1809 4872 et

171 4910 565 4966 auxiliatorem
594 4910 700 4965 sibi
730 4911 919 4982 ipsum
947 4910 1363 4982 expetiverunt.

759 5009 977 5066 CAPUT
1014 5009 1234 5064 XXXIII.

244 5099 359 5154 Sed
403 5099 590 5169 major
631 5098 908 5153 victorem
946 5098 1264 5154 sollicitudo
1305 5099 1563 5170 perculit,
1612 5104 1670 5153 ut
1711 5100 1808 5170 qui

174 5192 280 5248 sibi
326 5191 469 5247 alios
512 5191 848 5263 subjecerat,
887 5207 1005 5247 non
1045 5192 1166 5262 jam
1207 5192 1277 5246 de
1320 5192 1550 5260 ﬁnibus,
1595 5192 1693 5247 sed
1740 5192 1808 5248 de

176 5289 292 5341 toto
350 5301 528 5357 regno
579 5285 898 5357 periculum
953 5285 1262 5341 imminens
1317 5287 1805 5358 perhorresceret,

173 5381 318 5436 victo
370 5379 616 5436 Antonio
660 5396 834 5452 quem
884 5378 999 5433 tida
1050 5379 1158 5434 sibi
1204 5380 1450 5436 amicitia
1497 5380 1805 5454 copularat.

176 5474 435 5547 Denique
463 5476 747 5546 Augustus
776 5474 963 5531 Caesar
986 5474 1200 5529 Actiaci
1220 5474 1603 5547 triumphator
1633 5477 1810 5530 certa-

173 5569 363 5633 minis,
404 5568 647 5624 necdum
687 5572 1019 5640 superatum
1056 5568 1366 5625 Antonium
1404 5567 1806 5639 arbitrabatur,

173 5679 301 5716 cum
359 5662 611 5717 Herodes
665 5667 987 5734 superesset
1037 5662 1303 5718 victoria).
1360 5662 1568 5717 Anxius
1618 5662 1808 5733 itaque

177 5773 291 5821 rex,
324 5772 456 5809 cum
487 5756 754 5811 Rhodum
790 5757 1087 5812 accessisse
1119 5758 1397 5812 Caesarem
1437 5773 1568 5812 vero
1600 5755 1808 5810 indicio

175 5849 559 5925 comperisset,
596 5850 875 5927 navigavit
916 5851 983 5908 ad
1023 5868 1174 5919 eum,
1216 5868 1284 5907 ne
1322 5851 1474 5908 fama
1515 5854 1807 5907 terrenum

1911 4630 2094 4702 magis
2128 4646 2308 4701 regno
2338 4634 2435 4684 tuo
2476 4632 2657 4695 utere,
2684 4627 2816 4698 quia
2857 4642 2973 4680 non
3008 4625 3328 4681 invidemus
3364 4626 3541 4682 virtu-

1911 4724 2081 4795 tibus,
2133 4723 2232 4778 sed
2284 4722 2651 4777 delectamur.
2705 4720 2918 4793 Dignus
2968 4719 3124 4775 enim
3177 4736 3239 4775 es
3289 4719 3546 4793 pluribus

1908 4818 2217 4889 imperare,
2248 4816 2345 4888 qui
2372 4815 2450 4870 sic
2478 4813 2652 4870 tueris
2682 4813 3028 4884 amicitiam;
3060 4816 3119 4868 et
3153 4817 3215 4868 ut
3245 4812 3300 4868 in
3340 4814 3541 4868 adver~

1910 4911 1983 4966 sis
2023 4910 2271 4982 positum
2303 4925 2420 4964 non
2453 4908 2719 4981 abneges,
2760 4911 2819 4963 et
2851 4908 3101 4963 amicum
3142 4907 3243 4962 tibi
3281 4908 3542 4963 conﬁteri

1912 5022 2022 5060 non
2065 5004 2385 5059 erubescas.
2428 5003 2537 5059 Sed
2581 5002 2817 5058 adorere
2855 5001 3201 5058 felicioribus
3241 5001 3539 5057 adhaerere

1910 5105 1965 5155 et
2000 5114 2334 5154 conservare
2372 5097 2546 5152 ﬁdem
2586 5097 2645 5151 in
2689 5096 3000 5168 prosperis;
3026 5096 3153 5167 jam
3190 5094 3248 5150 in
3291 5094 3543 5150 adversis

1909 5193 2037 5247 satis
2086 5192 2358 5264 probasti.
2409 5190 2615 5246 Vicerit
2666 5197 2721 5245 te
2772 5189 3065 5255 Antonius,
3112 5188 3209 5243 sed
3264 5205 3381 5244 non
3431 5204 3541 5261 ego

1908 5288 2118 5343 victum
2155 5286 2445 5358 putabam,
2478 5300 2651 5358 quem
2677 5283 2923 5339 amicitia
2959 5299 3160 5355 parem
3198 5282 3334 5339 fecit
3363 5282 3537 5337 victo-

1909 5380 2085 5436 ribus.
2141 5381 2449 5453 Propterea
2506 5378 2789 5451 expeteris
2835 5394 2867 5431 a
2918 5376 3112 5446 nobis,
3170 5376 3304 5447 quia
3353 5375 3543 5431 nullus

1911 5479 1965 5530 te
2007 5474 2139 5530 belli
2183 5478 2421 5529 eventus
2466 5472 2706 5528 mutavit
2748 5488 2760 5527 :
2809 5469 3277 5543 quandoquidem
3320 5485 3435 5524 non
3480 5475 3541 5524 tu

1910 5569 2220 5625 Antonium
2258 5567 2581 5634 deseruisti,
2613 5565 2708 5622 sed
2744 5568 2800 5620 te
2838 5564 3141 5634 Antonius,
3174 5564 3275 5635 qui
3310 5563 3543 5635 Cleopa-

1910 5666 2012 5717 tra:
2053 5662 2235 5734 magis
2271 5679 2439 5734 quam
2476 5660 2579 5715 tibi
2620 5658 2880 5715 credidit.
2925 5657 3259 5729 Insipientia
3295 5656 3445 5712 illius
3485 5662 3540 5711 te

1913 5757 2071 5811 nobis
2105 5755 2426 5828 acquisivit;
2459 5755 2590 5827 quia
2629 5752 3169 5825 perniciosissimam
3206 5749 3311 5806 sibi
3349 5750 3539 5822 elegit,

1915 5850 2147 5905 ﬁdelem
2191 5848 2533 5921 repudiavit.
2572 5848 2678 5903 Nec
2722 5847 2955 5915 mirum,
2995 5845 3036 5901 si
3081 5846 3388 5920 Cleopatra
3427 5846 3541 5900 An-
