4072 6192
546 260 555 261 ί
585 238 725 296 2099

2010 240 2077 295 .s.
2120 204 2436 293 AMBROSII

3766 244 3876 300 2100

582 363 770 419 tonius
814 361 995 420 victus
1039 364 1346 440 adhaereat,
1395 380 1429 418 a
1473 380 1589 436 qua
1636 359 1815 420 victor
1860 366 2055 434 captus
2106 364 2210 416 est.
2235 361 2566 446 Aambitus
2599 366 2655 416 et
2685 359 2958 417 mirabilis
2987 359 3440 432 pulchritudinis,
3472 376 3696 433 quorum
3722 367 3882 437 gratis:

583 458 735 523 Quid
763 458 1007 527 miraris,
1046 457 1091 512 si
1133 461 1188 514 te
1229 458 1499 513 desistere
1538 458 1671 513 fecit
1709 458 2006 529 CleOpatra
2033 457 2209 510 Anto-

584 552 770 619 nium,
813 568 943 608 cum
980 568 1012 607 a
1056 567 1147 607 me
1194 552 1582 607 dissociaverit
1625 556 1796 623 atque
1839 568 1907 606 ex
1951 553 2213 605 consorte

585 647 811 718 imperii
850 647 1071 702 hostem
1108 645 1344 701 fecerit?
1374 647 1525 718 Ergo
1558 648 1616 700 et
1653 644 1786 715 quia
1824 648 1886 698 tu
1917 643 2212 699 nobiscum

583 741 915 813 repudiatus
958 756 1039 808 es,
1082 743 1139 795 et
1179 740 1313 795 ideo
1360 740 1654 795 nobiscum
1699 754 1900 809 regna.
1945 738 2058 793 Nec
2105 737 2212 793 hoc

582 836 814 908 quidem
850 835 1124 890 beneﬁcio
1160 838 1337 901 vacat,
1369 834 1523 905 quod
1560 833 1700 888 dum
1737 849 1841 887 nos
1866 832 2026 887 bellis
2055 848 2214 887 occu-

582 945 786 1001 pamur
838 927 1110 996 civilibus,
1162 932 1224 982 tu
1276 927 1614 982 indomitam
1669 926 1921 981 Arabum
1976 929 2209 996 gentem

584 1022 889 1095 subjecisti,
919 1023 1053 1095 quia
1087 1021 1412 1078 Judaaorum
1446 1021 1634 1075 hostes
1672 1036 1773 1091 pro
1817 1018 2028 1074 nostris
2063 1018 2215 1074 duci-

588 1134 735 1171 mus.
765 1116 933 1171 Nobis
968 1116 1126 1171 enim
1154 1132 1313 1170 arma
1352 1115 1627 1183 inferunt,
1656 1113 1755 1185 qui
1782 1130 1877 1167 vos
1909 1114 2206 1168 lacessunt.

585 1210 757 1266 Nobis
793 1226 930 1282 ergo
968 1209 1241 1277 militasti,
1274 1225 1405 1263 cum
1439 1207 1544 1262 tibi
1586 1207 1865 1273 vinceres;
1898 1210 1955 1261 et
1992 1206 2120 1262 ideo
2160 1212 2213 1262 te

584 1303 1101 1372 remunerabimus,
1133 1308 1194 1358 ut
1219 1318 1467 1373 regnum
1494 1306 1658 1357 tuum
1688 1300 2060 1355 confirmetur
2087 1316 2215 1355 nos-

587 1403 674 1452 tro
716 1414 976 1453 munere.
1019 1397 1256 1452 Interim
1300 1396 1444 1451 nihil
1483 1394 1839 1450 imminuisse
1879 1410 1992 1449 non
2037 1409 2215 1466 parva

586 1492 769 1564 gratia
792 1494 878 1547 est
906 1508 919 1545 :
948 1491 1279 1546 adoriemur
1302 1490 1363 1546 in
1389 1489 1696 1562 reliquum,
1727 1493 1789 1544 ut
1814 1505 1931 1543 non
1960 1487 2215 1559 requiras

584 1586 911 1641 Antonium.
942 1586 1138 1657 Neque
1164 1584 1320 1639 enim
1355 1584 1591 1655 dignum
1625 1587 1728 1650 est,
1760 1585 1821 1637 ut
1857 1598 2029 1653 quem
2061 1581 2214 1636 bello

582 1679 850 1748 vicimus,
906 1696 1019 1733 non
1073 1679 1366 1734 vincamus
1419 1676 1836 1732 benevolentia.
1893 1676 2034 1730 Cum
2094 1676 2215 1730 haec

582 1774 816 1829 dixisset
842 1776 1046 1840 Cmsar,
1078 1772 1354 1844 imposuit
1379 1760 1650 1826 diadema
1680 1769 1850 1841 capiti
1883 1770 2024 1840 ejus,
2054 1769 2212 1823 sedu-
2235 1748 2291 1817 Β
2317 1772 2460 1825 Loco
2509 1785 2722 1826 nomen
2778 1769 3012 1824 Panium
3062 1773 3147 1824 est
3199 1786 3212 1824 :

582 1869 799 1923 litatem
829 1868 1150 1938 adjungens
1182 1865 1428 1920 muneri.
1456 1866 1577 1929 Qua
1613 1863 1944 1934 dignatione
1983 1862 2216 1917 Caesaris

583 1962 853 2017 invitatus
893 1960 1228 2026 Alexander,
1272 1976 1340 2013 ex
1388 1958 1589 2013 amicis
1629 1957 1860 2011 Antonii
1902 1957 2084 2011 virum
2124 1955 2214 2011 cui

582 2057 769 2111 Caesar
794 2054 1040 2109 maxime
1068 2052 1488 2124 indignaretur,
1513 2052 1706 2106 volens
1736 2051 2016 2106 abducere
2043 2050 2216 2104 offen-

588 2149 755 2215 sioni,
781 2147 962 2202 multa
988 2146 1317 2218 deplorabat
1339 2161 1540 2218 prece;
1565 2144 1661 2199 sed
1691 2143 2008 2216 indignatio
2036 2144 2215 2199 nimia

588 2241 810 2296 nullum
850 2239 1029 2295 veniae
1059 2240 1248 2295 locum
1282 2238 1529 2310 reliquit.
1558 2236 2045 2292 Proﬁciscentibus
2082 2236 2216 2292 inde

586 2336 645 2390 in
689 2336 1017 2406 Egyptum,
1058 2337 1394 2405 prosecutus
1432 2332 1666 2386 Caesaris
1706 2331 1814 2386 iter
1850 2329 2216 2402 suppeditatis

586 2427 872 2496 omnibus,
921 2443 1051 2499 quae
1095 2427 1183 2480 vel
1230 2426 1335 2496 ipsi
1380 2425 1467 2480 vel
1511 2424 1785 2480 exercitui
1829 2424 1956 2479 usui
2004 2423 2212 2492 forent,

588 2521 834 2577 maxima
873 2521 959 2575 sui
1003 2520 1185 2593 gratia
1232 2519 1597 2592 imperatoris
1647 2518 1767 2574 sibi.
1796 2517 1984 2573 studia
2023 2516 2214 2572 conci-

586 2615 740 2669 liavit
784 2614 1065 2681 Herodes,
1109 2613 1391 2685 praecipue
1431 2612 1565 2685 quia
1602 2612 1659 2666 in
1702 2612 1837 2666 locis
1878 2610 2217 2666 aridioribus

586 2725 762 2780 usque
791 2708 1102 2775 Pelusium,
1126 2706 1309 2777 regali
1334 2706 1651 2779 provisione
1677 2721 1957 2776 aquarum
1984 2704 2217 2759 afﬂuen-

586 2802 664 2857 tia
694 2802 1156 2871 subministrata;
1188 2800 1395 2873 quibus
1433 2799 1635 2855 officiis
1671 2802 1897 2854 tantum
1930 2798 2016 2853 sui
2059 2815 2214 2852 amo-

2312 456 2457 512 nihil
2495 456 2906 511 conferendum
2947 455 3257 511 arbitreris.
3290 456 3475 510 Unum
3515 473 3697 512 eorum
3728 460 3882 516 Caesa-

2313 551 2483 618 rium,
2515 550 2760 605 alterum
2791 548 3130 621 Agrippium
3161 549 3607 620 nuncupabatur,
3638 552 3768 607 utin
3793 555 3885 611 suis

2314 644 2533 699 aedibus
2554 647 2839 699 tantorum
2863 643 3182 698 amicorum
3210 643 3478 698 diuturna
3502 646 3756 700 memoria
3771 648 3886 702 cele-

2313 738 2594 793 braretur.
2632 737 2847 792 Urbem
2886 753 3118 809 quoque
3159 737 3427 793 Sebasten
3467 753 3578 792 non
3615 738 3781 795 solum
3816 758 3890 796 rex

2316 831 2632 899 aediﬁcavit,
2661 832 2761 886 sed
2793 831 2963 886 etiam
2994 830 3238 903 replevit
3263 830 3715 887 inhabitantibus.
3741 835 3808 888 Ac
3834 851 3889 889 ne

2314 926 2541 997 singula
2580 942 2907 997 persequar,
2941 925 3090 980 haud
3138 925 3316 979 ullum
3352 924 3508 980 facile
3548 926 3793 996 praeteriit
3827 929 3892 983 lo-

2314 1037 2443 1075 cum
2478 1025 2827 1075 vetustarum
2865 1018 3115 1088 urbium,
3149 1034 3321 1091 quem
3370 1035 3482 1073 non
3521 1024 3796 1075 renovaret
3827 1023 3891 1075 la-

2313 1115 2566 1183 bentem,
2589 1116 2687 1169 aut
2712 1113 2922 1168 additis
2949 1129 3077 1185 quae
3101 1113 3297 1168 deesse
3323 1112 3664 1178 videbantur,
3688 1113 3895 1170 aediﬁciis

2315 1210 2567 1263 ornaret.
2602 1207 2990 1262 Liberalitates
3024 1223 3252 1278 quoque
3290 1223 3422 1261 suas
3456 1223 3630 1278 usque
3669 1207 3734 1261 ad
3760 1207 3893 1279 quin-

2317 1301 2618 1373 quennalia
2635 1300 2963 1356 diﬂ‘undens
2978 1300 3307 1368 certamina,
3328 1300 3479 1355 unde
3493 1299 3627 1355 illud
3643 1301 3897 1357 hominum

2317 1411 2499 1466 genus
2538 1394 2729 1450 effusis
2769 1394 2982 1450 divitiis
3017 1393 3404 1465 locupletavit.
3438 1394 3728 1465 Templum
3759 1394 3897 1449 etiam

2315 1489 2523 1546 Caesari
2544 1488 2615 1543 de
2637 1503 2921 1544 marmore
2942 1487 3070 1543 albo
3090 1486 3340 1543 condidit
3359 1486 3435 1542 ad
3461 1488 3640 1542 fontes
3662 1487 3896 1558 Jordanis,

2315 1583 2458 1637 adeo
2479 1582 2789 1637 immemor
2807 1582 2992 1636 factus
3013 1581 3325 1653 religionis,
3349 1585 3415 1637 ut
3433 1581 3647 1636 homini
3665 1582 3897 1653 templum

2317 1680 2580 1742 sacraret,
2617 1692 2896 1748 usumque
2940 1675 3199 1747 gentium
3239 1675 3296 1729 in
3334 1675 3593 1730 Judmam
3632 1675 3898 1730 induceret.

3269 1769 3365 1824 ubi
3418 1785 3580 1824 mons
3630 1768 3901 1823 altitudinis

2317 1864 2553 1919 excelsae
2577 1863 2784 1919 vertice
2816 1880 3041 1919 summo
3072 1864 3131 1918 in
3161 1862 3404 1919 sublime
3432 1862 3752 1935 porrigitur,
3776 1863 3903 1934 cujus

2316 1960 2372 2012 in
2402 1958 2577 2012 latere
2603 1957 2940 2013 umbrosum
2967 1957 3222 2028 aperitur
3245 1959 3501 2026 antrum,
3526 1972 3626 2028 per
3648 1956 3787 2027 quod
3811 1972 3903 2027 gra-

2318 2051 2591 2107 veolentis
2615 2050 2916 2122 praecipitii
2947 2051 3297 2121 profundum
3335 2066 3546 2106 saevam
3577 2050 3784 2106 exhalat
3807 2066 3901 2104 me-

2319 2145 2549 2217 phitim.
2565 2147 2722 2200 Intus
2738 2161 3017 2215 aquarum
3039 2143 3431 2215 congregatio,
3450 2149 3508 2199 et
3522 2144 3640 2199 sine
3661 2145 3764 2199 ullo
3782 2147 3904 2198 motu

2318 2239 2499 2293 multa
2528 2239 2609 2292 vis
2640 2238 2844 2306 inerat,
2881 2243 2941 2293 ut
2969 2238 3274 2293 aestimatio
3303 2239 3607 2309 profunda:
3638 2237 3906 2293 altitudinis

2316 2349 2436 2387 non
2476 2332 3087 2404 comprehenderetur.
3135 2332 3291 2386 Foris
3340 2336 3539 2387 autem
3589 2331 3729 2387 circa
3768 2331 3907 2402 ipsius

2318 2426 2467 2481 antri
2489 2425 2709 2481 radices
2734 2426 2921 2481 fontes
2939 2426 3257 2481 scaturiunt
3279 2442 3293 2480 :
3319 2425 3474 2480 unde
3497 2428 3686 2481 ortum
3707 2425 3806 2480 illic
3821 2426 3909 2479 Jor-

2318 2520 2478 2575 danis
2500 2520 2757 2592 plerique
2781 2519 3128 2575 aastimavere
3143 2537 3160 2589 ;
3178 2519 3339 2574 nobis
3359 2522 3583 2587 tamen,
3600 2519 3729 2592 quid
3746 2518 3910 2573 veritas

2318 2614 2545 2682 habeat,
2569 2614 2625 2668 in
2650 2612 3055 2685 posterioribus
3075 2613 3456 2685 aperiendum
3478 2613 3717 2668 videtur.
3739 2614 3855 2667 Erat
3870 2612 3911 2664 in

2321 2708 2622 2762 maritimis
2644 2707 2859 2775 civitas,
2882 2724 3012 2780 quae
3036 2707 3314 2764 Stratonis
3342 2707 3520 2762 turris
3540 2706 3909 2779 appellabatur,

2312 2802 2435 2872 jam
2459 2801 2601 2856 fessa
2627 2801 2788 2857 bellis
2814 2801 3230 2873 frequentibus,
3261 2804 3317 2856 et
3343 2805 3628 2857 vetustate
3654 2801 3769 2872 ipsa
3792 2797 3915 2854 incli-

584 2911 707 2950 rem
749 2895 1000 2951 infundit
1036 2895 1323 2962 omnibus,
1355 2898 1421 2949 ut
1457 2895 1584 2966 plus
1621 2893 1909 2948 videretur
1940 2892 2216 2947 meruisse
2318 2901 2450 2951 nata
2476 2896 2531 2950 in
2560 2894 2788 2950 ruinam
2819 2912 2831 2950 :
2864 2895 3285 2967 opportunitate
3314 2898 3516 2951 tamen
3549 2900 3605 2951 et
3630 2895 3805 2967 gratia
3830 2892 3916 2948 loci

542 3026 547 3029 -
585 3006 757 3062 quam
785 2988 1087 3061 accepisse.
1111 2989 1291 3044 Minor
1318 3004 1546 3060 quoque
1572 2986 1737 3059 regni
1756 2991 2021 3058 potestas,
2045 3002 2216 3057 quam
2317 2989 2715 3060 praeeminens,
2743 3005 2919 3060 quam
2954 2988 3242 3043 renovavit
3279 2989 3482 3060 lapide
3522 2989 3667 3057 albo,
3700 2992 3756 3043 et
3784 2987 3915 3041 variis

584 3083 953 3138 humanitatis
1000 3082 1236 3154 largitas
1281 3082 1681 3137 aestimaretur.
1721 3079 1882 3135 Unde
1922 3082 2103 3135 Caesar
2147 3095 2217 3134 ex
2242 3132 2289 3154 η
2318 3083 2539 3137 ornavit
2576 3082 2847 3150 aediﬁciis,
2881 3086 3051 3154 atque
3094 3083 3153 3136 in
3194 3098 3260 3137 ea
3305 3080 3793 3154 magnanimitatis
3824 3095 3914 3134 suis

585 3176 872 3232 sententia
911 3132 1266 3230 rebusointra
1302 3176 1607 3246 Egyptum
1649 3173 1840 3245 gestis,
1878 3174 2123 3228 Antonio
2163 3132 2292 3227 etC
2321 3177 2585 3232 virtutem
2622 3180 2683 3231 et
2711 3132 3051 3248 elegantiam
3082 3176 3269 3247 operis
3306 3132 3609 3248 expiessit.
3638 3177 3780 3230 inter
3805 3174 3915 3229 duas

585 3271 885 3340 Cleopatra
914 3268 1212 3335 defunctis,
1240 3284 1358 3322 non
1388 3268 1571 3322 solum
1607 3282 1736 3338 quae
1760 3266 2031 3339 adempta
2057 3272 2220 3322 erant

587 3361 794 3418 Herodi
821 3361 1100 3430 reddidit;
1128 3377 1330 3416 verum
1357 3361 1529 3417 etiam
1556 3364 1763 3432 praeter
1789 3361 1882 3415 illa
1908 3377 2039 3432 quae
2065 3360 2220 3416 Cleo-

591 3460 750 3529 patra
782 3459 1086 3523 averterat,
1114 3455 1425 3524 Gadarum,
1450 3456 1691 3527 Joppen,
1730 3455 2041 3511 Samariam
2073 3471 2214 3527 quo-

585 3566 697 3623 que
737 3551 790 3605 ei
827 3549 1123 3605 concessit.
1153 3549 1463 3605 Maritimas
1505 3565 1732 3621 quoque
1774 3548 1963 3615 urbes,
1993 3550 2215 3615 Gazam,

586 3644 1015 3711 Arithedanam,
1056 3645 1299 3715 Joppen,
1338 3643 1541 3698 turrim
1585 3643 1860 3698 Stratonis
1900 3643 2069 3698 simul
2108 3643 2211 3697 do-

585 3737 743 3794 navit
781 3755 793 3791 :
829 3737 1284 3810 quadringentos
1324 3753 1552 3809 quoque
1598 3737 1894 3807 stipatores
1938 3752 2002 3790 ex
2043 3736 2220 3791 Gallia

586 3832 793 3904 quibus
838 3836 998 3903 septa
1050 3830 1350 3886 incedebat
1405 3831 1720 3902 Cleopatra,
1773 3830 1842 3885 ad
1899 3830 2218 3885 custodiam

585 3925 838 3997 corporis
892 3924 1013 3997 regi
1073 3924 1382 3993 concessit,
1436 3925 1730 3996 multaque
1784 3924 1912 3979 alia.
1966 3923 2077 3978 Sed
2131 3923 2219 3978 his

587 4019 852 4074 omnibus
890 4034 991 4073 rex
1031 4019 1212 4090 pluris
1248 4018 1518 4086 habebat,
1551 4017 1685 4089 quia
1720 4036 1755 4073 a
1790 4019 2006 4073 Cmsare
2048 4033 2220 4089 super

585 4128 802 4178 omnes,
854 4112 1006 4167 infra
1056 4112 1367 4183 Agrippam
1425 4116 1637 4179 tamen,
1688 4111 2034 4182 diligebatur
2083 4129 2095 4165 :
2147 4111 2217 4166 ab

587 4206 854 4277 Agrippa,
882 4204 1030 4260 infra
1059 4205 1370 4260 Caesarem.

1174 4304 1394 4359 CAPUT
1432 4304 1624 4359 XXXV.

659 4391 1096 4456 Quintodecimo
1124 4394 1314 4465 itaque
1351 4393 1433 4448 sui
1473 4393 1636 4465 regni
1672 4410 1843 4463 anno,
1877 4399 1941 4449 ut
1984 4395 2218 4449 beatitu-

2319 3270 2475 3326 enim
2503 3270 2818 3325 maritimas
2845 3269 3033 3340 urbes,
3062 3272 3266 3325 Doram
3296 3275 3474 3341 atque
3500 3272 3736 3343 Joppen,
3757 3267 3848 3322 sita
3870 3266 3913 3319 iu

2318 3364 2545 3433 medio;
2580 3367 2826 3435 utraque
2856 3380 2923 3418 ex
2951 3367 3113 3435 parte
3153 3362 3572 3436 perstringitur
3607 3364 3915 3435 importuoso

2319 3458 2531 3526 littore,
2566 3461 2629 3513 ut
2666 3474 2862 3513 omnes
2896 3458 3227 3530 quicunque
3257 3473 3326 3512 ex
3366 3459 3618 3530 Egypto
3658 3455 3915 3512 Phoenicen

2317 3556 2721 3623 praetermeare
2750 3550 3097 3620 desiderant,
3129 3551 3187 3606 in
3215 3550 3333 3606 salo
3360 3550 3664 3619 ﬂuctuent,
3694 3550 3815 3622 quia
3837 3548 3917 3603 ire

2320 3649 2561 3717 quenter
2589 3645 2701 3701 illic
2736 3662 2897 3701 mare
2928 3645 3118 3701 ventis
3153 3645 3460 3715 excitatur,
3496 3649 3556 3701 et
3588 3644 3817 3700 maxime
3848 3640 3913 3695 Li-

2316 3740 2459 3812 byco
2485 3740 2815 3811 spiramine,
2846 3740 3004 3811 cujus
3031 3740 3207 3796 etiam
3240 3739 3627 3795 moderatiore
3656 3740 3786 3794 flatu
3808 3738 3911 3791 fluc-

2320 3838 2410 3888 tus
2438 3832 2748 3900 attollitur;
2780 3832 3027 3904 denique
3063 3833 3245 3888 illisus
3280 3833 3761 3904 praecurrentibus
3783 3829 3914 3885 saxis.

2320 3932 2375 3982 et
2399 3928 2576 3983 fracto
2603 3943 2966 3998 repercussus
2990 3927 3234 3998 impetu,
3258 3926 3502 3982 efferum
3532 3943 3689 3982 mare
3711 3922 3917 3981 cadendo

2319 4026 2639 4092 exasperat.
2694 4024 2893 4093 Itaque
2945 4038 3041 4076 rex
3093 4022 3316 4077 nullum
3374 4023 3655 4095 impensis
3705 4025 3915 4075 statuens

2319 4115 2576 4182 modum,
2614 4115 3094 4186 magnanimitate
3129 4116 3262 4171 vicit
3297 4121 3589 4185 naturam,
3623 4119 3917 4188 portumque

2321 4209 2598 4280 majorem
2640 4211 2831 4280 Pyraae
2872 4209 3193 4278 constituit;
3235 4214 3407 4282 atque
3452 4211 3512 4265 in
3561 4226 3627 4265 eo
3671 4208 3916 4282 penetrata

2319 4302 2548 4374 rupium
2575 4303 2862 4370 vastitate,
2891 4304 3165 4358 stationes
3194 4307 3341 4358 tutas
3371 4304 3713 4376 composuit.
3738 4303 3917 4356 Mensas

2320 4412 2550 4467 quoque
2576 4398 2826 4467 spatium
2854 4397 3009 4469 quod
3037 4397 3428 4469 magnitudini
3459 4405 3657 4469 portus
3684 4390 3913 4451 conveni-

586 4485 706 4540 dini
730 4503 848 4541 sua:
878 4487 1255 4559 responderet
1284 4491 1339 4542 et
1363 4488 1581 4560 gratiae,
1610 4489 1768 4542 tanto
1799 4504 1993 4543 rerum
2020 4505 2294 4578 secun-D
2316 4493 2425 4559 ret,
2456 4506 2594 4544 saxa
2622 4491 2880 4561 ingentia
2907 4490 2966 4545 in
2998 4507 3159 4545 mare
3183 4491 3340 4562 jecit,
3373 4492 3585 4564 quibus
3610 4491 3805 4545 inesset
3826 4485 3916 4556 ple-

585 4579 782 4634 darum
825 4597 1085 4637 successu
1124 4583 1362 4649 levatus,
1409 4581 1481 4636 ad
1523 4581 1799 4653 pietatem
1845 4583 2120 4651 intendit;
2159 4588 2217 4638 et

587 4677 647 4727 ut
672 4688 730 4728 se
770 4678 997 4745 gratum
1033 4675 1351 4731 ccelestibus
1384 4675 1441 4729 in
1478 4691 1535 4731 se
1564 4692 1737 4747 supra
1763 4675 1999 4730 modum
2027 4676 2212 4731 fluen-

586 4766 731 4822 tibus
776 4767 1063 4824 beneﬁciis
1109 4770 1546 4837 demonstraret,
1601 4769 1879 4841 templum
1928 4771 2150 4825 ornavit
2199 4789 2210 4825 :

585 4875 933 4933 omnemque
962 4861 1125 4917 illum
1164 4861 1311 4917 circa
1344 4863 1624 4936 templum
1656 4863 1766 4918 loci
1797 4863 2080 4918 ambitum
2113 4864 2215 4918 cir-

581 4956 940 5010 cumvallavit
967 4972 1152 5025 muro,
1181 4956 1601 5029 geminatisque
1629 4957 1824 5029 spatiis
1855 4957 2084 5012 inclusit
2113 4958 2217 5012 im-

585 5065 779 5105 menso
802 5049 1118 5106 tediflcandi
1139 5055 1373 5122 sumptu
1393 5055 1449 5106 et
1464 5051 1743 5123 exquisito
1766 5051 1986 5106 decore.
2005 5052 2215 5106 Indicio

581 5149 744 5198 erant
764 5160 991 5215 magnae
1011 5144 1159 5199 circa
1175 5144 1482 5200 sacrarium
1501 5145 1768 5216 porticus,
1787 5162 1925 5217 quas
1945 5145 2218 5201 exstruxit

578 5253 646 5291 ex
682 5237 1102 5305 fundamentis;
1144 5254 1251 5294 nec
1291 5238 1484 5294 minor
1520 5239 1714 5294 tuendi
1755 5256 1929 5310 quam
1971 5239 2211 5294 ornandi

581 5331 843 5387 intentio.
867 5332 1160 5405 Siquidem
1181 5339 1432 5389 castrum
1454 5333 1720 5406 Aquiloni
1746 5332 2045 5405 subjacens
2067 5350 2215 5388 com-

581 5425 843 5495 munivit,
868 5427 1023 5498 quod
1048 5429 1356 5499 appellavit
1381 5428 1610 5483 Antonii
1638 5428 1882 5501 gratiam
1906 5430 2033 5499 (26),
2058 5428 2212 5483 nullo

580 5517 815 5573 inferius
857 5519 1219 5591 superiorum
1259 5522 1622 5594 palatiorum.
1662 5521 1896 5576 Addidit
1938 5522 2109 5576 etiam
2153 5522 2210 5575 in

578 5613 702 5675 ipsa
728 5625 858 5666 arce
891 5613 1069 5683 regite
1098 5614 1304 5671 domus
1335 5615 1571 5687 gemina
1605 5615 1942 5680 habitacula,
1977 5614 2210 5671 maximi

2317 4584 2508 4656 risque
2555 4584 2801 4639 altitudo
2846 4584 3062 4656 pedum
3107 4584 3561 4657 quinquaginta,
3610 4585 3732 4640 aliis
3776 4580 3915 4635 etiam

2318 4677 2617 4732 excelsior.
2646 4677 2910 4733 Distinxit
2928 4677 3115 4750 ipsum
3139 4678 3410 4733 maximis
3429 4680 3685 4735 turribus
3703 4678 3913 4749 portum.

2316 4787 2562 4842 quarum
2607 4787 2785 4826 unam
2832 4771 3071 4826 Drusion
3114 4772 3356 4838 vocavit,
3403 4777 3470 4827 ut
3514 4772 3675 4827 Drusi
3718 4780 3911 4824 nomen.

2315 4864 2412 4936 qui
2440 4865 2509 4919 de
2537 4864 2770 4920 Caesaris
2799 4865 3117 4936 majoribus
3145 4865 3273 4933 fuit,
3301 4866 3627 4938 insignibus
3655 4864 3736 4919 sui
3762 4857 3914 4933 operis

2316 4958 2621 5013 intexeret.
2655 4957 2871 5014 Gradus
2915 4958 3089 5013 etiam
3124 4958 3415 5014 breviores
3447 4960 3581 5016 locis
3618 4951 3909 5026 interposuit

2313 5052 2824 5123 frequentiorihus,
2861 5068 2962 5123 per
2989 5069 3128 5125 quos
3157 5054 3277 5108 sine
3310 5054 3471 5124 gravi
3501 5053 3691 5108 labore
3720 5047 3906 5116 navigia

2315 5146 2780 5201 subducerentur.
2811 5145 3012 5201 Tribus
3042 5148 3210 5201 etiam
3242 5148 3473 5203 colossis
3501 5145 3814 5218 ingentibus
3836 5146 3903 5192 t0-

2314 5244 2432 5294 tam
2463 5244 2662 5311 portus
2700 5240 2851 5295 illius
2890 5241 3134 5313 gratiam
3172 5241 3507 5296 venustavit.
3551 5244 3753 5297 Iterum
3786 5240 3901 5289 tem-

2314 5334 2469 5404 plum
2498 5334 2733 5390 Caesaris
2761 5334 2987 5390 editiori
3010 5335 3265 5389 fundavit
3290 5336 3433 5404 loco,
3456 5340 3511 5391 et
3532 5332 3725 5405 templi
3753 5325 3902 5384 medio

2314 5428 2595 5483 colossum
2636 5428 2929 5483 constituit
2965 5428 3198 5500 Augusti
3237 5429 3494 5496 nomine,
3529 5428 3673 5482 velut
3706 5419 3900 5478 simula-

2314 5538 2472 5577 crum
2504 5522 2702 5594 ipsius,
2736 5522 2888 5594 quod
2920 5538 3036 5578 non
3076 5522 3317 5578 minoris
3343 5518 3753 5595 magnitudinis
3784 5515 3903 5571 foret

2314 5616 2620 5672 simulacro
2642 5616 2891 5687 Olympii
2915 5616 3060 5671 Jovis
3081 5620 3180 5671 aut
3197 5615 3435 5672 lunonis
3457 5614 3692 5687 Argivas.
3713 5604 3901 5666 Nescias

781 5728 1099 5801 Legendum
1146 5736 1382 5799 videtur,
1429 5737 1650 5789 Antonii
1701 5743 1932 5790 castrum
1975 5755 1991 5788 :
2037 5739 2123 5791 vel
2183 5739 2228 5790 si
2279 5739 2484 5801 mavis,
2534 5738 2837 5799 Antonium,
2897 5740 3019 5794 sive
3073 5740 3396 5796 Antoninum
3447 5742 3670 5789 castrum
3720 5726 3899 5785 Antonii

587 5792 784 5851 gratia.
810 5795 986 5849 ΒΑΜ.

4018 3424 4024 3501 ι
