4072 6192
160 248 169 251 ἤ
222 290 356 344 2101

1274 289 1361 347 DE
1399 288 1674 347 EXCIDIO
1713 287 1912 346 URBIS
1950 288 2308 347 HIEROSOL.
2350 289 2477 347 LIB.
2522 290 2564 347 I.

3462 294 3600 350 2102

219 410 705 485 pulchritudinem
736 412 793 469 in
817 413 992 470 tantis
1021 413 1467 483 difficultatibus,
1495 432 1567 469 an
1599 413 1853 469 validita-
1878 427 1934 497 Α
1955 418 2177 486 emptus
2204 419 2306 483 est,
2338 414 2495 486 quod
2533 414 2583 470 ei
2615 418 2940 488 competere
2980 388 3224 488 regnum
3271 415 3591 473 videbatur.

218 512 333 562 tem
358 507 563 579 operis,
578 523 642 564 ac
661 507 1088 564 munimentum
1107 508 1167 564 in
1187 511 1344 564 tanto
1365 508 1566 564 decore
1588 514 1853 580 praestare

1959 506 2235 579 Diligebat
2261 507 2486 563 interea
2510 508 2890 566 Mariamnem
2923 508 3186 581 impenso
3230 526 3453 579 amore,
3488 527 3594 568 nec

217 600 463 672 amplius
512 606 696 672 putes,
746 602 1218 676 quandoquidem
1268 602 1569 658 insolubile
1620 604 1856 657 maneat
1956 600 2230 657 offensam
2262 603 2514 670 volebat;
2548 603 2937 658 cumulaverat
2965 603 3177 659 mulier
3203 606 3446 677 gratiam
3485 622 3591 661 nu-

216 711 378 765 opus,
400 699 457 750 et
477 696 619 750 mari
641 700 697 751 et
723 697 1003 752 vetustati.
1027 697 1269 753 Accessit
1294 696 1485 768 itaque
1511 698 1566 751 iu
1593 714 1658 751 eo
1680 712 1854 768 opere

216 787 517 860 multiplex
548 789 747 861 gratia.
773 791 913 845 Nam
944 795 1003 845 et
1030 791 1161 846 urbs
1188 791 1435 846 maxima
1462 791 1706 846 accrevit
1728 806 1857 861 pro-

216 879 438 950 vincias,
482 887 540 937 et
583 886 781 954 portus
830 884 1252 957 navigantibus,
1295 890 1352 939 et
1399 885 1583 939 honor
1625 882 1853 951 Caesari,

215 976 379 1046 cujus
410 992 480 1030 ex
513 977 742 1033 nomine
774 980 1029 1033 Caesarea
1064 979 1122 1032 in
1159 979 1267 1033 hoc
1307 982 1564 1051 tempore
1597 983 1850 1032 vocatur.

785 1077 1004 1132 CAPUT
1054 1076 1272 1132 XXXVI.

289 1165 444 1220 Hanc
470 1165 622 1236 regis
672 1165 987 1237 potentiam
1036 1166 1319 1238 prosperis
1358 1166 1687 1224 affluentem
1729 1184 1853 1220 suc-

214 1258 466 1315 cessibus
490 1259 658 1314 unius
701 1260 960 1315 mulieris
996 1260 1236 1332 expetita
1277 1259 1509 1314 societas
1545 1260 1856 1329 inclinavit,

215 1353 546 1425 mmstisque
572 1353 805 1425 infregit
843 1354 1153 1422 doloribus,
1183 1371 1253 1410 ex
1284 1370 1398 1426 quo
1439 1353 1743 1409 adversum
1765 1354 1860 1425 jus

210 1446 413 1518 fasque
449 1447 783 1519 conjugium
834 1448 1108 1520 dignitate
1156 1448 1348 1521 potius
1401 1447 1630 1520 generis
1686 1464 1857 1519 quam

213 1540 518 1609 charitate,
551 1559 653 1596 usu
691 1541 944 1614 quodam
993 1542 1152 1614 regio
1192 1542 1543 1597 metiendum
1577 1541 1856 1597 existima-

211 1634 316 1689 vit.
360 1635 617 1691 Habebat
669 1638 862 1691 autem
926 1635 983 1690 in
1030 1636 1397 1698 consortium,
1453 1635 1707 1690 Dosidem
1761 1652 1857 1688 no-

210 1728 394 1795 mine,
430 1729 993 1802 Hierosolymilanam
1030 1730 1309 1785 feminam
1334 1729 1556 1802 privato
1591 1729 1696 1785 sibi
1725 1736 1861 1784 ante

214 1823 519 1890 sociatam,
551 1797 694 1895 quae
723 1823 936 1895 gratior
973 1840 1041 1878 eo
1076 1840 1195 1879 esse
1237 1797 1532 1889 debuerat,
1584 1840 1698 1895 quo
1738 1823 1858 1877 fue-
1886 1797 1939 1867 Β

213 1921 313 1970 rat
363 1916 496 1971 felix
544 1916 770 1984 marito,
810 1933 940 1972 cum
979 1933 1094 1990 qua
1143 1916 1337 1988 regale
1390 1917 1577 1972 fuerat
1623 1916 1862 1988 adeptus

211 2009 537 2082 fastigium.
593 2010 798 2065 Verum
848 2010 1155 2066 immemor
1196 2011 1394 2082 gratia:
1435 2010 1659 2082 projicit
1699 2009 1859 2064 Dosi-

215 2104 375 2171 dem,
406 2104 580 2159 sociat
604 2104 973 2159 Mariamnem
1002 2103 1307 2159 Aristobuli
1340 2108 1594 2175 neptem,
1621 2105 1865 2158 Alexan-

213 2197 307 2252 dri
363 2197 562 2252 ﬁliam.
619 2199 809 2269 Itaque
864 2197 1000 2252 dum
1053 2198 1312 2269 sequitur
1388 2197 1746 2253 nobilitatem
1805 2198 1863 2253 in

214 2290 715 2363 perturbationem
776 2290 1000 2359 incidit,
1055 2308 1165 2363 qua
1217 2291 1320 2345 sibi
1378 2292 1583 2346 domus
1638 2292 1864 2364 propria

216 2401 337 2439 non
373 2384 720 2452 conveniret,
753 2385 842 2439 cui
877 2385 1225 2440 diversarum
1268 2385 1685 2456 provinciarum
1716 2387 1858 2440 mul-

214 2479 399 2550 tiplex
442 2478 867 2550 obtemperaret
918 2479 1205 2551 populus:
1254 2496 1319 2534 ac
1372 2496 1442 2534 ne
1495 2480 1642 2535 oculi
1700 2496 1862 2534 novas

216 2576 417 2643 nuptae
456 2571 591 2627 odio
633 2572 907 2627 novercali
957 2572 1110 2627 domi
1144 2574 1354 2645 posito,
1384 2589 1452 2627 eo
1493 2590 1662 2644 quem
1704 2572 1862 2627 Dosis

216 2672 620 2737 generaverat,
670 2666 1115 2733 ofi‘enderentur,
1146 2667 1361 2738 ejectus
1388 2683 1504 2722 non
1534 2667 1716 2722 solum
1759 2684 1859 2738 pa-

214 2759 400 2815 ternis
427 2759 666 2828 mdibus,
713 2759 807 2813 sed
860 2764 973 2815 tota
1008 2777 1238 2832 quoque
1277 2760 1415 2814 urbe
1456 2759 1750 2831 Antipater
1784 2760 1861 2830 (id

218 2852 375 2909 enim
406 2852 606 2925 juveni
654 2855 885 2923 nomen)
932 2853 1189 2908 infaustis
1230 2853 1443 2925 nuptiis
1484 2854 1671 2909 locum
1706 2854 1859 2923 fecit,

223 2964 363 3019 quas
408 2952 569 3019 pater
613 2946 764 3002 unici
802 2947 901 3002 tilii
938 2946 1132 3003 exsilio
1175 2946 1610 3018 concelebravit,
1657 2947 1863 3020 vixque

223 3041 504 3096 festorum
553 3040 778 3096 dierum
822 3040 1275 3096 solemnitatibus
1317 3040 1724 3096 arcessebatur.
1770 3041 1859 3094 Vi-

224 3135 368 3190 dens
396 3134 607 3190 mulier
634 3134 973 3207 morigerari
993 3134 1099 3190 sibi
1120 3135 1415 3202 maritum,
1440 3136 1609 3190 etiam
1636 3135 1860 3207 pietatis
1883 3167 1937 3239 Ο

221 3229 474 3284 convicio
517 3229 576 3283 in
631 3229 956 3301 superbiam
999 3245 1289 3297 conversa,
1317 3228 1513 3284 addita
1560 3233 1645 3285 est
1688 3230 1860 3285 etiam

221 3338 410 3392 causa,
434 3338 549 3393 qua
580 3321 712 3393 jure
760 3322 883 3394 ejus
924 3322 1149 3376 animus
1190 3321 1687 3378 inflammaretur:
1727 3321 1862 3395 quia

222 3417 549 3488 Hyrcanum
606 3433 775 3471 avum
828 3433 1015 3486 suum,
1062 3416 1165 3470 viri
1219 3416 1305 3471 sui
1356 3416 1575 3472 insidiis
1626 3422 1863 3472 noverat

223 3510 599 3580 exstinctum,
644 3510 787 3566 falso
816 3515 1142 3583 suspectum
1175 3516 1407 3582 propter
1450 3510 1615 3581 regni
1647 3510 1862 3582 cupidi-

223 3609 398 3661 tatem
428 3604 589 3676 :ipse
618 3609 723 3672 est,
757 3605 825 3660 de
850 3620 965 3676 quo
1001 3620 1176 3676 supra
1201 3604 1658 3673 memoravimus,
1690 3620 1862 3676 quem

225 3698 689 3754 Barzafarmanes
732 3698 829 3770 qui
874 3696 1059 3753 Persis
1101 3696 1483 3768 imperitabat,
1516 3713 1648 3751 cum
1696 3713 1857 3751 occu-

223 3797 412 3863 passet
476 3790 727 3864 Syriam,
790 3791 1071 3863 captivum
1144 3790 1493 3859 abduxerat,
1562 3793 1733 3863 atque
1804 3790 1862 3845 iu

223 3885 455 3940 Parthia
482 3884 673 3958 primo
709 3888 1016 3951 retentum,
1048 3887 1245 3955 postea
1281 3883 1494 3939 Iudaeis
1521 3883 1877 3955 postulanti-0

223 3980 332 4034 bus
372 3979 474 4050 qui
519 3995 691 4050 supra
731 3978 1082 4049 Euphratem
1111 3977 1534 4042 inhabitabant,
1566 3978 1862 4032 miseratus

220 4079 436 4129 sortem
489 4072 819 4127 inclinatam
877 4071 1252 4142 permiserat;
1311 4075 1483 4143 atque
1529 4072 1751 4127 utinam
1804 4076 1864 4127 ut

222 4182 524 4223 concessus
568 4166 755 4221 fuerat
799 4165 1258 4238 deprecantibus,
1283 4164 1364 4219 ita
1404 4165 1570 4220 etiam
1603 4164 1865 4220 credidis-

219 4265 308 4317 set
352 4259 742 4328 monentibus,
771 4276 841 4314 ne
873 4276 1030 4313 mora
1079 4259 1291 4331 ingenii
1343 4258 1585 4314 humani
1630 4258 1859 4331 propin-

220 4370 474 4427 quorum
514 4370 643 4409 cum
680 4353 938 4425 potentia
987 4352 1337 4421 sollicitaret,
1370 4355 1431 4406 ut
1469 4352 1541 4407 ad
1583 4352 1862 4408 Herodem

222 4448 532 4504 transitum
578 4447 807 4514 faceret,
838 4462 967 4501 eam
995 4446 1079 4501 illi
1116 4445 1369 4517 pericqu
1410 4445 1683 4515 futuram,
1714 4447 1865 4519 quod

1959 694 2252 752 merosiori
2285 699 2473 767 partu.
2502 697 2639 750 Nam
2673 697 2925 768 quinque
2948 697 3001 753 ei
3030 704 3408 768 generaverat
3427 697 3592 767 filios,

1957 789 2057 844 sed
2096 807 2166 845 ex
2208 789 2387 845 tribus
2425 791 2678 846 maribus
2709 790 2907 861 junior
2950 791 3148 846 Romae
3199 791 3437 856 obierat,
3459 791 3597 847 dum

1956 882 2160 940 litteris
2180 882 2460 938 imbuitur
2490 883 2838 939 liberalibus.
2872 883 3095 957 Reliqui
3138 885 3249 939 duo
3276 885 3429 939 ultra
3474 885 3590 955 pri-

1958 982 2220 1034 vatorum
2261 978 2496 1045 modum
2528 978 2687 1050 regio
2717 978 2869 1033 cultu
2898 978 3346 1034 celebrabantur.
3380 977 3596 1035 Suffra-

1961 1073 2056 1144 gio
2098 1079 2221 1129 erat
2256 1071 2565 1144 juvenibus
2614 1071 2810 1127 matris
2838 1071 3120 1141 nobilitas,
3156 1074 3214 1127 et
3262 1089 3395 1127 suus
3441 1078 3599 1129 ortus

1962 1167 2021 1221 in
2063 1183 2270 1239 regno,
2296 1166 2446 1239 quod
2481 1166 2802 1238 imperante
2827 1166 2950 1237 jam
2989 1168 3147 1238 patre
3172 1166 3354 1238 geniti
3383 1166 3596 1235 forent,

1962 1259 2057 1315 sed
2102 1276 2267 1315 amor
2296 1260 2543 1315 maxime
2581 1259 2941 1327 Mariamnes,
2964 1276 3079 1331 quo
3121 1276 3218 1315 rex
3255 1260 3439 1334 magis
3486 1277 3602 1316 ma-

1962 1352 2163 1426 gisque
2203 1354 2458 1426 quotidie
2503 1352 2925 1408 accendebatur
2958 1370 2971 1407 :
3011 1360 3074 1408 ut
3111 1370 3240 1410 cum
3300 1354 3407 1427 ipsi
3446 1355 3602 1411 nulla

1964 1448 2285 1503 vicissitudo
2333 1447 2544 1503 amoris
2586 1464 2619 1501 a
2662 1446 2909 1519 conjuge
2961 1448 3395 1519 rependeretur,
3449 1467 3603 1507 cave-

1964 1547 2052 1597 ret
2089 1545 2302 1609 tamen,
2345 1558 2419 1596 ne
2455 1541 2513 1596 in
2554 1541 2745 1614 aliquo
2796 1540 3048 1596 mulieris
3089 1542 3347 1597 animum
3386 1545 3600 1599 moesti-

1964 1636 2175 1691 ficaret.
2213 1638 2395 1708 Eque
2442 1635 2602 1690 lance
2647 1634 2846 1690 odium
2898 1635 3152 1691 mulieris
3197 1639 3255 1691 et
3296 1653 3461 1692 amor
3496 1638 3602 1693 viri

1966 1729 2268 1784 adversum
2308 1746 2366 1784 se
2404 1728 2719 1785 certabant.
2756 1729 2965 1785 lustius
3001 1736 3195 1786 tamen
3233 1731 3603 1787 Mariamnem

1965 1827 2253 1879 amantem
2284 1840 2341 1879 se
2370 1822 2555 1878 virum
2596 1822 2816 1890 oderat,
2843 1839 3017 1895 quam
3056 1825 3304 1880 Herodes
3342 1824 3600 1881 Mariam—

1964 1933 2095 1972 nem
2149 1917 2381 1972 amabat
2436 1934 2552 1973 non
2616 1921 2934 1972 amantem.
2973 1917 3326 1990 Suppetebat
3377 1919 3604 1975 mulieri

1964 2012 2162 2067 odium
2213 2010 2282 2065 de
2326 2010 2568 2082 flagitio,
2615 2009 2819 2065 fiducia
2857 2010 2928 2065 de
2972 2027 3208 2079 amore;
3245 2012 3377 2084 quia
3418 2012 3600 2068 altero

1964 2105 2157 2160 dolore
2184 2104 2409 2177 nepotis
2452 2103 2876 2171 adversabatur,
2920 2104 3097 2160 altero
3139 2121 3245 2177 per
3272 2104 3604 2178 obsequium

1965 2198 2209 2253 amantis
2239 2197 2637 2254 extollebatur.
2666 2199 2733 2254 Et
2770 2197 2898 2253 ideo
2928 2213 2999 2253 ne
3020 2214 3051 2252 a
3087 2198 3338 2254 convicio
3368 2199 3604 2272 quidem

1963 2292 2417 2364 objiciendorum
2438 2291 2740 2347 criminum
2760 2293 3122 2363 temperavit,
3148 2293 3293 2365 quod
3314 2309 3484 2348 avum
3499 2293 3603 2348 sibi

1966 2388 2288 2457 Hyrcanum
2315 2390 2373 2440 et
2411 2385 2644 2439 fratrem
2676 2385 2979 2440 Jonatham
3006 2401 3112 2456 per
3145 2386 3329 2441 scelus
3359 2386 3599 2458 eripuis-

1963 2486 2069 2545 set,
2103 2495 2234 2534 cum
2273 2479 2417 2533 alter
2459 2494 2742 2549 prosocer,
2776 2478 2920 2533 alter
2964 2478 3153 2532 afﬁnis
3181 2496 3195 2533 ε
3227 2480 3320 2534 ille
3365 2482 3604 2552 propter

1964 2573 2269 2628 senectutis
2314 2572 2705 2626 inﬁrmitatem
2762 2573 2869 2642 (27)
2916 2572 3127 2626 servari
3180 2572 3461 2640 debuerit,
3511 2574 3602 2628 hic

1963 2667 2161 2722 saltem
2222 2671 2456 2737 propter
2507 2668 2731 2720 aetatem
2790 2665 3268 2720 adolescentulam
3317 2683 3329 2720 :
3384 2666 3601 2721 facinus

1964 2759 2288 2831 indignum,
2334 2759 2421 2812 cui
2467 2760 2691 2830 septem
2736 2761 2794 2813 et
2842 2758 3037 2814 decem
3083 2774 3365 2813 annorum
3417 2761 3601 2816 adole-

1964 2854 2140 2908 scenti
2178 2869 2471 2908 summum
2499 2852 2869 2908 commiserat
2887 2853 3290 2921 sacerdotium,
3315 2854 3446 2910 huic
3465 2871 3597 2910 con-

1962 2948 2120 3003 tinuo
2165 2948 2443 3003 honorem
2489 2946 2748 3016 contulit,
2777 2950 2831 3002 et
2879 2952 3123 3003 mortem
3170 2947 3392 3018 intulit;
3444 2949 3600 3004 nulla

1961 3042 2072 3096 alia
2125 3058 2313 3109 causa,
2365 3047 2427 3095 ut
2491 3041 2831 3112 accepimus,
2886 3041 2991 3096 nisi
3052 3042 3206 3113 quod
3259 3042 3600 3098 sacerdotali

1962 3135 2171 3192 amictu
2228 3136 2477 3203 indutus,
2529 3135 2623 3191 ubi
2676 3135 2908 3190 accessit
2961 3134 3215 3206 primum
3282 3136 3352 3191 ad
3401 3136 3600 3191 altaria

1962 3234 2178 3285 sacrato
2203 3234 2258 3286 et
2289 3230 2494 3285 celebri
2522 3229 2635 3295 die,
2669 3228 2855 3283 subito
2902 3229 3143 3300 populus
3183 3228 3554 3301 illacrymavit
3582 3246 3595 3283 :

1961 3325 2116 3397 quod
2166 3327 2490 3397 suspectum
2532 3323 2674 3378 adeo
2723 3322 2923 3377 Herodi
2961 3322 3089 3389 fuit,
3118 3327 3183 3377 ut
3222 3340 3340 3395 prae
3383 3323 3598 3395 gaudio

1962 3418 2224 3473 crederet
2269 3418 2545 3490 populum
2596 3416 3000 3487 illacrymasse,
3048 3421 3221 3489 atque
3273 3417 3415 3472 adeo
3466 3434 3602 3490 erga

1963 3511 2261 3583 Ephebum
2284 3510 2598 3583 prodidisse
2625 3510 2898 3565 affectum
2948 3525 3139 3578 suum,
3168 3510 3446 3583 lacrymas
3478 3511 3602 3566 illas

1964 3605 2075 3660 voti
2124 3604 2358 3672 indices,
2401 3602 2652 3658 studium
2689 3603 2891 3675 populi
2935 3604 3023 3657 sui
3062 3603 3462 3675 periculosum,
3504 3606 3605 3677 qui

1964 3697 2178 3754 intimis
2203 3697 2514 3753 visceribus
2540 3696 2961 3769 signiﬁcaverit,
2995 3697 3150 3769 quod
3182 3697 3433 3752 studium
3464 3714 3602 3772 erga

1961 3794 2181 3848 cultum
2229 3791 2601 3846 adolescentis
2647 3789 2901 3856 haberet,
2930 3796 2987 3845 et
3022 3790 3275 3846 nobilem
3316 3790 3477 3845 illum
3511 3808 3598 3845 re-

1963 3887 2119 3959 gium
2162 3890 2428 3958 nepotem
2468 3883 2797 3956 impotentis
2839 3883 3316 3957 mulierisotilium
3363 3884 3599 3939 fratrem

1962 3981 2177 4053 reginae
2223 3977 2588 4052 protervioris
2632 3994 2756 4050 qua:
2798 3993 2995 4050 regem
3038 3978 3222 4032 virum
3255 3978 3597 4048 dedignare~

1965 4078 2075 4143 tur,
2134 4076 2537 4147 prorupturum
2597 4071 2667 4127 ad
2714 4070 3133 4142 imperandum,
3161 4070 3269 4127 nisi
3320 4072 3599 4126 maturius

1963 4168 2215 4223 sublatus
2268 4183 2298 4222 e
2359 4165 2547 4220 medio
2604 4165 2770 4233 foret,
2825 4165 2918 4220 cui
2983 4164 3187 4234 forma,
3233 4165 3322 4221 cui
3385 4166 3601 4222 decoris

1967 4261 2151 4334 gratia
2207 4264 2556 4332 suppeteret,
2604 4262 2667 4314 ut
2713 4259 2844 4331 jure
2899 4259 3294 4331 praeferendus
3338 4260 3601 4316 omnibus

1966 4355 2363 4410 mstimaretur.
2411 4353 2704 4425 Proposuit
2746 4355 2937 4426 itaque
2989 4354 3407 4410 adolescentem
3454 4355 3597 4410 oeci-

1966 4449 2103 4503 dere
2154 4465 2166 4502 :
2222 4447 2547 4519 exagitabat
2600 4463 2731 4503 eum
2795 4451 2979 4502 mater
3028 4446 3424 4516 adolescentis,
3474 4466 3603 4519 qua:

222 4542 417 4598 nullos
455 4542 640 4613 magis
679 4541 845 4613 regni
883 4539 1091 4612 cupido
1135 4539 1428 4606 servandi,
1467 4556 1639 4611 quam
1678 4539 1945 4611 proxi-D
1969 4546 2026 4598 et
2051 4542 2124 4598 ad
2155 4540 2619 4614 investigandum
2646 4540 2855 4610 acrior,
2883 4543 2943 4594 et
2979 4540 3050 4595 ad
3076 4540 3468 4596 ulciscendum
3506 4558 3601 4596 ve-

225 4653 350 4691 mos
384 4636 717 4707 exagitaret,
740 4637 914 4706 atque
944 4652 979 4689 a
1009 4633 1350 4706 propinquis
1384 4637 1625 4689 caveret.
1660 4635 1867 4689 Verum

224 4730 321 4785 ille
344 4729 514 4785 taedio
534 4728 1017 4801 peregrinationis
1039 4731 1097 4783 et
1117 4744 1353 4783 suorum
1376 4728 1656 4783 desiderio
1688 4731 1868 4783 trans-

224 4825 328 4879 ivit
384 4823 757 4895 Euphratem,
806 4822 863 4877 in
906 4822 1160 4879 Judaeam
1205 4821 1527 4878 revertitur.
1571 4821 1733 4887 Quod
1784 4823 1864 4877 al-

224 4920 341 4974 tius
373 4918 431 4972 in
473 4922 665 4990 pectus
700 4915 960 4984 Herodis,
987 4933 1161 4988 quam
1202 4915 1501 4989 quisquam
1527 4919 1681 4971 ratus
1723 4921 1866 4988 erat,

224 5012 540 5080 descendit,
593 5028 710 5067 non
754 5028 866 5084 quo
927 5010 1018 5066 ille
1062 5026 1309 5082 regnum
1360 5008 1728 5080 aﬂ‘ectaverit,
1770 5010 1870 5064 sed

225 5107 363 5179 quia
391 5106 513 5161 viro
546 5106 694 5178 regii
729 5104 978 5179 generis,
1007 5110 1065 5159 et
1104 5104 1206 5160 diu
1246 5104 1536 5160 exercitati
1574 5103 1869 5176 privilegio

225 5199 525 5272 potestatis
569 5199 871 5266 incertum,
920 5215 993 5254 an
1035 5198 1105 5253 ab
1141 5214 1208 5254 eo
1249 5197 1534 5254 abstinere
1570 5214 1629 5253 se
1666 5202 1869 5270 posset,

230 5293 648 5352 aestimabatur.
691 5294 949 5365 Laqueus
988 5291 1164 5365 igitur
1196 5292 1393 5347 mortis
1433 5293 1711 5364 Hyrcano,
1738 5308 1869 5347 con-

1965 4636 2308 4703 hementior,
2334 4634 2473 4690 nihil
2502 4635 2805 4702 occultum,
2849 4633 3105 4706 nihilque
3148 4633 3395 4689 inultum
3432 4636 3605 4707 patie-

1966 4731 2157 4798 batur,
2188 4746 2369 4801 eoque
2417 4744 2677 4782 revocare
2713 4744 2839 4784 sese
2878 4744 2941 4782 ac
2983 4727 3296 4801 reprimere
3335 4728 3605 4784 delibera-

1968 4825 2085 4879 bat.
2132 4824 2346 4879 Rursus
2403 4821 2723 4894 exagitabat
2779 4838 2913 4877 eum
2971 4821 3311 4878 cumulatior
3357 4823 3416 4877 in
3485 4821 3607 4877 dies

1968 4934 2107 4991 erga
2136 4917 2559 4973 adolescentem
2584 4932 2744 4971 amor
2784 4916 3186 4971 universorum
3212 4920 3267 4972 et
3308 4915 3474 4987 regni
3503 4933 3607 4988 pe-

1968 5012 2230 5068 riculum.
2278 5010 2436 5065 Unde
2480 5013 2768 5082 praerupto
2821 5010 3019 5065 furore
3077 5009 3365 5073 excitatus,
3414 5010 3610 5065 statuit

1972 5106 2173 5179 quovis
2202 5104 2373 5160 modo
2401 5104 2505 5158 sibi
2535 5105 2855 5159 consulere.

2538 5202 2759 5257 CAPUT
2808 5202 3051 5259 XXXVII.

2045 5291 2281 5348 Mittitur
2341 5290 2665 5346 adolescens
2738 5290 3030 5346 nocturnis
3101 5288 3459 5362 temporibus
3538 5289 3613 5344 ad

220 5390 458 5462 jugium
521 5388 707 5460 neptis
761 5387 901 5456 fuit,
950 5387 1111 5459 cujus
1174 5386 1359 5458 gratia
1421 5386 1745 5459 properavit
1804 5385 1875 5442 ad
1976 5385 2181 5442 urbem
2227 5385 2514 5453 Hiericho,
2551 5389 2721 5456 atque
2762 5384 2842 5439 ibi
2878 5383 3073 5439 solitus
3114 5383 3381 5438 delectari
3424 5382 3611 5438 studio

230 5482 567 5540 Herodem:
606 5482 851 5548 nescius,
883 5482 1130 5536 tutiusne
1170 5480 1326 5553 apud
1363 5480 1591 5535 hostem
1627 5480 1875 5553 captivos
1977 5479 2234 5547 natandi,
2288 5496 2322 5533 a
2382 5478 2642 5551 plurimis
2692 5477 2852 5550 quasi
2892 5478 2953 5532 in
3010 5477 3208 5532 ludum
3278 5476 3617 5532 coeuntibus

229 5578 472 5650 degere,
512 5593 685 5649 quam
724 5575 877 5649 apud
917 5592 1112 5649 regem
1165 5574 1536 5647 propinquos.
1580 5574 1745 5629 Nulla
1780 5573 1876 5629 ita-

228 5688 344 5743 que
375 5672 461 5724 vel
508 5670 615 5725 levi
664 5670 943 5741 regnandi
986 5669 1326 5740 suspicione,
1376 5668 1485 5721 hoc
1532 5667 1652 5722 solo
1696 5667 1873 5722 inter-

1979 5574 2117 5629 dum
2142 5574 2263 5629 sine
2293 5573 2462 5629 modo
2491 5572 2791 5644 mergitur,
2822 5572 2882 5626 in
2911 5570 3129 5643 piscina
3159 5575 3414 5626 necatur.
3442 5571 3498 5626 Id
3536 5574 3617 5625 ta-

1979 5669 2152 5723 citum
2180 5684 2343 5722 soror
2372 5684 2488 5722 non
2527 5665 2672 5731 tulit,
2706 5666 2803 5721 sed
2850 5664 3055 5721 affectu
3087 5664 3484 5736 germanitatis
3514 5682 3619 5737 per

295 5795 397 5855 (ετ)
432 5795 494 5844 In
523 5792 768 5844 editione
794 5794 971 5857 prima
995 5792 1342 5844 Ascensiana
1378 5791 1616 5855 legimus
1654 5797 1873 5855 propter
1905 5792 2179 5843 smacrlutis
2226 5790 2512 5854 inﬁrmum,
2544 5802 2641 5854 pro
2690 5802 2800 5854 quo
2852 5787 2995 5840 male
3040 5790 3231 5853 postea
3260 5786 3623 5852 inﬁmitatem

228 5865 664 5919 substitucrunt.
702 5865 965 5917 Mazocn.
999 5865 1032 5916 ι.
1068 5878 1115 5915 c.
1147 5878 1266 5932 pag.
1300 5862 1413 5915 826.
