4072 6192
539 283 675 336 2103

1966 285 2020 338 S.
2061 281 2378 340 AMBROSII

3740 290 3854 343 2104

538 405 852 461 convicium
893 405 1164 477 prodidit,
1209 409 1380 478 atque
1417 407 1712 479 objectavit
1756 407 1978 475 marito,
2011 407 2172 478 jussu
2198 419 2254 490 Α
2279 423 2410 460 usus
2457 409 2621 476 foret,
2671 409 2952 480 ﬂagitium
2990 409 3110 464 sine
3159 407 3377 480 pudore
3399 425 3414 476 ;
3445 408 3537 463 sed
3586 425 3687 480 quo
3725 409 3857 466 Cleo-

537 500 679 570 ejus,
738 498 842 554 sibi
895 500 1133 555 fratrem
1171 504 1455 572 ereptum.
1501 501 1831 556 Destitutam
1877 517 1936 554 se
1984 501 2168 556 omni-

535 593 640 647 bus
666 594 952 649 funestam
976 593 1082 648 sibi
1109 593 1345 649 domum
1385 595 1666 666 conjugis,
1696 595 1791 666 qui
1835 596 2019 666 primo
2068 595 2170 650 sibi

537 704 705 742 avum
734 687 1033 754 ademerit,
1066 692 1260 759 postea
1297 705 1639 760 germanum
1667 689 2040 757 interemerit,
2075 689 2172 744 mi-

542 798 728 836 seram
772 797 829 836 se
874 781 1046 837 exitio
1090 781 1206 836 suis
1256 781 1470 836 fuisse:
1513 783 1817 853 imprecari
1869 783 1992 838 dira
2027 784 2168 852 viro,

540 875 724 930 socrui
751 881 806 930 et
835 875 988 946 regis
1014 875 1220 942 sorori;
1249 892 1554 931 commune
1576 877 1832 932 omnium
1855 877 2168 950 ﬂagitium:

542 968 784 1024 ultorem
830 970 1009 1023 Deum
1052 985 1306 1040 poscere,
1348 985 1420 1024 ne
1466 975 1686 1024 tantum
1740 970 1959 1026 facinus
1993 972 2172 1042 impu-

540 1063 727 1118 nitum
773 1063 1215 1134 relinqueretur.
1271 1063 1506 1119 Ferebat
1551 1063 1654 1118 ista
1719 1066 1961 1120 Herodes
2012 1066 2171 1138 quasi

538 1174 732 1213 amore
773 1163 969 1229 captus
1015 1162 1070 1211 et
1116 1157 1344 1212 nutibus
1385 1156 1643 1228 deditus;
1680 1160 1778 1214 sed
1823 1159 2045 1216 furebat
2091 1161 2170 1214 ira

538 1251 855 1320 muliebris,
904 1254 962 1304 et
1012 1251 1162 1306 ferre
1212 1268 1324 1306 non
1375 1256 1596 1323 poterat
1655 1252 1954 1309 maledicta
2009 1271 2168 1310 exse-

541 1345 749 1401 crantis
791 1351 847 1400 et
876 1344 1230 1418 indignantis
1291 1347 1679 1418 arrogantiam
1730 1347 1996 1416 maxime,
2039 1349 2174 1420 quia

537 1441 716 1496 victus
753 1440 1055 1495 vernaculo
1101 1441 1222 1510 ejus
1271 1439 1518 1496 Herodes
1563 1440 1860 1513 insurgere
1901 1443 2171 1498 adversus

540 1536 861 1608 neglectam
917 1533 1212 1606 nequibat,
1258 1537 1314 1588 et
1371 1534 1498 1590 ideo
1552 1553 1666 1607 quo
1720 1535 1900 1607 magis
1939 1537 2173 1592 excitari

539 1629 697 1702 quasi
755 1644 958 1684 amans
1018 1631 1224 1700 posset,
1279 1645 1444 1684 scena
1504 1629 1770 1684 adulterii
1829 1633 2168 1702 contexitur,

540 1723 797 1796 atquein
837 1723 1139 1778 mulierem
1171 1723 1489 1778 istiusmodi
1528 1723 1744 1779 crimen
1784 1727 2167 1797 componitur,

2276 505 2452 573 patres
2491 509 2718 556 caveret
2752 502 3237 573 indignationem,
3280 517 3407 574 quae
3456 503 3730 574 utriusque
3759 507 3862 575 qui-

2274 597 2404 651 dem
2449 612 2616 651 sexus
2654 596 2820 650 rivali
2863 595 3270 665 offenderetur,
3311 595 3408 650 sed
3453 596 3684 667 amplius
3725 598 3762 650 si
3795 615 3864 652 so-

2273 691 2484 745 ciatam
2540 691 2658 744 viro
2724 690 3023 744 mulierem
3094 689 3586 761 deprehendisset;
3642 690 3764 761 quia
3816 710 3863 747 se

2273 785 2477 840 decore
2512 800 2684 856 super
2721 800 2918 839 omnes
2957 783 3236 839 excellere
3280 783 3546 838 mulieres
3588 783 3866 839 arbitraba-

2273 881 2384 932 tur.
2422 877 2688 933 Perlectis
2713 877 2907 948 itaque
2949 877 3170 943 litteris,
3209 877 3484 932 Herodem
3531 878 3864 945 excusavisse,

2276 970 2427 1043 quod
2473 971 2594 1025 sine
2633 970 2908 1026 seditione
2950 969 3147 1042 pepuli
3190 975 3245 1024 et
3281 969 3696 1041 perturbatione
3725 971 3866 1026 totius

2277 1065 2462 1135 gentis
2505 1065 2745 1120 avellere
2789 1082 2822 1118 a
2867 1065 2984 1118 suis
3031 1063 3281 1119 nobilem
3327 1080 3443 1119 non
3491 1067 3674 1134 posset
3713 1064 3868 1118 adole-

2276 1164 2544 1229 scentem,
2575 1163 2747 1230 atque
2779 1161 2838 1212 ut
2881 1158 3224 1213 satisfaceret
3268 1157 3619 1225 Alexandrea,
3662 1173 3868 1228 spopon-

2275 1253 2420 1308 disse
2448 1252 2767 1308 Aristobulo
2797 1251 3208 1319 sacerdotium;
3237 1251 3335 1306 sed
3380 1267 3509 1305 eum
3561 1266 3736 1306 moras
3765 1251 3869 1305 ﬁeri

2274 1347 2569 1418 promissis
2596 1346 2844 1415 vidisset,
2875 1350 2933 1401 et
2958 1349 3078 1400 arte
3121 1363 3178 1400 se
3217 1345 3338 1400 ludi
3377 1348 3628 1417 putaret,
3667 1344 3874 1399 Alexan-

2273 1441 2436 1496 dram
2475 1441 2760 1512 paravisse
2811 1440 3128 1511 navigium,
3170 1455 3232 1494 ac
3268 1440 3392 1511 ipso
3443 1440 3708 1510 apparatu
3748 1437 3872 1508 fugai

2273 1535 2502 1607 cognito
2566 1551 2667 1606 per
2725 1534 3032 1591 Sabionem
3099 1533 3332 1588 consilio
3404 1536 3719 1588 revocatam
3774 1547 3872 1586 esse

2273 1647 2404 1685 cum
2455 1629 2589 1684 ﬁlio.
2645 1629 2738 1684 His
2794 1632 3013 1683 motum
3071 1628 3355 1683 Herodem
3413 1626 3778 1681 dissimulasse
3815 1625 3873 1679 ad

2278 1729 2504 1794 tempus
2548 1723 2838 1794 injuriam,
2879 1725 2935 1776 et
2979 1721 3317 1776 accelerasse
3360 1719 3681 1775 Aristobulo
3721 1735 3869 1772 sacer-

537 1793 689 1890 quod
723 1817 1038 1888 imaginem
1079 1833 1240 1871 suam
1278 1817 1523 1871 Antonio
1559 1818 1617 1871 in
1659 1793 1963 1891 :Egyptuin
2011 1793 2251 1874 desti-B
2278 1793 2414 1874 dotii
2468 1793 2852 1886 collationem,
2904 1822 2964 1870 ut
3016 1815 3252 1872 honoris
3297 1815 3484 1886 specie
3512 1817 3715 1885 parata:
3749 1813 3874 1866 necis

538 1911 802 1967 navisset.
852 1910 1091 1974 Quantae
1136 1910 1284 1966 istud
1341 1910 1798 1984 intemperantia:
1847 1913 2064 1981 fuisset,
2112 1918 2176 1968 ut

547 2005 764 2061 absenti
789 2009 844 2060 et
871 2007 1136 2075 prompto
1159 2004 1215 2058 in
1257 2003 1522 2059 libidines
1558 2006 1695 2070 viro,
1730 2010 1848 2059 tum
1898 2011 2173 2076 praeterea

541 2099 751 2171 potenti
800 2098 896 2170 qui
944 2100 1217 2168 potestate
1275 2116 1377 2169 pro
1421 2099 1552 2170 jure
1599 2104 1875 2167 uteretur,
1929 2103 2174 2156 formam

538 2194 794 2248 venalem
835 2192 1061 2246 offerret
1105 2194 1166 2246 ut
1191 2192 1617 2263 pulchritudine
1645 2193 1975 2260 illiceretur,
2016 2213 2174 2251 novae

539 2286 822 2342 auctionis
851 2285 1202 2341 commercio
1253 2303 1310 2340 se
1355 2287 1655 2342 mulierem
1689 2287 1961 2358 potuisse,
2005 2289 2057 2342 vi
2104 2306 2174 2345 ne

538 2379 754 2436 amoris
779 2397 851 2435 an
891 2379 1024 2435 odio
1059 2379 1267 2448 mariti,
1312 2381 1471 2451 cujus
1518 2381 1835 2452 periculum
1880 2399 1981 2454 pro
2029 2399 2175 2438 mer-

539 2475 676 2530 cede
702 2473 968 2529 adulterii
1004 2474 1442 2546 postulavisset?
1469 2475 1582 2529 Hoc
1624 2475 1816 2547 itaque
1851 2483 2174 2532 commento

537 2568 880 2634 mulierum,
923 2569 1074 2639 apud
1122 2568 1400 2623 Herodem
1461 2568 1768 2624 Mariamne
1819 2586 1931 2640 quo
1987 2572 2174 2642 magis

539 2663 856 2731 amabatur,
899 2678 966 2716 eo
1005 2661 1232 2732 gravius
1274 2661 1664 2733 appetebatur,
1706 2679 1809 2717 nec
1849 2669 2044 2718 tamen
2085 2666 2170 2720 in-

539 2756 826 2811 simulatio
868 2755 1006 2827 ipsa,
1043 2755 1300 2828 quamvis
1337 2755 1758 2826 indignantium
1801 2757 2170 2826 feminarum,

540 2850 728 2905 aliena
752 2849 869 2905 veri
900 2849 1128 2921 penitus
1157 2848 1297 2918 fuit;
1331 2851 1573 2905 matrem
1611 2850 1767 2905 enim
1794 2851 2175 2908 Alexandram

538 2945 842 3012 furentem,
874 2943 1030 3016 quod
1053 2943 1197 2998 alius
1218 2942 1334 2998 ﬁlio
1363 2959 1464 2998 suo
1491 2943 1812 3000 Aristobulo
1835 2946 1893 3000 in
1923 2946 2176 3001 sacerdo-

541 3039 616 3093 tio
640 3037 1052 3109 praeferebatur
1076 3037 1384 3106 (hoc-enim
1412 3039 1647 3095 nomine
1667 3039 1969 3094 Jonatham
1993 3039 2174 3095 ﬁlium

537 3149 704 3188 suum
732 3132 887 3203 quod
932 3147 1102 3185 avum
1149 3131 1252 3185 sibi
1292 3147 1490 3202 regem
1519 3133 1689 3188 fuisse
1731 3133 1789 3187 in
1834 3134 2173 3189 memoriam
2195 3164 2249 3236 Ο

541 3227 861 3292 reduceret,
902 3225 1172 3296 appellari
1213 3225 1480 3297 malebat)
1522 3226 1592 3280 ab
1631 3227 1872 3282 Antonio
1915 3245 2017 3298 per
2061 3231 2172 3284 Mu-

539 3335 770 3390 surgam
815 3317 1130 3390 quemdam
1165 3318 1488 3374 litterarum
1542 3327 1895 3392 sequestrum
1943 3323 2173 3394 petiisse

537 3412 657 3468 ﬁlio
719 3429 821 3467 suo
881 3411 1292 3480 sacerdotium,
1356 3413 1496 3468 fides
1543 3431 1676 3470 vero
1736 3415 1967 3488 propior
2029 3422 2169 3472 erat.

543 3506 756 3562 Deinde
782 3505 1121 3561 adveniente
1145 3506 1204 3561 in
1229 3506 1486 3562 Iudaeam
1516 3508 1693 3564 Gellio
1713 3509 1941 3565 Antonii
1967 3511 2171 3580 amico,

539 3601 831 3674 cognitum
892 3600 1309 3656 adolescentem
1375 3601 1649 3657 miraculo
1710 3603 1880 3658 fuisse
1944 3611 2175 3677 propter

537 3694 992 3751 excellentissimi
1023 3694 1240 3750 decoris
1283 3696 1553 3766 gratiam.
1599 3697 1719 3751 Non
1765 3697 1956 3752 minus
2002 3699 2172 3754 etiam

535 3788 923 3856 Mariamnem,
973 3788 1132 3859 cujus
1183 3805 1296 3860 quo
1353 3789 1598 3860 dignitas
1641 3791 1862 3855 clarior,
1909 3808 1976 3846 eo
2023 3793 2175 3848 fama

538 3882 827 3950 illustrior,
857 3885 913 3937 et
935 3882 1082 3937 forte
1126 3886 1477 3953 compertam
1533 3899 1693 3938 more
1731 3884 1982 3956 quodam
2021 3886 2175 3958 inge-

2277 1911 2548 1966 invidiam
2596 1911 2848 1966 velaret:
2891 1927 3006 1982 qua
3045 1913 3297 1982 peracta,
3323 1915 3383 1963 ut
3434 1907 3696 1972 diximus,
3745 1905 3873 1977 quasi

2274 2005 2513 2060 fulmine
2565 2005 2727 2071 ictus,
2785 2005 3104 2077 exagitatus
3173 2007 3281 2073 est,
3331 2002 3503 2057 simul
3561 2005 3617 2056 et
3667 1999 3875 2054 affectati

2273 2099 2537 2154 adulterii
2581 2097 2766 2154 afﬁcto
2792 2116 2823 2152 a
2873 2099 2989 2153 suis
3035 2097 3299 2167 crimine,
3339 2097 3496 2168 quod
3543 2095 3706 2150 sciret
3740 2097 3874 2146 Anto-

2275 2193 2436 2248 nium
2484 2196 2818 2265 promptum
2856 2193 2927 2246 ad
2977 2192 3261 2260 libidines,
3304 2195 3361 2246 et
3404 2191 3696 2257 invelatas,
3738 2205 3798 2243 ex
3826 2203 3875 2240 eo

2275 2287 2425 2360 quod
2495 2287 2741 2358 plurium
2811 2289 3034 2356 poterat
3098 2285 3558 2340 inﬂammantem
3628 2282 3683 2336 in
3737 2296 3874 2335 omne

2277 2397 2460 2452 genus
2510 2381 2858 2437 amatorium
2913 2379 3274 2452 cupiditates.
3332 2379 3646 2450 Cleopatra:
3685 2391 3876 2449 quoque

2275 2474 2675 2547 iuexpiabilem
2732 2473 3028 2529 rivalitatis
3090 2473 3376 2545 praecipue
3436 2473 3687 2528 dolorem
3736 2476 3876 2540 atque

2276 2569 2710 2636 immanitatem,
2740 2585 2867 2640 quae
2887 2568 3160 2640 plurimos
3186 2567 3468 2635 virorum,
3494 2583 3637 2639 quos
3666 2564 3880 2621 seniores

2275 2663 2418 2717 circa
2463 2679 2703 2716 uxorum
2749 2661 3168 2733 reprimendam
3213 2661 3721 2732 intemperantiam
3750 2675 3874 2712 com-

2275 2761 2524 2828 pererat,
2555 2755 2952 2825 interemisset,
2981 2755 3283 2810 imminere
3311 2754 3422 2809 sibi
3454 2753 3762 2826 periculum
3788 2769 3878 2806 non

2275 2851 2457 2906 solum
2511 2849 2843 2905 amittenda:
2896 2850 3175 2921 conjugis,
3229 2849 3327 2904 sed
3372 2849 3549 2904 etiam
3607 2845 3879 2903 subeunda.

2277 2945 2472 3000 mortis
2509 2943 2997 3017 perhorrescebat.
3041 2943 3335 3014 Proposuit
3382 2942 3577 3014 itaque
3621 2941 3736 3012 ipse
3776 2955 3881 2995 con-

2277 3039 2511 3095 tendere
2539 3039 2598 3093 in
2627 3040 2954 3110 Egyptum,
2981 3041 3041 3092 ut
3079 3037 3392 3092 Antonium
3431 3035 3518 3092 vel
3567 3036 3880 3106 Cleopatram

2276 3149 2447 3206 quam
2477 3133 2724 3187 maxime
2759 3131 3068 3198 metuebat,
3099 3131 3446 3186 deﬂecteret.
3481 3131 3772 3185 Evocatum
3805 3125 3880 3180 alii

2275 3227 2466 3282 ferunt
2514 3227 2582 3282 Μ.
2628 3225 2854 3281 Antonii
2899 3225 3103 3281 litteris
3142 3242 3210 3280 eo
3258 3225 3597 3292 tetendisse,
3626 3229 3686 3278 ut
3726 3221 3876 3276 necati

2273 3321 2644 3378 adolescentis
2693 3337 2890 3376 causas
2935 3323 3252 3392 prasstaret.
3313 3319 3674 3375 Profecturus
3723 3320 3878 3370 tamen

2273 3415 2430 3471 afﬁni
2481 3431 2582 3470 suo
2639 3415 2866 3486 Josippo
2922 3415 3012 3469 cui
3061 3414 3286 3469 Salome
3332 3429 3612 3484 germana
3661 3411 3797 3482 regis
3836 3408 3878 3461 in

2275 3509 2608 3582 conjugium
2657 3511 3020 3576 convenerat,
3077 3513 3294 3563 secreto
3332 3507 3542 3579 aperit,
3597 3509 3879 3577 suspectam

2277 3603 2381 3658 sibi
2411 3619 2610 3659 necem
2637 3608 2872 3674 propter
2896 3602 3211 3674 conjugalis
3257 3602 3465 3656 forma:
3505 3597 3877 3673 appetentiam,

2277 3715 2450 3770 quam
2490 3697 2661 3752 missa
2712 3696 2796 3751 sui
2840 3696 3060 3751 decoris
3104 3696 3290 3767 specie
3345 3694 3664 3766 prodidisse
3706 3690 3881 3747 mulier

2275 3795 2646 3864 argueretur;
2671 3791 2843 3862 idque
2889 3790 3051 3862 quasi
3086 3790 3240 3844 affini
3279 3789 3503 3861 negotii
3535 3787 3877 3845 committere,

2278 3889 2340 3941 ut
2366 3885 2409 3940 si
2440 3886 2558 3957 ipse
2586 3885 2657 3940 ab
2692 3885 2940 3940 Antonio
2984 3884 3291 3939 exstinctus
3337 3883 3508 3950 foret,
3549 3883 3880 3937 Mariamnem

540 3976 620 4031 nii
678 3975 935 4042 humani,
981 3991 1096 4046 quo
1149 3975 1254 4029 viri
1302 3992 1531 4048 quoque
1581 3993 1646 4032 eo
1695 3994 1753 4032 se
1813 3978 2176 4034 interioribus

540 4069 736 4125 amicis
781 4068 1066 4124 chariores
1103 4069 1335 4141 cupiant
1373 4069 1680 4138 declarare,
1711 4071 1755 4126 si
1799 4074 2178 4143 praesentibus

541 4179 769 4234 quoque
823 4161 1336 4218 necessitudinibus
1387 4164 1501 4219 suis
1559 4165 1614 4219 in
1667 4183 1726 4220 se
1776 4166 2178 4238 hospitalitatis

539 4259 870 4316 societatem
935 4259 1274 4332 indulgeant
1325 4279 1337 4315 :
1405 4261 1482 4318 ibi
1551 4280 1779 4337 quoque
1840 4266 2177 4321 Alexandra:

541 4354 734 4409 datam
763 4371 892 4408 cum
924 4354 1084 4410 Sosio
1109 4355 1466 4427 colloquendi
1507 4357 1725 4428 copiam
1766 4359 1900 4414 licet
1925 4360 2179 4416 liberiori
2280 4356 2403 4423 mit,
2437 4359 2606 4427 atque
2645 4355 2716 4410 ad
2745 4354 3009 4410 affectum
3049 4353 3296 4408 amantis
3324 4354 3734 4425 interpretatur
3757 4346 3878 4420 quod

541 4447 747 4515 viduas,
792 4447 902 4502 alia
956 4464 1183 4520 quoque
1257 4451 1633 4520 cognoscendi
1695 4452 1934 4524 hospitis
1989 4453 2179 4510 deesse
2282 4467 2352 4505 ne
2380 4455 2635 4504 mortuus
2665 4449 2901 4520 quidem
2945 4451 3238 4520 pateretur
3283 4447 3541 4502 Herodes
3587 4443 3796 4515 sejungi
3836 4455 3878 4493 se

541 4542 703 4614 copia
749 4559 862 4597 non
910 4542 1178 4614 potuerit,
1223 4559 1354 4598 cum
1394 4544 1713 4615 pressertim
1751 4546 2083 4617 hujusmodi
2123 4532 2256 4604 etD
2280 4545 2350 4599 ab
2379 4543 2568 4599 uxoris
2603 4543 2894 4598 societate.
2939 4542 3050 4598 Sed
3096 4541 3298 4596 mulier
3342 4541 3517 4612 longe
3555 4539 3712 4594 aliter
3739 4550 3878 4608 quam

540 4652 738 4690 causas
801 4641 857 4690 et
932 4653 1205 4708 personas
1288 4639 1622 4710 requireret.
1691 4640 1904 4696 Deinde
1970 4641 2176 4697 collato
2275 4637 2531 4710 Josippus
2557 4637 2964 4704 asstimaverat,
2988 4637 3058 4690 ad
3089 4639 3502 4708 argumentum
3534 4633 3703 4689 traxit
3727 4627 3879 4700 impli-

541 4728 811 4801 utrinque
843 4730 1075 4785 consilio
1101 4730 1158 4785 id
1192 4747 1250 4785 se
1280 4731 1498 4787 dedisse
1520 4735 1838 4802 sententiae,
1883 4742 1946 4790 ut
1975 4737 2176 4790 utrius-
2278 4738 2416 4786 cata:
2447 4733 2634 4787 adhuc
2664 4731 2720 4786 in
2746 4748 2803 4785 se
2833 4730 3200 4797 crudelitatis,
3240 4729 3400 4799 cujus
3433 4726 3756 4783 exercendas
3779 4723 3876 4794 post

539 4839 648 4894 que
699 4822 979 4896 imagines
1028 4825 1277 4880 Antonio
1346 4823 1750 4897 dirigerentur.
1809 4830 2177 4885 Perstrictum
2278 4831 2520 4880 mortem
2548 4843 2774 4898 quoque
2823 4841 2986 4880 suam
3018 4823 3440 4878 exsecutionem
3495 4822 3649 4876 afﬁni
3684 4816 3877 4892 proprio

537 4919 701 4973 illum
742 4918 1040 4990 splendore
1087 4918 1434 4989 imaginum,
1469 4925 1526 4974 et
1573 4921 1719 4976 Sosii
1767 4923 2049 4994 praecipue
2098 4928 2177 4978 te-
2279 4920 2702 4989 mandavisset;
2777 4919 3041 4973 infestum
3111 4918 3280 4985 illum
3353 4916 3459 4971 sibi
3519 4915 3737 4986 injuria,
3798 4908 3874 4980 qui

534 5010 801 5066 stimouio
829 5011 946 5083 (qui
977 5010 1117 5066 nihil
1149 5012 1257 5065 tale
1289 5028 1346 5068 se
1389 5029 1642 5084 unquam
1674 5015 1876 5071 vidisse
1921 5017 1978 5070 in
2010 5017 2175 5072 terris
2279 5013 2622 5086 suspiciones
2665 5030 2795 5068 suas
2844 5029 2959 5067 nou
3017 5013 3360 5084 argumento
3422 5011 3614 5082 aliquo
3661 5001 3874 5061 veritatis

536 5110 906 5172 asseveraret,
939 5108 996 5160 et
1021 5105 1268 5177 gratiam
1297 5104 1406 5159 illis
1429 5122 1545 5161 non
1569 5107 1890 5178 hominum,
1915 5110 2010 5165 sed
2042 5111 2175 5166 divi-
2279 5108 2656 5173 examinaret,
2712 5107 2810 5162 sed
2864 5111 3171 5178 praerupta:
3245 5105 3442 5159 mortis
3507 5102 3675 5157 exitio
3735 5112 3870 5165 urge-

536 5216 569 5252 n
591 5215 666 5253 im
701 5198 885 5254 inesse
914 5198 1362 5270 lenocinantem,
1389 5204 1453 5272 ut
1491 5200 1760 5256 excitaret
1798 5203 1903 5256 viri
1935 5204 2175 5259 minime
2276 5205 2394 5270 ret;
2453 5201 2677 5256 nullum
2733 5201 2876 5256 odiis
2937 5200 3108 5255 ﬁnem
3161 5200 3302 5265 fore,
3352 5215 3483 5270 qua:
3527 5197 3669 5251 ultra
3719 5194 3869 5263 ipsum

535 5293 755 5347 sobrias
785 5291 1148 5363 cupiditates)
1193 5292 1482 5364 scripsisse
1520 5294 1748 5365 Herodi,
1783 5299 1846 5350 ut
1885 5296 2175 5352 Aristobu-
2278 5296 2404 5350 vitae
2440 5314 2502 5350 ac
2556 5295 2753 5351 salutis
2804 5296 3092 5350 defectum
3147 5293 3608 5348 extenderentur.
3661 5285 3757 5343 Sed
3799 5283 3865 5335 ιΙο·

535 5387 651 5439 lum
681 5386 753 5440 ad
782 5403 840 5441 se
880 5385 1001 5440 sine
1043 5402 1200 5440 mora
1241 5387 1527 5456 mitteret;
1557 5388 1625 5443 de
1675 5389 1981 5444 Mariamne
2024 5393 2174 5462 quod
2276 5390 2486 5461 sippus,
2540 5389 2832 5444 domestici
2885 5388 3020 5444 mali
3086 5389 3416 5452 immemor,
3464 5386 3600 5440 dum
3664 5381 3868 5434 alienam

531 5479 636 5532 sibi
681 5479 983 5550 conjuncta
1030 5480 1178 5534 foret
1227 5479 1354 5551 (28),
1399 5482 1850 5550 praetermisisse.
1897 5485 2012 5538 Non
2061 5502 2174 5556 quo
2276 5484 2579 5556 conjugem
2606 5484 2758 5540 ultro
2803 5482 3170 5538 reconciliare
3225 5479 3456 5552 expetit,
3499 5494 3610 5532 suae
3645 5468 3868 5542 conjugis

531 5572 829 5639 cooperire
872 5572 1141 5627 libidines
1187 5589 1331 5638 suas,
1379 5573 1467 5628 vel
1529 5574 1584 5628 in
1648 5575 1733 5630 his
1787 5593 1915 5647 quae
1981 5583 2172 5650 nupta:
2276 5579 2579 5633 adversum
2633 5595 2691 5634 se
2757 5577 3135 5632 inﬂammavit
3207 5574 3551 5648 suspiciones
3604 5589 3614 5623 :
3663 5583 3776 5641 qua!
3825 5568 3867 5614 οἵ

530 5665 716 5714 essent
779 5665 927 5730 apud
1006 5667 1244 5720 maritos
1301 5667 1528 5733 soleret,
1585 5670 1675 5723 cui
1739 5671 1857 5725 sine
1925 5671 2171 5742 periculo
2277 5672 2558 5745 colloquia
2586 5672 2688 5726 viri
2737 5671 2950 5746 proprii
2979 5687 3107 5726 cum
3156 5671 3483 5732 Mariamne,
3514 5673 3791 5733 morasque
3820 5654 3864 5708 in

2280 3983 2525 4049 necaret,
2568 3995 2639 4034 ne
2708 3995 2924 4034 merces
2979 3977 3187 4050 ﬂagitii
3249 3984 3596 4048 superesset.
3657 3975 3880 4044 Josippus

2278 4073 2750 4146 haudquaquam,
2784 4078 2845 4128 ut
2893 4071 3158 4139 arbitror,
3201 4071 3385 4127 studio
3415 4069 3764 4142 proditionis,
3804 4063 3880 4118 sed

2278 4185 2392 4240 quo
2422 4167 2681 4222 mulieris
2709 4183 2842 4239 erga
2868 4167 3052 4220 virum
3078 4165 3286 4238 sopiret
3315 4166 3598 4238 querelas,
3628 4163 3815 4236 quibus
3837 4176 3879 4211 se

2280 4261 2551 4317 afﬂictam
2573 4261 2788 4317 diceret
2816 4261 3018 4316 ardere
3043 4259 3189 4315 odiis
3216 4260 3341 4327 viri,
3367 4260 3702 4315 mandatum
3729 4252 3881 4326 expri-

603 5838 697 5898 (28)
729 5839 932 5889 Herodi
959 5844 1187 5896 scilicet.
1222 5848 1398 5904 ΒΑΜ.
