4072 6192
318 261 464 327 2105

1357 279 1444 333 DE
1488 278 1763 335 EXCIDIO
1802 279 2001 335 URBIS
2049 280 2407 336 HIEROSOL.
2453 281 2577 336 LIB.
2625 281 2661 334 1.

3557 251 3692 336 2106

313 398 444 451 aula
465 396 622 468 regia
651 399 803 453 haud
825 400 1205 470 perfunctorie
1247 403 1513 458 ferendas
1550 403 1952 459 arbitrabatur.
1982 419 2037 487 Α
2059 422 2188 459 cum
2230 405 2443 459 fructus
2490 407 2639 459 terra
2671 405 2972 472 abnueret,
3018 404 3198 459 fames
3239 409 3475 477 augeret
3514 405 3686 476 pesti-

317 489 571 562 Denique
616 492 713 547 ubi
749 494 926 548 frater
974 495 1293 562 revertitur,
1341 497 1791 553 insimulationes
1837 515 1952 552 non

315 583 559 653 distulit,
590 585 858 656 injuriam
905 589 1117 643 addens
1147 607 1310 644 suam
1343 591 1631 662 regalibus
1659 595 1950 647 contuma-

309 677 422 747 liis,
453 679 604 750 quod
650 681 755 735 sibi
803 698 1034 754 quoque
1076 683 1381 739 Mariamne
1421 685 1728 741 ademisset
1774 686 1947 740 mari-

308 776 434 826 tum
471 790 482 826 :
517 773 618 827 sed
665 776 931 844 Herodes,
979 778 1331 848 praestrictus
1379 778 1529 847 licet,
1563 783 1756 835 tamen
1778 781 1953 835 haud-

309 882 599 938 quaquam
630 867 856 938 gravius
899 871 1086 941 primo
1125 876 1448 928 commotus
1489 877 1594 942 est,
1625 890 1731 927 nec
1761 873 1947 928 infen-

311 977 440 1014 sum
482 978 540 1015 se
589 962 744 1016 uxori
790 963 1055 1034 prmbuit,
1105 981 1235 1019 cum
1285 966 1457 1022 etiam
1507 967 1560 1021 vi
1603 969 1816 1023 amoris
1865 969 1947 1022 iu-

303 1054 541 1121 fractus,
596 1056 848 1128 quodam
895 1057 986 1113 die
1033 1059 1259 1114 mulieri
1321 1062 1519 1130 jurare
1576 1064 1765 1134 coepit,
1798 1064 1951 1135 quod

308 1152 468 1202 tanto
505 1166 636 1204 eam
686 1150 950 1221 diligeret
995 1152 1222 1219 affectu,
1267 1161 1324 1208 ut
1379 1172 1674 1227 nunquam
1720 1158 1952 1212 alterius

307 1242 572 1298 mulieris
611 1244 933 1316 ﬂagraverit
976 1247 1304 1318 cupiditate,
1347 1249 1424 1302 ita
1468 1265 1669 1304 omnes
1719 1268 1784 1306 ex
1834 1251 1951 1306 ani-

309 1352 406 1390 mo
455 1336 745 1407 abjecerit,
799 1344 862 1392 ut
911 1339 1069 1395 uxori
1134 1341 1303 1396 ﬁdem
1353 1351 1621 1399 servaret.
1665 1347 1735 1399 At
1788 1345 1883 1399 illa
1931 1362 1943 1398 :

304 1431 475 1497 Satis,
535 1431 742 1502 inquit,
785 1449 1042 1487 amorem
1101 1451 1240 1506 erga
1299 1453 1392 1491 me
1444 1444 1607 1492 tuum
1671 1439 1950 1494 mandatis

304 1541 435 1595 quae
463 1525 692 1596 Josippo
735 1527 986 1596 dederas,
1019 1529 1330 1599 declarasti,
1359 1532 1698 1604 praecipiens
1745 1537 1806 1587 ut
1852 1550 1948 1588 me

305 1618 613 1674 occideret.
683 1621 976 1684 Quomodo
1027 1626 1209 1693 potest
1266 1641 1484 1692 amare,
1539 1626 1636 1697 qui
1691 1627 1946 1682 occidere

305 1714 533 1782 potest?
560 1715 776 1769 Amens
807 1715 957 1770 illico
991 1732 1087 1771 rex
1112 1717 1205 1771 ubi
1234 1718 1447 1772 audivit
1473 1725 1754 1776 secretum
1777 1738 1943 1777 suum

2057 500 2307 555 lentiam.
2343 501 2498 553 Hunc
2541 498 2850 552 Mariamne
2890 498 3101 553 exitum
3139 498 3285 567 tulit,
3331 499 3517 554 sobrie
3567 500 3686 553 viro

2055 594 2276 666 pudica,
2325 593 2422 647 sed
2462 593 2711 647 insolens
2752 592 2953 647 formae
2997 592 3354 646 conscientia.
3387 593 3487 646 Cui
3519 609 3682 664 mag-

2057 688 2364 743 nanimitas
2409 685 2811 758 superﬂuebat,
2844 685 3113 740 sedulitas
3155 685 3367 753 deerat,
3415 690 3480 739 ut
3521 685 3683 740 blan-

2055 783 2220 836 ditias
2264 781 2669 852 dedignaretur
2711 780 2923 844 mariti,
2982 795 3178 833 secura
3225 779 3378 849 quod
3429 779 3572 833 nihil
3614 781 3682 833 ab

2054 892 2120 930 eo
2162 875 2258 948 qui
2298 891 2466 946 supra
2507 875 2740 929 modum
2774 872 3058 944 diligeret,
3101 871 3254 926 exitii
3300 872 3520 942 perpeti
3567 889 3686 942 pos-

2056 976 2170 1038 set;
2210 987 2313 1024 nec
2343 969 2525 1023 solum
2567 968 2638 1021 ad
2683 984 2936 1038 praesens
2986 967 3258 1021 ultionem
3303 966 3532 1036 reperit,
3585 966 3682 1020 sed

2055 1064 2230 1118 etiam
2285 1063 2341 1116 in
2398 1063 2682 1133 reliquum
2743 1060 3104 1116 haereditaria
3163 1059 3289 1114 odia
3351 1059 3679 1113 transmisit.

2052 1158 2151 1212 Cui
2212 1173 2529 1212 successere
2588 1156 2685 1210 ﬁlii
2749 1156 2992 1210 materni
3055 1153 3268 1208 doloris
3327 1158 3684 1208 exsecutores

2053 1253 2145 1322 pio
2177 1267 2315 1321 erga
2346 1254 2587 1305 matrem
2617 1249 2848 1321 quidem
2892 1249 3116 1316 affectu,
3148 1248 3247 1302 sed
3287 1263 3422 1319 erga
3461 1251 3680 1317 patrem

2054 1346 2226 1417 impio
2274 1363 2286 1399 :
2333 1360 2461 1398 cum
2509 1344 2740 1414 utrique
2791 1347 3090 1414 parentum
3140 1343 3266 1414 pari
3311 1357 3545 1395 munere
3589 1340 3683 1409 jus

2050 1447 2266 1495 naturae
2313 1438 2646 1494 solvendum
2695 1438 2862 1492 foret.
2921 1439 3027 1491 Nec
3075 1435 3468 1490 inexercitatos
3523 1433 3683 1487 dolor

2049 1534 2300 1605 reperit;
2351 1549 2482 1587 nam
2535 1532 2632 1587 diu
2687 1533 2879 1586 Romm
2927 1530 3131 1586 eruditi
3175 1529 3388 1584 Latinis
3421 1529 3582 1598 juxta
3623 1531 3680 1580 ct

2048 1627 2252 1683 Graecis
2291 1627 2522 1693 litteris,
2567 1625 2833 1680 astutiam
2873 1641 2986 1679 non
3027 1624 3376 1678 mediocrem
3418 1638 3676 1692 assump-

2049 1726 2257 1787 serant,
2289 1726 2346 1775 et
2370 1721 2634 1775 absentes
2663 1722 3059 1790 compererant
3087 1734 3287 1772 necem
3317 1715 3536 1781 matris,
3569 1714 3678 1786 ple-

304 1807 615 1877 proditum,
689 1809 941 1880 cogitare
999 1811 1167 1882 coepit
1217 1828 1510 1884 nunquam
1578 1815 1942 1886 proditurum
1970 1786 2020 1856 Β
2050 1815 2324 1885 risquein
2365 1813 2559 1869 odium
2592 1813 2770 1885 patris
2793 1786 3213 1883 impulsoribus
3245 1809 3676 1881 asperabantur.

302 1900 474 1954 fuisse
498 1901 813 1974 Josippum,
844 1902 950 1958 nisi
983 1907 1179 1975 captus
1213 1922 1410 1960 amore
1442 1907 1695 1962 mulieris
1723 1925 1939 1963 merce-

301 1995 435 2048 dem
495 1995 830 2066 proditionis
883 2003 1079 2070 stupro
1141 2000 1452 2070 quaesisset,
1513 2003 1941 2058 manifestatum

299 2089 457 2160 quod
485 2088 581 2143 diu
608 2089 842 2159 latebat,
875 2091 934 2146 in
960 2097 1158 2163 aperto
1188 2093 1404 2148 crimen
1439 2095 1669 2150 indubia
1699 2113 1937 2168 corrup-

297 2182 452 2236 tione
506 2201 518 2236 :
562 2200 680 2238 non
730 2185 942 2240 frustra
985 2187 1288 2243 excitatam
1334 2205 1626 2257 sororem,
1675 2208 1802 2262 quae
1847 2191 1941 2245 do-

298 2277 590 2332 mesticam
617 2278 887 2350 injuriam
916 2297 1030 2350 prae
1053 2282 1271 2336 caeteris
1303 2283 1796 2354 deprehendisset.
1833 2287 1936 2338 Ita-

295 2388 407 2441 que
456 2370 852 2443 indignatione
912 2374 1089 2429 nimia
1140 2376 1336 2430 furens
1404 2377 1696 2448 animique
1755 2379 1937 2449 impos

295 2463 538 2519 exsilivit
587 2466 656 2520 de
696 2467 925 2534 lectulo,
968 2469 1196 2539 fugiens
1228 2471 1566 2542 corruptelae
1594 2472 1772 2543 turpis
1801 2488 1936 2526 con-

294 2558 472 2628 tagia,
519 2575 619 2613 nec
663 2559 946 2616 furentem
1006 2562 1260 2633 capiebat
1300 2564 1474 2618 aula:
1509 2564 1724 2618 audivit
1777 2581 1938 2620 soror

293 2651 720 2718 vociferantem,
772 2655 1155 2728 continuoque
1200 2657 1426 2728 rapiens
1470 2662 1696 2729 tempus
1733 2659 1804 2714 ad
1842 2677 1933 2714 ar-

295 2751 640 2814 gumentum
703 2747 1063 2804 iusimulaudi
1135 2754 1190 2804 et
1245 2752 1597 2806 occasionem
1665 2753 1932 2819 nocendi,

291 2839 654 2892 conﬁrmavit
693 2840 1043 2912 indignantis
1081 2844 1430 2916 suspiciones
1465 2861 1476 2898 :
1506 2845 1786 2916 impulsus
1825 2847 1929 2901 ita-

289 2949 404 3003 que
438 2932 634 2990 dolore
682 2935 906 3006 injuria:
947 2937 1368 2993 insimulatione
1414 2955 1731 3010 germanae,
1769 2940 1936 3010 jubet

291 3027 477 3082 occidi
510 3033 849 3100 utrumque;
889 3047 998 3085 nec
1028 3032 1209 3086 multo
1243 3038 1366 3102 post
1413 3037 1608 3088 secuta
1642 3037 1728 3088 est
1753 3034 1929 3090 facto-

2049 1909 2334 1979 Hegressis
2381 1924 2608 1979 quoque
2660 1924 2731 1961 nc
2783 1907 3122 1976 conspectus
3173 1903 3404 1975 quidem
3455 1901 3678 1973 paterni

2045 2003 2361 2057 reverentia
2423 2001 2787 2056 sedulitatem
2855 1998 3138 2053 infuderat
3199 1997 3338 2068 (30);
3395 1995 3682 2051 crescebat

2043 2113 2174 2150 cum
2218 2099 2382 2150 aetate
2425 2095 2658 2149 malitia.
2698 2093 2940 2149 Accessit
2978 2093 3156 2146 etiam
3198 2108 3261 2145 ex
3301 2089 3554 2161 conjugii
3595 2104 3680 2142 so-

2043 2190 2241 2245 cietate
2276 2189 2666 2260 praesumptio,
2698 2188 2850 2259 quod
2877 2187 3036 2241 alteri
3080 2186 3300 2241 Salome
3338 2184 3455 2238 ﬁlia
3492 2183 3680 2253 neptis

2045 2284 2294 2351 Herodis,
2348 2284 2514 2338 alteri
2573 2283 2850 2336 Archelao
2908 2281 3100 2351 genita
3155 2280 3250 2350 qui
3301 2275 3676 2349 Cappadociae

2042 2394 2289 2448 regnum
2324 2377 2572 2446 tenebat,
2604 2377 2662 2430 in
2688 2377 2783 2447 jus
2825 2375 3038 2444 c0pulae
3084 2373 3350 2444 nuptialis
3391 2387 3671 2426 convene-

2041 2474 2187 2540 rant,
2236 2476 2292 2526 et
2344 2469 2605 2524 nobilitas
2651 2467 3070 2539 conjunctionis
3122 2467 3388 2521 odiorum
3437 2463 3675 2518 dederat

2039 2565 2453 2619 auctoritatem.
2520 2563 2930 2618 Oﬁ‘endebatur
2991 2561 3168 2633 igitur
3235 2558 3514 2623 Herodes,
3582 2557 3670 2610 vel

2040 2657 2210 2714 tacito
2254 2657 2502 2712 ﬁliorum
2545 2657 2779 2727 ingenio
2827 2655 3172 2722 excitatiore,
3217 2669 3390 2724 quam
3437 2655 3670 2723 paterna

2039 2753 2221 2824 pietas
2273 2751 2389 2822 pati
2442 2755 2664 2822 posset,
2719 2766 2847 2821 qum
2901 2749 3072 2804 etiam
3126 2748 3282 2802 vultu
3336 2747 3670 2817 frequenter

2037 2845 2279 2901 laeditur.
2317 2845 2690 2901 Addebantur
2728 2849 2783 2899 et
2819 2842 3034 2898 stimuli
3071 2842 3140 2895 ab
3177 2842 3265 2896 his
3310 2840 3407 2912 qui
3438 2840 3508 2893 ab
3538 2839 3671 2893 insi-

2036 2939 2142 2994 diis
2186 2940 2434 2994 ﬁliorum
2477 2938 2812 3006 cavendum,
2860 2937 3016 3008 quasi
3057 2935 3277 2990 solliciti
3322 2934 3523 2990 crebro
3568 2932 3663 2987 de-

2035 3033 2397 3100 nuntiabant,
2431 3037 2766 3098 asserentes,
2797 3031 2950 3104 quod
2980 3031 3206 3086 ultrices
3236 3027 3482 3083 materni
3514 3025 3667 3082 exitii

289 3138 420 3175 rum
451 3122 827 3192 pmnitentia;
861 3127 918 3179 et
944 3125 1040 3180 ubi
1080 3125 1161 3180 ira
1192 3125 1417 3196 cecidit,
1449 3144 1613 3181 amor
1639 3129 1928 3196 successit,
1954 3158 2007 3230 Ο
2034 3133 2326 3182 armarent
2351 3143 2574 3181 manus.
2607 3127 2819 3190 Quibus
2854 3123 3191 3196 perterritus
3233 3122 3480 3178 Ilerodes
3505 3121 3663 3174 Anti-

288 3220 346 3269 et
383 3216 567 3286 passio
625 3217 957 3272 resuscitata
987 3222 1091 3287 est,
1146 3225 1447 3292 tantusque
1484 3221 1781 3276 incanduit
1826 3222 1932 3276 fer-

288 3325 391 3363 vor
420 3310 764 3380 cupiditatis,
800 3318 856 3365 ut
903 3312 1239 3368 defunctam
1273 3331 1388 3369 non
1435 3315 1714 3384 crederet,
1760 3319 1932 3388 atque

286 3403 345 3456 in
380 3419 612 3458 excessu
643 3405 850 3459 mentis
881 3406 1120 3476 positus,
1164 3409 1324 3478 quasi
1365 3409 1644 3464 viventem
1687 3409 1932 3481 alloque-

292 3501 467 3551 retur.
500 3498 564 3551 Et
590 3497 737 3553 sicut
766 3498 838 3553 ad
885 3515 1014 3553 eam
1056 3517 1185 3571 quae
1215 3502 1428 3557 viveret
1468 3519 1678 3574 pueros
1725 3503 1932 3575 dirige-

289 3591 407 3657 bat,
436 3607 664 3662 rogans,
696 3597 757 3647 ut
800 3593 1066 3664 depositis
1097 3595 1500 3660 simultatibus,
1545 3597 1616 3650 ad
1669 3613 1791 3651 sese
1838 3615 1926 3652 ve-

288 3685 457 3754 niret,
489 3687 545 3740 et
570 3686 838 3742 redderet
864 3703 922 3742 se
950 3689 1237 3761 conjugali
1289 3690 1504 3762 gratim.
1543 3692 1635 3744 Vix
1681 3691 1928 3764 denique

288 3780 472 3834 multo
495 3780 728 3835 edoctus
770 3781 1068 3837 intervallo
1111 3784 1388 3855 temporis
1432 3783 1634 3839 obiisse
1671 3785 1926 3855 credidit,

287 3889 462 3944 quam
524 3890 626 3945 pro
678 3891 871 3930 amore
923 3881 1201 3948 tanquam
1252 3877 1592 3934 immortalis
1655 3879 1928 3934 feminam

287 3967 505 4021 decoris
559 3968 709 4022 mori
767 3985 884 4024 non
942 3970 1196 4042 potuisse
1257 3971 1664 4028 arbitrabatur.
1718 3974 1931 4028 Tantus

285 4066 408 4114 erat
455 4059 686 4116 affectus
752 4078 890 4133 erga
945 4063 1298 4120 defunctam.
1374 4066 1632 4138 Denique
1701 4066 1926 4136 efferus,

284 4156 486 4225 postea
513 4157 684 4226 atque
711 4156 772 4210 in
802 4158 1116 4213 multorum
1150 4175 1346 4214 necem
1379 4161 1748 4231 praesentium
1799 4161 1928 4216 odio

285 4249 469 4301 fertur
508 4253 890 4320 exasperatus,
939 4268 1044 4307 nec
1090 4252 1271 4308 solum
1315 4254 1512 4308 morbo
1559 4255 1734 4309 animi
1780 4255 1930 4309 labo-

286 4358 463 4408 rasse,
498 4342 593 4396 sed
627 4343 798 4398 etiam
845 4345 1000 4416 gravi
1049 4349 1298 4418 corporis
1338 4348 1704 4420 mgritudine,
1753 4365 1928 4420 quam

285 4453 354 4489 ex
425 4436 750 4507 pestilentia
805 4455 1030 4511 quoque
1097 4442 1244 4496 aeris
1301 4445 1649 4497 contractam
1703 4441 1928 4497 aiebant

2035 3225 2261 3293 patrum
2291 3221 2509 3275 Dosidis
2538 3219 2715 3274 ﬁlium
2758 3220 3027 3291 praeferre
3061 3217 3352 3283 fratribus,
3387 3220 3557 3286 atque
3592 3213 3665 3268 ad

2033 3315 2118 3370 sui
2159 3306 2401 3387 gratiam
2449 3315 2716 3369 uberiore
2759 3313 2963 3368 effectu
3006 3312 3118 3384 (3t)
3163 3311 3329 3383 cmpit
3369 3311 3662 3364 lacessere.

2032 3410 2241 3465 Ardere
2296 3408 2605 3479 majoribus
2650 3407 2797 3462 odiis
2843 3409 2971 3462 aula
3023 3407 3200 3477 regia,
3250 3409 3307 3459 et
3355 3401 3666 3458 certamine

2031 3504 2273 3557 fratrum
2305 3502 2533 3557 concuti
2577 3521 2590 3556 :
2633 3502 2770 3556 dum
2813 3501 2890 3555 illi
2935 3500 3326 3570 indignantur,
3367 3497 3517 3568 quod
3555 3495 3663 3566 pri-

2030 3599 2176 3651 vatae
2212 3596 2464 3650 mulieris
2501 3595 2648 3649 ﬁlius
2689 3595 2793 3648 sibi
2835 3594 2893 3647 in
2936 3609 3113 3663 regno
3145 3592 3283 3647 ortis.
3326 3589 3664 3661 praefereba-

2030 3697 2125 3747 tur
2175 3709 2186 3745 :
2249 3691 2339 3744 ille
2389 3695 2649 3744 versutus
2707 3687 2997 3756 adulandi,
3054 3703 3167 3758 quo
3225 3701 3281 3739 se
3338 3684 3662 3738 inferiorem

2031 3791 2288 3841 materno
2341 3785 2511 3839 latere
2559 3782 2844 3850 cernebat,
2903 3797 2968 3835 eo
3022 3779 3325 3834 studiosius
3378 3794 3664 3832 commen-

2030 3881 2164 3935 dare
2193 3895 2309 3934 sese
2350 3878 2520 3950 patri,
2568 3881 2840 3948 appetere
2885 3891 3183 3946 germanos
3222 3871 3549 3943 compositis
3583 3872 3662 3924 in-

2033 3971 2489 4027 simulationibus
2530 3987 2643 4024 non
2684 3968 3026 4040 quiescebat,
3072 3967 3250 4020 donec
3292 3965 3410 4037 ipse
3461 3981 3560 4036 per
3606 3982 3663 4017 se

2032 4084 2096 4122 ac
2134 4083 2237 4138 per
2270 4066 2407 4120 alios
2443 4081 2586 4136 quos
2618 4063 2725 4118 sibi
2755 4063 3107 4134 adjunxerat,
3155 4060 3476 4115 excluderet
3514 4059 3664 4130 ipsos

2033 4161 2101 4216 ab
2161 4159 2365 4214 affectu
2420 4164 2680 4229 paterno.
2736 4157 2992 4228 Denique
3045 4154 3327 4226 regnandi
3370 4153 3456 4207 his
3502 4169 3660 4224 spem

2031 4270 2264 4308 omnem
2299 4252 2533 4320 ademit,
2564 4252 2638 4306 ita
2683 4254 2744 4305 ut
2784 4250 3006 4322 publica
3049 4249 3277 4304 condito
3318 4253 3662 4304 testamento

2031 4348 2183 4402 solus
2225 4346 2447 4417 imperii
2482 4361 2773 4400 successor
2807 4344 3200 4415 designaretur
3243 4341 3556 4412 missusque
3592 4339 3664 4393 ad

2031 4442 2312 4496 Caesarem
2341 4441 2584 4495 Romam
2625 4444 2831 4510 prseter
2868 4437 3095 4508 insigne
3137 4434 3472 4490 diadematis
3504 4433 3663 4488 omni

284 4531 427 4584 Nam
477 4535 685 4585 tractus
713 4532 836 4587 coeli
864 4535 1184 4606 corruptior
1224 4535 1484 4607 plurimis
1526 4541 1744 4608 pestem
1778 4553 1928 4590 crea-
1950 4529 2007 4600 D
2031 4539 2232 4590 ornatu
2262 4534 2529 4603 cultuque
2564 4532 2722 4603 regio
2760 4529 3119 4584 fulciebatur.
3151 4528 3289 4584 Inde
3320 4529 3379 4581 in
3408 4525 3660 4582 Iudaeam

284 4623 386 4677 vit.
448 4624 607 4680 Unde
672 4627 941 4683 consultis
1006 4628 1306 4683 medicinaa
1365 4629 1578 4701 peritis,
1663 4630 1929 4684 silvarum

285 4717 518 4774 secretis
543 4736 667 4774 sese
707 4720 886 4788 abdit,
940 4728 996 4774 et
1031 4723 1220 4777 refuso
1265 4725 1536 4795 paulatim
1582 4725 1795 4795 vigore,
1844 4741 1928 4778 ve-

282 4812 514 4867 natibus
574 4815 972 4870 salubritatem
1021 4817 1270 4887 corporis
1336 4819 1552 4889 pariter
1601 4834 1662 4872 ac
1725 4819 1926 4872 mentis

285 4905 677 4962 salubritatem
711 4908 814 4978 (29)
848 4909 1080 4980 recepit.

841 5006 1063 5061 CAPUT
1101 5007 1366 5062 XXXVIII.

358 5095 469 5148 Hoc
517 5110 745 5165 quoque
792 5093 1030 5150 addebat
1078 5095 1366 5150 miraculis
1412 5097 1528 5151 suis
1572 5097 1780 5169 quibus
1825 5099 1920 5153 de-

283 5187 500 5242 functae.
528 5187 873 5259 suspiciebat
899 5189 1169 5260 gratiam,
1200 5189 1372 5246 luisse
1408 5208 1467 5246 se
1506 5191 1704 5263 injusti
1732 5208 1924 5262 poenas

280 5281 506 5351 ﬂagitii,
540 5287 594 5335 et
624 5282 1047 5338 elementorum
1080 5283 1418 5354 aegritudine
1458 5285 1745 5356 expiatum
1775 5286 1918 5340 inte-

281 5374 460 5429 ritum
515 5375 657 5430 tanti
708 5376 959 5445 decoris;
1018 5377 1237 5432 excidio
1295 5379 1519 5446 mundi,
1579 5379 1922 5451 populorum

284 5469 376 5522 lue
411 5468 578 5523 unius
610 5475 872 5537 mortem,
908 5474 1058 5525 sorte
1101 5477 1295 5526 tamen
1336 5472 1540 5543 impari
1575 5473 1921 5528 vindicatam

346 5635 444 5695 (29)
469 5634 595 5686 Mss.
629 5634 981 5687 sobrietatem.
1015 5638 1198 5690 BARR.

350 5707 448 5768 (30)
474 5706 573 5757 Ms.
611 5714 877 5772 comperta
915 5721 1036 5759 nece
1073 5711 1281 5769 matris,
1315 5710 1598 5774 plerosque
1645 5712 1699 5759 in
1741 5710 1920 5760 odium

281 5777 457 5838 patris
482 5790 536 5827 se
565 5778 889 5842 impulsuros
918 5779 1332 5830 arbitrabantur
1366 5796 1384 5829 :
1418 5781 1670 5844 regressis
1709 5794 1920 5846 quoque

283 5858 348 5900 ne
367 5851 672 5914 conspectus
707 5850 916 5916 quidem
944 5853 1158 5918 paterni
1185 5851 1531 5903 reverentiam
1560 5851 1916 5903 sedulitatem-

2033 4644 2343 4700 regressus,
2391 4629 2553 4680 aucta
2602 4641 2739 4696 erga
2785 4641 2844 4678 se
2896 4623 3130 4677 Caesaris
3170 4623 3662 4694 plurimorumque

2031 4721 2332 4776 illustrium
2375 4719 2628 4774 virorum
2677 4717 2892 4789 gratia,
2941 4717 3132 4788 exigui
3181 4733 3354 4788 prope
3395 4714 3664 4786 temporis

2027 4814 2325 4870 intervallo
2390 4817 2613 4867 tantum
2677 4811 2994 4884 praevaluit,
3063 4816 3123 4864 ut
3182 4811 3352 4865 etiam
3420 4811 3661 4863 matrem

2027 4908 2296 4980 conjugio
2347 4906 2522 4979 patris
2571 4905 2808 4960 adderet
2859 4905 3013 4976 (32):
3065 4903 3421 4976 geminisque
3465 4902 3659 4965 armis,

2028 5002 2298 5057 adulandi
2343 5006 2463 5056 arte
2506 5006 2563 5055 et
2607 4999 2910 5054 simulandi
2940 4997 3210 5066 versutia,
3245 4997 3323 5051 ita
3362 5012 3662 5067 germanos

2028 5113 2233 5168 urgere
2274 5095 2427 5167 apud
2469 5097 2689 5166 patrem
2734 5093 2922 5165 coepit,
2971 5096 3033 5146 ut
3075 5091 3222 5164 patri
3266 5090 3416 5146 ﬁlius
3457 5106 3660 5145 necem

2025 5195 2276 5261 pararet.
2333 5189 2584 5261 Denique
2630 5188 2825 5242 furens
2873 5186 3051 5240 animi
3097 5187 3342 5241 Romam
3393 5185 3534 5256 petit
3585 5189 3663 5238 at-

2026 5287 2202 5337 tracto
2231 5299 2423 5337 secum
2454 5281 2777 5336 Alexandro
2812 5296 2984 5352 quem
3030 5295 3191 5335 reum
3227 5279 3435 5351 magici
3471 5279 3660 5333 adver-

2023 5393 2149 5432 sum
2195 5393 2257 5430 se
2313 5375 2570 5430 criminis
2620 5378 2749 5429 ante
2800 5375 3077 5432 Caesarem
3125 5373 3334 5428 statuit.
3384 5372 3482 5427 Ille
3529 5372 3659 5426 data

2023 5471 2128 5526 sibi
2162 5470 2330 5542 copia
2363 5469 2725 5542 deplorandae
2772 5467 3127 5535 calamitatis,
3157 5481 3656 5537 {erumnarumque

2023 5654 2124 5704 que
2153 5639 2484 5703 infuderunt.
2514 5640 2592 5688 In.

2086 5713 2182 5774 (3t)
2216 5712 2432 5776 A/fectu.
2464 5712 2543 5760 In.

2083 5783 2180 5846 (32)
2216 5783 2481 5834 Redderet.
2516 5782 2590 5832 In.
