4000 6166
478 250 616 307 2407

1895 256 1948 312 s.
1991 255 2305 313 AMBROSII
2447 212 2453 223 ’
3654 267 3760 325 nos

475 376 755 447 omnium,
797 393 929 432 cum
969 375 1187 433 videret
1232 377 1337 433 sibi
1377 383 1681 452 suppetere
1728 381 1869 436 tanti
1899 379 2109 451 judicis
2131 378 2443 464 Aamissos
2482 380 2629 437 ﬁlios
2672 378 2819 453 patri
2865 383 3304 452 repraesentaret
3336 394 3350 433 :
3382 380 3619 441 fratribus
3644 391 3764 459 quod

475 471 890 536 auctoritatem,
920 471 1017 543 qui
1050 488 1157 527 nec
1197 472 1268 527 ab
1315 472 1533 528 Herode
1577 472 1798 528 traduci
1830 490 1932 545 per
1972 490 2105 544 gra-

473 564 611 619 tiam
654 569 858 635 posset,
908 581 1011 620 nec
1053 567 1125 621 ab
1165 566 1466 637 Antipatro
1509 566 1930 636 circumveniri,
1963 567 2109 623 nihil

472 658 934 729 praetereundum
984 663 1160 726 ratus,
1206 659 1429 732 ﬂagitia
1470 660 1648 732 patris
1693 660 1941 732 quadam
1983 677 2109 732 per-

472 752 698 807 strinxit
737 752 1041 822 modestia,
1077 756 1138 808 ut
1175 770 1278 808 nec
1321 770 1524 825 urgere
1569 760 1842 826 tanquam
1891 771 2110 809 accusa-

474 851 567 900 tor
594 845 900 913 videretur,
935 863 1041 902 nec
1084 848 1305 903 occulta
1347 864 1466 902 esse
1510 848 1746 915 sineret,
1780 865 1908 903 cum
1938 849 2110 920 pluri-

476 956 639 994 mum
666 956 890 995 causam
919 941 1169 1011 juvaret,
1200 942 1245 996 si
1275 958 1333 996 se
1361 942 1431 996 ob
1468 942 1622 995 necis
1651 947 1927 998 maternae
1957 943 2111 998 dolo-

476 1048 598 1088 rem
638 1035 888 1104 paternis
919 1035 1033 1106 peti
1077 1035 1218 1089 odiis
1259 1035 1778 1091 demonstravisset.
1821 1037 1880 1091 ln
1910 1036 2110 1091 talibus

480 1125 637 1181 enim
658 1127 884 1198 judiciis
916 1128 1056 1183 nihil
1094 1128 1275 1199 magis
1313 1128 1524 1183 liberos
1563 1135 1779 1199 gravat,
1808 1145 1981 1202 quam
2006 1146 2106 1185 na-

479 1224 621 1275 tura:
648 1220 825 1291 pietas
852 1226 909 1276 et
936 1221 1163 1292 pietatis
1194 1222 1502 1277 auctoritas
1535 1240 1547 1277 :
1583 1239 1709 1294 qua:
1737 1223 1785 1277 si
1815 1222 2109 1295 aliquanto

479 1313 857 1369 traducuntur
881 1314 1120 1386 ﬂagitio,
1152 1316 1547 1387 prtejudicium
1577 1316 1875 1385 minuitur,
1905 1333 2112 1388 praero-

483 1407 669 1476 gativa
703 1408 1044 1463 excluditur.
1075 1408 1176 1463 Ubi
1226 1426 1357 1464 vero
1403 1410 1473 1464 ad
1518 1410 1734 1480 objecta
1774 1410 1951 1481 patris
1984 1427 2113 1466 ven-

484 1508 628 1569 tum,
668 1502 861 1556 validis
899 1502 1164 1557 refellens
1201 1503 1630 1571 assertionibus,
1668 1503 1919 1559 alienum
1947 1504 2114 1560 scele-

482 1593 560 1648 ris
600 1595 788 1666 primo
826 1596 1059 1651 fratrem
1092 1596 1521 1663 demonstravit,
1553 1597 1653 1670 qui
1688 1614 1928 1654 suorum
1968 1602 2114 1653 esset

483 1703 712 1744 consors
758 1688 1175 1760 periculorum,
1226 1707 1398 1762 quem
1446 1691 1745 1747 innoxium
1787 1692 1846 1746 in
1896 1691 2111 1747 crimen

483 1782 669 1837 vocari
707 1781 1137 1854 ingemiscebat.
1177 1784 1596 1855 Astipulabatur
1630 1802 1788 1856 parm
1829 1763 2190 1841 conscien-B

484 1874 577 1929 tia:
611 1876 817 1947 agendi
839 1876 937 1947 jus
968 1882 1024 1931 et
1048 1876 1269 1931 dicendi
1308 1878 1532 1948 peritia,
1566 1878 1707 1934 nihil
1755 1878 1860 1933 sibi
1903 1895 1966 1933 ac
2013 1880 2116 1934 fra-

483 1968 554 2022 tri
607 1968 867 2023 relictum
923 1970 1189 2037 honoris,
1250 1971 1471 2026 sublata
1526 1973 1719 2026 omnia
1782 1989 1882 2043 per
1936 1975 2114 2028 scelus

485 2062 762 2131 germani,
804 2063 1094 2135 patrisque
1135 2063 1491 2120 facilitatem.
1534 2065 2115 2138 Amarissimedeplo-

488 2154 653 2209 rabat
692 2172 893 2211 necem
933 2156 1039 2211 sibi
1090 2158 1358 2230 irrogari,
1402 2175 1579 2231 quam
1622 2164 1782 2231 pater
1830 2177 1895 2215 eo
1941 2177 2116 2232 usque

488 2251 731 2320 expetit,
796 2256 856 2305 ut
904 2250 1122 2306 crimen
1169 2251 1428 2322 adjiciat,
1479 2252 1761 2325 ﬂagitium
1817 2253 2112 2327 adjungat.

487 2342 704 2406 Quibus
739 2342 900 2398 dictis
939 2345 1128 2417 coegit
1164 2345 1221 2400 in
1270 2346 1545 2417 lacrymas
1589 2347 1896 2414 universos,
1944 2352 2115 2421 atque

487 2450 553 2489 eo
589 2443 799 2491 sortem
829 2436 1065 2492 deduxit
1086 2439 1313 2509 judicii,
1348 2444 1408 2494 ut
1436 2441 1643 2495 Cmsari
1677 2441 1961 2498 accusatio
2002 2459 2113 2497 non

488 2529 840 2599 probaretur,
887 2534 1049 2602 pater
1087 2533 1607 2590 reconciliationem
1653 2537 2112 2608 amplecteretur.

484 2622 544 2676 ld
576 2626 804 2695 gratum
832 2625 1145 2681 admodum
1167 2634 1222 2681 et
1244 2628 1829 2698 prrecellentissimum
1855 2629 2114 2685 Romano

487 2716 747 2788 principi,
788 2734 901 2773 non
940 2720 1123 2774 solum
1162 2720 1281 2792 regi
1317 2721 1531 2794 inclyto
1573 2740 1816 2795 regnum
1856 2723 2114 2791 donasse,

486 2810 582 2865 sed
609 2796 782 2865 etiam
810 2812 1019 2868 liberos
1046 2813 1377 2870 reddidisse.
1404 2818 1600 2887 Itaque
1627 2817 1781 2886 justo
1813 2817 2116 2872 definitum

488 2904 770 2972 examine,
815 2910 880 2960 ut
917 2908 997 2962 sic
1035 2908 1256 2978 paterni
1298 2908 1444 2979 juris
1490 2911 1798 2965 reverentia
1845 2910 2117 2966 inviolata

488 3003 761 3068 maneret,
790 3003 847 3054 et
887 3003 1003 3054 tnta
1038 3001 1283 3055 filiorum
1312 3002 1665 3071 innocentia,
1709 3004 1874 3075 patri,
1920 3008 1982 3058 ut
2026 3005 2117 3060 de-

2209 490 2374 544 supra
2428 491 2667 546 regnum
2724 479 2839 540 est,
2892 473 3257 529 concordiam
3310 473 3568 529 redderet.
3612 480 3766 538 Redeo

2212 569 2386 640 igitur
2437 568 2607 624 ditior
2653 585 2823 640 quam
2884 567 3172 640 profectus
3228 584 3354 622 sum
3414 583 3427 621 :
3476 568 3620 625 didici
3672 590 3769 631 esse

2210 662 2414 718 melior
2450 666 2629 733 pater,
2671 662 2805 733 quia
2844 662 3169 716 didicerunt
3203 660 3303 715 ﬁlii
3341 661 3449 715 mei
3481 678 3585 719 esse
3620 667 3773 723 melio-

2212 772 2301 810 res
2339 755 2525 825 liberi,
2567 755 2808 811 Cmsaris
2850 754 3150 811 beneficio.
3200 754 3405 810 Statuit
3445 755 3600 824 enim,
3634 763 3690 813 ut
3719 778 3774 816 ex

2212 865 2340 905 meo
2378 848 2612 904 arbitrio
2653 849 2932 920 penderet
2976 848 3228 903 filiorum
3271 849 3556 917 successio,
3579 867 3641 906 ne
3667 869 3777 925 prae-

2211 942 2466 1014 rogativa
2531 941 2903 998 successionis
2965 942 3294 1015 superbiam
3362 941 3620 1014 gigneret.
3681 947 3777 1017 Ipse

2212 1037 2355 1092 mihi
2404 1053 2781 1092 successorem
2832 1037 3026 1091 darem
3079 1051 3251 1108 quem
3300 1034 3580 1106 elegissem
3622 1054 3634 1091 :
3676 1054 3782 1095 eum

2211 1130 2421 1186 scilicet
2456 1131 2556 1203 qui
2593 1130 2927 1197 meruisset;
2984 1146 3139 1199 eum,
3185 1128 3283 1200 qui
3324 1134 3539 1200 patrem
3581 1132 3783 1203 amplius

2212 1225 2620 1280 honoravisset.
2657 1224 2928 1280 lmitabor
2961 1224 3277 1290 Caesarem;
3307 1222 3425 1294 ipse
3461 1224 3603 1278 enim
3638 1224 3787 1281 absol-

2210 1319 2393 1373 vendo
2415 1318 2673 1390 juniores
2698 1317 2845 1373 filios
2878 1333 3057 1387 meos,
3091 1316 3305 1372 seniori
3334 1315 3449 1371 tilio
3481 1333 3633 1388 pares
3660 1318 3785 1373 fecit.

2215 1413 2405 1484 Itaque
2447 1410 2616 1466 simul
2660 1414 2770 1466 tres
2815 1411 3019 1466 liberos
3065 1409 3235 1464 hodie
3273 1425 3442 1481 reges
3487 1410 3735 1466 constituo
3778 1429 3789 1465 :

2212 1505 2292 1561 illi
2331 1510 2487 1573 tetas,
2529 1505 2649 1560 istis
2685 1504 2948 1560 nobilitas
2983 1503 3323 1575 astipulatur
3363 1520 3377 1558 :
3426 1519 3524 1558 nec
3565 1520 3792 1559 numerus

2212 1604 2438 1655 moveat
2489 1622 2500 1652 ε
2553 1597 2891 1670 magnitudo
2941 1596 3106 1669 regni
3156 1601 3216 1652 et
3261 1596 3516 1668 pluribus
3560 1596 3793 1653 abundat.

2213 1693 2438 1750 Arbiter
2466 1693 2656 1766 primo
2691 1691 2988 1747 sententiae
3025 1706 3171 1746 mea:
3210 1692 3357 1747 Deus
3386 1708 3401 1745 :
3434 1690 3630 1746 deinde
3654 1691 3796 1747 etiam

2214 1805 2308 1843 vos
2359 1787 2608 1843 accedite
2662 1803 2674 1841 :
2730 1803 2872 1858 quos
2926 1787 3110 1841 Caesar
3163 1785 3494 1856 conjunxit,
3549 1785 3801 1841 constituit

2216 1884 2395 1952 pater,
2423 1897 2523 1935 vos
2551 1879 2768 1935 honore
2798 1895 3053 1951 congruo
3093 1878 3525 1951 prosequimini,
3553 1882 3611 1932 ut
3645 1895 3799 1949 neque

2214 1973 2625 2030 immoderatus
2649 1989 2840 2045 neque
2865 1972 3099 2028 intimus
3125 1973 3311 2028 honor
3343 1971 3417 2027 sit
3443 1989 3456 2026 :
3486 1971 3632 2027 aliud
3654 1971 3802 2037 inﬂat,

2214 2067 2365 2124 aliud
2393 2072 2708 2140 exasperat.
2738 2066 2905 2132 Quod
2932 2066 3137 2138 cuique
3170 2065 3451 2137 portionis
3480 2081 3591 2119 suae
3619 2065 3804 2121 meritis

2215 2160 2486 2233 suppetit,
2529 2160 2911 2232 impartiatur.
2954 2160 3075 2214 Non
3116 2159 3271 2213 enim
3316 2164 3539 2214 tantum
3574 2157 3691 2230 quis
3722 2158 3805 2211 de-

2216 2255 2387 2310 lectat
2421 2270 2553 2310 eum
2589 2270 2760 2325 quem
2794 2269 2966 2325 supra
3002 2268 3333 2308 mensuram
3374 2253 3633 2320 honorat,
3659 2267 3805 2323 quan-

2217 2352 2340 2403 tum
2382 2347 2540 2403 laedit
2571 2364 2702 2403 eum
2740 2347 2829 2401 cui
2870 2346 3129 2403 debitum
3176 2352 3373 2418 negat.
3407 2347 3476 2401 Et
3514 2346 3809 2417 plerumque

2220 2445 2459 2514 uterque
2490 2457 2688 2497 eorum
2717 2440 3044 2507 offenditur,
3074 2439 3171 2496 ubi
3212 2438 3565 2512 prmlationis
3595 2437 3810 2493 adulatio

2216 2541 2317 2591 est.
2377 2536 2514 2590 Sum
2570 2539 2720 2590 certe
2778 2534 3045 2589 omnibus
3109 2539 3291 2606 pater.
3356 2535 3545 2589 Honor
3599 2531 3813 2586 filiorum

2216 2628 2372 2685 haud
2407 2628 2578 2684 dubie
2616 2628 2792 2699 patris
2833 2627 3019 2699 gloria
3062 2627 3173 2697 (35)
3211 2633 3316 2683 est.
3350 2627 3407 2683 Si
3447 2632 3635 2682 tamen
3673 2639 3815 2695 supra

2217 2724 2457 2779 modum
2499 2722 2626 2794 quis
2665 2721 2875 2777 liberos
2922 2738 3077 2776 meos
3116 2721 3359 2789 excolat,
3402 2737 3533 2776 reus
3580 2722 3660 2775 est
3698 2716 3815 2772 mihi

2217 2819 2389 2873 etiam
2425 2833 2528 2889 pro
2563 2815 2754 2871 liberis
2794 2815 2958 2884 meis,
2987 2815 3194 2887 quibus
3231 2818 3434 2869 auctor
3476 2811 3817 2886 prolapsionis

2217 2916 2301 2968 est
2349 2928 2363 2967 :
2414 2910 2624 2965 nimius
2676 2909 2832 2964 enim
2884 2908 3069 2964 cultus
3119 2908 3377 2964 audaciae
3431 2912 3687 2980 sumptus
3732 2907 3817 2958 est.

2215 3003 2506 3077 Numquid
2557 3002 2784 3058 invideo
2833 3002 3021 3057 liberis
3074 3001 3259 3057 meis?
3311 3002 3505 3068 Absit;
3556 2999 3653 3056 sed
3698 2997 3819 3052 malo

487 3090 667 3157 cebat,
710 3091 1174 3165 obtemperarent
1218 3095 1405 3151 liberi.
1455 3098 1576 3167 Ipse
1624 3096 1971 3152 inotl'ensum
2021 3114 2117 3151 na-
2137 3128 2192 3200 Ο
2218 3116 2314 3154 eos
2342 3098 2533 3153 minus
2556 3114 2685 3152 cum
2728 3098 2912 3168 gratia
2948 3112 3131 3167 posse,
3162 3112 3341 3169 quam
3382 3094 3688 3167 plurimum
3716 3107 3821 3146 cum

486 3188 631 3239 turea
658 3185 927 3240 affectum
953 3187 1246 3242 cohiberet
1265 3188 1371 3258 (33)
1398 3189 1555 3260 ﬁliis;
1585 3190 1676 3245 cui
1703 3190 1872 3244 vellet
1896 3196 2114 3258 tamen,

491 3294 730 3348 regnum
782 3279 1147 3351 relinqueret.
1207 3282 1371 3337 Redit
1430 3300 1497 3337 ex
1556 3283 1695 3338 urbe
1751 3285 2118 3339 Roma-cum

491 3375 645 3441 patre
690 3372 1030 3442 Alexander,
1067 3374 1289 3445 judicio
1338 3376 1541 3448 magis,
1582 3394 1756 3449 quam
1801 3378 2118 3450 suspicione

488 3464 799 3520 absolutus.
840 3467 1047 3523 Vacare
1089 3469 1242 3523 enim
1292 3476 1544 3526 mentem
1596 3472 1831 3527 Herodis
1871 3472 1943 3526 ab
1987 3472 2118 3527 odio

490 3557 735 3614 ﬁliorum
769 3561 1059 3632 Antipater
1095 3579 1210 3618 non
1248 3564 1601 3635 patiebatur;
1653 3566 1774 3637 ipse
1811 3566 1963 3621 enim
2000 3573 2120 3623 erat

490 3651 749 3709 odiorum
788 3655 1027 3711 materia
1067 3673 1080 3711 :
1120 3658 1416 3729 premebat
1443 3664 1638 3714 tamen
1668 3660 1919 3714 studium
1952 3678 2119 3715 suum

489 3746 744 3802 contuitu
778 3749 1266 3819 reconciliationis,
1310 3769 1379 3807 ne
1417 3753 1686 3825 appetitus
1729 3755 2119 3825 germanitatis

488 3855 713 3896 scenam
763 3842 1051 3913 proderet,
1102 3844 1333 3901 insidias
1373 3847 1786 3902 manifestaret.
1834 3848 1936 3903 Ubi
1987 3865 2119 3903 vcn-

487 3938 609 3988 tum
639 3940 722 3990 est
751 3934 806 3989 in
837 3936 1113 4004 Ciliciam,
1147 3944 1204 3993 et
1231 3938 1564 4010 navigantes
1602 3941 1661 3994 in
1698 3941 1981 3996 Eleusiam
2004 3941 2117 4013 (34)

489 4028 930 4098 applimvernut,
962 4033 1205 4103 suscepit
1244 4048 1341 4087 eos
1378 4034 1681 4089 Archelaus
1708 4035 1900 4107 opimo
1927 4036 2116 4090 convi-

489 4122 597 4187 vio,
630 4121 842 4193 gratias
872 4140 1049 4195 agens
1076 4126 1385 4180 Alexandri
1413 4127 1608 4197 generi
1635 4128 1720 4183 sui
1749 4145 1938 4196 causa,
1966 4129 2121 4201 quod

489 4222 815 4290 exemptum
869 4221 1115 4291 periculo
1164 4224 1634 4280 reconciliatione
1671 4227 1843 4281 etiam
1876 4226 2118 4297 dignum

490 4311 841 4368 aestimasset.
898 4316 1019 4385 Ipse
1066 4315 1236 4371 etiam
1286 4317 1490 4373 litteris
1541 4336 1644 4391 per
1690 4336 1823 4375 suos
1866 4321 2117 4391 directis,

487 4406 698 4461 amicos
726 4415 1042 4479 rogaverat,
1076 4415 1136 4465 ut
1162 4426 1379 4482 genero
1407 4413 1755 4469 defensionis
1789 4413 2121 4485 adjumento

488 4499 694 4567 forent,
725 4507 781 4556 et
807 4502 1119 4559 discedenti
1147 4505 1352 4559 obtulit
1386 4522 1490 4562 xxx
1529 4508 1741 4562 talenta
1777 4496 2200 4579 bospitalita-D
2223 4505 2443 4561 accedit
2485 4504 2677 4560 liberis
2719 4502 2884 4573 meis,
2924 4502 3069 4557 mihi
3105 4501 3350 4573 deperit.
3398 4503 3531 4556 Plus
3574 4493 3834 4569 unusquis-

489 4594 557 4646 tis
585 4611 844 4663 munere,
868 4612 932 4650 ac
952 4598 1297 4670 Zephyrium
1328 4601 1583 4672 adusque
1612 4617 1807 4672 regem
1835 4601 2119 4672 perduxit.

490 4689 799 4758 Regressus
820 4689 1072 4745 .domum
1120 4708 1218 4747 rex
1264 4693 1536 4749 continuo
1580 4695 1856 4766 populum
1887 4694 2124 4751 advocat

489 4781 637 4851 apud
670 4798 838 4854 quem
868 4783 976 4838 hoc
1003 4785 1169 4839 modo
1197 4785 1466 4841 disseruit
1499 4804 1511 4841 :

1069 4937 1287 4991 CAPUT
1325 4937 1534 4992 XXXIX.

560 5068 725 5123 Modo
766 5085 933 5123 causa
974 5067 1136 5134 mihi,
1180 5067 1395 5123 Hebraei
1425 5068 1591 5134 cives,
1625 5073 1681 5124 et
1717 5071 1866 5125 utilis
1899 5075 1956 5126 et
1983 5072 2126 5125 fruc-

490 5165 654 5217 tuosa
703 5161 805 5216 fuit
863 5162 1099 5217 Romam
1155 5161 1405 5232 petendi,
1460 5164 1718 5234 profecto
1767 5167 1829 5218 ut
1878 5165 1949 5219 de
1998 5165 2127 5220 filiis

497 5256 638 5310 meis
671 5257 859 5312 Caesar
884 5256 1170 5327 judicaret
1199 5271 1213 5310 :
1247 5271 1315 5310 ne
1343 5255 1495 5310 solus
1535 5272 1643 5327 ego
1688 5258 1785 5329 qui
1821 5257 2123 5327 irascebar,

492 5365 918 5419 cognoscerem,
949 5349 1177 5422 perrexi
1204 5349 1277 5404 ad
1307 5350 1591 5405 Caesarem
1629 5367 1641 5403 :
1676 5356 1733 5403 ut
1759 5351 1855 5422 qui
1884 5368 2126 5423 regnum

498 5442 851 5511 reddiderat,
898 5444 967 5499 de
1013 5460 1333 5499 successore
1380 5460 1504 5498 meo
1556 5444 1967 5514 pronuntiaret.
2017 5446 2126 5500 Ad-

491 5534 629 5603 jecit
672 5535 961 5592 beneficiis
1009 5538 1144 5607 suis,
1196 5540 1262 5591 ut
1303 5537 1456 5609 quod
1498 5535 1722 5590 difficile
1770 5541 1910 5604 erat,
1953 5554 2127 5609 prope

559 5680 656 5743 (33)
684 5680 745 5730 ld
768 5686 870 5743 est,
900 5682 1091 5744 simul,
1128 5684 1501 5735 communiter
1534 5683 1841 5743 exhiberet,
1872 5687 1937 5733 ut
1969 5683 2129 5748 equi-

498 5750 624 5802 dem
652 5752 927 5802 existimo.
958 5753 1258 5805 GALLAND.

563 5823 658 5885 (34)
686 5821 923 5872 Ruﬁnus
957 5823 1183 5891 Josephi
1217 5825 1505 5893 interpres,
1538 5826 1797 5877 Eleusam.
1828 5827 2001 5881 BARR-

2218 3193 2517 3248 seditione.
2575 3190 2734 3256 Quod
2787 3190 2944 3245 enim
2995 3189 3277 3261 superbiae
3332 3189 3427 3244 vel
3482 3187 3689 3259 rapinae
3738 3187 3820 3247 est,

2219 3288 2329 3342 cito
2365 3286 2575 3341 labitur
2608 3302 2621 3338 :
2652 3283 2801 3356 quod
2839 3284 3062 3356 gratiae,
3096 3282 3193 3337 diu
3233 3286 3491 3338 tenetur.
3524 3281 3675 3337 Unde
3702 3293 3823 3334 cura:

2220 3381 2328 3435 erit
2354 3379 2515 3446 mihi,
2546 3382 2606 3432 ut
2632 3394 2931 3450 sponsores
2957 3376 3277 3432 concordia:
3303 3376 3627 3448 adjungam
3663 3370 3825 3428 liberis

2223 3474 2364 3528 meis
2399 3477 2670 3544 parentes
2700 3472 3051 3543 amicosque,
3083 3486 3332 3542 quorum
3378 3471 3607 3525 hortatu
3643 3470 3823 3520 mutua

2221 3567 2543 3623 dilectionis
2606 3565 2874 3621 affectum
2939 3564 3199 3619 induant.
3267 3564 3418 3619 Nam
3483 3579 3612 3617 cum
3675 3558 3826 3615 omnis

2221 3677 2410 3717 sermo
2439 3660 2620 3715 malus
2646 3659 2811 3714 facile
2840 3661 3097 3713 mentem
3136 3658 3431 3714 audientis
3475 3656 3697 3722 inliciat,
3727 3658 3825 3707 tum

2224 3755 2464 3810 maxime
2504 3753 2729 3809 assidua
2765 3751 3064 3824 colloquia,
3108 3757 3165 3807 et
3208 3752 3524 3807 diuturnus
3574 3765 3698 3804 usus
3733 3761 3829 3817 pes-

2220 3854 2336 3905 tem
2385 3848 2595 3904 animis
2634 3846 2939 3902 infundere
2983 3846 3188 3914 solent,
3235 3863 3352 3918 quo
3402 3843 3668 3915 contagio
3714 3853 3826 3911 quo-

2222 3942 2533 3999 dammodo
2582 3940 2638 3995 in
2678 3956 2863 3995 mores
2909 3939 3363 3995 cohabitantium
3411 3939 3527 3994 cito
3557 3938 3781 3992 transeat
3816 3947 3825 3982 :

2225 4038 2327 4093 etsi
2377 4034 2761 4108 tranquillitas
2810 4050 3034 4088 morum
3085 4032 3184 4102 sit,
3233 4037 3435 4088 tamen
3482 4036 3545 4086 ut
3597 4034 3828 4100 stagnum

2223 4131 2361 4186 mite
2390 4129 2542 4197 licet,
2582 4127 2763 4183 ventis
2793 4127 3217 4200 exagitantibus
3250 4142 3563 4199 assurgere
3601 4125 3658 4177 in
3690 4123 3831 4176 aestus

2224 4225 2410 4280 valet:
2440 4224 2520 4278 ita
2548 4222 2693 4277 bona
2731 4225 2935 4276 natura
2977 4220 3255 4292 improbis
3298 4217 3679 4275 monitoribus
3711 4213 3827 4269 ﬂuc-

2222 4322 2362 4374 tuat.
2394 4316 2655 4372 Arbitror
2678 4315 2868 4387 itaque
2896 4314 3049 4387 quod
3075 4314 3133 4369 in
3158 4331 3251 4370 me
3279 4314 3679 4387 unusquisque
3700 4321 3829 4379 spem

2223 4412 2309 4467 sui
2350 4409 2708 4483 potissimam
2743 4408 2915 4464 debet
2956 4408 3289 4475 recondere,
3346 4424 3468 4483 non
3512 4405 3662 4460 enim
3705 4398 3828 4472 quod

2223 4616 2335 4672 que
2365 4599 2726 4654 tribunorum
2751 4596 2839 4651 vel
2867 4596 3116 4651 militum
3143 4594 3401 4650 revereri
3444 4594 3613 4649 debet
3642 4594 3828 4663 patrem

2222 4695 2652 4765 imperatorum.
2682 4692 2820 4763 Ego,
2851 4707 2958 4763 ego
2988 4706 3135 4757 sum,
3157 4688 3251 4761 qui
3286 4689 3618 4744 mercedem
3646 4684 3831 4739 univer-

2225 4788 2300 4842 sis
2326 4785 2656 4858 rependam,
2687 4801 2791 4857 pro
2822 4784 2911 4840 his
2940 4783 3112 4838 etiam
3142 4799 3271 4855 quae
3309 4783 3448 4838 ﬁliis
3477 4781 3620 4837 meis
3647 4775 3830 4832 detule—

2226 4880 2365 4935 ritis.
2395 4880 2451 4934 Si
2476 4885 2629 4935 recta
2659 4878 2957 4933 advertero
2988 4876 3196 4944 studia,
3221 4876 3393 4932 factis
3421 4870 3827 4933 remunerabor;

2225 4972 2626 5029 malevolentia
2655 4972 2905 5045 pretium
2941 4970 3157 5026 referet
3198 4986 3396 5037 suum,
3444 4974 3509 5023 ut
3548 4966 3691 5038 apud
3722 4976 3827 5016 eum

2226 5084 2452 5141 quoque
2479 5082 2652 5140 quem
2681 5065 2962 5137 putaverit
2990 5063 3366 5132 adulandum,
3397 5064 3589 5119 fructu
3622 5056 3825 5116 excidat.

2230 5164 2332 5216 Vos
2356 5164 2568 5229 autem,
2608 5159 2745 5215 boni
2788 5158 2911 5227 lilii,
2953 5157 3311 5214 considerate
3360 5158 3614 5230 primum
3642 5156 3825 5207 natura

2228 5254 2588 5326 religionem,
2619 5252 2782 5324 cujus
2810 5252 2991 5324 gratia
3019 5255 3077 5306 et
3101 5251 3314 5306 bestias
3342 5251 3508 5325 ligat,
3540 5265 3662 5323 quae
3685 5244 3824 5302 etiam

2227 5351 2377 5405 feras
2400 5347 2556 5421 cogit
2584 5348 2643 5403 in
2672 5363 2930 5403 amorem
2965 5344 3404 5401 necessitudinis
3439 5362 3452 5400 :
3487 5346 3671 5400 manet
3703 5339 3826 5392 inter

2230 5442 2534 5499 indomitas
2568 5440 2814 5513 pecudes
2847 5444 3079 5495 mutuus
3113 5456 3294 5507 amor,
3327 5446 3390 5494 et
3429 5436 3686 5511 periculis
3724 5445 3826 5503 ιιι-οη

2231 5537 2365 5608 priis
2394 5535 2688 5590 redimunt
2717 5551 2851 5588 suos
2889 5533 3108 5589 bellum.
3143 5533 3514 5588 Rcveremiui
3541 5529 3697 5585 etiam
3734 5524 3825 5577 Cm-

2293 5682 2394 5743 (35)
2424 5683 2547 5733 Vet.
2575 5680 2725 5743 cod.,
2754 5681 2939 5745 gratia
2967 5694 2983 5729 :
3010 5679 3118 5730 hoc
3142 5683 3245 5741 est,
3276 5679 3456 5744 patris
3477 5672 3821 5752 permutatis,

2231 5753 2415 5880 atﬂlii
2441 5756 2658 5803 tantum
2683 5742 3043 5815 honorantur,
3076 5742 3351 5819 quantum
3388 5753 3541 5817 pater
3562 5742 3818 5813 permittat.

2284 5837 2415 5878 υΑι..
