4072 6192
342 259 482 314 2109

1379 265 1460 320 DE
1506 266 1775 323 EXClDlO
1812 269 2009 324 URBIS
2049 270 2404 326 HIEROSUL.
2449 269 2576 325 LIB.
2621 269 2658 321 l.

3573 265 3712 320 2H0

344 398 548 448 sarem,
590 383 686 455 qui
733 401 830 441 vos
873 403 942 442 ex
982 387 1222 443 inimicis
1267 391 1478 446 amicos
1521 393 1738 447 fecerit.
1786 393 1977 448 Tertio
2005 395 2467 477 Amiuuebatur,
2500 395 2569 447 de
2601 393 2804 448 affectu
2833 395 3070 463 paterno
3109 392 3165 446 in
3203 391 3391 463 ipsum
3423 390 3704 467 transfun-

341 493 433 531 me
466 477 673 548 ipsum,
711 479 807 550 qui
847 497 1052 551 rogare
1094 483 1270 552 malo,
1306 500 1433 538 eum
1467 485 1679 556 possim
1716 486 1919 558 jubere
1957 506 1969 541 :

339 575 564 626 manete
605 572 830 639 fratres,
880 576 1052 630 nolite
1100 593 1334 632 exurere
1379 581 1481 649 (36)
1524 580 1680 650 quod
1723 581 1977 651 generati

340 665 495 719 estis.
529 666 604 719 Do
637 667 794 722 vobis
834 674 1047 724 vestem
1090 674 1148 724 et
1177 671 1394 726 cultum
1439 673 1830 744 imperialem;
1880 675 1973 730 sed

341 759 644 828 pretiosius
685 766 788 828 est,
823 763 979 833 quod
1022 764 1252 832 suadeo,
1287 767 1456 820 vestri
1496 768 1708 822 amoris
1737 767 1976 824 inteme-

339 856 530 907 ratum
564 854 942 924 signaculum.
967 858 1019 912 Si
1048 857 1225 930 pietas
1247 863 1494 928 maneat,
1517 877 1761 933 regnum
1793 862 1976 916 delec-

341 951 453 1014 tat;
503 947 548 1000 si
595 947 737 1003 desit
782 950 984 1021 gratia,
1026 952 1134 1008 vile
1170 953 1478 1025 imperium
1520 961 1603 1010 est
1633 961 1689 1010 et
1732 956 1979 1027 plerum-

339 1056 452 1111 que
485 1042 740 1098 noxium.
771 1045 920 1115 Ergo
952 1046 1088 1100 dum
1128 1063 1224 1102 vos
1265 1049 1545 1119 experiar,
1576 1050 1857 1104 habebitis
1889 1051 1972 1105 in-

341 1134 510 1188 terim
541 1151 654 1190 non
683 1153 950 1208 regnum,
981 1140 1082 1194 sed
1125 1142 1290 1212 regni
1331 1143 1624 1198 honorem.
1656 1143 1709 1198 Si
1753 1148 1972 1215 patrem

339 1228 672 1297 dilexeritis,
706 1231 803 1302 jus
851 1237 1122 1304 sequetur
1167 1253 1178 1289 :
1228 1237 1340 1290 mei
1377 1239 1571 1291 tamen
1622 1255 1876 1292 amorem
1918 1238 1975 1293 in

341 1322 498 1376 vobis
538 1324 769 1394 probate
807 1343 818 1379 :
854 1328 1117 1382 omnibus
1161 1329 1366 1400 quibus
1407 1331 1686 1386 delectare
1734 1349 1974 1404 regnum

341 1417 513 1484 solet,
569 1422 634 1472 ut
689 1419 976 1492 principes
1028 1424 1349 1492 potiemini.
1399 1424 1587 1479 Onera
1637 1425 1866 1496 imperii
1921 1431 1978 1481 et

342 1511 521 1565 moles
565 1513 934 1584 negotiorum
984 1533 1074 1570 me
1122 1518 1328 1584 solum,
1381 1519 1486 1574 etsi
1533 1519 1734 1586 nolim,
1786 1537 1978 1574 mane-

339 1604 508 1659 bunt.
539 1607 607 1659 Et
635 1606 763 1661 ideo
803 1609 962 1663 vobis
994 1611 1219 1680 prodest
1255 1629 1382 1666 mea
1422 1613 1564 1667 velle
1605 1630 1618 1666 :
1665 1615 1802 1685 quia
1841 1631 1976 1686 ergo

340 1715 472 1769 quae
507 1703 694 1755 vestra
719 1705 870 1769 sunt,
904 1706 962 1756 et
992 1704 1120 1759 volo
1154 1710 1208 1759 et
1237 1722 1361 1760 mea
1392 1707 1659 1762 arbitror.
1695 1709 1788 1763 His
1817 1709 1977 1764 dictis

2079 488 2343 543 debatur.
2383 488 2710 542 Abducebat
2747 487 2961 541 amicos
3000 485 3185 555 regios
3217 488 3618 557 parentesque,
3652 485 3710 537 et

2077 583 2364 654 praecipue
2409 582 2648 635 fratrem
2695 581 2845 651 regis
2893 595 3236 650 germanum
3281 577 3606 642 Plieroram,
3651 579 3708 630 et

2077 676 2341 731 Salomen
2375 676 2498 746 ejus
2536 690 2792 730 sororem
2828 673 3044 730 alienos
3074 688 3107 725 a
3138 671 3440 740 nepotibus
3475 671 3704 735 fecerat,

2080 776 2139 824 ut
2165 787 2275 824 non
2303 769 2475 825 modo
2506 786 2600 824 eos
2633 785 2748 822 non
2780 766 3172 830 defenderent,
3207 762 3306 818 sed
3332 762 3501 816 etiam
3532 777 3702 832 appe-

2080 868 2264 919 terent
2300 871 2469 936 atque
2511 863 2784 917 odissent.
2814 859 3129 916 Accedebat
3166 857 3428 912 odiorum
3470 856 3706 910 materia

2078 977 2220 1014 uxor
2267 958 2579 1012 Alexandra
2631 957 2936 1027 Glaphyra,
2987 970 3115 1025 quae
3171 951 3521 1006 muliebriter
3576 949 3708 1002 satis

2077 1052 2448 1126 praesentium
2490 1050 2742 1105 insolens
2784 1048 3050 1103 extollere
3098 1062 3219 1100 sese
3262 1047 3561 1115 occeperat
3599 1043 3706 1112 (39)

2078 1148 2226 1202 fastu
2260 1145 2534 1217 superbo;
2565 1160 2633 1199 eo
2669 1142 2817 1214 quod
2848 1140 3114 1196 omnibus
3139 1137 3547 1212 prasemineret
3570 1151 3703 1207 pro-

2078 1240 2253 1312 sapia:
2283 1238 2646 1294 claritudine.
2679 1238 2875 1306 Itaque
2914 1234 3077 1306 quasi
3102 1233 3396 1288 dominam
3434 1248 3491 1285 se
3520 1232 3704 1285 omni-

2077 1335 2182 1390 bus
2222 1334 2318 1405 qui
2363 1333 2422 1387 in
2466 1333 2594 1387 aula
2639 1337 2801 1385 erant
2848 1330 3028 1402 regia,
3077 1326 3438 1399 prmferebat,
3481 1328 3706 1397 patrem

2077 1445 2357 1500 avumque
2386 1443 2580 1498 regem
2604 1425 2716 1497 (40)
2739 1425 2867 1490 sibi,
2892 1429 2948 1478 et
2974 1422 3254 1494 praecipue
3279 1420 3504 1474 Darium
3532 1417 3710 1489 Hyda-

2077 1540 2215 1594 spen
2247 1522 2492 1576 materni
2515 1518 2740 1591 generis
2759 1518 2977 1589 apicem
3007 1516 3165 1571 solita
3184 1515 3397 1586 jactare
3419 1516 3708 1567 contume-

2075 1617 2276 1688 liisque
2305 1613 2675 1687 ignobilitatis
2703 1612 2928 1667 afficere
2957 1611 3216 1665 Salomen
3248 1611 3400 1679 regis
3428 1622 3705 1670 sororem,

2076 1711 2166 1766 vel
2199 1710 2465 1765 Dosidem
2501 1709 2804 1779 conjugem
2837 1723 2849 1760 :
2882 1704 3035 1776 quod
3067 1703 3174 1758 illis
3204 1701 3406 1768 dolori,
3439 1699 3540 1754 sibi
3575 1698 3708 1752 odio

341 1793 633 1848 osculatus
677 1799 763 1849 est
798 1796 960 1862 filios,
1013 1803 1074 1852 ut
1127 1815 1224 1853 eos
1278 1816 1392 1855 uno
1445 1803 1635 1857 osculo
1687 1777 2242 1861 charitatistoret.
2268 1805 2514 1858 Crateras
2541 1817 2768 1873 quoque
2791 1798 3030 1853 feminas
3055 1796 3317 1851 similiter
3344 1808 3706 1864 exasperare,

343 1886 586 1942 invicem
641 1888 744 1944 sibi
802 1895 1068 1946 necteret.
1129 1893 1248 1956 Quo
1296 1894 1440 1949 facto
1494 1902 1833 1952 conventum
1889 1899 1975 1952 di-

346 1981 523 2034 misit.

980 2059 1196 2113 CAPUT
1237 2059 1339 2112 XL.

419 2169 724 2226 Discessere
778 2173 1038 2244 plerique
1091 2175 1225 2242 laeti,
1277 2177 1482 2247 quibus
1535 2179 1790 2249 placebat
1842 2197 1974 2234 con-

341 2263 536 2317 cordia
603 2267 1024 2336 germanitatis;
1079 2269 1176 2323 sed
1227 2287 1355 2324 cum
1417 2271 1690 2326 fratribus
1746 2274 1981 2328 revertit

344 2355 622 2412 dissensio
661 2375 843 2430 eoque
886 2362 1132 2431 gravior,
1172 2364 1320 2434 quod
1359 2365 1605 2435 dignitas
1645 2367 1851 2436 potior,
1889 2369 1980 2422 cui

341 2451 589 2521 amplius
628 2452 999 2524 invideretur,
1043 2461 1100 2511 et
1138 2457 1385 2512 nocendi
1428 2463 1757 2530 suppeteret
1799 2461 1981 2531 major

346 2550 616 2614 potestas.
641 2548 915 2603 Dolebant
938 2549 1042 2603 ﬁlii
1066 2551 1401 2606 Mariamnes
1425 2558 1712 2623 aequatum
1740 2555 1843 2608 sibi
1874 2556 1981 2625 pri-

346 2644 489 2692 vatae
517 2639 697 2694 tilium
732 2642 1006 2708 mulieris,
1037 2644 1135 2714 qui
1166 2645 1328 2715 regni
1358 2646 1602 2700 nesciret
1627 2648 1977 2718 prosapiam.

342 2734 556 2787 Contra
604 2734 903 2806 Antipater
950 2737 1271 2792 distinctam
1322 2739 1429 2794 sibi
1476 2757 1507 2792 a
1551 2740 1822 2796 fratribus
1868 2744 1978 2808 (37‘;

346 2827 514 2897 regni
556 2845 712 2898 spem
756 2829 1195 2900 dedignabatur,
1239 2837 1294 2886 et
1337 2834 1625 2888 invidebat
1668 2837 1978 2903 germanis,

343 2921 552 2991 quibus
607 2923 916 2992 posteriora
968 2941 1071 2996 pro
1131 2925 1326 2996 primis
1381 2928 1471 2982 vix
1534 2936 1976 2984 reservarentur.

345 3014 457 3069 Sed
497 3015 588 3069 hic
628 3033 748 3070 sese
798 3018 1024 3089 tegebat
1067 3022 1124 3073 et
1168 3019 1414 3090 velabat,
1447 3021 1576 3077 odio
1620 3025 1982 3093 praetendens

349 3109 618 3178 gratiam,
651 3110 760 3164 illis
786 3112 1086 3166 consilium
1125 3130 1294 3168 omne
1332 3114 1389 3168 in
1431 3131 1692 3170 sermone
1726 3117 1976 3186 obvium,
2003 3147 2056 3219 Ο

347 3201 519 3257 etiam
565 3220 678 3258 non
723 3206 1131 3275 quaerentibus.
1177 3209 1496 3279 Promptior
1540 3211 1739 3282 lingua
1789 3217 1846 3265 et
1888 3229 1978 3265 se-

346 3302 636 3351 cretorum
702 3299 968 3370 prodiga,
1021 3300 1301 3372 quidquid
1351 3302 1522 3357 locuti
1579 3305 1767 3358 forent
1829 3306 1983 3376 apud

346 3390 770 3458 Alexandrum,
827 3394 1100 3456 continuo
1165 3396 1314 3466 apud
1374 3398 1735 3468 Antipatrum
1790 3406 1909 3454 erat
1966 3417 1978 3454 :

349 3485 529 3538 multa
595 3486 766 3540 etiam
833 3503 958 3557 quae
1016 3504 1128 3542 non
1194 3488 1492 3556 dixerant,
1547 3491 1980 3548 simulabantur.

349 3579 623 3649 Pleraque
665 3579 1052 3636 internuntius
1091 3599 1220 3636 cum
1261 3583 1619 3639 incremento
1663 3585 1978 3656 adjiciebat.

345 3671 705 3726 Architectus
751 3675 1010 3730 omnium
1055 3677 1260 3748 quibus
1299 3681 1710 3749 appeterentur
1753 3680 1980 3750 fratres,

348 3767 647 3838 Antipater
695 3772 836 3837 erat,
887 3769 1046 3840 cujus
1101 3771 1213 3825 vita
1272 3771 1413 3826 nihil
1466 3772 1619 3826 aliud
1681 3780 1821 3842 erat,
1874 3775 1984 3828 nisi

350 3861 640 3929 quoddam
669 3864 1046 3919 versutiarum
1073 3865 1536 3932 conciliabulum,
1567 3881 1734 3921 scena
1769 3868 1980 3939 impro-

350 3953 561 4022 bitatis,
598 3961 1008 4027 argumentum
1051 3958 1352 4025 scelerum,
1391 3959 1740 4030 ﬂagitiorum
1785 3962 1981 4015 minis-

350 4048 560 4102 terium
592 4049 726 4119 (38).
755 4050 1100 4120 Subjiciebat
1121 4051 1365 4122 judices,
1399 4053 1747 4108 subornabat
1790 4057 1981 4122 testes,

350 4141 656 4197 simulabat
685 4141 1095 4212 defensionem,
1129 4145 1285 4216 quasi
1325 4145 1382 4199 in
1423 4147 1641 4200 theatro
1678 4163 1985 4218 personam

348 4234 542 4289 fratris
585 4237 1008 4304 circumferens,
1051 4241 1115 4291 ut
1158 4237 1369 4293 leviora
1417 4243 1708 4294 excuteret
1745 4241 1982 4312 objecta,

351 4329 710 4399 gravioribus
742 4331 986 4400 cederet,
1028 4347 1141 4402 quo
1180 4331 1366 4404 magis
1394 4338 1615 4404 patrem
1659 4335 1901 4402 falleret,
1932 4338 1988 4389 et

349 4423 743 4478 vehementius
771 4424 830 4479 in
870 4426 1076 4479 fratres
1115 4430 1399 4493 moveret;
1433 4427 1800 4499 maximeque
1825 4445 1984 4483 acer-

2081 1916 2208 1970 que:
2230 1898 2350 1968 regi
2373 1901 2605 1968 propter
2625 1895 2884 1949 decorem
2909 1892 3090 1962 magis
3111 1907 3279 1961 quam
3304 1891 3535 1959 propter
3554 1885 3707 1940 nobi-

2079 1992 2302 2046 litatem
2345 1989 2574 2062 generis
2602 1986 3030 2058 copulabantur.
3062 1981 3320 2038 Plurimis
3347 1981 3498 2036 enim
3534 1981 3707 2033 Hero-

2081 2087 2179 2139 des
2222 2090 2429 2156 przeter
2467 2083 2691 2154 regium
2717 2096 2978 2144 'morem,
3021 2078 3198 2134 etiam
3241 2076 3564 2132 Judasorum
3608 2090 3711 2127 usu

2079 2180 2238 2251 quasi
2272 2179 2513 2250 quadam
2550 2176 2757 2231 erroris
2777 2173 3003 2229 licentia
3025 2171 3431 2235 delectabatur,
3454 2168 3552 2240 qui
3574 2167 3714 2238 figu-

2080 2293 2174 2328 ras
2196 2273 2479 2343 majorum
2507 2271 2653 2325 vitiis
2677 2269 2790 2323 suis
2815 2267 3074 2324 obtentui
3098 2266 3335 2320 ducunt.
3358 2262 3714 2318 Gravabatur

2083 2385 2220 2439 ergo
2251 2366 2568 2421 Alexander
2599 2364 2788 2418 uxoris
2816 2361 3146 2427 insolentia;
3180 2357 3538 2412 Aristobulus
3566 2371 3708 2425 qno~

2081 2478 2192 2534 que
2239 2461 2446 2515 iisdem
2486 2458 2689 2530 quibus
2736 2456 3026 2528 Glaphyra
3069 2451 3432 2507 sermonibus
3475 2464 3713 2502 uxorem

2083 2555 2426 2620 incessebat;
2469 2553 2672 2623 dejecti
2715 2551 2869 2604 illam
2915 2552 3114 2613 status,
3158 2563 3260 2601 nec
3307 2540 3712 2597 conferendam

2083 2650 2258 2722 regias
2285 2647 2459 2720 proli;
2483 2647 2766 2718 imparem
2791 2642 3095 2714 Glaphyra:
3117 2639 3337 2710 sibique
3363 2653 3484 2691 esse
3513 2650 3714 2708 appro-

2082 2743 2226 2812 brio,
2258 2742 2412 2814 quod
2435 2742 2614 2796 frater
2639 2737 2845 2810 regalis
2874 2734 3098 2808 generis
3125 2731 3390 2804 conjugio
3415 2731 3712 2802 potiretur,

2081 2838 2203 2909 ipse
2241 2837 2475 2909 privatae
2515 2833 2705 2889 uxoris
2744 2828 3116 2886 contubernio
3156 2827 3583 2898 degenerasset,
3624 2823 3714 2878 de-

2083 2948 2268 2998 mens,
2291 2931 2390 3002 qui
2414 2927 2772 2983 conturbaret
2796 2923 3047 2980 convicio
3074 2921 3329 2994 proprias
3359 2918 3712 2975 necessitates

2083 3025 2217 3098 (tt).
2247 3025 2461 3090 Quibus
2486 3022 2786 3094 perstricta
2823 3017 3184 3075 contumeliis
3217 3032 3357 3071 uxor
3385 3012 3712 3077 Aristobuli,

2081 3121 2150 3174 ad
2179 3123 2422 3174 matrem
2453 3133 2583 3171 cum
2613 3115 2877 3187 lacrymis
2903 3114 3094 3169 omnia
3119 3109 3462 3184 perferebat.
3491 3106 3716 3162 Salome

2082 3217 2275 3268 autem
2305 3217 2598 3284 comperta
2634 3227 2737 3281 per
2777 3209 2950 3263 filiam
2993 3206 3117 3278 regi
3159 3203 3365 3259 Herodi
3403 3201 3711 3256 annuntia-

2084 3308 2214 3374 bat;
2243 3310 2302 3362 at
2328 3307 2424 3361 ille
2456 3321 2689 3360 monere
2721 3303 2866 3358 filios
2892 3317 3062 3374 quam
3089 3298 3332 3372 perdere
3360 3293 3716 3350 commodius

2087 3407 2262 3467 ratus,
2314 3407 2532 3456 vocatos
2579 3398 2784 3471 partim
2832 3394 3195 3468 imperatorie
3239 3391 3463 3456 terruit,
3508 3388 3715 3460 partim

2085 3496 2287 3550 affectu
2332 3497 2569 3566 paterno
2619 3494 2880 3547 hortatus
2921 3493 3022 3556 est,
3061 3491 3121 3542 ut
3162 3488 3396 3541 fratrem
3438 3484 3714 3545 amarent,

2086 3606 2225 3644 neve
2279 3591 2340 3642 ut
2382 3589 2572 3643 hostes
2622 3586 2986 3649 dissiderent,
3033 3581 3257 3636 veniam
3313 3579 3567 3634 tribuens
3621 3594 3714 3631 su-

2087 3682 2434 3755 perioribus,
2491 3680 2839 3735 denuntians
2901 3676 3309 3731 correctionem
3373 3673 3595 3727 futuris.
3652 3676 3716 3726 At

2087 3777 2167 3833 illi
2242 3775 2567 3846 compositis
2627 3790 2746 3827 sese
2818 3768 3342 3826 insimulationibus
3411 3767 3528 3838 peti
3589 3767 3713 3836 pln-

2087 3873 2244 3926 ribus
2293 3870 2674 3940 deplorantes,
2728 3882 2888 3920 orare
2945 3865 3110 3920 simul
3165 3868 3222 3917 et
3274 3860 3531 3932 polliceri
3587 3875 3718 3930 ope-

2087 3966 2242 4020 ribus
2285 3963 2441 4035 ipsis,
2473 3963 2529 4015 in
2572 3963 2855 4033 reliquum
2896 3958 3145 4031 propriae
3188 3956 3359 4010 fidem
3399 3953 3716 4009 defensioni

2087 4060 2353 4124 daturos;
2407 4055 2798 4110 tantummodo
2856 4055 3065 4108 factum
3118 4056 3282 4122 pater
3334 4051 3715 4120 exspectaret,

2087 4170 2157 4208 ne
2220 4159 2440 4208 temere
2501 4149 2707 4204 auditis
2773 4147 3029 4203 crederet
3092 4164 3103 4200 :
3165 4162 3279 4200 non
3344 4142 3496 4198 enim
3559 4141 3716 4196 defu-

2088 4251 2246 4300 turos
2281 4247 2561 4300 delatores
2604 4242 2916 4314 improbos,
2953 4241 3211 4312 quandin
3251 4238 3478 4294 auditor
3515 4235 3716 4290 credu-

2089 4341 2172 4393 lus
2222 4339 2631 4411 suppeditaret.
2693 4337 2785 4391 His
2847 4341 2903 4390 et
2962 4336 3168 4389 talibus
3221 4332 3476 4387 emollito
3536 4335 3716 4401 patre,

2089 4434 2345 4504 quamvis
2383 4449 2450 4486 eo
2490 4437 2742 4502 tempere
2784 4429 3188 4483 imminentem
3237 4423 3560 4496 depulerint
3597 4439 3717 4475 me-

349 4516 520 4570 babat
585 4522 705 4571 arte
773 4519 1042 4573 invidiam
1107 4525 1360 4590 paterna:
1420 4522 1572 4575 necis
1630 4526 1870 4593 paratae,
1927 4516 2238 4593 utDtnm,
2279 4524 2597 4578 muastitiam
2643 4529 2831 4577 tamen
2871 4522 3300 4582 coacervarunt,
3336 4516 3485 4588 quod
3526 4516 3721 4586 urgeri

352 4626 596 4680 regnum
653 4611 989 4682 eriperetur,
1045 4612 1177 4684 quia
1228 4614 1463 4685 regibus
1512 4620 1698 4669 metus
1749 4616 1988 4686 periculi

351 4703 702 4774 suspectior;
737 4705 833 4759 sed
874 4722 945 4760 ne
988 4706 1109 4760 sine
1152 4708 1445 4778 repulsore
1488 4709 1675 4762 minus
1705 4709 1986 4762 verisimi-

352 4799 424 4851 lia
467 4797 591 4868 regi
630 4798 983 4865 viderentur,
1026 4800 1144 4871 ipse
1185 4800 1371 4870 primo
1414 4801 1667 4856 tentabat
1708 4802 1985 4866 refellere,

350 4891 561 4946 deinde
623 4893 935 4964 constringi
1000 4910 1061 4948 se
1125 4893 1442 4948 manifestis
1506 4911 1701 4950 rerum
1766 4897 1990 4951 indiciis

353 4985 578 5040 volebat
618 4985 817 5053 videri,
859 4993 938 5056 ut,
981 4993 1244 5058 perorata
1292 4988 1558 5060 utrinque
1600 5006 1792 5056 causa,
1827 4992 1990 5061 quasi

355 5078 496 5132 nihil
547 5078 760 5149 judicio
823 5080 1095 5135 defuisset
1155 5081 1429 5152 amplius,
1485 5089 1646 5153 pater
1708 5089 1986 5156 tanquam

351 5175 409 5225 in
452 5173 738 5227 convictos
768 5173 912 5227 filios
951 5173 1324 5244 excitaretur;
1356 5176 1516 5230 nulla
1555 5176 1707 5230 enim
1741 5193 1831 5232 res
1868 5194 1987 5232 ma-

343 5267 538 5335 jorem
579 5267 751 5320 tidem
790 5267 1018 5322 assertis
1057 5268 1252 5335 dabat,
1287 5286 1462 5340 quam
1500 5271 1654 5342 quod
1697 5272 1993 5343 Antipater

353 5360 594 5413 fratrum
624 5360 890 5415 defensor
915 5361 1323 5417 aestimabatur.
1356 5364 1468 5418 Hac
1495 5365 1692 5420 fraude
1722 5366 1993 5437 plurimo-

352 5470 486 5507 rum
528 5454 798 5525 captabat
838 5455 1100 5524 gratiam,
1134 5457 1312 5528 ipsius
1350 5475 1578 5529 quoque
1625 5460 1798 5528 patris
1837 5460 1895 5514 in
1933 5478 1994 5515 se

356 5551 608 5602 mentem
671 5547 996 5604 inclinabat.
1058 5549 1342 5622 Quidquid
1410 5552 1660 5622 quotidie
1721 5554 1993 5608 fratribus

421 5697 514 5760 (38)
542 5697 704 5749 Forte
733 5712 942 5758 exuere,
974 5700 1027 5749 id
1054 5703 1157 5760 est,
1189 5671 1462 5751 oblivisci.
1496 5701 1800 5753 GALLAND.

421 5771 434 5822 ί
438 5769 518 5827 37)
543 5770 615 5818 Ac
644 5767 923 5830 fratribus.
953 5771 1131 5822 Baau.

421 5839 519 5900 (38)
547 5841 876 5905 Mysterium.
912 5842 993 5892 ID.

2093 4635 2212 4673 sese
2274 4636 2306 4672 a
2361 4618 2606 4672 Pherora
2670 4619 2728 4669 et
2788 4615 3013 4669 Salome
3078 4612 3345 4668 videbant
3399 4628 3411 4665 :
3473 4626 3718 4682 quorum

2093 4714 2234 4766 alter
2283 4715 2536 4782 patruus,
2583 4711 2764 4764 altera
2817 4724 2973 4762 soror
3029 4707 3218 4778 patris,
3273 4706 3479 4777 quibus
3525 4704 3719 4759 defen-

2092 4807 2239 4861 sioni
2303 4822 2423 4860 esse
2487 4805 2840 4869 debuerant,
2905 4802 3358 4867 insidiabantur;
3418 4797 3724 4853 accedebat

2092 4897 2246 4951 enim
2301 4896 2546 4950 formido
2598 4894 2812 4964 gravis,
2870 4893 3023 4964 quod
3086 4892 3397 4963 plurimum
3458 4891 3724 4960 poterant

2091 4991 2238 5062 apud
2283 4996 2519 5062 patrem.
2552 4991 2690 5044 Nam
2731 4995 2959 5058 accepto
3000 4987 3338 5049 diademate,
3379 4998 3551 5054 prepe
3593 4982 3720 5036 uni-

2091 5102 2311 5140 versam
2361 5084 2524 5154 regni
2570 5084 2884 5154 potentiam
2933 5097 3060 5135 cum
3107 5080 3280 5133 fratre
3327 5094 3426 5131 suo
3473 5075 3724 5130 Herodes

2093 5179 2549 5250 participaverat,
2604 5194 2704 5231 nec
2764 5177 3077 5230 mediocres
3132 5173 3358 5242 utrique
3410 5171 3727 5224 contulerat

2093 5290 2259 5344 Opes,
2315 5276 2371 5326 et
2429 5272 2678 5326 maxime
2741 5271 3024 5324 Pheroraz.
3088 5267 3340 5337 Denique
3395 5265 3484 5318 his
3539 5281 3726 5319 annua

2093 5368 2302 5422 talenta
2365 5371 2592 5421 centum
2649 5364 3025 5428 recondebat,
3080 5365 3288 5432 praeter
3343 5376 3472 5414 eam
3533 5359 3722 5428 regio-

2097 5477 2248 5525 nem,
2286 5477 2413 5532 quzr,
2456 5461 2602 5514 ultra
2641 5459 2988 5529 Euphratem
3032 5455 3161 5520 sita,
3201 5454 3492 5509 redituum
3536 5453 3727 5524 cepias

2094 5553 2530 5625 multiplicabat.
2577 5551 2912 5605 Tetrarches
2965 5564 3193 5619 quoque
3252 5549 3432 5620 petitu
3493 5546 3727 5600 Herodis

2158 5703 2256 5765 (39)
2284 5702 2546 5765 Coeperat.
2573 5702 2658 5749 In.

2160 5771 2413 5833 (40)(1οά.
2446 5775 2576 5830 vet.,
2603 5783 2762 5834 reges.
2796 5771 2874 5819 lo.

2157 5845 2250 5904 (41)
2283 5842 2715 5894 Nerossitudines.
2748 5842 2826 5891 li).
