4072 6192
483 265 613 320 2111

1900 265 1953 320 s.
1997 252 2314 323 AMBROSII
2342 310 2345 313 η

3674 272 3791 328 2112

476 405 507 441 a
545 390 757 444 Caesare
796 387 981 444 fuerat
1020 388 1384 460 constitutus,
1413 390 1653 447 donatus
1688 390 1861 446 etiam
1899 392 2109 463 regalis
2131 402 2190 476 Α
2212 394 2270 444 et
2300 390 2583 461 judicium
2615 389 3001 463 praeveniebat
3039 407 3237 447 eorum
3280 392 3475 448 exitus.
3507 394 3793 467 Rapieban-

476 481 737 552 conjugis
788 483 1229 552 necessitudine,
1279 485 1413 555 quia
1460 500 1707 539 sororem
1756 485 1926 555 regia:
1972 502 2105 541 con-

469 574 626 647 jugis
664 576 721 630 in
764 576 1034 631 connubii
1075 577 1164 632 sui
1200 582 1417 633 sortem
1457 578 1745 633 asciverat.
1779 581 1911 635 Post
1949 581 2110 651 cujus

476 668 692 724 obitum
738 669 1077 741 desponsata
1120 671 1227 726 sibi
1267 673 1486 727 seniore
1528 674 1679 744 regis
1720 673 1834 726 filia
1877 673 1934 727 in
1979 691 2107 746 gra-

475 763 617 817 tiam
656 768 1003 819 successerat
1049 766 1273 835 generi,
1319 766 1422 819 nisi
1468 782 1664 821 amore
1707 773 1903 838 captus
1941 769 2112 822 ancil-

477 856 628 923 lulae,
685 857 893 929 regalis
943 858 1149 929 puella:
1208 858 1471 929 copulam
1523 860 1933 915 declinavisset.
1992 862 2112 926 Qua

477 955 841 1024 exasperatus
881 953 1128 1007 Herodes
1171 952 1536 1019 contumelia,
1570 953 1619 1007 ei
1662 953 1842 1008 ﬁlium
1884 955 2112 1010 tradidit

477 1046 613 1113 (i2),
658 1046 756 1118 qui
805 1049 1005 1116 postea
1050 1044 1309 1100 Parthico
1351 1044 1498 1099 bello
1543 1046 1765 1100 occidit.
1816 1048 2106 1103 lnsimula-

478 1146 599 1194 tum
632 1146 826 1194 tamen
864 1139 1013 1211 apud
1054 1156 1111 1193 se
1147 1140 1472 1209 Pheroram,
1503 1141 1655 1211 quod
1684 1142 1919 1197 venenis
1944 1156 2111 1213 appe-

481 1232 696 1288 tivisset
732 1233 921 1288 fratris
963 1234 1222 1287 salutem.
1255 1234 1371 1297 Qua
1413 1234 1733 1305 suspicione
1774 1252 1845 1291 ne
1885 1236 2110 1293 vivente

477 1327 711 1397 quidem
764 1332 1026 1381 caruerat
1085 1343 1291 1392 uxore;
1350 1328 1727 1398 plurimorum
1784 1330 2001 1401 primo,
2055 1334 2110 1386 et

476 1421 545 1475 nd
582 1423 930 1492 postremum
971 1420 1288 1476 amicorum
1329 1422 1451 1491 ejus
1491 1422 1805 1493 quaestione
1843 1424 2106 1493 exercita,

478 1531 713 1569 vacuum
753 1515 875 1585 ejus
916 1514 1077 1585 cujus
1118 1515 1465 1585 arguebatur
1508 1516 1772 1571 facinoris
1816 1518 2111 1574 inventum

475 1610 672 1663 volens
722 1607 986 1677 absolvit;
1041 1608 1183 1663 dans
1234 1609 1406 1664 etiam
1456 1611 1608 1681 fugza
1655 1612 1907 1681 veniam,
1956 1612 2109 1684 quod

475 1705 638 1772 rapta
701 1718 879 1773 quam
941 1702 1219 1773 diligebat
1280 1704 1518 1773 ancilla,
1578 1704 1949 1776 depositionis
2003 1706 2107 1777 (43)

2213 489 2304 537 tur
2347 485 2556 555 passim
2602 484 2671 538 ad
2713 485 3081 557 supplicium,
3114 502 3257 558 quos
3297 486 3478 558 aliqua
3517 488 3797 543 incessebat

2212 578 2476 649 suspicio.
2512 578 2821 633 Fervebant
2858 579 3190 645 calumniae;
3224 579 3405 649 multi,
3439 582 3668 637 volentes
3695 583 3799 655 regi

2212 671 2453 742 placere,
2486 671 2818 727 deferebant
2860 689 3016 739 reos;
3054 672 3153 727 sed
3199 672 3347 728 illico
3387 673 3549 728 etiam
3588 674 3684 746 ipsi
3718 679 3801 749 qui

2211 765 2349 819 alios
2402 765 2742 835 detulerant,
2794 766 3227 836 deferebantur,
3276 770 3334 821 et
3386 784 3511 822 cum
3557 768 3660 822 reis
3703 771 3802 825 suis

2212 859 2562 914 ducebantur
2613 860 2683 914 ad
2746 860 2931 915 locum
2992 876 3193 931 paene.
3255 863 3449 933 Itaque
3511 861 3803 919 etl'eraverat

2213 952 2457 1008 Herodes
2505 954 2563 1007 in
2620 953 2926 1023 universos,
2981 952 3074 1007 ubi
3129 954 3173 1008 si
3224 954 3329 1025 (46)
3379 955 3579 1026 aliquis
3628 972 3803 1011 eorum

2211 1053 2548 1117 superesset,
2582 1053 2872 1120 suspectus
2915 1049 3081 1115 foret,
3123 1047 3289 1103 aliter
3330 1065 3426 1103 rex
3471 1063 3581 1104 non
3623 1054 3805 1121 putans

2211 1157 2268 1195 se
2314 1157 2434 1195 esse
2480 1157 2763 1207 securum,
2807 1142 2912 1196 nisi
2959 1141 3231 1196 deﬁceret
3278 1158 3458 1213 genus
3495 1142 3804 1197 humanum.

2211 1234 2550 1289 lnsimulatis
2573 1235 3075 1304 irreconciliabilis,
3099 1235 3296 1291 amicis
3317 1235 3652 1306 incredulus,
3674 1237 3809 1292 fami-

2209 1326 2444 1383 liaribus
2486 1328 2783 1400 superbus,
2818 1328 3056 1384 immitis
3086 1329 3218 1397 reis,
3247 1329 3483 1401 pavidus
3510 1330 3580 1384 ad
3617 1330 3808 1397 omnia,

2213 1425 2275 1475 ut
2310 1422 2509 1477 crebro
2544 1422 2708 1477 sedes
2747 1427 3014 1490 mutaret,
3044 1429 3238 1479 noctes
3264 1423 3389 1479 sine
3425 1439 3621 1479 somno
3655 1423 3809 1479 duce-

2211 1519 2316 1570 ret.
2346 1516 2452 1579 Qui
2485 1516 2751 1571 omnibus
2786 1522 3156 1588 exasperatus
3186 1523 3423 1588 repente
3454 1517 3811 1573 Alexandrum

2209 1608 2504 1680 alligatum
2535 1610 2772 1665 vinculis
2800 1610 2972 1681 sepsit
2998 1610 3288 1678 custodiis,
3316 1615 3373 1666 et
3398 1609 3602 1666 amicos
3627 1612 3738 1682 ejus
3760 1612 3811 1665 in

2208 1703 2557 1776 qumstiones
2597 1704 2835 1759 vocavit.
2879 1704 2986 1769 Qui
3029 1705 3341 1777 negabant,
3382 1704 3531 1759 inter
3568 1705 3814 1778 supplicia

471 1794 655 1863 initae,
702 1801 761 1850 ut
807 1796 877 1851 ad
924 1796 1158 1851 Parthos
1201 1797 1552 1869 confugeret,
1591 1797 1946 1854 similiarium
1985 1817 2109 1855 suo-
2130 1776 2185 1845 B
2210 1797 2618 1853 moriebantur.
2648 1799 2861 1854 Rursus
2888 1776 3156 1869 tacentes,
3186 1798 3321 1870 quia
3349 1798 3491 1853 nihil
3519 1776 3815 1871 quodiesset

475 1906 606 1944 rum
647 1889 1094 1945 confessionibus
1132 1890 1369 1945 modum
1412 1891 1737 1963 detegebat.
1777 1893 2105 1965 Respirave-

474 1990 559 2038 rat
602 1984 1027 2056 aliquantulum
1071 1984 1413 2054 Alexander,
1459 1985 1597 2040 dum
1636 1987 1913 2043 Pheroras
1954 2005 2109 2043 accu-

473 2082 626 2133 satus
676 2077 1003 2153 incessitur,
1050 2082 1107 2135 et
1154 2078 1275 2149 ipse
1323 2074 1555 2135 incessit
1605 2080 1895 2151 Salomen,
1954 2082 2106 2153 quod

474 2152 866 2243 spopondisset
903 2173 1133 2243 nuptias
1180 2190 1308 2228 suas
1357 2174 1566 2229 Obodze
1606 2175 1805 2248 Sylaao,
1847 2176 1946 2247 qui
1972 2152 2109 2230 erat

475 2266 631 2339 regis
656 2265 879 2321 Arabiae
907 2270 1236 2337 procurator
1261 2268 1395 2339 (44),
1420 2268 1628 2323 Herodi
1654 2268 2102 2325 inimicissimus.

477 2359 581 2415 Sed
609 2360 847 2415 remisso
878 2361 1149 2433 utrinque
1177 2361 1438 2429 crimine,
1468 2367 1768 2432 tempestas
1804 2363 2010 2419 domus
2050 2365 2108 2419 in

473 2452 863 2509 Alexandrum
903 2454 1180 2525 incubuit,
1217 2460 1388 2526 atque
1430 2455 1616 2527 ipsum
1655 2456 1813 2528 gravi
1857 2458 2107 2528 periculo

388 2539 393 2544 ’
472 2547 738 2618 involvit;
792 2548 1021 2604 furebat
1080 2550 1234 2604 enim
1290 2566 1432 2604 saeva
1483 2551 1688 2621 pestis,
1743 2553 1798 2605 et
1856 2552 2106 2623 procella

476 2642 650 2697 totius
688 2642 833 2698 aula:
867 2642 1186 2714 Antipater.
1224 2644 1611 2716 Omnibusque
1652 2645 1841 2701 modis
1873 2648 1931 2701 et
1965 2662 2104 2702 con-

473 2739 643 2790 ventu
669 2735 782 2807 (45)
814 2736 987 2792 etiam
1016 2737 1476 2810 prepinquorum
1512 2738 1817 2810 ingravans
1844 2740 2104 2808 fratrem,

470 2829 550 2884 ita
607 2832 669 2884 ut
719 2830 941 2886 turbato
992 2824 1199 2887 mentis
1253 2831 1455 2887 sobriae
1506 2836 1675 2900 statu,
1727 2833 1944 2889 instare
1998 2834 2105 2888 sibi

470 2923 857 2980 Alexandrum
893 2942 1021 2981 cum
1053 2925 1243 2998 gladio
1269 2932 1430 2997 pater
1457 2926 1685 2997 magnis
1719 2927 1946 2982 vocibus
1983 2944 2107 2999 pro-

472 3021 797 3074 testaretur.
847 3021 1087 3075 Venerat
1132 3019 1191 3074 in
1236 3020 1495 3075 medium
1541 3037 1709 3076 scena
1755 3021 2102 3092 hujusmodi,

469 3115 623 3187 quod
652 3115 947 3170 eunuchos
979 3121 1112 3182 tres,
1142 3131 1391 3187 quorum
1424 3133 1569 3170 unus
1599 3118 1805 3188 pocula
1841 3117 1966 3190 regi
1994 3119 2099 3172 mi-
2125 3145 2179 3219 Ο

470 3209 714 3263 nistrare
758 3208 957 3263 solitus
999 3209 1168 3276 foret,
1212 3209 1358 3264 alius
1396 3210 1612 3264 fercula
1650 3227 1822 3265 coenae
1866 3211 2101 3277 inferre,

471 3302 672 3356 tertius
742 3305 931 3356 torum
999 3301 1299 3357 observare
1365 3303 1623 3374 regium,
1679 3321 1783 3358 nec
1852 3321 2105 3377 unquam

468 3395 775 3461 discedere,
823 3411 952 3449 cum
1006 3412 1066 3450 se
1121 3396 1370 3451 Herodes
1416 3395 1627 3451 lectulo
1678 3399 2103 3469 composuisset,

471 3487 635 3543 donis
675 3488 1035 3544 uberioribus
1074 3489 1343 3545 illexisset
1384 3490 1695 3545 Alexander
1734 3491 1805 3545 ad
1844 3491 1927 3546 sui
1973 3509 2101 3565 gra-

468 3582 606 3639 tiam
633 3586 691 3638 et
713 3582 894 3655 turpis
925 3582 1130 3656 ﬂagitii
1162 3583 1516 3639 societatem.
1547 3584 1673 3649 Quo
1702 3585 1951 3656 prodito,
1977 3604 2105 3658 sup-

468 3675 647 3747 pliciis
685 3676 875 3731 adacti
919 3677 1218 3749 spadones,
1261 3677 1521 3733 obscenae
1567 3677 1814 3733 ludibria
1853 3679 2105 3734 libidinis

467 3770 935 3838 manifestarunt,
993 3769 1271 3843 promissa
1335 3770 1509 3825 etiam
1569 3772 1849 3827 amatoria
1908 3778 2103 3845 tegere

468 3869 846 3935 nequeuntes,
898 3864 1105 3936 quibus
1161 3864 1519 3920 sermonibus
1572 3865 1849 3922 sollicitati
1902 3866 2102 3939 hujus-

468 3957 620 4012 modi
659 3958 843 4013 forent
878 3962 935 4013 et
969 3974 1082 4029 qua
1117 3959 1297 4030 stupri
1333 3958 1593 4014 mercede
1624 3962 2009 4031 retexuerunt,
2041 3966 2106 4018 ut

470 4050 783 4107 involutum
827 4052 1107 4108 dedecore
1150 4048 1517 4123 parricidium
1558 4052 1887 4109 crederetur
1922 4054 2101 4110 inesse

466 4145 569 4199 sibi
591 4145 849 4216 juventa:
875 4145 1139 4216 gratiam,
1164 4146 1360 4201 forma:
1389 4146 1672 4214 decorem,
1696 4146 1872 4202 robur
1896 4148 2099 4216 aetatis,

467 4242 663 4294 contra
688 4238 997 4294 invalidum
1027 4240 1329 4307 Herodem,
1356 4243 1413 4294 et
1436 4240 1553 4311 jam
1584 4246 1813 4295 senecta
1842 4258 2097 4313 gravem,

466 4332 563 4404 qui
607 4332 873 4404 capillum
916 4332 1175 4389 inliceret
1210 4350 1283 4389 ne
1323 4337 1552 4389 aetatem
1595 4334 1882 4405 proderet,
1914 4353 1944 4389 a
1984 4352 2100 4408 quo

466 4443 598 4481 cum
636 4428 802 4483 vellet
831 4428 1109 4499 regnandi
1137 4428 1235 4499 jus
1274 4428 1332 4482 in
1370 4444 1428 4484 se
1473 4428 1915 4497 transfunderet,
1947 4447 2097 4502 prae-

2208 1891 2624 1963 suspicionibus
2672 1897 3121 1947 consentaneum
3173 1891 3611 1961 conﬁtebantur,
3654 1910 3811 1964 usque

2207 1987 2276 2041 ad
2313 1990 2563 2041 mortem
2606 2003 2936 2059 supremam
2976 1986 3309 2042 exulcerati.
3339 1987 3552 2042 Tamen
3589 1986 3689 2057 (47)
3724 1987 3815 2041 ali-

2209 2082 2304 2152 qui
2348 2080 2399 2134 vi
2438 2083 2856 2137 tormentorum
2896 2086 2953 2137 et
2995 2097 3297 2153 poenarum
3340 2081 3471 2136 victi
3510 2080 3813 2145 acerbitate,

2210 2175 2562 2247 propositum
2597 2174 3049 2229 adolescentibus
3086 2174 3438 2243 asserebant,
3465 2177 3529 2229 ut
3552 2173 3815 2230 venationi

2207 2268 2491 2324 intentum
2529 2269 2854 2324 occiderent
2890 2274 3134 2340 patrem,
3169 2271 3223 2322 et
3253 2268 3323 2323 ad
3362 2268 3566 2323 urbem
3604 2268 3814 2322 Romam

2208 2362 2331 2418 sine
2378 2379 2543 2418 mora
2588 2366 2897 2435 pergerent
2941 2367 3004 2418 ut
3045 2361 3242 2434 eﬂ'ugii
3286 2379 3451 2434 paana
3492 2361 3811 2418 eluderetur.

2209 2456 2370 2521 Quod
2415 2455 2521 2510 etsi
2560 2457 2715 2512 nullo
2757 2462 3098 2529 argumento
3137 2457 3498 2523 fulciebatur,
3538 2460 3719 2511 tamen
3755 2455 3815 2509 ad

2207 2550 2474 2605 solatium
2511 2550 2681 2604 studii
2715 2550 2919 2605 ferocis
2951 2550 3244 2606 derivabat
3277 2554 3466 2622 pater,
3496 2550 3679 2604 volens
3707 2548 3811 2602 vin-

2207 2643 2465 2698 culorum
2498 2642 2598 2699 ﬁlii
2634 2660 2826 2698 causas
2846 2644 3030 2715 justas
3059 2645 3290 2701 habere.
3322 2643 3697 2702 Considerans
3723 2642 3813 2697 ita-

2205 2754 2315 2809 que
2363 2737 2675 2792 Alexander
2715 2738 3003 2793 obseratas
3042 2754 3209 2793 aures
3252 2741 3449 2810 patres
3491 2741 3563 2793 ad
3609 2753 3816 2793 omnem

2204 2831 2287 2886 sui
2322 2830 2730 2899 defensionem,
2759 2848 2863 2887 nec
2902 2832 3020 2887 ullo
3053 2832 3229 2887 modo
3266 2849 3391 2887 rem
3425 2849 3586 2905 posse
3613 2831 3815 2893 deduci,

2207 2929 2269 2980 ut
2314 2925 2381 2980 de
2423 2924 2750 2981 innocentia
2798 2943 2899 2981 sua
2941 2929 3340 2998 praesumeret,
3386 2926 3483 2999 qui
3527 2926 3696 2981 tantis
3733 2941 3814 2979 ca-

2206 3019 2550 3074 lumniarum
2608 3019 2851 3074 molibus
2903 3023 3295 3092 appeteretur;
3351 3020 3524 3075 simili
3572 3027 3683 3076 arte
3731 3035 3815 3073 ne-

2206 3113 2492 3186 quissimis
2554 3113 2907 3169 delatoribus
2974 3113 3397 3169 occurrendum
3466 3114 3710 3186 putavit,
3764 3116 3819 3166 ut

2205 3208 2603 3263 fraudulentos
2644 3212 2701 3263 et
2741 3208 3042 3263 calumnia:
3086 3208 3512 3263 machinatores
3555 3208 3689 3263 dolis
3724 3207 3816 3261 cir-

2206 3303 2574 3370 cumveniret,
2606 3305 2775 3374 atque
2814 3302 2872 3356 in
2908 3302 3251 3357 calumniam
3278 3320 3407 3357 reos
3439 3308 3679 3371 vocaret,
3703 3317 3818 3373 quo-

2207 3412 2333 3450 rum
2381 3412 2440 3451 se
2487 3396 2782 3451 calumniis
2831 3396 3020 3466 urgeri
3071 3395 3335 3451 credidit.
3386 3397 3621 3469 Scripsit
3663 3395 3818 3468 igitur

2205 3496 2448 3562 quatuor
2497 3489 2719 3545 libellos
2763 3489 2966 3561 quibus
3013 3495 3404 3545 commentum
3451 3490 3678 3545 sceleris
3720 3505 3816 3561 quo

2206 3586 2500 3655 paternam
2557 3584 2797 3638 salutem
2852 3584 3173 3655 appetierit,
3227 3583 3615 3653 conﬁteretur,
3665 3586 3815 3655 atque

2206 3677 2540 3733 insidiarum
2592 3678 2919 3750 hujusmodi
2975 3677 3228 3732 conscios
3281 3678 3586 3751 plerosque
3640 3693 3814 3733 eorum

2207 3788 2241 3827 a
2280 3772 2487 3843 quibus
2523 3772 2642 3843 ipse
2679 3775 3063 3843 appeteretur,
3102 3772 3394 3843 exposuit;
3433 3776 3602 3845 atque
3639 3772 3815 3827 iisdem

2205 3865 2490 3937 inscripsit
2528 3864 2709 3933 libris,
2751 3864 3032 3937 praecipue
3072 3865 3380 3921 Pheroram
3425 3872 3482 3921 et
3521 3867 3767 3922 Salomen
3801 3882 3812 3918 :

2205 3959 2358 4031 quod
2398 3976 2464 4015 ea
2502 3975 2729 4031 quoque
2768 3958 3111 4031 intempesta
3149 3964 3316 4016 nocte
3359 3968 3534 4034 rupto
3567 3962 3673 4030 (48)
3697 3959 3813 4014 ado-

2203 4053 2464 4109 lescentis
2503 4053 2560 4108 in
2604 4069 2718 4126 quo
2757 4053 3061 4122 habitaret,
3094 4053 3380 4125 cubiculo,
3413 4055 3651 4112 illexerit
3686 4052 3812 4108 invi-

2204 4153 2346 4216 tum,
2394 4152 2451 4203 et
2498 4146 2802 4202 reluctanti
2851 4148 3150 4203 extorserit
3201 4152 3263 4202 ut
3310 4149 3592 4205 incestum
3643 4154 3811 4220 patra-

2203 4248 2311 4298 ret.
2364 4240 2698 4297 Transmisit
2744 4241 2812 4295 ad
2865 4257 3059 4313 regem
3112 4241 3361 4310 libellos,
3418 4243 3575 4299 velut
3623 4240 3813 4298 indices

2203 4335 2553 4407 ﬂagitiorum
2610 4350 2873 4406 suorum,
2929 4335 3136 4408 quibus
3186 4337 3612 4408 potentissimos
3662 4350 3808 4407 quos-

2201 4447 2311 4503 que
2376 4429 2692 4485 involverat
2752 4428 2902 4500 regis
2954 4430 3193 4485 comites
3249 4434 3422 4503 atque
3478 4431 3704 4487 amicos.
3758 4429 3807 4481 In

466 4521 697 4594 miaque
742 4522 993 4593 polliceri
1043 4522 1328 4595 ingentia;
1377 4527 1430 4578 et
1478 4521 1606 4577 ideo
1654 4539 1750 4577 eos
1795 4523 1853 4578 in
1889 4516 2459 4596 juveneDtempore
2492 4523 2588 4579 illo
2620 4523 2923 4579 Archelaus
2958 4524 3014 4578 in
3044 4524 3300 4580 Judteam
3336 4529 3635 4597 properato
3666 4522 3810 4577 adve-

465 4631 622 4686 spem
663 4632 822 4670 suam
864 4616 1209 4672 constituere
1242 4619 1526 4688 oportere,
1559 4633 1675 4671 non
1707 4617 1763 4672 in
1805 4617 2096 4689 decrepito

464 4725 597 4764 sene
628 4709 719 4763 cui
749 4709 870 4780 ipsa
908 4713 1114 4765 natura
1148 4710 1323 4764 tinem
1358 4711 1715 4766 acceleraret.
1745 4712 1876 4776 Quae
1908 4712 2094 4783 gravi-

464 4808 550 4858 ter
574 4802 811 4876 quidem
838 4804 1118 4859 Herodem
1148 4803 1475 4871 movebant;
1504 4804 1598 4859 sed
1628 4804 1765 4860 illud
1794 4822 1913 4876 prae
1938 4812 2099 4862 ciete-

462 4898 558 4966 ris,
595 4897 751 4969 quod
789 4898 1114 4969 conspirare
1156 4898 1208 4952 ei
1246 4897 1552 4953 militarem
1595 4915 1856 4965 manum,
1890 4899 2094 4954 duces-

460 5008 571 5064 que
629 4991 941 5062 exercitus,
997 4995 1053 5047 et
1106 4991 1463 5047 centuriones
1518 4992 1834 5063 spadonum
1889 4992 2096 5049 indicio

460 5084 819 5159 compertum
870 5085 1134 5155 haberet;
1186 5084 1432 5157 denique
1487 5085 1562 5140 ita
1611 5086 1933 5157 exagitatus
1989 5091 2093 5153 est,

461 5186 521 5235 ut
550 5180 772 5236 nullum
802 5180 1033 5235 saevitiae
1060 5196 1242 5251 genus
1269 5178 1820 5251 praetermittendum
1849 5183 2093 5251 putaret,

460 5276 601 5331 nulli
639 5276 924 5345 crederet,
964 5290 1167 5330 omnes
1212 5279 1499 5345 suspectos
1539 5273 1798 5329 haberet.
1837 5274 2092 5330 Velocio-

460 5386 549 5425 res
581 5374 745 5426 erant
780 5386 961 5441 poene
1002 5385 1174 5441 quam
1215 5367 1695 5439 interrogationes
1724 5368 2091 5440 flagitiorum,

524 5564 619 5625 (ω)
648 5562 861 5614 Filiam.
888 5564 1115 5628 Joseph.
1148 5566 1212 5616 de
1233 5563 1385 5624 Belt.,
1415 5562 1507 5614 lib.
1545 5577 1583 5627 ι,
1613 5575 1733 5628 cap.
1774 5564 1850 5612 l7.
1887 5563 2090 5627 Antiq.,

464 5631 559 5681 lib.
588 5645 711 5691 xvr,
736 5646 857 5697 cap.
897 5635 975 5684 11.
1005 5636 1185 5688 ΒΑιιιι.

528 5700 623 5761 (43)
658 5701 1052 5763 Diapositionis.
1086 5706 1169 5755 In.

526 5769 622 5830 (44)
647 5768 944 5843 Restitutio
974 5786 1041 5823 ex
1072 5775 1313 5839 Josepho
1347 5791 1357 5823 :
1385 5777 1531 5840 quod
1556 5775 1920 5843 spopondisset
1948 5789 2093 5841 nup-

458 5840 555 5889 tias
583 5850 709 5888 suae
743 5836 929 5901 Sytao,
960 5842 1051 5904 qui
1080 5836 1411 5897 erat—Oboda:
1455 5836 1598 5913 regis
1634 5836 1842 5901 Arabia:
1886 5836 2093 5917 procu-

2200 4617 2311 4684 nit;
2350 4621 2415 4672 ut
2456 4617 2503 4671 si
2547 4615 2682 4688 quid
2725 4620 2939 4688 posset,
2982 4633 3197 4689 genero
3235 4634 3298 4673 ac
3337 4618 3469 4674 ﬁliae
3508 4619 3628 4690 opis
3667 4615 3804 4672 auxi-

2201 4711 2374 4783 liique
2422 4710 2618 4765 ferret.
2665 4710 2773 4767 Sed
2826 4711 3141 4782 praevidens
3192 4712 3342 4784 apud
3396 4711 3803 4767 infestissimum

2198 4809 2416 4878 patrem
2453 4804 2769 4860 obstructos
2795 4804 2901 4859 sibi
2937 4806 3142 4875 aditus,
3173 4806 3449 4878 legitima:
3490 4801 3806 4862 defensionis

2196 4904 2317 4954 arte
2361 4898 2811 4954 commotionem
2858 4899 2981 4971 ejus
3028 4902 3317 4972 repressit.
3364 4901 3506 4955 Nam
3558 4898 3718 4955 simul
3755 4902 3805 4949 ut

2199 4993 2384 5049 aulam
2421 4994 2713 5065 ingressus
2744 4993 2964 5065 regiam
2992 4998 3098 5061 est,
3128 5011 3340 5068 magna
3378 5011 3516 5050 voce
3552 5010 3676 5049 cum
3695 4992 3802 5063 jam

2198 5088 2486 5144 audiretur
2541 5089 2599 5140 et
2651 5086 2944 5143 videretur
2997 5088 3067 5143 ab
3122 5089 3372 5156 Herode,
3428 5088 3580 5143 velut
3633 5088 3803 5141 furens

2200 5182 2376 5237 animi
2403 5180 2703 5237 vociferari
2731 5182 2900 5253 coepit
2928 5198 2941 5237 :
2973 5181 3189 5238 Vivitne
3215 5182 3401 5238 adhuc
3429 5182 3523 5238 ille
3550 5178 3802 5236 veneﬁcus

2197 5291 2375 5347 gener
2399 5291 2578 5342 meus,
2606 5281 2662 5330 et
2686 5275 2872 5348 carpit
2896 5276 3042 5331 hanc
3069 5277 3294 5331 lucem?
3315 5275 3439 5344 Ubi,
3468 5291 3672 5349 quaeso,
3694 5272 3801 5327 est?

2199 5369 2300 5424 Ubi
2342 5368 2684 5441 parricidale
2723 5369 2861 5425 illud
2908 5370 3188 5442 reperiam
3236 5373 3428 5442 caput,
3462 5373 3526 5425 ut
3565 5365 3797 5424 manibus

2195 5570 2364 5616 rator.
2400 5565 2482 5614 In.

2254 5636 2354 5700 (45)
2384 5636 2482 5686 Ms.
2511 5640 2777 5686 concentu.
2810 5636 2889 5686 In.

2254 5706 2359 5767 (46)
2379 5706 2509 5770 Leg.
2541 5710 2597 5756 ut
2619 5705 2685 5756 ei.
2713 5705 2795 5755 In.

2255 5778 2353 5839 (47)
2389 5776 2616 5827 Tandem
2642 5777 3064 5830 rescribendum
3110 5779 3486 5831 existimarlm.
3519 5776 3789 5829 GALLAND-

2258 5848 2351 5913 (48)
2384 5850 2616 5915 Irrupto.
2648 5848 2827 5902 Buta.
