4000 6166
261 272 376 326 2H3

1248 263 1335 320 DE
1373 263 1645 322 EXCIDIO
1682 259 1879 321 URBlS
1917 262 2280 322 HlEROSOL.
2327 265 2447 320 LIB.
2494 261 2536 319 Ι.

3438 270 3575 325 2114

256 404 516 461 excerpam
554 386 656 458 (49)
702 387 879 443 meis?
924 387 1230 443 Parricidio
1277 389 1460 461 perire
1503 388 1691 456 debet,
1738 389 1837 460 qui
1859 389 2096 473 Atitur.
2127 389 2277 461 Ergo
2317 390 2361 443 si
2396 390 2674 444 maturior
2707 407 2836 444 usus
2864 406 3015 460 saepe
3054 390 3427 448 labefactatus
3461 397 3571 456 est,

256 481 588 558 parricidium
628 479 806 535 voluit
838 480 1101 553 implere.
1142 481 1289 546 Quid
1328 482 1585 539 facturus
1623 487 1706 540 est
1748 500 1835 539 so-

253 596 382 647 cero,
424 575 515 649 qui
557 591 667 630 non
716 576 972 649 pepercit
1014 574 1203 648 patri?
1247 576 1380 641 Quis
1426 577 1843 633 demonstrabit

254 672 402 727 eum?
426 667 749 724 Eviscerabo
790 669 977 741 primo
1013 669 1332 739 scelestum,
1368 671 1632 742 adjiciam
1662 670 1839 726 ﬁliam

249 768 376 821 bono
418 780 639 836 sponso;
688 763 792 818 etsi
839 763 1070 819 sceleris
1119 780 1236 819 non
1279 763 1387 819 fuit
1434 765 1682 833 conscia,
1723 781 1840 820 non

250 866 321 915 est
370 866 549 913 tamen
604 857 790 913 aliena
851 856 1098 928 contagii
1159 873 1289 929 quae
1350 858 1650 929 parricidae
1699 875 1837 915 con-

240 953 381 1025 jugio
413 950 745 1023 potiebatur.
788 951 910 1006 Non
951 967 1202 1022 agnosco
1240 951 1417 1007 ﬁliam
1462 967 1671 1020 meam,
1710 968 1839 1024 quae

246 1050 373 1101 artes
409 1060 517 1101 non
562 1044 937 1116 deprehendit
982 1044 1193 1113 mariti,
1236 1061 1363 1116 quae
1401 1061 1459 1101 se
1506 1061 1621 1100 non
1669 1046 1837 1101 talem

245 1138 468 1194 exhibuit
505 1154 699 1193 socero
738 1154 971 1207 nurum,
1006 1144 1068 1193 ut
1108 1138 1428 1209 subjectum
1466 1138 1649 1193 ﬁlium
1692 1140 1839 1210 patri

244 1233 490 1288 redderet.
538 1233 655 1303 Ego
705 1232 857 1287 illam
910 1249 1024 1287 non
1069 1232 1137 1287 ad
1191 1232 1416 1288 sceleris
1458 1232 1840 1288 ministerium

235 1324 397 1397 junxi,
442 1324 538 1380 sed
584 1325 653 1379 ad
705 1326 1056 1380 consortium
1114 1324 1495 1392 matrimonii;
1540 1331 1606 1382 ut
1651 1325 1837 1381 cohae-

243 1420 410 1475 redem
458 1418 655 1491 gratiae
708 1422 1064 1491 praestarem,
1114 1435 1233 1475 non
1286 1419 1543 1474 criminis
1595 1419 1836 1491 adjutri—

239 1530 361 1568 cem.
387 1515 456 1568 Te
499 1512 697 1583 miror,
737 1512 1010 1579 Herodes,
1049 1513 1093 1568 si
1129 1513 1314 1568 adhuc
1354 1512 1489 1569 vivit
1526 1513 1843 1569 Alexander

238 1608 315 1663 ille
362 1606 647 1661 insidiator
700 1606 897 1678 patris.
956 1606 1228 1662 Putabam
1272 1607 1451 1678 justas
1509 1606 1671 1663 illum
1721 1607 1841 1678 jam

237 1718 407 1773 pinnas
444 1700 684 1771 dedisse,
722 1717 899 1773 quem
939 1700 1153 1757 deferri
1192 1718 1310 1757 non
1345 1701 1667 1773 oportebat.
1698 1700 1841 1766 Quid

236 1795 367 1851 enim
417 1794 631 1850 diutius
682 1798 1003 1851 servaretur
1053 1796 1360 1865 confessor,
1411 1799 1509 1851 aut
1563 1771 1918 1867 parricidaB

238 1888 376 1944 talis?
409 1890 512 1945 Sed
547 1889 788 1945 fortasse
829 1890 940 1945 hoc
976 1906 1207 1962 quoque
1250 1889 1456 1945 divinas
1494 1889 1667 1946 fuerit
1707 1906 1837 1961 pro-

235 1983 492 2053 videntiae,
534 1987 597 2037 ut
637 1983 940 2039 amborum
980 1989 1283 2056 parentum
1307 1983 1524 2055 judicio
1563 1983 1836 2039 condem-

234 2082 461 2145 naretur,
504 2077 605 2148 qui
652 2078 711 2131 in
756 2084 811 2133 te
856 2078 1006 2133 laesit
1050 2077 1347 2149 utriusque
1389 2078 1678 2149 pietatem.
1720 2078 1841 2132 Non

232 2187 309 2225 me
337 2171 552 2243 negabo
585 2172 858 2239 ultorem,
895 2172 993 2243 qui
1037 2188 1129 2227 me
1174 2171 1402 2227 ultionis
1437 2177 1647 2227 exactae
1689 2188 1837 2243 prae-

232 2265 517 2320 dicatorem
556 2266 865 2336 parabam;
910 2265 1008 2321 sed
1051 2282 1121 2321 ne
1166 2265 1337 2321 tiliam
1385 2266 1624 2338 excipio,
1666 2282 1841 2337 quam

230 2359 464 2414 infaustis
496 2359 720 2432 nuptiis
747 2360 868 2432 ipse
899 2359 1200 2431 despondi,
1231 2364 1287 2414 te
1315 2376 1652 2432 sponsorem
1679 2375 1837 2415 secu-

231 2454 330 2521 tus;
359 2469 471 2508 non
507 2453 669 2509 enim
703 2470 810 2524 ego
844 2453 998 2508 illam
1036 2453 1224 2509 mariti
1264 2453 1539 2523 moribus,
1569 2454 1663 2508 sed
1706 2453 1838 2508 ﬁdei

229 2552 324 2600 tum
351 2547 573 2603 tradidi.
614 2547 829 2602 Reddat
859 2564 1079 2617 causas,
1112 2547 1264 2619 quod
1294 2547 1494 2602 vadem
1525 2564 1691 2601 suum
1724 2547 1837 2602 dis-

228 2640 511 2710 simulavit,
544 2641 817 2696 maritum
856 2657 1023 2695 suum
1054 2640 1270 2696 dilexit.
1302 2643 1375 2696 De
1413 2646 1661 2711 utroque
1690 2657 1839 2695 nunc

226 2733 360 2788 vobis
377 2734 663 2805 judicium
699 2738 817 2799 est;
845 2735 889 2789 si
927 2735 1124 2790 ﬁrmus
1161 2740 1461 2790 exsecutor
1500 2735 1640 2789 tanti
1681 2721 1836 2789 dolo-

227 2827 291 2879 ris
328 2844 402 2894 es,
446 2828 776 2899 accingere,
818 2833 996 2898 pater,
1034 2834 1327 2899 sequestra
1375 2828 1674 2899 pietatem;
1723 2844 1837 2882 non

223 2920 515 2990 optandum
543 2921 779 2993 quidem
806 2920 1059 2975 ofﬁcium
1099 2921 1373 2993 patribus,
1404 2921 1499 2976 sed
1529 2938 1645 2977 non
1674 2921 1838 2976 dissi-

224 3013 558 3070 mulandum.
617 3014 676 3070 Si
730 3020 782 3069 te
838 3014 1017 3085 pietas
1067 3015 1269 3082 mollit,
1326 3014 1562 3069 inﬂectit
1617 3017 1837 3080 natura,

222 3114 491 3163 mutemus
544 3109 717 3176 vices,
770 3112 830 3163 ut
884 3125 992 3179 ego
1042 3108 1099 3162 in
1154 3114 1250 3163 tuo
1300 3108 1439 3175 ﬁlio,
1486 3114 1550 3163 tu
1598 3109 1655 3163 in
1711 3125 1916 3214 meoC

223 3201 444 3272 pignore
468 3202 789 3257 ministerii
817 3202 1003 3257 mutui
1033 3202 1210 3256 simus
1237 3205 1612 3257 exsecutores.
1643 3202 1841 3274 Hujus-

220 3295 359 3350 modi
386 3296 707 3352 orationem
745 3295 1219 3351 circumfremens
1255 3295 1512 3351 traduxit
1538 3296 1839 3363 Herodem,

219 3391 370 3459 atque
415 3407 450 3443 a
493 3390 692 3445 furore
739 3389 919 3445 animi
967 3389 1237 3461 paulatim
1291 3389 1670 3444 intentionem
1719 3390 1843 3460 ejus

219 3483 493 3551 emollivit,
524 3489 592 3540 ut
616 3484 782 3555 quasi
811 3482 1187 3555 compatienti
1217 3488 1385 3554 atque
1416 3483 1687 3538 unanimo
1719 3499 1841 3537 sese

218 3576 479 3645 crederet,
508 3581 569 3632 et
596 3577 760 3632 daret
784 3577 837 3632 ei
862 3576 1085 3633 libellos
1112 3578 1408 3649 legendos,
1439 3593 1580 3648 quos
1604 3578 1843 3632 Alexan-

218 3668 309 3724 der
345 3676 773 3744 composuerat.
815 3674 884 3726 At
932 3671 1047 3738 ille,
1090 3671 1315 3743 singula
1358 3686 1595 3742 qumque
1639 3670 1837 3726 adver-

218 3766 350 3833 tens,
390 3766 489 3821 ubi
537 3764 818 3821 intellexit
872 3764 1053 3837 magis
1090 3765 1284 3820 dolore
1328 3767 1622 3837 congesta,
1667 3780 1838 3837 quam

215 3855 317 3912 ﬂde
354 3859 614 3928 suffulta,
653 3859 938 3931 profundo
977 3859 1215 3914 consilio
1260 3859 1520 3914 minuere
1562 3858 1843 3930 paulatim

216 3949 477 4009 invidiam
514 3953 857 4010 tentamenti
885 3952 1262 4024 parricidalis,
1288 3956 1460 4024 atque
1488 3952 1841 4023 objectorum

215 4060 400 4103 causas
430 4049 494 4103 in
536 4065 643 4104 eos
678 4047 777 4119 qui
816 4046 1089 4119 descripti
1125 4046 1370 4113 fuerant,
1407 4051 1463 4102 et
1492 4047 1745 4102 maxime
1786 4047 1842 4101 in

215 4139 516 4197 Pheroram
556 4142 730 4214 coepit
764 4140 1185 4196 transfundere.
1226 4142 1423 4212 Itaque
1466 4141 1563 4195 ubi
1601 4141 1845 4196 advertit

214 4248 402 4305 regem
428 4253 462 4291 a
492 4253 605 4292 sua
633 4236 919 4292 sententia
950 4249 1066 4290 non
1093 4234 1403 4289 abhorrere
1433 4252 1447 4289 :
1476 4234 1847 4291 Consideran-

216 4325 366 4398 dum,
403 4330 622 4403 inquit,
663 4346 734 4386 ne
774 4329 923 4385 forte
964 4328 1292 4384 adolescens
1338 4328 1518 4400 magis
1556 4331 1844 4383 tantorum

216 4419 610 4495 improborum
640 4423 860 4478 insidiis
889 4421 1178 4494 appetitus
1202 4421 1355 4493 apud
1385 4424 1437 4476 te
1461 4421 1553 4489 sit,
1580 4438 1753 4493 quam
1785 4426 1842 4476 tu

1941 483 2075 555 quid
2105 484 2338 553 mirum,
2369 484 2411 536 si
2452 487 2587 537 astas
2622 482 2979 537 immaturior
3011 484 3206 539 adesse
3235 502 3351 541 non
3382 487 3572 557 potuit

1943 576 2067 645 sibi,
2100 592 2228 631 cum
2267 576 2647 632 insidiantium
2688 577 2924 631 catervis
2963 580 3410 649 perurgeretur?
3437 580 3569 635 Illos

1944 670 2117 741 igitur
2162 671 2581 742 perturbatores
2626 671 2796 742 regia
2836 671 3039 726 domus
3081 686 3224 738 esse,
3271 672 3393 726 illos
3428 673 3568 728 inci-

1945 769 2150 819 tatores
2198 764 2670 834 adolescentium,
2718 764 3093 819 seminatores
3137 765 3569 831 discordiarum.

1942 858 2037 929 qui
2066 859 2125 913 in
2154 857 2611 930 desperationem
2641 859 2838 913 salutis
2871 857 3221 913 deduxerint
3249 858 3573 915 adolescen-

1944 959 2080 1019 tem,
2106 958 2170 1006 ut
2195 951 2489 1007 stomacho
2516 952 2702 1023 magis
2729 951 3050 1019 indulserit,
3076 954 3133 1005 et
3157 950 3362 1006 ultioni
3388 952 3573 1023 potius

1941 1062 2115 1117 quam
2153 1045 2491 1100 absolutioni
2534 1044 2861 1111 intenderit,
2902 1045 3115 1116 aliquid
3154 1045 3328 1101 etiam
3360 1045 3572 1117 impar-

1943 1139 2099 1194 tierit
2124 1140 2508 1195 commotioni.
2543 1139 2760 1203 Quibus
2788 1138 3060 1210 paulatim
3090 1138 3297 1193 inﬂecti
3329 1138 3575 1194 Herodes

1942 1239 2205 1305 cmperat,
2255 1237 2313 1288 et
2354 1233 2578 1288 mollire
2624 1232 3084 1303 indignationem
3134 1233 3283 1287 circa
3326 1234 3571 1289 Alexan-

1942 1326 2132 1381 drum.
2160 1330 2227 1381 At
2267 1343 2399 1381 vero
2428 1326 2487 1381 in
2526 1326 2830 1381 Pheroram
2875 1326 3223 1381 commoveri
3262 1327 3573 1381 vehemen-

1942 1419 2072 1489 tius,
2117 1420 2264 1490 quod
2311 1420 2422 1474 illis
2468 1424 2710 1491 quatuor
2754 1419 2961 1473 libellis
3000 1419 3123 1491 ipse
3171 1419 3427 1475 omnium
3467 1420 3571 1476 ﬂa-

1944 1512 2220 1583 gitiorum
2286 1513 2573 1583 minister,
2636 1516 2693 1567 et
2751 1514 2928 1568 totius
2987 1530 3170 1568 scenae
3234 1513 3575 1569 arehitector

1943 1607 2357 1678 exponebatur.
2390 1607 2497 1671 Qui
2536 1606 2735 1661 videns
2770 1623 2965 1678 regem
3006 1606 3284 1661 Archelao
3320 1614 3570 1662 mentem

1930 1696 2297 1756 'inclinavisse
2326 1717 2509 1768 suam,
2543 1705 2716 1772 atque
2748 1701 2807 1755 in
2846 1716 2976 1756 eum
3010 1717 3127 1771 prae
3162 1701 3382 1755 caeteris
3420 1688 3569 1773 prm¥
3662 1725 3668 1729 -
3704 1698 3705 1701 “

1944 1795 2260 1865 ponderare
2289 1795 2531 1866 gratiam
2564 1794 2853 1849 interioris
2881 1794 3162 1863 amicitia,
3194 1795 3263 1849 ad
3292 1795 3478 1867 ipsum
3511 1813 3571 1849 se

1944 1888 2206 1955 contulit,
2236 1888 2540 1944 obsecrans
2581 1895 2642 1942 ut
2678 1888 2936 1943 animum
2974 1887 3079 1942 sibi
3117 1888 3270 1959 regis
3306 1889 3571 1944 concilia-

1942 1988 2064 2037 tum
2102 1981 2390 2037 redderet.
2423 1983 2635 2036 Verum
2671 1982 2762 2036 ille
2803 1982 3071 2037 innexum
3105 1981 3365 2052 plurimis
3400 1983 3570 2037 scele-

1944 2092 2072 2131 rum
2114 2076 2371 2142 vinculis,
2417 2075 2622 2147 quibus
2663 2075 2960 2131 evidenter
3003 2075 3126 2146 regi
3167 2092 3392 2147 parasse
3436 2076 3571 2131 insi-

1945 2169 2067 2225 dias
2104 2170 2557 2237 convinceretur,
2592 2174 2762 2242 atque
2804 2169 3088 2241 appetisse
3131 2169 3572 2239 adolescentem,

1944 2263 2158 2318 nullam
2209 2264 2421 2319 habere
2472 2262 2653 2318 veniae
2702 2279 2857 2335 spem
2912 2262 3116 2331 aiebat,
3165 2263 3271 2319 nisi
3321 2263 3576 2335 deposita

1944 2356 2238 2412 inﬁciandi
2264 2357 2532 2425 versutia,
2563 2372 2692 2427 quae
2727 2356 2949 2428 objecta
2984 2356 3089 2410 sibi
3118 2356 3366 2424 fuerant,
3394 2357 3572 2411 conti-

1944 2452 2050 2505 teri
2089 2466 2367 2523 germano
2400 2450 2485 2504 sui
2517 2449 2751 2516 amanti,
2784 2453 2951 2521 atque
2987 2449 3058 2504 ab
3098 2450 3299 2505 eodem
3341 2466 3573 2521 poscere

1943 2545 2046 2599 sibi
2103 2544 2521 2615 indulgentiam
2579 2559 2690 2597 non
2747 2542 3116 2597 dubitavisset
3168 2559 3181 2596 :
3240 2542 3573 2613 hujusmodi

1941 2655 2059 2693 sese
2090 2636 2325 2706 actioni,
2359 2636 2564 2709 quibus
2599 2639 2791 2708 posset
2820 2636 3036 2704 studiis,
3072 2652 3185 2690 non
3218 2636 3569 2691 defuturum.

1940 2732 2149 2786 Mutata
2185 2731 2374 2802 itaque
2406 2737 2578 2800 veste,
2607 2729 2830 2784 suffusis
2866 2730 3149 2801 lacrymis,
3176 2729 3361 2801 specie
3398 2731 3571 2784 mise-

1944 2825 2106 2880 rabili
2159 2825 2346 2879 fratris
2408 2824 2694 2879 inhaerens
2754 2823 3031 2895 vestigiis,
3086 2840 3251 2879 orare
3304 2823 3606 2894 veniam,‘

1942 2918 2366 2989 improbitatem
2405 2918 2588 2985 fateri,
2622 2917 2822 2972 omnia
2862 2916 2931 2972 de
2972 2916 3178 2988 quibus
3214 2920 3571 2988 argueretur,
3654 2928 3659 2935 ‘

1944 3029 2058 3067 non
2114 3012 2397 3081 abnuere,
2455 3011 2557 3066 sed
2608 3027 3009 3082 recognoscere
3062 3011 3412 3066 dementiam
3467 3010 3574 3065 sibi

1942 3123 2171 3162 causam
2198 3106 2372 3160 fuisse
2401 3108 2576 3160 tantae
2603 3105 3004 3177 prolapsionis,
3038 3120 3152 3176 quo
3179 3103 3391 3159 nimius
3414 3104 3472 3159 in
3503 3121 3571 3159 eo

1942 3201 2103 3256 furor
2130 3216 2324 3255 amore
2355 3199 2461 3255 sibi
2493 3199 2717 3254 dilectae
2758 3199 3011 3254 mulieris
3043 3202 3429 3254 exaestuasset.
3458 3199 3577 3255 Sla-

1944 3298 2065 3349 tuto
2095 3294 2287 3365 itaque
2318 3294 2572 3349 Pherora
2600 3308 2833 3348 suorum
2864 3292 3212 3365 ﬂagitiorum
3241 3293 3573 3349 accersitore

1943 3388 2160 3461 pariter
2194 3404 2258 3442 ac
2298 3391 2460 3455 teste,
2499 3390 2772 3459 tanquam
2815 3403 2920 3457 pro
2953 3387 3219 3442 mercede
3250 3387 3574 3459 compositi,

1942 3482 2096 3554 quod
2137 3481 2198 3535 in
2242 3497 2378 3535 usus
2423 3497 2553 3536 suos
2598 3480 2826 3537 caderet
2870 3481 3197 3552 argumenti
3239 3499 3252 3536 :
3294 3481 3573 3537 Herodem

1943 3575 2246 3631 Archelaus
2276 3574 2713 3645 deprecabatur,
2747 3579 2810 3629 ut
2840 3579 3056 3629 natura).
3089 3574 3573 3646 contemplatione

1944 3670 2190 3726 molliret
2234 3670 2399 3735 iram,
2441 3668 2718 3739 fratrique
2759 3668 3100 3739 ignosceret,
3144 3684 3316 3739 supra
3359 3668 3574 3724 vindic-

1946 3772 2062 3819 tam
2117 3762 2468 3819 constituens
2511 3762 2608 3833 jus
2659 3764 2899 3815 naturae.
2956 3762 3067 3816 Nec
3121 3762 3366 3832 mirum,
3419 3764 3463 3816 si
3518 3763 3578 3818 in

1942 3857 2213 3913 maximis
2264 3857 2477 3929 regnis,
2528 3861 2803 3929 tanquam
2854 3856 2915 3909 in
2966 3855 3196 3927 magnis
3244 3856 3577 3927 corporibus

1946 3969 2097 4025 saepe
2132 3952 2321 4022 aliqua
2364 3951 2623 4005 membra
2656 3950 2916 4005 ferveant
2948 3949 3079 4020 (50),
3110 3965 3237 4021 quas
3276 3966 3390 4004 non
3434 3951 3577 4006 inci-

1946 4045 2154 4111 denda,
2187 4044 2286 4100 sed
2316 4043 2667 4100 mollioribus
2697 4044 2811 4099 sint
2838 4043 3092 4099 curanda
3121 4043 3575 4100 medicamentis.

1945 4140 2057 4196 Sibi
2090 4154 2315 4211 quoque
2342 4139 2522 4195 multo
2551 4137 2842 4210 graviores
2874 4138 3212 4209 compositas
3235 4155 3269 4192 a
3301 4154 3577 4209 germano

1945 4233 2203 4302 insidias,
2232 4232 2333 4288 sed
2372 4232 2659 4288 remisisse
2689 4249 2748 4287 se
2783 4232 3181 4288 necessitudini
3210 4232 3360 4303 quod
3403 4232 3575 4288 debe-

1944 4326 2116 4382 batur
2141 4326 2356 4395 dolori;
2388 4331 2452 4381 ut
2486 4342 2601 4397 quo
2630 4326 2816 4397 magis
2841 4341 3065 4398 pinnam
3092 4325 3308 4380 levaret
3341 4325 3577 4397 ingrati,

1947 4438 2012 4478 eo
2040 4421 2289 4493 amplius
2315 4437 2544 4476 causam
2572 4424 2849 4491 gravaret.
2872 4421 3013 4476 Cum
3041 4419 3164 4473 hrec
3188 4423 3359 4490 atque
3388 4420 3579 4491 hujus-

213 4515 277 4569 ab
315 4517 705 4575 adolescente.
758 4517 907 4582 Quid
956 4516 1111 4571 enim
1155 4532 1338 4571 causae
1387 4517 1531 4583 erat,
1580 4519 1639 4570 ut
1687 4514 2100 4586 tuamDmodi
2144 4515 2250 4570 alia
2294 4514 2636 4580 subtexeret,
2670 4513 2953 4584 mitigavit
2996 4513 3227 4584 quidem
3273 4513 3577 4581 Herodem,

211 4615 507 4682 appeteret
554 4612 752 4680 vitam,
796 4610 884 4666 cui
933 4609 1095 4682 regni
1143 4610 1416 4665 honorem
1465 4625 1843 4677 concesseras,

211 4706 490 4775 regnandi
550 4706 647 4778 jus
709 4704 1035 4761 reservabas
1096 4708 1153 4758 et
1213 4720 1374 4776 spem
1436 4703 1845 4759 successionis?

211 4798 350 4862 Quid
388 4800 555 4855 enim
593 4804 910 4873 appeteret,
941 4798 1092 4870 quod
1129 4797 1407 4853 habebat?
1431 4802 1527 4853 aut
1566 4797 1839 4869 quemad-

213 4893 445 4949 modum
492 4894 671 4949 tantis
717 4892 1049 4950 muneribus
1093 4892 1354 4964 ingratus
1396 4890 1581 4946 foret?
1626 4890 1843 4955 Quidve

212 4984 354 5042 aliud
399 4994 612 5060 ageret
646 4989 707 5044 in
750 4994 848 5044 tua
894 5002 1049 5054 nece,
1092 4986 1197 5041 nisi
1240 4988 1305 5040 ut
1348 5001 1514 5041 suum
1560 4984 1845 5040 affectarat

212 5081 584 5151 periculum?
617 5083 778 5149 Quod
805 5089 861 5138 te
898 5082 1021 5136 vivo
1062 5084 1316 5136 metuere
1357 5096 1472 5135 non
1507 5082 1718 5152 posset,
1746 5078 1839 5133 de-

211 5171 403 5232 functo
442 5178 700 5246 timeret,
735 5177 807 5232 ab
848 5176 935 5232 his
977 5176 1169 5247 utique
1205 5192 1238 5229 a
1277 5174 1483 5247 quibus
1526 5174 1702 5229 etiam
1740 5172 1845 5228 sub

213 5272 368 5340 patre
424 5270 673 5345 positus,
720 5271 969 5344 prepriae
1021 5270 1216 5325 salutis
1270 5268 1554 5325 excidium
1604 5268 1844 5341 perhor-

214 5373 481 5421 resceret.
530 5367 688 5422 Patet
722 5365 831 5421 ista
869 5369 1004 5421 tetas
1043 5363 1302 5431 fallaciae,
1341 5362 1504 5419 facile
1542 5361 1844 5435 decipitur,

213 5461 268 5511 et
288 5457 793 5516 fraudulentorum
820 5459 1036 5514 insidiis
1063 5456 1526 5524 circumvenitur,
1557 5456 1649 5511 vix
1680 5457 1843 5512 resis-

214 5548 281 5605 tit
310 5552 460 5609 dolis
493 5555 636 5608 tetas
669 5553 868 5609 senilis
895 5569 907 5608 :
941 5553 1286 5625 plerumque
1329 5556 1519 5607 tamen
1556 5555 1612 5606 et
1646 5566 1844 5605 senum

216 5645 528 5714 prudentia
561 5646 1145 5704 circumscribentium
1174 5645 1412 5701 versutis
1446 5643 1669 5699 insidiis
1708 5644 1841 5699 irre-

278 5840 369 5904 tt9;
401 5841 733 5908 Discerpam.
767 5841 944 5895 Bima.

1950 4615 2010 4664 ut
2039 4625 2316 4678 germano
2348 4608 2694 4677 remitteret;
2724 4606 2825 4662 sed
2856 4607 2975 4679 ipse
3007 4610 3280 4679 tanquam
3318 4608 3575 4663 inexora-

1947 4704 2078 4759 bilis
2116 4719 2326 4774 genero
2368 4700 2659 4757 manebat.
2701 4700 2957 4774 Denique
2999 4701 3388 4765 minitabatur,
3428 4701 3579 4773 quod

1949 4797 2243 4852 divelleret
2269 4796 2340 4852 ab
2366 4812 2433 4852 eo
2460 4795 2656 4865 filiam,
2681 4796 2969 4867 tantisque
3003 4795 3285 4850 fremebat
3310 4795 3576 4867 indigna-

1946 4891 2121 4948 tionis
2149 4908 2263 4947 sum
2294 4889 2565 4959 motibus,
2598 4895 2659 4945 ut
2688 4891 2809 4962 ipse
2841 4890 3092 4945 Herodes
3121 4890 3255 4944 satis
3286 4889 3576 4960 expiatum

1948 4986 2046 5041 filii
2092 4985 2394 5041 adversum
2432 5001 2489 5039 se
2535 4985 2751 5040 facinus
2789 4983 3180 5052 arbitraretur,
3226 4983 3578 5056 ultoremque

1948 5083 2179 5136 suarum
2218 5079 2558 5152 injuriarum
2594 5082 2843 5150 rogaret,
2872 5081 3044 5151 atque
3070 5077 3190 5149 ipse
3221 5094 3321 5149 pro
3352 5094 3449 5132 reo
3479 5094 3579 5133 suo

1946 5174 2098 5247 apud
2122 5189 2386 5229 socerum
2416 5172 2808 5240 interveniret,
2839 5187 2953 5243 quo
2982 5171 3056 5226 de
3087 5170 3309 5242 integro
3340 5187 3575 5227 renova-

1950 5271 2036 5325 ret
2055 5268 2306 5340 nuptias.
2330 5266 2726 5323 Perseverabat
2750 5264 3080 5333 Archelaus,
3106 5264 3197 5319 cui
3223 5264 3391 5321 vellet
3415 5266 3581 5322 Hero-

1950 5362 2048 5419 des
2074 5362 2174 5419 alii
2201 5378 2410 5419 nurum
2439 5376 2601 5416 suam
2616 5360 2908 5432 jungeret,
2932 5362 3141 5431 praeter
3168 5359 3578 5426 Alexandrum;

1948 5457 2110 5529 cujus
2136 5457 2313 5512 etiam
2343 5472 2514 5512 causa
2541 5470 2684 5509 uxor
2709 5452 3130 5520 traduceretur,
3162 5456 3335 5525 atque
3365 5470 3433 5508 ea
3460 5464 3583 5509 arte

1952 5552 2129 5607 multo
2177 5550 2421 5622 amplius
2474 5547 2798 5620 impellebat
2851 5545 3168 5613 Herodem,
3221 5554 3281 5601 ut
3330 5547 3427 5601 ille
3478 5547 3580 5602 sibi

1949 5644 2129 5701 filium
2176 5643 2461 5701 redditum
2515 5646 2761 5713 putaret,
2810 5639 2855 5695 si
2909 5639 3243 5712 conjugium
3289 5640 3415 5712 ejus
3468 5657 3584 5695 non

2014 5834 2113 5901 (50)
2137 5833 2200 5886 In
2229 5838 2337 5887 vet.
2370 5834 2522 5901 cod.,
2555 5845 2692 5902 sape
2714 5834 2907 5901 aliqua
2932 5843 3063 5900 pars
3090 5830 3305 5897 imitat.
3331 5830 3420 5882 ID.
