4000 6166
456 306 609 358 2H5

1922 298 1979 353 S.
2021 293 2337 355 AMBROSII

3622 286 3726 368 ius

451 427 795 494 solveretur;
846 423 1000 497 quod
1044 424 1140 479 ille
1191 439 1430 478 uxorem
1481 423 1745 495 impenso
1795 422 2081 493 diligeret,
2105 435 2166 508 Α
2189 440 2350 479 mum
2376 424 2573 494 patris,
2599 425 2957 496 fratrumque
2987 425 3135 480 inter
3159 442 3216 481 se
3242 426 3383 495 odia,
3410 430 3546 484 novis
3566 433 3737 489 artibus

449 534 516 575 ex
545 535 660 591 qua
700 519 872 574 etiam
913 518 1063 573 filios
1102 516 1458 588 suscepisset,
1498 516 1692 571 dulces
1729 532 1855 582 avo,
1889 520 2084 587 gratos
2185 517 2427 572 charum
2461 535 2521 573 se
2563 518 2828 574 omnibus
2864 520 3158 589 simulans,
3187 521 3347 591 quasi
3384 519 3514 577 ﬁdus
3549 524 3736 597 singulis

448 612 808 685 parentibus;
840 613 946 668 hoc
982 628 1191 668 munus
1220 610 1470 667 restituti
1497 610 1606 666 sibi
1642 609 1745 665 ﬁlii
1775 609 1918 679 fore,
1949 609 2084 681 quia
2184 611 2532 681 habebatur;
2583 612 2680 667 sed
2732 629 2834 684 pro
2883 613 3121 685 ingenio
3164 613 3316 685 regis
3361 619 3451 670 aut
3489 634 3742 677 munerum

447 722 567 763 non
601 706 877 762 mediocri
912 722 979 761 ex
1008 709 1172 777 parte
1196 704 1349 761 bona
1375 720 1521 760 uxor
1544 702 1650 759 viri
1690 703 1776 758 sui
1803 703 2081 774 reprime-

449 807 538 857 ret
562 816 804 867 errores,
837 804 935 855 aut
966 804 1361 871 compensaret
1389 798 1588 854 officiis
1616 796 1891 852 invidiam
1924 795 2084 866 ﬂagi-

452 896 687 951 tiorum.
720 894 857 959 Qua:
898 895 943 949 si
982 893 1052 948 ab
1096 910 1164 948 eo
1205 892 1589 958 divelleretur,
1628 890 1852 946 nullum
1893 906 2081 945 reme-

2185 705 2389 761 merito
2444 722 2545 761 sua
2596 706 2781 764 studia
2831 706 3135 776 formabat,
3186 711 3251 762 ut
3295 707 3588 779 adjunctior
3630 720 3745 770 esset

2187 799 2515 871 Antipatro;
2545 800 2933 855 Alexandrum
2967 801 3109 856 dolis
3139 805 3308 873 atque
3338 801 3537 858 insidiis
3558 807 3749 862 circum-

2188 893 2437 961 veniret,
2492 893 2761 949 familiari
2822 894 3006 966 specie
3067 901 3378 967 utrumque
3435 913 3746 969 exasperans;

453 988 611 1043 dium
644 988 761 1044 viro
790 988 1073 1055 futurum,
1106 986 1245 1059 quin
1286 1002 1542 1057 praeceps
1582 985 1641 1039 in
1679 1001 1850 1040 omne
1888 988 2085 1039 rueret
2186 988 2346 1042 illum
2374 988 2745 1059 praerogativa
2773 989 2955 1043 astatis
2986 1005 3161 1061 regno
3191 989 3459 1058 debitum,
3487 990 3639 1047 istum
3659 1010 3754 1048 ma~

456 1082 634 1138 nefas.
682 1081 963 1137 Molliores
1009 1081 1161 1135 enim
1211 1080 1339 1134 fieri
1386 1079 1565 1135 solere
1609 1078 1891 1133 scelerum
1938 1094 2081 1148 praz-
2186 1081 2332 1136 terni
2363 1081 2589 1153 generis
2614 1082 2917 1153 praeditum
2949 1082 3260 1149 nobilitate,
3275 1082 3402 1153 jure
3427 1085 3753 1157 superiorem;

454 1175 828 1248 sumptiones,
872 1191 1000 1246 quin
1046 1173 1373 1229 domesticis
1416 1171 1708 1227 affectibus
1748 1188 2083 1227 revocaren-
2188 1190 2375 1246 neque
2421 1191 2550 1230 cum
2592 1175 2878 1230 vilissimae
2920 1175 3259 1247 corruptelas
3304 1176 3535 1248 pignore
3577 1180 3757 1250 aequale

453 1276 567 1325 tur.
609 1270 710 1324 Vix
755 1267 987 1324 tandem
1027 1267 1340 1322 Archelaus
1384 1265 1644 1334 inﬂexus,
1690 1265 2088 1321 reconciliatur
2189 1268 2267 1323 illi
2311 1268 2681 1324 consortium.
2723 1269 2935 1333 Quibus
2982 1275 3181 1341 captus
3222 1270 3555 1338 Alexander,
3599 1276 3761 1344 utpote

455 1364 564 1435 ipsi
602 1378 837 1435 genero,
869 1367 1040 1433 atque
1085 1360 1276 1416 eidem
1316 1359 1647 1415 reconciliat
1686 1364 1930 1431 patrem.
1973 1360 2087 1414 Hoc
2188 1362 2619 1433 adolescentior,
2647 1363 2745 1435 qui
2777 1362 3165 1418 delectaretur
3197 1364 3287 1418 his
3324 1380 3447 1435 quas
3483 1364 3764 1422 dicerentur

454 1457 690 1513 coasilio
716 1455 926 1527 eripuit
953 1471 1230 1527 generum
1260 1454 1408 1521 neci,
1439 1457 1501 1508 ut
1530 1470 1633 1525 pro
1661 1453 1923 1509 mercede
1946 1452 2088 1508 acci-
2188 1456 2314 1526 sibi,
2352 1473 2464 1511 non
2504 1457 2887 1528 perpenderet
2913 1456 3032 1524 illa,
3073 1473 3201 1528 qua:
3231 1474 3428 1512 rursus
3461 1458 3527 1513 de
3562 1475 3615 1515 se
3640 1461 3766 1530 apud

454 1555 616 1623 peret
639 1550 761 1621 ejus
785 1548 1225 1617 absolutionem,
1245 1548 1385 1603 dum
1412 1547 1790 1603 condemnare
1818 1563 1877 1602 se
1900 1547 2087 1618 potius
2187 1550 2549 1621 Antipatrum
2587 1555 3086 1622 componerentur,
3123 1550 3328 1607 effudit
3365 1568 3480 1607 sese
3516 1568 3764 1608 mercena-

454 1643 703 1711 simulat,
735 1658 911 1715 quam
942 1641 1305 1697 intervenire.
1335 1643 1443 1697 Pro
1483 1657 1603 1712 quo
1638 1640 1683 1695 si
1721 1640 2084 1696 interceden-
2188 1645 2272 1700 rio
2303 1644 2591 1716 Antipatri
2630 1649 2686 1700 et
2715 1644 2997 1716 proditori
3034 1662 3155 1714 suo,
3183 1645 3518 1718 aperuitque
3553 1654 3769 1702 mentem

455 1737 595 1793 dum
630 1742 903 1809 putasset,
933 1736 1087 1790 haud
1118 1735 1292 1790 dubie
1333 1735 1474 1790 nihil
1506 1735 1882 1806 impetrasset.
1910 1732 2085 1789 Addi-
2112 1807 2147 1811 _
2188 1738 2403 1794 lubrico
2456 1738 2693 1810 ingenio
2751 1738 3078 1810 aﬂ‘ectuque
3129 1740 3388 1807 incauto,
3441 1746 3645 1811 patrem
3689 1741 3772 1795 sibi

455 1831 539 1886 dit
563 1807 825 1903 oportere
850 1846 982 1885 eum
1010 1830 1246 1884 Romam
1275 1844 1516 1901 pergere
1540 1831 1848 1900 purgatum
1875 1827 1946 1883 ab
1976 1827 2084 1895 his,
2109 1807 2164 1879 Β
2187 1836 2481 1889 auctorem
2523 1807 2810 1888 inalorum
2851 1807 3225 1904 conquerens,
3272 1833 3375 1904 qui
3418 1807 3650 1889 matrem
3690 1834 3773 1888 sibi

455 1941 583 1997 qua:
613 1931 779 1997 pater
803 1924 861 1978 in
890 1940 958 1978 eo
986 1926 1423 1994 suspectaverat,
1451 1921 1722 1994 quoniam
1750 1921 1943 1976 omnia
1967 1921 2086 1992 ipse
2189 1926 2486 1999 eripuerit,
2517 1942 2764 1998 regnum
2792 1926 3217 1996 decoloraverit,
3248 1927 3407 1999 quod
3437 1927 3541 1982 sibi
3568 1928 3634 1983 ab
3674 1943 3774 1995 avo,

456 2018 767 2089 δοτίρείδεθῐ
796 2018 1019 2074 εδεεθΐί·
1049 2016 1209 2080 Quod
1238 2031 1402 2087 εείῖιιθ
1433 2015 1814 2087 οοῐηροείὶυω
1845 2031 1996 2082 1⁵801⁸,
2027 2018 2088 2068 υἱ
2188 2021 2509 2092 veterisque
2551 2020 2835 2093 prosapiae
2877 2020 3071 2076 infulis
3111 2020 3376 2076 debitum
3423 2022 3607 2093 cupiat
3645 2038 3774 2077 aver-

455 2114 565 2168 hOC
610 2127 820 2183 genere
865 2110 1205 2192 Alexander,
1247 2125 1379 2164 cum
1423 2125 1482 2163 se
1521 2114 1843 2181 Ρυτεαεεθι,
1882 2108 2085 2163 Camiri
2187 2121 2335 2183 tere;
2367 2113 2619 2169 fraudari
2647 2114 2940 2185 legitimos
2960 2114 3091 2185 jure
3126 2114 3518 2183 successionis,
3550 2114 3775 2186 praeferri

456 2204 988 2273 commendaretur,
1024 2208 1197 2275 atque
1241 2201 1525 2275 Antipatri
1568 2208 1780 2274 parata
1821 2201 2087 2256 fratribus
2186 2209 2449 2281 spurium
2503 2207 2683 2280 stupri
2735 2208 3027 2277 mercede;
3081 2208 3183 2264 sed
3236 2225 3360 2264 non
3414 2209 3509 2265 diu
3557 2209 3781 2281 quietura

455 2298 676 2354 insidia
702 2301 1077 2369 patescerent.
2181 2301 2398 2372 judicia
2435 2301 2557 2370 Dei,
2591 2307 2654 2356 ut
2692 2301 2793 2372 qui
2828 2317 3064 2356 uxorem
3100 2301 3467 2358 innocentem
3502 2307 3778 2365 necaverat,

1072 2391 1295 2447 CAPUT
1335 2391 1462 2446 XLI.
2186 2411 2300 2450 non
2328 2395 2498 2450 etiam
2525 2394 2644 2466 ipse
2670 2410 2917 2466 propere
2948 2400 3144 2466 parato
3171 2411 3276 2466 per
3305 2396 3608 2467 conjugem
3633 2396 3781 2466 impe-

528 2486 642 2541 Hoc
687 2485 922 2541 consilio
965 2486 1150 2540 soluta
1188 2484 1356 2539 factio
1403 2488 1460 2538 et
1500 2482 1792 2538 conversio
1834 2482 1983 2538 facta
2023 2484 2084 2538 in
2187 2488 2271 2543 rio
2300 2488 2753 2544 defraudaretur.
2790 2488 2931 2552 Qum
2970 2489 3088 2544 sine
3130 2505 3295 2544 mora
3331 2491 3516 2544 Lacon
3549 2490 3614 2544 ad
3645 2488 3782 2543 Anti-

456 2579 736 2647 lmtitiam,
774 2579 1120 2634 instauratur
1157 2577 1481 2634 convivium
1518 2577 1579 2631 in
1611 2575 1887 2631 indicium
1925 2577 2085 2631 initer.
2185 2588 2415 2654 patrum
2460 2582 2773 2652 deferebat,
2821 2581 3210 2638 circumvento
3255 2584 3436 2638 etiam
3482 2583 3783 2647 Aristobulo,

456 2672 948 2741 reconciliationis,
980 2673 1140 2744 cujus
1178 2676 1438 2727 auctores
1474 2670 1781 2727 Archelaus
1814 2671 1921 2740 (5!)
1958 2687 2080 2742 sep-
2188 2681 2249 2731 ut
2295 2676 2555 2747 ejusdem
2607 2674 2985 2747 querimonias
3035 2677 3251 2748 laqueis
3302 2677 3700 2743 innecteretur,
3740 2678 3784 2727 et

458 2767 717 2839 tuaginta
754 2766 988 2835 talenta,
1030 2770 1088 2821 et
1126 2765 1299 2821 sedile
1335 2780 1576 2819 aureum
1619 2763 1864 2837 gemmis
1903 2764 2081 2835 insig-
2185 2770 2369 2842 pretio
2414 2773 2741 2826 coacervata
2786 2771 2909 2842 regi
2951 2770 3295 2838 insinuabat,
3343 2771 3558 2837 dicens,
3598 2769 3788 2824 silentio

2185 2880 2243 2920 se
2269 2879 2533 2936 premere
2573 2864 2889 2937 nequivisse
2922 2871 3041 2918 tam
3070 2864 3327 2920 immane
3365 2864 3599 2931 facinus,
3628 2869 3679 2918 et
3703 2878 3786 2933 pro

2187 2958 2420 3029 hospitii
2475 2974 2715 3013 munere
2772 2958 3016 3030 gratiam
3065 2975 3124 3012 se
3178 2957 3323 3013 lucis
3380 2963 3787 3030 repraesentare,

2186 3069 2358 3124 quam
2402 3058 2660 3123 ereptum
2712 3052 2794 3107 ire
2838 3051 2940 3106 ﬁlii
2986 3056 3320 3124 pergerent,
3369 3069 3512 3124 quos
3556 3052 3657 3105 nisi
3694 3051 3787 3120 ipse

2187 3146 2547 3201 simulatione
2585 3145 2804 3201 consilii
2836 3146 3103 3201 fidelioris
3138 3146 3541 3214 revocavisset,
3564 3146 3677 3216 jam
3705 3142 3789 3198 du-

2186 3240 2322 3295 dum
2373 3239 2671 3295 Alexandri
2728 3238 2917 3310 gladio
2969 3238 3341 3294 interfectum
3397 3245 3636 3312 patrem,
3680 3253 3788 3307 reg-

2186 3349 2441 3405 numque
2492 3333 2746 3405 indignis
2797 3332 3119 3388 haaredibus
3164 3333 3586 3389 vacuefactum.
3630 3333 3792 3402 Neque

2185 3426 2504 3482 Alexandro
2542 3426 2804 3499 religioni
2840 3443 2967 3484 esse
2997 3426 3406 3498 parricidalem
3439 3426 3788 3489 atrocitatem,

2185 3522 2282 3593 qui
2319 3521 2553 3576 maximi
2595 3520 2821 3576 sceleris
2862 3521 2988 3576 loco
3027 3520 3280 3589 duceret,
3315 3522 3474 3593 quod
3513 3521 3687 3576 adhuc
3723 3517 3791 3573 avi

2185 3615 2497 3687 matrisque
2534 3631 2737 3670 necem
2773 3615 3014 3669 inultam
3044 3614 3303 3671 haberet.
3334 3614 3639 3670 Conveniri
3667 3629 3718 3667 se
3741 3627 3791 3665 ac

2185 3708 2485 3779 perurgeri
2519 3714 2951 3780 peremptorum
2983 3708 3251 3780 querelis,
3285 3715 3351 3764 ut
3380 3713 3499 3763 tam
3532 3711 3688 3763 atrox
3712 3708 3789 3760 lla-

2186 3802 2390 3873 gitium
2425 3802 2814 3857 ulcisceretur.
2846 3801 3045 3857 Deberi
3075 3802 3178 3856 sibi
3219 3802 3466 3857 inferias
3493 3802 3792 3857 interfecto-

2186 3912 2311 3950 rum
2357 3895 2534 3966 exigi,
2568 3895 3099 3967 successionemque
3140 3912 3348 3951 eorum
3397 3912 3519 3952 non
3565 3897 3794 3967 oportere

2185 3989 2584 4059 contaminari,
2617 3995 2681 4045 ut
2714 3990 2784 4044 ab
2823 4005 2892 4044 eo
2933 3990 3030 4061 qui
3069 3990 3324 4061 maiores
3364 4006 3570 4045 eorum
3602 3988 3793 4043 occide-

2185 4086 2272 4139 rat
2300 4100 2543 4155 regnum
2582 4082 3023 4154 adipisceretur;
3063 4088 3484 4139 renovaturum
3526 4101 3584 4139 se
3608 4080 3794 4155 judicia

2182 4177 2435 4245 Catsaris,
2487 4192 2605 4231 non
2659 4176 2831 4231 simili
2887 4183 2947 4230 ut
3002 4182 3156 4246 ante,
3210 4178 3552 4247 reverentia,
3604 4175 3697 4231 sed
3744 4176 3795 4226 ut

457 2861 642 2915 nitum
677 2878 690 2915 :
732 2860 893 2915 electi
934 2875 1161 2932 quoque
1205 2858 1454 2915 eunuchi
1493 2858 1669 2930 regali
1707 2857 2086 2913 conferuntur

454 2953 899 3027 magnificentia,
943 2958 1002 3008 et
1044 2952 1358 3008 concubina
1393 2952 1504 3024 (cui
1542 2950 1800 3007 Panichis
1833 2951 1940 3022 (52)
1977 2967 2082 3006 no-

456 3064 591 3104 men
624 3048 771 3117 erat)
796 3048 948 3104 dono
977 3047 1160 3114 datur,
1194 3050 1366 3117 atque
1403 3045 1695 3117 accipitur.
1728 3044 2003 3100 Similiter
2031 3049 2087 3100 et

454 3141 791 3215 propinqui,
832 3141 1057 3195 monitu
1096 3140 1270 3211 regis,
1309 3138 1633 3194 clarissimis
1673 3138 1835 3193 donis
1875 3139 2081 3195 Arche-

454 3237 613 3291 laum
672 3233 1157 3301 munerabantur,
1211 3249 1319 3287 nec
1370 3231 1671 3303 quisquam
1718 3232 2085 3289 familiarium

456 3328 578 3399 ejus
609 3344 801 3382 exsors
832 3326 1085 3382 muneris
1123 3325 1229 3381 fuit
1262 3343 1274 3381 :
1305 3325 1511 3398 quibus
1540 3326 1806 3381 omnibus
1837 3326 2085 3381 Herodes

455 3438 559 3494 pro
584 3420 1023 3493 uniuscujusque
1047 3419 1262 3475 meritis
1283 3420 1527 3491 plurima
1546 3418 1934 3490 impertiebat.
1958 3421 2085 3474 Pro-

455 3520 682 3571 secutus
726 3520 807 3570 est
857 3515 1030 3570 etiam
1079 3531 1208 3569 cum
1256 3514 1580 3586 potentibus
1623 3514 1740 3569 suis
1786 3531 1964 3585 usque
2012 3515 2105 3583 ad

456 3609 654 3666 urbem
678 3609 857 3682 Syrias
884 3608 1425 3681 splendidissimam,
1444 3608 1802 3663 Antiochiam
1831 3609 2081 3678 nomine,

452 3705 513 3759 in
562 3720 807 3776 regnum
850 3719 1017 3758 suum
1059 3703 1504 3775 regredientem.
1544 3703 1809 3757 Evaserat
1845 3702 2081 3756 Alexan-

455 3797 579 3869 der,
629 3797 734 3852 nisi
778 3814 836 3852 se
887 3797 1257 3852 immersisset
1300 3797 1359 3850 in
1404 3795 1660 3851 Judaeam
1707 3795 1791 3850 vir
1831 3795 2084 3852 Archelai

452 3892 665 3947 artibus
706 3892 875 3963 longe
908 3889 1288 3960 exercitatior,
1320 3889 1504 3945 Lacon
1547 3905 1781 3961 genere,
1821 3889 2084 3961 Eurycles

453 3986 705 4053 nomine,
728 3985 902 4040 nimie
923 3984 1163 4057 cupidus
1184 4000 1378 4055 opum,
1398 3999 1708 4054 earumque
1731 3998 1833 4055 pro
1856 3982 2084 4055 negotio

451 4083 832 4150 contemptor,
876 4079 970 4133 ubi
1018 4080 1231 4148 majora
1275 4076 1539 4148 potiundi
1579 4093 1710 4149 spes
1745 4076 2080 4148 refulgebat.

452 4171 706 4243 Denique
755 4188 871 4227 non
917 4174 1219 4226 contentus
1260 4170 1551 4225 Laconicis
1598 4170 1978 4239 facultatibus,
2024 4170 2082 4224 in

451 4264 760 4321 effusiones
801 4266 993 4336 regias
1034 4264 1292 4318 animum
1334 4262 1686 4331 intenderat,
1724 4263 2083 4335 venandique
2181 4270 2365 4325 Cmam
2390 4271 2509 4342 ipse
2539 4276 2902 4342 cognosceret
2925 4272 3115 4325 omnia
3150 4277 3379 4347 secreta
3417 4271 3592 4343 regis,
3618 4266 3793 4343 quaesi-

453 4360 655 4416 artifex
696 4358 980 4415 Herodem
1014 4358 1124 4428 (53)
1151 4357 1403 4429 antiquis
1439 4357 1645 4429 opimis
1682 4357 1920 4412 adorsus
1954 4374 2076 4412 mu-
2184 4366 2267 4419 tas
2293 4364 2574 4436 sanguine
2600 4380 2757 4435 opes,
2789 4364 3135 4437 provinciam
3162 4365 3603 4431 labefactatam;
3630 4376 3795 4434 reper-

452 4454 702 4524 neribus,
734 4452 1186 4509 remunerationi
1219 4451 1587 4524 amplissima:
1615 4451 1801 4506 locum
1832 4452 2075 4523 paravit;
2181 4463 2374 4513 turum
2399 4457 2513 4528 (54)
2538 4475 2596 4514 se
2629 4457 2700 4513 ab
2730 4458 2926 4513 inferis
2961 4474 3151 4526 avum,
3181 4460 3500 4532 matrisque
3530 4454 3792 4514 acerbissi-

451 4548 732 4621 Ιοηεθίιιιε
769 4547 1025 4603 Uberior“
1057 4562 1229 4619 quam
1263 4546 1563 4609 οδῑυιθνδῑν
1597 4546 1856 4617 adeptus,
1887 4550 2078 4600 tamen
2099 4548 2158 4619 D
2185 4568 2339 4607 mam
2371 4568 2570 4608 necem
2602 4551 3148 4619 demonstraturum,
3177 4557 3244 4607 ut
3276 4570 3576 4609 successor
3600 4552 3794 4606 alienus

452 4659 565 4697 non
593 4641 925 4709 satiabatur,
957 4640 1062 4695 nisi
1093 4640 1341 4696 cruentis
1378 4643 1550 4711 atque
1590 4638 1779 4711 impiis
1814 4639 2080 4695 factioni-

448 4737 555 4792 bus
596 4735 839 4808 gratiam
883 4733 987 4789 sibi
1033 4734 1185 4805 regis
1226 4739 1629 4790 cmercaretur.
1678 4736 1875 4805 Itaque
1922 4750 2081 4788 more

448 4829 701 4903 quodam
747 4844 968 4899 usuque
1004 4828 1214 4882 Graecis
1243 4827 1506 4883 familiari
1539 4844 1742 4899 regem
1772 4827 2077 4896 adulando,

448 4922 947 4995 prtedicandisque
976 4920 1247 4977 omnibus
1275 4922 1417 4991 ejus,
1449 4938 1561 4976 non
1590 4922 1772 4975 solum
1796 4938 1924 4993 quae
1957 4922 2078 4976 lau-

447 5018 533 5074 dis
573 5018 778 5084 aliena,
811 5015 910 5070 sed
942 5015 1115 5070 etiam
1149 5015 1403 5070 involuta
1437 5015 1584 5070 vitiis
1618 5015 1828 5083 forent,
1856 5016 1913 5069 in
1947 5016 2076 5070 inti-

447 5128 602 5167 mam
648 5112 771 5182 ejus
809 5109 1123 5164 amicitiam
1162 5108 1320 5164 brevi
1366 5108 1645 5181 pervenit,
1687 5112 1749 5163 ut
1784 5109 1937 5164 inter
1971 5110 2079 5180 pri-

448 5222 574 5260 mos
621 5207 975 5260 secretorum
1029 5203 1273 5258 arbitros
1318 5202 1631 5274 eligeretur
1676 5220 1688 5256 :
1736 5203 2078 5274 astipulante

449 5299 619 5354 etiam
668 5298 867 5371 patriae
916 5297 1316 5370 praerogativa,
1358 5295 1505 5368 quod
1551 5296 1857 5367 Spartiatas
1896 5297 2077 5352 Judaei

449 5398 694 5463 cognato
714 5392 820 5447 sibi
850 5408 1060 5465 genere
1083 5392 1394 5463 copulatus,
1417 5406 1522 5462 pro
1543 5389 1815 5444 fratribus
1843 5390 2073 5446 habent.

448 5486 502 5539 Is
533 5485 622 5539 ubi
666 5487 840 5557 regiae
879 5485 1084 5541 domus
1125 5485 1254 5540 vitia
1283 5484 1568 5555 cognovit,
1599 5489 1920 5554 suspectum
1953 5487 2072 5539 ani-

509 5642 608 5699 (5!)
632 5641 750 5690 V'et.
784 5642 930 5701 cod.,
962 5642 1172 5692 auctori
1196 5640 1470 5692 Archelao.
1509 5642 1685 5692 Baua.

509 5713 603 5772 (5'3)
645 5711 782 5763 Cod.
828 5718 959 5772 vet.,
1011 5712 1289 5763 Panuchis.
1326 5712 1626 5777 Josephus,
1672 5712 1985 5775 Pannichis;
2020 5717 2076 5763 et

442 5798 540 5851 per
565 5798 597 5848 υ
624 5782 793 5835 scribi
819 5782 999 5844 debet,
1028 5796 1157 5833 cum
1180 5785 1369 5833 veniat
1393 5797 1421 5832 ο
1443 5784 1688 5836 dictione
1718 5784 1913 5836 Grmca
1946 5798 2074 5850 quas

442 5854 915 5921 pernoctationem
943 5851 1235 5914 signiﬁcat.
1268 5855 1345 5902 lo.

2184 4646 2240 4700 in
2271 4661 2516 4717 regnum
2544 4646 2766 4717 regium
2795 4645 3217 4717 subrogaretur.
3242 4648 3601 4703 Excitaverat
3623 4658 3791 4716 regem

2183 4739 2482 4811 Eurycles;
2523 4740 2819 4811 Antipater
2859 4743 3073 4807 tamen,
3114 4741 3277 4811 parvi
3320 4742 3613 4797 aestimans
3650 4738 3791 4793 unius

2182 4833 2635 4904 suggestionem,
2679 4833 2822 4889 alios
2871 4849 3102 4905 quoque
3150 4841 3517 4891 accusatores
3556 4830 3793 4889 fratribus

2182 4926 2548 4993 subornabat,
2597 4927 2695 4998 qui
2750 4927 3002 4983 dicerent
3046 4944 3177 4983 cum
3225 4930 3476 4984 ducibus
3531 4927 3789 5000 quondam

2182 5021 2463 5091 equestris
2499 5021 2779 5077 exercitus
2812 5022 3068 5077 Jocundo
3098 5027 3154 5077 et
3186 5023 3459 5094 Tyranno
3493 5032 3787 5077 sermonem

2180 5114 2413 5181 initum,
2446 5115 2786 5186 compositas
2818 5116 2941 5185 regi
2985 5115 3213 5171 insidias
3244 5116 3451 5172 dolore
3480 5111 3787 5172 decessionis

2180 5208 2321 5278 (55);
2349 5207 2408 5262 in
2444 5209 2754 5263 cervicibus
2792 5209 3129 5281 periculum,
3162 5210 3273 5265 nisi
3307 5216 3533 5266 mature
3565 5209 3781 5265 caveret.

2179 5301 2429 5374 Denique
2472 5318 2588 5357 non
2623 5303 2840 5358 distulit
2875 5303 3140 5374 Herodes,
3176 5303 3454 5377 illicoque
3495 5307 3676 5375 raptos
3709 5314 3779 5353 se-

2177 5410 2310 5450 vere
2335 5395 2691 5467 interrogat;
2724 5396 2825 5451 sed
2854 5396 2997 5452 nihil
3025 5396 3129 5463 illi,
3156 5396 3227 5452 de
3258 5398 3473 5469 quibus
3493 5393 3777 5469 argueban-

2176 5492 2290 5558 tur,
2322 5489 2562 5545 confessi
2586 5491 2971 5562 reperiuntur.
3003 5491 3072 5546 Et
3099 5490 3232 5563 quia
3266 5491 3506 5564 impune
3537 5496 3642 5546 tam
3667 5502 3776 5557 grn-

2241 5648 2335 5710 (53)
2364 5649 2532 5700 Deest
2559 5649 2682 5701 haec
2707 5648 2878 5701 dictio
2904 5651 2959 5701 in
2994 5663 3095 5700 ms.
3126 5651 3188 5701 In
3226 5651 3564 5717 quibusdam
3594 5648 3773 5713 passim

2176 5718 2378 5782 legitur
2403 5720 2691 5771 Archelaus
2720 5734 2818 5785 pro
2847 5722 3149 5786 Antipater.
3179 5722 3259 5771 lo.

2236 5790 2285 5843 (5
2296 5791 2333 5848 ι)
2364 5791 2736 5854 Repetiturum.
2771 5792 2850 5841 In.

2238 5862 2334 5923 (55)
2363 5860 2496 5912 Cod.
2534 5868 2641 5913 vet.
2679 5865 2976 5929 ascriptum
3005 5864 3197 5916 habuit
3220 5865 3572 5917 "recessionis.
3604 5863 3675 5914 In.
