4072 6192
512 242 648 297 2119

1966 238 2020 291 S.
2063 237 2376 294 AMBROSII

3692 249 3800 303 2l20

509 363 640 417 nitis
673 362 965 416 mentibus
1002 364 1173 415 tantae
1202 359 1494 430 tragoediae.
1535 360 1660 413 finis
1688 360 2139 430 exspectabatur.
2165 376 2221 447 Α
2245 363 2403 418 sidiis
2436 364 2804 435 deprehensis
2833 367 2992 418 motu
3033 363 3366 435 gravissimo
3409 365 3600 436 promit
3638 384 3805 439 quere-

504 457 769 521 Quamvis
797 456 972 511 ctiam
1004 459 1144 509 nota
1169 457 1316 509 esset
1347 453 1585 508 Herodis
1611 454 1934 524 crudelitas,
1972 471 2140 510 nemo

508 557 704 605 tamen
733 550 965 605 credere
1005 551 1246 620 poterat,
1277 548 1428 618 quod
1468 564 1642 619 usque
1671 548 1738 603 ad
1769 547 2139 619 parricidium

504 649 910 716 perseveraret.
942 646 1013 697 At
1043 642 1100 696 in
1146 642 1246 696 illo
1286 641 1462 696 eﬂ‘era
1492 641 1574 696 vis
1619 641 1798 697 animi
1841 659 1943 697 nec
1973 642 2139 712 mari,

507 755 610 794 nec
637 744 794 792 terra
832 736 1224 792 cohibebatur.
1256 737 1445 807 Itaque
1477 742 1756 808 tanquam
1794 753 1898 791 usu
1938 737 2138 792 trium-

505 833 828 904 phantium,
862 835 924 885 ut
949 847 1052 902 per
1078 830 1301 884 diversa
1325 829 1470 883 ﬁlios
1496 830 1770 896 traheret,
1794 831 2029 902 Tyrum,
2055 848 2143 884 ur—

505 926 637 980 bem
666 926 935 997 inclytam
969 924 1133 996 petit,
1163 924 1294 978 inde
1341 924 1398 977 in
1434 924 1744 978 Caesaream
1783 924 2138 990 transmittit,

508 1021 732 1090 navigio
769 1019 1155 1090 spectaculum
1196 1018 1468 1072 miserum
1517 1017 1806 1088 parricidii
1841 1017 2140 1073 circumfe-

508 1131 658 1182 rens,
699 1113 879 1167 donec
916 1112 1070 1166 color
1110 1112 1260 1166 ullus
1295 1111 1670 1166 acerbissimae
1710 1110 1862 1165 necis
1899 1111 2027 1165 ﬁliis
2055 1112 2138 1165 in-

508 1207 817 1261 veniretur.
866 1205 1192 1260 Movebatur
1241 1205 1424 1258 omnis
1474 1205 1775 1273 exercitus,
1815 1205 1908 1260 sed
1958 1211 2144 1260 metus

508 1300 970 1372 indignationem
1003 1299 1320 1370 premebat.
1346 1300 1476 1353 Erat
1506 1299 1560 1352 in
1586 1298 1837 1353 exercitu
1865 1299 2026 1370 regio
2060 1315 2142 1354 ve-

507 1395 641 1448 teris
676 1393 889 1448 militiaa
926 1392 1011 1446 vir
1045 1393 1191 1463 Tyro
1245 1393 1502 1459 nomine,
1535 1392 1716 1446 ﬁlium
1747 1392 1962 1447 habens
2007 1409 2139 1447 con-

499 1489 766 1557 junctum
797 1485 1135 1551 Alexandro,
1174 1485 1706 1557 indulgentissimus
1743 1492 1925 1556 pater,
1970 1493 2140 1557 atque

507 1581 576 1634 ob
615 1597 679 1635 ea
707 1580 930 1651 pignori
964 1579 1193 1645 charus,
1225 1578 1494 1648 quoniam
1536 1578 1830 1650 popularis
1870 1579 2139 1649 quaedam

504 1674 729 1745 pietatis
763 1677 848 1727 est
878 1673 1085 1744 gratia,
1119 1676 1176 1727 et
1205 1673 1454 1727 maxime
1480 1672 1540 1727 in
1566 1688 1696 1727 suos
1731 1672 1861 1726 illex
1895 1672 2142 1727 dilectio-

2244 456 2380 524 lam,
2404 461 2576 528 atque
2604 457 2664 512 in
2686 459 2928 512 mortem
2957 473 3157 512 eorum
3180 456 3405 528 plebem
3426 458 3634 528 excitat,
3649 461 3808 533 ibique

2242 551 2385 621 Tyro
2423 567 2554 606 cum
2580 551 2696 605 ﬁlio
2734 550 2949 622 pariter
2978 553 3147 622 atque
3178 555 3407 606 tonsore
3431 552 3562 608 saxis
3599 569 3656 607 ac
3689 555 3815 610 fusti-

2243 645 2349 698 bus
2378 644 2819 700 interﬁciuntur.

2851 785 3073 840 CAPUT
3119 784 3293 838 XLII.

2314 909 2634 980 Alexander
2663 940 2891 995 quoque
2921 931 2980 978 et
3007 923 3366 978 Aristobulus
3391 923 3538 976 missi
3564 923 3632 978 ad
3656 924 3822 978 urbem

2244 1018 2512 1074 Sebasten
2552 1035 2679 1089 quae
2719 1034 2832 1072 non
2875 1017 3046 1088 longe
3087 1017 3289 1071 aberat
3334 1015 3405 1070 ab
3436 1016 3565 1070 urbe
3590 1015 3828 1086 Caesarea,

2244 1113 2677 1184 strangulantur
2709 1112 2957 1182 imperio
2997 1110 3195 1181 patris.
3231 1112 3391 1164 Hunc
3418 1111 3584 1166 ﬁnem
3613 1111 3828 1165 habuere

2247 1206 2344 1260 lilii
2371 1205 2725 1273 Mariamnes,
2757 1221 3011 1276 quorum
3039 1204 3274 1259 interitu
3305 1220 3418 1258 non
3448 1204 3670 1276 longum
3701 1205 3827 1258 laeta-

2244 1306 2353 1368 tus,
2387 1300 2808 1354 successionem
2837 1299 2941 1352 sibi
2987 1299 3218 1354 remotis
3253 1298 3365 1351 illis
3400 1297 3682 1369 Antipater
3705 1299 3831 1352 haud

2246 1393 2414 1449 dubie
2443 1394 2884 1460 blandiebatur;
2918 1393 3016 1447 sed
3053 1393 3112 1446 in
3155 1408 3286 1447 eum
3319 1392 3491 1446 totius
3525 1391 3697 1462 gentis
3723 1407 3834 1446 mox

2245 1504 2358 1542 non
2393 1489 2510 1542 leve
2551 1488 2747 1542 odium
2790 1487 3014 1555 exarsit,
3039 1487 3176 1557 quia
3213 1486 3370 1557 apud
3409 1502 3602 1540 omnes
3640 1486 3836 1556 patebat

2244 1582 2364 1652 ejus
2414 1581 2660 1636 factione
2715 1581 2922 1635 fratres
2971 1579 3323 1634 occubuisse.
3385 1578 3651 1634 Successit
3693 1577 3834 1632 etiam

2244 1691 2359 1729 non
2391 1675 2693 1729 mediocris
2731 1674 2905 1730 timor
2931 1673 3342 1742 consideranti,
3368 1689 3539 1745 quam
3582 1672 3836 1742 multiplex

507 1768 612 1823 nis.
663 1767 822 1824 Circa
864 1767 1252 1820 adolescentes
1295 1783 1521 1837 quoque
1565 1767 1708 1821 filios
1756 1766 1908 1837 regis
1950 1749 2218 1822 studioB
2245 1770 2302 1824 in
2355 1769 2474 1825 dies
2523 1769 2866 1824 adolesceret
2916 1769 3350 1823 interfectorum
3409 1766 3688 1838 prosapia,
3733 1780 3837 1818 cum

510 1861 867 1934 propensior,
896 1861 1046 1932 quod
1075 1861 1145 1913 ab
1186 1860 1277 1914 his
1306 1876 1440 1913 suus
1468 1860 1616 1914 ﬁlius
1647 1861 2004 1930 diligeretur.
2037 1859 2140 1924 Qui

509 1972 675 2027 supra
745 1955 980 2010 modum
1049 1957 1324 2026 concepta
1387 1953 1818 2024 indignatione,
1883 1953 2142 2008 turbatus

508 2049 684 2103 animi
714 2047 1013 2103 vociferari
1039 2047 1226 2118 coepit,
1257 2047 1500 2118 opprimi
1516 2047 1825 2118 justitiam,
1850 2046 2138 2101 veritatem

511 2143 749 2209 excludi,
781 2140 997 2195 aboleri
1029 2140 1392 2211 religionem,
1424 2141 1694 2195 confundi
1724 2141 1856 2210 jura
1896 2141 2138 2194 necessi-

513 2235 795 2302 tudinum,
831 2241 1046 2289 natura!
1087 2236 1353 2305 gratiam,
1397 2234 1749 2306 superfluere
1787 2234 2138 2305 iniquitates.

510 2329 592 2384 Ad
622 2334 979 2400 postremum
1011 2328 1069 2381 in
1099 2345 1160 2382 os
1189 2327 1363 2400 ipsius
1388 2327 1538 2398 regis
1566 2327 1960 2399 progrediens,
1986 2326 2142 2397 inge-

508 2423 669 2477 rebat
697 2422 973 2476 miserum
1001 2438 1120 2475 esse
1164 2423 1344 2488 illum,
1378 2420 1476 2492 qui
1511 2421 1813 2475 adversum
1842 2420 1987 2475 filios
2013 2438 2141 2475 suos

507 2516 856 2571 credendum
887 2515 1325 2586 improbissimis
1357 2515 1736 2570 arbitraretur
1769 2533 1780 2568 :
1824 2515 2136 2570 Pheroram

510 2615 566 2665 et
606 2610 873 2664 Salomen
906 2609 1129 2664 consilii
1163 2608 1403 2663 arbitros
1438 2610 1611 2679 regis.
1645 2609 1828 2674 Quam
1866 2608 2040 2663 ﬁdem
2071 2608 2140 2662 ab

509 2705 597 2758 his
630 2704 828 2758 referri
861 2719 1045 2774 posse,
1070 2703 1167 2774 qui
1193 2719 1252 2757 se
1281 2702 1694 2758 condemnatos
1721 2703 1925 2774 capitis
1954 2720 1985 2755 a
2007 2719 2140 2774 rege

509 2797 975 2869 frequentissime
1008 2796 1508 2868 recognoscebant,
1544 2799 1642 2851 aut
1682 2797 1819 2868 quid
1855 2812 1954 2852 eos
1986 2795 2140 2850 aliud

511 2909 705 2963 agere,
741 2891 846 2946 nisi
875 2891 1174 2946 consulere
1200 2890 1484 2957 vindictaa,
1510 2893 1570 2944 ut
1598 2890 1904 2944 destitutus
1927 2889 2142 2944 idoneis

512 2984 927 3041 successoribus
955 2983 1029 3039 ad
1054 3000 1240 3038 unum
1273 2983 1571 3038 inclinaret
1599 2983 1818 3037 caeteris
1856 2982 2139 3037 inﬁrmio-

512 3081 678 3135 rem?
725 3079 833 3143 Qui
885 3078 1044 3132 facile
1096 3077 1531 3143 subduceretur,
1584 3077 1731 3149 quod
1784 3077 1899 3148 ipse
1951 3075 2143 3147 regius

510 3173 785 3229 exercitus
827 3173 960 3228 odio
1006 3174 1412 3243 persecuturus
1451 3174 1599 3225 esset
1648 3187 1800 3240 eum,
1851 3170 1938 3224 cui
1989 3186 2143 3224 mors

514 3269 697 3322 soluta
726 3269 876 3322 esset
903 3266 1147 3320 fratrum
1183 3265 1449 3320 duorum.
1485 3263 1781 3319 Neminem
1820 3281 1939 3318 esse
1969 3280 2138 3334 quem

514 3378 628 3417 non
665 3360 912 3416 innoxiae
953 3360 1136 3413 (etatis
1171 3362 1436 3430 tangeret
1482 3358 1886 3413 misericordia.
1926 3359 2138 3411 Pleros-

514 3472 624 3527 que
664 3461 854 3510 autem
900 3455 1108 3509 ducum
1157 3453 1611 3523 indignationem
1661 3469 1821 3506 suam
1865 3468 1977 3506 non
2019 3452 2141 3522 jam

512 3565 797 3622 premere,
828 3547 925 3603 sed
967 3547 1280 3617 divulgare.
1323 3547 1572 3610 Quorum
1605 3545 1875 3600 vocabula
1902 3547 2140 3612 locutus,

511 3645 684 3699 ﬁnem
711 3643 935 3698 dicendi
965 3641 1115 3696 fecit.
1159 3640 1374 3704 Quibus
1404 3640 1552 3695 illico
1595 3657 1724 3694 cum
1754 3641 1976 3710 'l‘yrone
2015 3655 2139 3693 cor-

510 3738 706 3809 reptis,
733 3737 1000 3807 Tryphon
1037 3753 1100 3788 ex
1151 3734 1430 3788 ministris
1464 3735 1608 3788 aulas
1642 3733 1839 3804 regiae,
1883 3733 1972 3786 cui
2013 3737 2139 3787 ton-

512 3831 682 3887 dendi
717 3848 806 3885 ars
846 3836 1013 3900 atque.
1057 3846 1187 3883 usus
1223 3827 1630 3899 suppeditaret,
1675 3827 1860 3881 subito
1899 3827 2140 3898 quadam

514 3926 691 3981 animi
736 3924 985 3979 vanitate
1033 3922 1308 3977 indicium
1353 3922 1441 3975 sui
1487 3921 1622 3976 facit
1669 3921 2056 3991 compositum
2110 3938 2143 3973 a

512 4020 731 4091 Tyrone
779 4034 1057 4086 asserens,
1117 4016 1333 4087 sibique
1386 4032 1739 4086 persuasum,
1797 4019 1850 4069 ut
1898 4032 2023 4068 cum
2075 4032 2140 4069 ex

516 4129 674 4168 more
715 4112 957 4166 barbam
1011 4110 1217 4165 Herodi
1256 4109 1503 4174 raderet,
1544 4109 1877 4163 novaculam
1925 4109 2141 4179 gutturi

514 4207 634 4277 ejus
677 4205 1058 4276 imprimeret,
1104 4221 1216 4275 quo
1257 4207 1559 4274 perageret
1600 4218 1798 4256 necem
1835 4219 1847 4256 :
1885 4202 2056 4274 idque
2094 4202 2142 4257 ei

513 4300 765 4354 maximo
823 4299 1212 4353 emolumento
1268 4298 1421 4364 fore,
1479 4297 1629 4367 quod
1684 4295 1753 4350 de
1807 4297 2146 4351 muneribus

511 4394 816 4450 Alexandri
862 4393 1242 4464 polliceretur.
1295 4389 1574 4445 Statuitur
1621 4391 1764 4460 Tyro
1818 4407 1943 4444 cum
1991 4390 2141 4459 ﬁlio;

2162 3123 2217 3196 C

2245 1862 2558 1918 Alexander
2601 1879 2668 1917 ex
2713 1861 3005 1933 Glaphyra
3057 1861 3278 1933 genitos
3324 1861 3432 1915 sibi
3478 1859 3761 1930 Tigranem
3797 1863 3840 1912 et

2242 1957 2628 2012 Alexandrum
2671 1956 2820 2010 ﬁlios
2866 1954 3285 2026 dereliquisset,
3313 1953 3636 2009 Aristobulo
3666 1969 3724 2007 ex
3759 1953 3838 2005 Be-

2243 2050 2437 2105 ronice
2493 2049 2750 2106 Salomes
2801 2048 2936 2118 ﬁlia,
2990 2048 3241 2103 Herodes
3285 2051 3344 2102 et
3404 2047 3652 2118 Agrippa
3705 2050 3843 2116 atque

2243 2144 2594 2200 Aristobulus
2635 2143 2965 2214 superstites
3006 2146 3314 2197 manerent
3354 2160 3364 2196 :
3424 2140 3688 2196 Herodias
3727 2155 3841 2210 quo-

2242 2254 2351 2309 que
2382 2243 2437 2292 et
2465 2238 2807 2304 Mariamne,
2841 2236 2996 2303 ﬁliaa,
3041 2253 3180 2308 quas
3209 2252 3375 2290 sexus
3413 2251 3526 2290 non
3559 2233 3844 2306 impediret,

2243 2335 2300 2385 et
2330 2331 2496 2402 regni
2523 2330 2736 2402 cupido
2781 2329 3117 2402 exagitaret.
3147 2329 3318 2394 Queis
3345 2329 3522 2385 rebus
3552 2326 3846 2400 perterritus

2241 2424 2563 2496 Antipater,
2596 2425 2656 2478 in
2689 2425 2892 2479 fraude
2932 2440 2995 2478 ac
3027 2424 3272 2478 versutia
3309 2439 3476 2494 spem
3517 2421 3846 2488 constituere,

2243 2523 2297 2572 et
2324 2519 2488 2573 donis
2510 2525 2564 2573 et
2592 2518 2936 2572 muneribus
2957 2517 3220 2588 singulos
3242 2517 3347 2571 sibi
3379 2516 3568 2588 magis
3592 2514 3848 2587 magisque

2244 2613 2648 2684 oppignerare,
2689 2611 2863 2666 etiam
2904 2610 3116 2666 amicos
3163 2614 3217 2666 et
3265 2610 3610 2666 domesticos
3651 2607 3851 2666 (lasseris

2242 2706 2456 2760 illicere
2483 2705 2556 2760 ad
2589 2705 2676 2759 sui
2707 2705 2946 2776 gratiam
2987 2705 3177 2776 pretio
3218 2704 3505 2759 tentabat.
3552 2703 3658 2760 Sed
3683 2704 3851 2757 contra

2244 2799 2324 2854 illi
2355 2799 2550 2868 etiam,
2583 2816 2712 2870 quae
2753 2799 2909 2854 domi
2949 2802 3131 2868 erant,
3166 2798 3224 2852 in
3253 2798 3562 2854 adversum
3593 2796 3850 2852 sedebant.

2243 2893 2382 2947 Nam
2424 2909 2522 2947 rex
2557 2892 2833 2963 paulatim
2863 2908 3130 2963 processu
3162 2892 3450 2962 temporis
3486 2907 3622 2962 erga
3647 2890 3853 2960 nepotes

2245 3003 2377 3041 suos
2405 2986 2736 3042 Alexandro
2780 2992 2836 3040 et
2876 2985 3194 3042 Aristobulo
3235 2986 3467 3055 genitos
3511 2983 3850 3044 molliebatur,

2245 3084 2303 3135 et
2333 3081 2466 3135 facti
2495 3079 2898 3151 paenitentiam
2926 3079 3346 3150 praetendebat,
3371 3097 3503 3134 cum
3528 3093 3719 3134 eorum
3743 3090 3847 3146 quo

2245 3191 2372 3229 rum
2407 3179 2675 3246 parentes
2703 3174 3004 3242 occiderat,
3037 3173 3432 3229 misereretur.
3468 3174 3714 3244 Denique
3741 3185 3851 3224 con-

2243 3268 2495 3339 gregatis
2525 3268 2725 3322 amicis
2751 3273 2807 3322 et
2834 3267 3109 3338 proximis
3138 3267 3272 3334 suis,
3305 3266 3564 3339 quadam
3592 3265 3680 3321 die
3707 3265 3854 3332 lacry-

2245 3360 2352 3415 mis
2396 3360 2640 3415 suffusus
2667 3377 2784 3424 ora,
2815 3360 2956 3415 dixit
2992 3360 3063 3415 ad
3097 3376 3195 3416 eos
3225 3377 3237 3414 :
3271 3361 3448 3416 Video
3479 3360 3622 3415 mihi
3659 3361 3854 3413 mtatem

2244 3454 2580 3526 procedere,
2628 3460 2684 3510 et
2723 3455 2843 3509 sine
2885 3455 3152 3526 lacrymis
3192 3455 3456 3525 aspicere
3501 3470 3617 3510 non
3655 3441 3853 3524 possum

2243 3549 2509 3618 parvulos
2527 3565 2632 3603 nos
2652 3548 2965 3602 infelicium
2990 3548 3253 3619 germina
3271 3554 3536 3619 patrum,
3555 3546 3753 3618 quibus
3770 3557 3855 3612 ego

2243 3658 2369 3696 sum
2397 3648 2594 3697 auctor
2623 3642 2855 3711 doloris,
2879 3657 2953 3696 ne
2984 3642 3176 3712 pejore
3206 3657 3305 3696 eos
3327 3641 3731 3712 derelinquam
3749 3651 3855 3691 con-

2245 3735 2481 3803 ditione,
2514 3753 2689 3808 quam
2722 3739 2990 3807 parentes
3015 3735 3252 3804 abstuli;
3282 3736 3381 3790 sed
3417 3735 3547 3790 illos
3573 3732 3710 3788 mihi
3734 3745 3856 3802 quae-

2244 3831 2373 3885 dam
2418 3829 2628 3901 eripuit
2671 3847 2966 3900 mrumna;
3013 3831 3116 3885 hos
3161 3828 3305 3883 mihi
3351 3829 3543 3900 magis
3585 3826 3854 3898 magisque

2244 3924 2619 3979 commendat
2647 3927 2853 3978 natura
2881 3929 2935 3978 et
2957 3922 3345 3978 misericordia
3370 3941 3382 3977 :
3413 3924 3613 3991 altera,
3638 3919 3760 3992 quia
3784 3931 3858 3970 nec

2247 4023 2426 4090 potes,
2452 4018 2651 4084 altera,
2675 4017 2810 4088 quia
2842 4017 3099 4072 destituti
3122 4016 3461 4086 parentibus
3487 4019 3639 4070 sunt.
3664 4015 3858 4068 Errave-

2246 4117 2380 4167 runt
2402 4112 2458 4166 in
2483 4117 2704 4182 patrem
2727 4110 2850 4180 filii,
2871 4110 3012 4182 quid
3035 4111 3295 4166 fecerunt
3318 4126 3425 4164 avo
3449 4107 3724 4180 nepotes?
3742 4102 3858 4159 Satis

2246 4205 2439 4260 infelix
2463 4208 2632 4276 pater
2657 4204 2760 4272 fui,
2785 4221 2920 4258 avus
2949 4221 3068 4258 esse
3091 4204 3273 4258 debeo
3296 4203 3611 4258 sollicitior.
3638 4197 3856 4256 Tentabo

2246 4305 2374 4370 post
2394 4315 2487 4353 me
2519 4299 2813 4354 consulere
2842 4297 3165 4369 nepotibus,
3187 4297 3409 4352 utinam
3441 4303 3499 4352 et
3521 4298 3578 4352 in
3600 4295 3720 4350 ﬁliis
3741 4289 3857 4347 mihi

2245 4392 2661 4449 consuluissem
2686 4392 2699 4446 l
2724 4408 2921 4447 verum
2947 4391 3003 4446 in
3020 4391 3147 4445 illos
3163 4391 3491 4445 communis
3511 4389 3688 4445 hostis
3709 4389 3856 4456 atque

514 4491 806 4545 exercetur
851 4486 1053 4540 deinde
1104 4485 1275 4540 simul
1320 4483 1580 4555 quaestio.
1620 4483 1968 4555 Negantibus
2010 4484 2140 4549 illis,
2164 4497 2222 4568 D
2247 4485 2461 4540 inimici
2493 4485 2810 4556 obrepserit
2839 4483 3246 4539 fraudulentia.
3277 4484 3613 4539 Cavendum
3640 4487 3716 4537 est
3743 4493 3858 4550 quo-

511 4585 618 4637 isto
647 4581 785 4636 nihil
813 4581 1058 4652 amplius
1081 4580 1395 4645 deferente,
1426 4594 1553 4632 cum
1587 4578 1807 4632 deesset
1838 4577 2144 4632 manifesta

513 4691 704 4732 rerum
732 4674 890 4741 ﬁdes,
923 4672 1140 4727 nullum
1177 4675 1514 4744 suppeteret
1543 4673 1976 4743 argumentum,
2013 4672 2139 4724 nul-

512 4771 630 4824 lum
674 4766 945 4822 indicium
984 4767 1481 4831 documentorum,
1511 4766 1656 4834 Tyro
1690 4764 1930 4834 jubetur
1969 4764 2140 4818 vehe-

513 4861 891 4918 mentioribus
934 4860 1230 4914 tormentis
1274 4858 1608 4914 excruciari.
1654 4859 1809 4912 Tunc
1848 4858 2142 4912 miseratus

510 4957 660 5013 ﬁlius
689 4955 963 5026 supplicia
989 4955 1187 5026 patris,
1212 4953 1449 5023 spondet
1475 4955 1809 5022 aperturum
1841 4969 1900 5006 se
1930 4952 2139 5018 omnia,

511 5053 555 5107 si
586 5051 763 5123 patris
794 5051 942 5102 salus
970 5049 1078 5102 sibi
1105 5049 1546 5112 condonaretur,
1577 5051 1746 5117 atque
1777 5063 1811 5100 a
1845 5062 1980 5118 rege
2009 5063 2137 5120 pro-

515 5147 689 5202 missa
717 5144 877 5199 venia
906 5143 1182 5214 suggerit,
1213 5142 1360 5213 quod
1389 5141 1665 5211 impulsus
1695 5140 1765 5194 ab
1802 5141 2138 5206 Alexandro,

512 5247 673 5312 pater
699 5255 892 5293 necem
927 5237 1043 5308 regi
1079 5241 1350 5307 parasset.
1381 5234 1557 5304 [dque
1595 5234 1851 5306 plerique
1890 5235 1958 5289 ad
1995 5240 2138 5289 tem-

513 5350 620 5406 pus
643 5333 1017 5404 compositum
1049 5329 1177 5395 rati,
1205 5336 1264 5384 ut
1291 5329 1390 5383 tali
1415 5328 1669 5399 pignoris
1700 5328 1910 5383 indicio
1935 5329 2140 5399 Tyroni

511 5429 923 5492 consuleretur,
976 5425 1068 5478 alii
1113 5439 1217 5494 pro
1261 5439 1393 5476 vero
1439 5421 1688 5477 edictum
1731 5421 2136 5492 loquebantur.

513 5518 620 5572 Sed
654 5518 904 5572 Herodes
929 5517 1102 5573 dubia
1131 5534 1234 5587 pro
1271 5517 1439 5572 certis
1468 5515 1831 5586 adjudicavit,
1865 5522 2137 5586 tanquam

516 5616 776 5663 metuens
815 5627 885 5663 ne
913 5610 1202 5680 parricidii
1232 5612 1333 5663 sibi
1376 5609 1612 5663 facultas
1641 5609 1874 5678 periret.
1919 5613 2136 5666 Convo-

519 5703 644 5753 cato
677 5698 860 5768 itaque
903 5702 1129 5770 populo,
1162 5709 1217 5757 et
1260 5703 1626 5779 congregatis
1658 5702 1912 5773 ducibus,
1953 5703 2022 5757 de
2051 5703 2134 5757 in-

584 5801 684 5866 (60)
713 5799 1042 5850 Percuterim.
1074 5804 1250 5856 ΒΑΜ.

2246 4596 2376 4652 que,
2416 4596 2488 4633 ne
2521 4579 2624 4633 hos
2653 4578 2884 4633 illorum
2917 4578 3206 4633 involvant
3243 4577 3526 4648 pericula,
3558 4581 3721 4647 atque
3762 4585 3856 4626 uno

2245 4675 2479 4728 vulnere
2511 4672 2682 4726 simul
2721 4672 2865 4726 filios
2901 4671 3218 4737 amiserim,
3250 4677 3305 4726 et
3343 4677 3590 4742 nepotes
3617 4664 3854 4740 perdide-

2247 4767 2350 4820 rim
2384 4767 2514 4838 (60).
2548 4766 2947 4821 Provideamus
2987 4765 3076 4820 his
3118 4765 3470 4833 defensores,
3505 4763 3708 4836 quibus
3745 4757 3853 4813 ade-

2246 4860 2484 4929 mimus;
2509 4859 2855 4931 desponsabo
2882 4859 3073 4930 itaque
3098 4857 3306 4913 seniori
3327 4873 3396 4912 ex
3428 4858 3562 4912 ﬁliis
3585 4849 3854 4911 Alexandri

2245 4959 2422 5022 tuam,
2459 4954 2538 5008 mi
2582 4953 2854 5019 Pherora,
2890 4952 3090 5017 filiam,
3121 4958 3175 5007 et
3211 4957 3262 5006 te
3298 4953 3348 5006 ei
3390 4951 3738 5008 constituam
3772 4958 3852 5016 pa-

2244 5053 2410 5117 trem;
2429 5053 2526 5102 tuo
2546 5050 2765 5113 autem,
2789 5046 3108 5117 Antipater,
3128 5045 3244 5100 ﬁlio
3266 5045 3581 5100 Aristobuli
3601 5043 3787 5106 ﬁliam,
3805 5039 3852 5090 ut

2243 5143 2352 5197 hoc
2393 5141 2713 5197 modo-tias
2755 5140 2988 5212 pupillte
3035 5143 3216 5210 pater.
3258 5140 3605 5194 Germanum
3649 5144 3851 5207 quoque

2243 5237 2363 5306 ejus
2391 5235 2626 5306 accipiet
2668 5233 2921 5289 Herodes
2962 5250 3143 5302 meus,
3179 5251 3247 5288 ex
3283 5233 3598 5288 Mariamne
3641 5222 3848 5301 Hyrcani

2244 5333 2554 5399 susceptus,
2589 5328 2786 5397 tiliam,
2817 5328 2958 5394 haec,
2989 5327 3194 5400 inquit,
3219 5332 3303 5382 est
3329 5341 3464 5381 mea
3490 5319 3780 5384 sententia,
3798 5318 3848 5370 ut

2244 5421 2486 5476 invicem
2518 5421 2625 5476 sibi
2663 5427 2901 5477 coeunte
2931 5422 3132 5492 copula
3164 5421 3492 5492 junguntur
3530 5408 3848 5489 posteritatis

2245 5531 2387 5570 meae
2421 5516 2822 5584 successiones,
2855 5533 2970 5588 quo
3014 5531 3186 5570 nemo
3232 5517 3531 5584 suspectus
3575 5507 3728 5566 alteri
3770 5503 3846 5568 sit,

2243 5616 2300 5665 et
2326 5610 2341 5663 i
2349 5626 2444 5680 pse
2472 5608 2958 5680 tranquillioribus
2977 5609 3153 5665 oculis
3173 5607 3391 5664 videam
3424 5609 3666 5677 nepotes
3685 5613 3843 5663 meos,

2243 5719 2412 5774 quam
2454 5703 2568 5758 vidi
2621 5719 2821 5759 eorum
2869 5710 3151 5774 parentes.
3201 5699 3417 5767 Quibus
3459 5697 3640 5760 dictis,
3675 5691 3844 5768 juuxit
