  <div class='ocr_page' id='page_1' title='image "/cluster/home/n/w/nwhite01/storage/ocr_20150623/15/hvd.32044048207278/442.png"; bbox 0 0 4072 6192; ppageno 0'>
   <div class='ocr_carea' id='block_1_1' title="bbox 212 295 341 349">
    <p class='ocr_par' dir='ltr' id='par_1_1' title="bbox 212 295 341 349">
     <span class='ocr_line' id='line_1_1' title="bbox 212 295 341 349; baseline -0.023 0"><span class='ocrx_word' id='word_1_1' title='bbox 212 295 341 349; x_wconf 71' lang='grc'><strong>2121</strong></span> 
     </span>
    </p>
   </div>
   <div class='ocr_carea' id='block_1_2' title="bbox 1240 293 2523 352">
    <p class='ocr_par' dir='ltr' id='par_1_2' title="bbox 1240 293 2523 352">
     <span class='ocr_line' id='line_1_2' title="bbox 1240 293 2523 352; baseline -0.002 -2"><span class='ocrx_word' id='word_1_2' title='bbox 1240 293 1325 350; x_wconf 86' lang='lat' dir='ltr'><strong>DE</strong></span> <span class='ocrx_word' id='word_1_3' title='bbox 1366 295 1637 352; x_wconf 84' lang='lat' dir='ltr'><strong>EXCIDIO</strong></span> <span class='ocrx_word' id='word_1_4' title='bbox 1675 293 1877 352; x_wconf 81' lang='lat' dir='ltr'><strong>URBIS</strong></span> <span class='ocrx_word' id='word_1_5' title='bbox 1917 295 2270 352; x_wconf 53' lang='lat' dir='ltr'><strong>HIEROSOI»</strong></span> <span class='ocrx_word' id='word_1_6' title='bbox 2314 294 2440 351; x_wconf 91' lang='lat' dir='ltr'><strong>LIB.</strong></span> <span class='ocrx_word' id='word_1_7' title='bbox 2486 296 2523 349; x_wconf 90' lang='lat' dir='ltr'><strong>l.</strong></span> 
     </span>
    </p>
   </div>
   <div class='ocr_carea' id='block_1_3' title="bbox 3432 296 3574 351">
    <p class='ocr_par' dir='ltr' id='par_1_3' title="bbox 3432 296 3574 351">
     <span class='ocr_line' id='line_1_3' title="bbox 3432 296 3574 351; baseline -0.021 0"><span class='ocrx_word' id='word_1_8' title='bbox 3432 296 3574 351; x_wconf 73' lang='lat' dir='ltr'><strong>2I‘22</strong></span> 
     </span>
    </p>
   </div>
   <div class='ocr_carea' id='block_1_4' title="bbox 206 389 3566 505">
    <p class='ocr_par' dir='ltr' id='par_1_4' title="bbox 206 389 3566 505">
     <span class='ocr_line' id='line_1_4' title="bbox 206 389 3566 505; baseline -0 -30"><span class='ocrx_word' id='word_1_9' title='bbox 206 422 652 475; x_wconf 79' lang='lat' dir='ltr'><strong>memoratarum</strong></span> <span class='ocrx_word' id='word_1_10' title='bbox 681 419 966 487; x_wconf 80' lang='lat' dir='ltr'><strong>dexteras,</strong></span> <span class='ocrx_word' id='word_1_11' title='bbox 1001 423 1057 475; x_wconf 87' lang='lat' dir='ltr'><strong>et</strong></span> <span class='ocrx_word' id='word_1_12' title='bbox 1091 418 1378 475; x_wconf 77' lang='lat' dir='ltr'><strong>osculatus</strong></span> <span class='ocrx_word' id='word_1_13' title='bbox 1418 421 1691 493; x_wconf 89' lang='lat' dir='ltr'><strong>singulos,</strong></span> <span class='ocrx_word' id='word_1_14' title='bbox 1721 419 1840 475; x_wconf 79' lang='lat' dir='ltr'><strong>illa—</strong></span> <span class='ocrx_word' id='word_1_15' title='bbox 1862 435 1919 505; x_wconf 75' lang='grc' dir='ltr'><strong>Α</strong></span> <span class='ocrx_word' id='word_1_16' title='bbox 1940 420 2176 494; x_wconf 88' lang='lat' dir='ltr'><strong>propria</strong></span> <span class='ocrx_word' id='word_1_17' title='bbox 2202 420 2444 489; x_wconf 83' lang='lat' dir='ltr'><strong>divellit;</strong></span> <span class='ocrx_word' id='word_1_18' title='bbox 2477 419 2573 475; x_wconf 88' lang='lat' dir='ltr'><strong>cui</strong></span> <span class='ocrx_word' id='word_1_19' title='bbox 2604 419 2675 474; x_wconf 92' lang='lat' dir='ltr'><strong>ob</strong></span> <span class='ocrx_word' id='word_1_20' title='bbox 2703 418 2941 490; x_wconf 85' lang='lat' dir='ltr'><strong>injurias</strong></span> <span class='ocrx_word' id='word_1_21' title='bbox 2967 389 3109 490; x_wconf 83' lang='lat' dir='ltr'><strong>quas</strong></span> <span class='ocrx_word' id='word_1_22' title='bbox 3133 434 3198 474; x_wconf 90' lang='lat' dir='ltr'><strong>ea</strong></span> <span class='ocrx_word' id='word_1_23' title='bbox 3225 418 3431 474; x_wconf 84' lang='lat' dir='ltr'><strong>mulier</strong></span> <span class='ocrx_word' id='word_1_24' title='bbox 3458 420 3566 474; x_wconf 86' lang='lat' dir='ltr'><strong>Do-</strong></span> 
     </span>
    </p>
   </div>
   <div class='ocr_carea' id='block_1_5' title="bbox 207 513 1839 586">
    <p class='ocr_par' dir='ltr' id='par_1_5' title="bbox 207 513 1839 586">
     <span class='ocr_line' id='line_1_5' title="bbox 207 513 1839 586; baseline 0.001 -18"><span class='ocrx_word' id='word_1_25' title='bbox 207 513 503 586; x_wconf 78' lang='lat' dir='ltr'><strong>crymavit.</strong></span> <span class='ocrx_word' id='word_1_26' title='bbox 535 513 696 578; x_wconf 78' lang='lat' dir='ltr'><strong>Quod</strong></span> <span class='ocrx_word' id='word_1_27' title='bbox 727 513 1050 585; x_wconf 79' lang='lat' dir='ltr'><strong>Antipater,</strong></span> <span class='ocrx_word' id='word_1_28' title='bbox 1078 514 1408 570; x_wconf 62' lang='lat' dir='ltr'><strong>laetantibus</strong></span> <span class='ocrx_word' id='word_1_29' title='bbox 1430 516 1573 583; x_wconf 89' lang='lat' dir='ltr'><strong>aliis,</strong></span> <span class='ocrx_word' id='word_1_30' title='bbox 1609 516 1685 570; x_wconf 86' lang='lat' dir='ltr'><strong>ita</strong></span> <span class='ocrx_word' id='word_1_31' title='bbox 1710 532 1839 586; x_wconf 89' lang='lat' dir='ltr'><strong>gra-</strong></span> 
     </span>
    </p>
   </div>
   <div class='ocr_carea' id='block_1_6' title="bbox 206 606 1840 679">
    <p class='ocr_par' dir='ltr' id='par_1_6' title="bbox 206 606 1840 679">
     <span class='ocr_line' id='line_1_6' title="bbox 206 606 1840 679; baseline 0.001 -18"><span class='ocrx_word' id='word_1_32' title='bbox 206 610 354 663; x_wconf 86' lang='lat' dir='ltr'><strong>viter</strong></span> <span class='ocrx_word' id='word_1_33' title='bbox 373 607 611 679; x_wconf 85' lang='lat' dir='ltr'><strong>accepit,</strong></span> <span class='ocrx_word' id='word_1_34' title='bbox 638 611 705 662; x_wconf 90' lang='lat' dir='ltr'><strong>ut</strong></span> <span class='ocrx_word' id='word_1_35' title='bbox 733 606 927 664; x_wconf 88' lang='lat' dir='ltr'><strong>statim</strong></span> <span class='ocrx_word' id='word_1_36' title='bbox 967 606 1232 664; x_wconf 85' lang='lat' dir='ltr'><strong>dolorem</strong></span> <span class='ocrx_word' id='word_1_37' title='bbox 1268 625 1439 664; x_wconf 91' lang='lat' dir='ltr'><strong>suum</strong></span> <span class='ocrx_word' id='word_1_38' title='bbox 1470 609 1644 665; x_wconf 88' lang='lat' dir='ltr'><strong>etiam</strong></span> <span class='ocrx_word' id='word_1_39' title='bbox 1680 610 1840 664; x_wconf 85' lang='lat' dir='ltr'><strong>vultu</strong></span> 
     </span>
    </p>
   </div>
   <div class='ocr_carea' id='block_1_7' title="bbox 207 701 1836 774">
    <p class='ocr_par' dir='ltr' id='par_1_7' title="bbox 207 701 1836 774">
     <span class='ocr_line' id='line_1_7' title="bbox 207 701 1836 774; baseline 0.002 -17"><span class='ocrx_word' id='word_1_40' title='bbox 207 702 504 774; x_wconf 74' lang='lat' dir='ltr'><strong>proderet,</strong></span> <span class='ocrx_word' id='word_1_41' title='bbox 543 702 698 757; x_wconf 90' lang='lat' dir='ltr'><strong>haud</strong></span> <span class='ocrx_word' id='word_1_42' title='bbox 735 701 1013 757; x_wconf 86' lang='lat' dir='ltr'><strong>mediocri</strong></span> <span class='ocrx_word' id='word_1_43' title='bbox 1060 702 1394 757; x_wconf 90' lang='lat' dir='ltr'><strong>constrictus</strong></span> <span class='ocrx_word' id='word_1_44' title='bbox 1437 702 1836 770; x_wconf 86' lang='lat' dir='ltr'><strong>sollicitudine,</strong></span> 
     </span>
    </p>
   </div>
   <div class='ocr_carea' id='block_1_8' title="bbox 206 795 1841 869">
    <p class='ocr_par' dir='ltr' id='par_1_8' title="bbox 206 795 1841 869">
     <span class='ocr_line' id='line_1_8' title="bbox 206 795 1841 869; baseline 0 -18"><span class='ocrx_word' id='word_1_45' title='bbox 206 796 368 868; x_wconf 90' lang='lat' dir='ltr'><strong>quod</strong></span> <span class='ocrx_word' id='word_1_46' title='bbox 394 795 695 852; x_wconf 72' lang='lat' dir='ltr'><strong>Alexandri</strong></span> <span class='ocrx_word' id='word_1_47' title='bbox 729 795 860 850; x_wconf 90' lang='lat' dir='ltr'><strong>ﬁliis</strong></span> <span class='ocrx_word' id='word_1_48' title='bbox 887 795 1147 851; x_wconf 79' lang='lat' dir='ltr'><strong>Archelai</strong></span> <span class='ocrx_word' id='word_1_49' title='bbox 1174 796 1326 869; x_wconf 85' lang='lat' dir='ltr'><strong>regis</strong></span> <span class='ocrx_word' id='word_1_50' title='bbox 1362 803 1420 852; x_wconf 91' lang='lat' dir='ltr'><strong>et</strong></span> <span class='ocrx_word' id='word_1_51' title='bbox 1453 796 1714 853; x_wconf 73' lang='lat' dir='ltr'><strong>Pherorte</strong></span> <span class='ocrx_word' id='word_1_52' title='bbox 1740 796 1841 869; x_wconf 87' lang='lat' dir='ltr'><strong>qui</strong></span> 
     </span>
    </p>
   </div>
   <div class='ocr_carea' id='block_1_9' title="bbox 210 889 1838 963">
    <p class='ocr_par' dir='ltr' id='par_1_9' title="bbox 210 889 1838 963">
     <span class='ocr_line' id='line_1_9' title="bbox 210 889 1838 963; baseline 0.002 -20"><span class='ocrx_word' id='word_1_53' title='bbox 210 890 577 946; x_wconf 84' lang='lat' dir='ltr'><strong>tetrarchiam</strong></span> <span class='ocrx_word' id='word_1_54' title='bbox 615 890 867 957; x_wconf 88' lang='lat' dir='ltr'><strong>tenebat,</strong></span> <span class='ocrx_word' id='word_1_55' title='bbox 903 889 1179 962; x_wconf 82' lang='lat' dir='ltr'><strong>sutfragia</strong></span> <span class='ocrx_word' id='word_1_56' title='bbox 1216 894 1519 963; x_wconf 83' lang='lat' dir='ltr'><strong>suppetere</strong></span> <span class='ocrx_word' id='word_1_57' title='bbox 1555 896 1838 959; x_wconf 85' lang='lat' dir='ltr'><strong>cerneret,</strong></span> 
     </span>
    </p>
   </div>
   <div class='ocr_carea' id='block_1_10' title="bbox 207 982 1837 1052">
    <p class='ocr_par' dir='ltr' id='par_1_10' title="bbox 207 982 1837 1052">
     <span class='ocr_line' id='line_1_10' title="bbox 207 982 1837 1052; baseline 0.001 -14"><span class='ocrx_word' id='word_1_58' title='bbox 207 984 431 1038; x_wconf 65' lang='lat' dir='ltr'><strong>caeteris</strong></span> <span class='ocrx_word' id='word_1_59' title='bbox 481 983 767 1038; x_wconf 76' lang='lat' dir='ltr'><strong>validiora.</strong></span> <span class='ocrx_word' id='word_1_60' title='bbox 827 982 1166 1039; x_wconf 88' lang='lat' dir='ltr'><strong>Advertebat</strong></span> <span class='ocrx_word' id='word_1_61' title='bbox 1227 984 1356 1039; x_wconf 90' lang='lat' dir='ltr'><strong>odia</strong></span> <span class='ocrx_word' id='word_1_62' title='bbox 1411 984 1497 1038; x_wconf 90' lang='lat' dir='ltr'><strong>sui</strong></span> <span class='ocrx_word' id='word_1_63' title='bbox 1554 1000 1837 1052; x_wconf 82' lang='lat' dir='ltr'><strong>crescere,</strong></span> 
     </span>
    </p>
   </div>
   <div class='ocr_carea' id='block_1_11' title="bbox 207 1076 1839 1148">
    <p class='ocr_par' dir='ltr' id='par_1_11' title="bbox 207 1076 1839 1148">
     <span class='ocr_line' id='line_1_11' title="bbox 207 1076 1839 1148; baseline 0.001 -17"><span class='ocrx_word' id='word_1_64' title='bbox 207 1077 515 1147; x_wconf 85' lang='lat' dir='ltr'><strong>nepotibus</strong></span> <span class='ocrx_word' id='word_1_65' title='bbox 576 1085 770 1132; x_wconf 89' lang='lat' dir='ltr'><strong>autem</strong></span> <span class='ocrx_word' id='word_1_66' title='bbox 818 1076 1152 1148; x_wconf 86' lang='lat' dir='ltr'><strong>adstipulari</strong></span> <span class='ocrx_word' id='word_1_67' title='bbox 1210 1078 1675 1133; x_wconf 83' lang='lat' dir='ltr'><strong>misericordiam.</strong></span> <span class='ocrx_word' id='word_1_68' title='bbox 1728 1081 1839 1133; x_wconf 81' lang='lat' dir='ltr'><strong>Nec</strong></span> 
     </span>
    </p>
   </div>
   <div class='ocr_carea' id='block_1_12' title="bbox 201 1169 1836 1243">
    <p class='ocr_par' dir='ltr' id='par_1_12' title="bbox 201 1169 1836 1243">
     <span class='ocr_line' id='line_1_12' title="bbox 201 1169 1836 1243; baseline 0.001 -18"><span class='ocrx_word' id='word_1_69' title='bbox 201 1176 433 1242; x_wconf 85' lang='lat' dir='ltr'><strong>poterat</strong></span> <span class='ocrx_word' id='word_1_70' title='bbox 482 1169 790 1225; x_wconf 87' lang='lat' dir='ltr'><strong>Aristobuli</strong></span> <span class='ocrx_word' id='word_1_71' title='bbox 840 1170 1018 1225; x_wconf 90' lang='lat' dir='ltr'><strong>ﬁliam</strong></span> <span class='ocrx_word' id='word_1_72' title='bbox 1056 1170 1313 1243; x_wconf 89' lang='lat' dir='ltr'><strong>recipere</strong></span> <span class='ocrx_word' id='word_1_73' title='bbox 1362 1172 1552 1239; x_wconf 90' lang='lat' dir='ltr'><strong>domo,</strong></span> <span class='ocrx_word' id='word_1_74' title='bbox 1602 1188 1672 1227; x_wconf 91' lang='lat' dir='ltr'><strong>ne</strong></span> <span class='ocrx_word' id='word_1_75' title='bbox 1715 1187 1836 1228; x_wconf 81' lang='lat' dir='ltr'><strong>sce—</strong></span> 
     </span>
    </p>
   </div>
   <div class='ocr_carea' id='block_1_13' title="bbox 200 1263 1839 1338">
    <p class='ocr_par' dir='ltr' id='par_1_13' title="bbox 200 1263 1839 1338">
     <span class='ocr_line' id='line_1_13' title="bbox 200 1263 1839 1338; baseline 0.001 -19"><span class='ocrx_word' id='word_1_76' title='bbox 200 1266 341 1319; x_wconf 87' lang='lat' dir='ltr'><strong>leris</strong></span> <span class='ocrx_word' id='word_1_77' title='bbox 385 1265 664 1320; x_wconf 88' lang='lat' dir='ltr'><strong>indicium</strong></span> <span class='ocrx_word' id='word_1_78' title='bbox 713 1263 1001 1319; x_wconf 79' lang='lat' dir='ltr'><strong>diuturnis</strong></span> <span class='ocrx_word' id='word_1_79' title='bbox 1045 1265 1168 1336; x_wconf 84' lang='lat' dir='ltr'><strong>ejus</strong></span> <span class='ocrx_word' id='word_1_80' title='bbox 1217 1265 1540 1338; x_wconf 82' lang='lat' dir='ltr'><strong>aspectibus</strong></span> <span class='ocrx_word' id='word_1_81' title='bbox 1589 1266 1839 1322; x_wconf 54' lang='lat' dir='ltr'><strong>oti&#39;ende.</strong></span> 
     </span>
    </p>
   </div>
   <div class='ocr_carea' id='block_1_14' title="bbox 200 1358 1843 1432">
    <p class='ocr_par' dir='ltr' id='par_1_14' title="bbox 200 1358 1843 1432">
     <span class='ocr_line' id='line_1_14' title="bbox 200 1358 1843 1432; baseline 0 -19"><span class='ocrx_word' id='word_1_82' title='bbox 200 1363 388 1414; x_wconf 89' lang='lat' dir='ltr'><strong>retur.</strong></span> <span class='ocrx_word' id='word_1_83' title='bbox 440 1358 614 1413; x_wconf 87' lang='lat' dir='ltr'><strong>Adire</strong></span> <span class='ocrx_word' id='word_1_84' title='bbox 656 1374 769 1413; x_wconf 88' lang='lat' dir='ltr'><strong>non</strong></span> <span class='ocrx_word' id='word_1_85' title='bbox 817 1358 1068 1414; x_wconf 83' lang='lat' dir='ltr'><strong>audebat</strong></span> <span class='ocrx_word' id='word_1_86' title='bbox 1109 1362 1358 1432; x_wconf 88' lang='lat' dir='ltr'><strong>patrem,</strong></span> <span class='ocrx_word' id='word_1_87' title='bbox 1404 1376 1477 1415; x_wconf 90' lang='lat' dir='ltr'><strong>ne</strong></span> <span class='ocrx_word' id='word_1_88' title='bbox 1523 1360 1595 1415; x_wconf 91' lang='lat' dir='ltr'><strong>ad</strong></span> <span class='ocrx_word' id='word_1_89' title='bbox 1643 1376 1843 1415; x_wconf 89' lang='lat' dir='ltr'><strong>omnes</strong></span> 
     </span>
    </p>
   </div>
   <div class='ocr_carea' id='block_1_15' title="bbox 203 1452 1842 1526">
    <p class='ocr_par' dir='ltr' id='par_1_15' title="bbox 203 1452 1842 1526">
     <span class='ocr_line' id='line_1_15' title="bbox 203 1452 1842 1526; baseline 0.001 -18"><span class='ocrx_word' id='word_1_90' title='bbox 203 1453 488 1508; x_wconf 87' lang='lat' dir='ltr'><strong>mobilem</strong></span> <span class='ocrx_word' id='word_1_91' title='bbox 528 1452 879 1525; x_wconf 84' lang='lat' dir='ltr'><strong>suspiciones</strong></span> <span class='ocrx_word' id='word_1_92' title='bbox 916 1454 1256 1525; x_wconf 81' lang='lat' dir='ltr'><strong>exagitaret.</strong></span> <span class='ocrx_word' id='word_1_93' title='bbox 1297 1454 1343 1507; x_wconf 91' lang='lat' dir='ltr'><strong>si</strong></span> <span class='ocrx_word' id='word_1_94' title='bbox 1373 1454 1842 1526; x_wconf 90' lang='lat' dir='ltr'><strong>complacitarum</strong></span> 
     </span>
    </p>
   </div>
   <div class='ocr_carea' id='block_1_16' title="bbox 204 1546 1844 1619">
    <p class='ocr_par' dir='ltr' id='par_1_16' title="bbox 204 1546 1844 1619">
     <span class='ocr_line' id='line_1_16' title="bbox 204 1546 1844 1619; baseline -0.001 -17"><span class='ocrx_word' id='word_1_95' title='bbox 204 1547 421 1603; x_wconf 72' lang='lat' dir='ltr'><strong>fmdera</strong></span> <span class='ocrx_word' id='word_1_96' title='bbox 459 1546 792 1619; x_wconf 87' lang='lat' dir='ltr'><strong>nuptiarum</strong></span> <span class='ocrx_word' id='word_1_97' title='bbox 835 1547 1106 1603; x_wconf 85' lang='lat' dir='ltr'><strong>solvenda</strong></span> <span class='ocrx_word' id='word_1_98' title='bbox 1141 1546 1514 1604; x_wconf 79' lang='lat' dir='ltr'><strong>existimaret.</strong></span> <span class='ocrx_word' id='word_1_99' title='bbox 1553 1547 1844 1603; x_wconf 84' lang='lat' dir='ltr'><strong>Subtiliter</strong></span> 
     </span>
    </p>
   </div>
   <div class='ocr_carea' id='block_1_17' title="bbox 200 1640 1843 1712">
    <p class='ocr_par' dir='ltr' id='par_1_17' title="bbox 200 1640 1843 1712">
     <span class='ocr_line' id='line_1_17' title="bbox 200 1640 1843 1712; baseline 0 -17"><span class='ocrx_word' id='word_1_100' title='bbox 200 1644 405 1695; x_wconf 89' lang='lat' dir='ltr'><strong>tamen</strong></span> <span class='ocrx_word' id='word_1_101' title='bbox 434 1640 799 1712; x_wconf 68' lang='lat' dir='ltr'><strong>praesumpsit</strong></span> <span class='ocrx_word' id='word_1_102' title='bbox 830 1654 1016 1708; x_wconf 90' lang='lat' dir='ltr'><strong>orare,</strong></span> <span class='ocrx_word' id='word_1_103' title='bbox 1049 1647 1111 1696; x_wconf 91' lang='lat' dir='ltr'><strong>ut</strong></span> <span class='ocrx_word' id='word_1_104' title='bbox 1134 1641 1458 1697; x_wconf 85' lang='lat' dir='ltr'><strong>consuleret</strong></span> <span class='ocrx_word' id='word_1_105' title='bbox 1479 1641 1535 1696; x_wconf 90' lang='lat' dir='ltr'><strong>ei</strong></span> <span class='ocrx_word' id='word_1_106' title='bbox 1560 1644 1741 1712; x_wconf 90' lang='lat' dir='ltr'><strong>pater,</strong></span> <span class='ocrx_word' id='word_1_107' title='bbox 1769 1657 1843 1696; x_wconf 88' lang='lat' dir='ltr'><strong>ne</strong></span> 
     </span>
    </p>
   </div>
   <div class='ocr_carea' id='block_1_18' title="bbox 204 1734 1842 1808">
    <p class='ocr_par' dir='ltr' id='par_1_18' title="bbox 204 1734 1842 1808">
     <span class='ocr_line' id='line_1_18' title="bbox 204 1734 1842 1808; baseline 0 -18"><span class='ocrx_word' id='word_1_108' title='bbox 204 1735 482 1790; x_wconf 83' lang='lat' dir='ltr'><strong>adversus</strong></span> <span class='ocrx_word' id='word_1_109' title='bbox 508 1734 750 1789; x_wconf 89' lang='lat' dir='ltr'><strong>duorum</strong></span> <span class='ocrx_word' id='word_1_110' title='bbox 782 1735 1095 1806; x_wconf 91' lang='lat' dir='ltr'><strong>potentium</strong></span> <span class='ocrx_word' id='word_1_111' title='bbox 1123 1751 1264 1808; x_wconf 89' lang='lat' dir='ltr'><strong>opes</strong></span> <span class='ocrx_word' id='word_1_112' title='bbox 1284 1735 1438 1806; x_wconf 85' lang='lat' dir='ltr'><strong>regis</strong></span> <span class='ocrx_word' id='word_1_113' title='bbox 1458 1740 1519 1791; x_wconf 91' lang='lat' dir='ltr'><strong>et</strong></span> <span class='ocrx_word' id='word_1_114' title='bbox 1544 1737 1842 1792; x_wconf 81' lang='lat' dir='ltr'><strong>tetrarchae</strong></span> 
     </span>
    </p>
   </div>
   <div class='ocr_carea' id='block_1_19' title="bbox 1941 511 3568 587">
    <p class='ocr_par' dir='ltr' id='par_1_19' title="bbox 1941 511 3568 587">
     <span class='ocr_line' id='line_1_19' title="bbox 1941 511 3568 587; baseline -0.002 -18"><span class='ocrx_word' id='word_1_115' title='bbox 1941 517 2045 572; x_wconf 86' lang='lat' dir='ltr'><strong>sidi</strong></span> <span class='ocrx_word' id='word_1_116' title='bbox 2098 516 2330 587; x_wconf 88' lang='lat' dir='ltr'><strong>conjugi</strong></span> <span class='ocrx_word' id='word_1_117' title='bbox 2378 515 2504 586; x_wconf 85' lang='lat' dir='ltr'><strong>ejus</strong></span> <span class='ocrx_word' id='word_1_118' title='bbox 2556 513 2857 581; x_wconf 88' lang='lat' dir='ltr'><strong>intulerat,</strong></span> <span class='ocrx_word' id='word_1_119' title='bbox 2914 511 3176 568; x_wconf 82' lang='lat' dir='ltr'><strong>infestior</strong></span> <span class='ocrx_word' id='word_1_120' title='bbox 3223 512 3568 579; x_wconf 86' lang='lat' dir='ltr'><strong>habebatur,</strong></span> 
     </span>
    </p>
   </div>
   <div class='ocr_carea' id='block_1_20' title="bbox 1941 605 3572 683">
    <p class='ocr_par' dir='ltr' id='par_1_20' title="bbox 1941 605 3572 683">
     <span class='ocr_line' id='line_1_20' title="bbox 1941 605 3572 683; baseline -0.004 -16"><span class='ocrx_word' id='word_1_121' title='bbox 1941 611 2231 683; x_wconf 88' lang='lat' dir='ltr'><strong>domoque</strong></span> <span class='ocrx_word' id='word_1_122' title='bbox 2262 608 2497 681; x_wconf 81' lang='lat' dir='ltr'><strong>expulit.</strong></span> <span class='ocrx_word' id='word_1_123' title='bbox 2520 608 2800 664; x_wconf 83' lang='lat' dir='ltr'><strong>Pheroras</strong></span> <span class='ocrx_word' id='word_1_124' title='bbox 2824 608 3019 662; x_wconf 89' lang='lat' dir='ltr'><strong>autem</strong></span> <span class='ocrx_word' id='word_1_125' title='bbox 3046 607 3400 677; x_wconf 83' lang='lat' dir='ltr'><strong>amplexatus</strong></span> <span class='ocrx_word' id='word_1_126' title='bbox 3422 605 3572 677; x_wconf 89' lang='lat' dir='ltr'><strong>inju-</strong></span> 
     </span>
    </p>
   </div>
   <div class='ocr_carea' id='block_1_21' title="bbox 1940 700 3570 777">
    <p class='ocr_par' dir='ltr' id='par_1_21' title="bbox 1940 700 3570 777">
     <span class='ocr_line' id='line_1_21' title="bbox 1940 700 3570 777; baseline -0.004 -16"><span class='ocrx_word' id='word_1_127' title='bbox 1940 704 2109 772; x_wconf 90' lang='lat' dir='ltr'><strong>riam,</strong></span> <span class='ocrx_word' id='word_1_128' title='bbox 2141 705 2202 759; x_wconf 90' lang='lat' dir='ltr'><strong>in</strong></span> <span class='ocrx_word' id='word_1_129' title='bbox 2240 708 2431 777; x_wconf 88' lang='lat' dir='ltr'><strong>partes</strong></span> <span class='ocrx_word' id='word_1_130' title='bbox 2456 719 2586 758; x_wconf 88' lang='lat' dir='ltr'><strong>suas</strong></span> <span class='ocrx_word' id='word_1_131' title='bbox 2617 701 2917 769; x_wconf 85' lang='lat' dir='ltr'><strong>concessit,</strong></span> <span class='ocrx_word' id='word_1_132' title='bbox 2946 700 3155 772; x_wconf 84' lang='lat' dir='ltr'><strong>quibus</strong></span> <span class='ocrx_word' id='word_1_133' title='bbox 3189 703 3255 754; x_wconf 91' lang='lat' dir='ltr'><strong>ut</strong></span> <span class='ocrx_word' id='word_1_134' title='bbox 3280 700 3570 755; x_wconf 88' lang='lat' dir='ltr'><strong>tetrarcha</strong></span> 
     </span>
    </p>
   </div>
   <div class='ocr_carea' id='block_1_22' title="bbox 1943 792 3574 871">
    <p class='ocr_par' dir='ltr' id='par_1_22' title="bbox 1943 792 3574 871">
     <span class='ocr_line' id='line_1_22' title="bbox 1943 792 3574 871; baseline -0.004 -17"><span class='ocrx_word' id='word_1_135' title='bbox 1943 798 2282 871; x_wconf 81' lang='lat' dir='ltr'><strong>praesidebat</strong></span> <span class='ocrx_word' id='word_1_136' title='bbox 2312 814 2325 854; x_wconf 92' lang='lat'><strong>:</strong></span> <span class='ocrx_word' id='word_1_137' title='bbox 2373 814 2443 852; x_wconf 91' lang='lat' dir='ltr'><strong>ea</strong></span> <span class='ocrx_word' id='word_1_138' title='bbox 2482 812 2619 853; x_wconf 89' lang='lat' dir='ltr'><strong>sane</strong></span> <span class='ocrx_word' id='word_1_139' title='bbox 2650 795 2864 851; x_wconf 89' lang='lat' dir='ltr'><strong>mentis</strong></span> <span class='ocrx_word' id='word_1_140' title='bbox 2901 794 3239 860; x_wconf 87' lang='lat' dir='ltr'><strong>intentione,</strong></span> <span class='ocrx_word' id='word_1_141' title='bbox 3268 798 3332 848; x_wconf 92' lang='lat' dir='ltr'><strong>ut</strong></span> <span class='ocrx_word' id='word_1_142' title='bbox 3370 792 3445 848; x_wconf 91' lang='lat' dir='ltr'><strong>ad</strong></span> <span class='ocrx_word' id='word_1_143' title='bbox 3470 795 3574 849; x_wconf 84' lang='lat' dir='ltr'><strong>He-</strong></span> 
     </span>
    </p>
   </div>
   <div class='ocr_carea' id='block_1_23' title="bbox 1942 887 3570 963">
    <p class='ocr_par' dir='ltr' id='par_1_23' title="bbox 1942 887 3570 963">
     <span class='ocr_line' id='line_1_23' title="bbox 1942 887 3570 963; baseline -0.006 -13"><span class='ocrx_word' id='word_1_144' title='bbox 1942 893 2141 950; x_wconf 88' lang='lat' dir='ltr'><strong>rodem</strong></span> <span class='ocrx_word' id='word_1_145' title='bbox 2188 893 2470 949; x_wconf 82' lang='lat' dir='ltr'><strong>viventem</strong></span> <span class='ocrx_word' id='word_1_146' title='bbox 2518 905 2820 963; x_wconf 85' lang='lat' dir='ltr'><strong>nunquam</strong></span> <span class='ocrx_word' id='word_1_147' title='bbox 2863 893 3263 945; x_wconf 85' lang='lat' dir='ltr'><strong>reverteretur.</strong></span> <span class='ocrx_word' id='word_1_148' title='bbox 3312 887 3570 959; x_wconf 90' lang='lat' dir='ltr'><strong>Denique</strong></span> 
     </span>
    </p>
   </div>
   <div class='ocr_carea' id='block_1_24' title="bbox 1945 980 3577 1059">
    <p class='ocr_par' dir='ltr' id='par_1_24' title="bbox 1945 980 3577 1059">
     <span class='ocr_line' id='line_1_24' title="bbox 1945 980 3577 1059; baseline -0.006 -15"><span class='ocrx_word' id='word_1_149' title='bbox 1945 1005 2048 1044; x_wconf 87' lang='lat' dir='ltr'><strong>nec</strong></span> <span class='ocrx_word' id='word_1_150' title='bbox 2078 992 2212 1043; x_wconf 90' lang='lat' dir='ltr'><strong>tunc</strong></span> <span class='ocrx_word' id='word_1_151' title='bbox 2241 986 2495 1059; x_wconf 87' lang='lat' dir='ltr'><strong>quidem,</strong></span> <span class='ocrx_word' id='word_1_152' title='bbox 2524 1001 2657 1042; x_wconf 89' lang='lat' dir='ltr'><strong>cum</strong></span> <span class='ocrx_word' id='word_1_153' title='bbox 2681 999 2814 1040; x_wconf 91' lang='lat' dir='ltr'><strong>eum</strong></span> <span class='ocrx_word' id='word_1_154' title='bbox 2848 982 3191 1055; x_wconf 67' lang='lat' dir='ltr'><strong>aegritudine</strong></span> <span class='ocrx_word' id='word_1_155' title='bbox 3225 980 3380 1053; x_wconf 80' lang='lat' dir='ltr'><strong>gravi</strong></span> <span class='ocrx_word' id='word_1_156' title='bbox 3407 980 3577 1037; x_wconf 84' lang='lat' dir='ltr'><strong>aﬁ‘ec-</strong></span> 
     </span>
    </p>
   </div>
   <div class='ocr_carea' id='block_1_25' title="bbox 1944 1076 3572 1153">
    <p class='ocr_par' dir='ltr' id='par_1_25' title="bbox 1944 1076 3572 1153">
     <span class='ocr_line' id='line_1_25' title="bbox 1944 1076 3572 1153; baseline -0.004 -17"><span class='ocrx_word' id='word_1_157' title='bbox 1944 1091 2064 1137; x_wconf 83' lang='lat' dir='ltr'><strong>tum</strong></span> <span class='ocrx_word' id='word_1_158' title='bbox 2088 1081 2475 1153; x_wconf 85' lang='lat' dir='ltr'><strong>comperisset,</strong></span> <span class='ocrx_word' id='word_1_159' title='bbox 2508 1085 2566 1135; x_wconf 89' lang='lat' dir='ltr'><strong>et</strong></span> <span class='ocrx_word' id='word_1_160' title='bbox 2588 1079 2921 1151; x_wconf 88' lang='lat' dir='ltr'><strong>frequenter</strong></span> <span class='ocrx_word' id='word_1_161' title='bbox 2945 1080 3231 1143; x_wconf 90' lang='lat' dir='ltr'><strong>orantem,</strong></span> <span class='ocrx_word' id='word_1_162' title='bbox 3250 1080 3318 1131; x_wconf 91' lang='lat' dir='ltr'><strong>ut</strong></span> <span class='ocrx_word' id='word_1_163' title='bbox 3343 1076 3416 1131; x_wconf 90' lang='lat' dir='ltr'><strong>ad</strong></span> <span class='ocrx_word' id='word_1_164' title='bbox 3451 1091 3572 1131; x_wconf 88' lang='lat' dir='ltr'><strong>sese</strong></span> 
     </span>
    </p>
   </div>
   <div class='ocr_carea' id='block_1_26' title="bbox 1942 1168 3571 1248">
    <p class='ocr_par' dir='ltr' id='par_1_26' title="bbox 1942 1168 3571 1248">
     <span class='ocr_line' id='line_1_26' title="bbox 1942 1168 3571 1248; baseline -0.006 -17"><span class='ocrx_word' id='word_1_165' title='bbox 1942 1177 2180 1243; x_wconf 86' lang='lat' dir='ltr'><strong>veniret,</strong></span> <span class='ocrx_word' id='word_1_166' title='bbox 2212 1176 2362 1248; x_wconf 90' lang='lat' dir='ltr'><strong>quod</strong></span> <span class='ocrx_word' id='word_1_167' title='bbox 2389 1175 2442 1230; x_wconf 91' lang='lat' dir='ltr'><strong>ei</strong></span> <span class='ocrx_word' id='word_1_168' title='bbox 2476 1172 2743 1247; x_wconf 69' lang='lat' dir='ltr'><strong>quaedam</strong></span> <span class='ocrx_word' id='word_1_169' title='bbox 2769 1172 2933 1244; x_wconf 87' lang='lat' dir='ltr'><strong>quasi</strong></span> <span class='ocrx_word' id='word_1_170' title='bbox 2960 1171 3272 1226; x_wconf 88' lang='lat' dir='ltr'><strong>moriturus</strong></span> <span class='ocrx_word' id='word_1_171' title='bbox 3303 1168 3571 1225; x_wconf 89' lang='lat' dir='ltr'><strong>commit-</strong></span> 
     </span>
    </p>
   </div>
   <div class='ocr_carea' id='block_1_27' title="bbox 1946 1264 3573 1337">
    <p class='ocr_par' dir='ltr' id='par_1_27' title="bbox 1946 1264 3573 1337">
     <span class='ocr_line' id='line_1_27' title="bbox 1946 1264 3573 1337; baseline -0.005 -11"><span class='ocrx_word' id='word_1_172' title='bbox 1946 1271 2115 1327; x_wconf 90' lang='lat' dir='ltr'><strong>tenda</strong></span> <span class='ocrx_word' id='word_1_173' title='bbox 2154 1270 2547 1337; x_wconf 87' lang='lat' dir='ltr'><strong>arbitraretur,</strong></span> <span class='ocrx_word' id='word_1_174' title='bbox 2597 1267 2937 1322; x_wconf 89' lang='lat' dir='ltr'><strong>visitandum</strong></span> <span class='ocrx_word' id='word_1_175' title='bbox 2982 1264 3409 1320; x_wconf 86' lang='lat' dir='ltr'><strong>existimaverit.</strong></span> <span class='ocrx_word' id='word_1_176' title='bbox 3450 1265 3573 1328; x_wconf 85' lang='lat' dir='ltr'><strong>Qua</strong></span> 
     </span>
    </p>
   </div>
   <div class='ocr_carea' id='block_1_28' title="bbox 1946 1358 3573 1437">
    <p class='ocr_par' dir='ltr' id='par_1_28' title="bbox 1946 1358 3573 1437">
     <span class='ocr_line' id='line_1_28' title="bbox 1946 1358 3573 1437; baseline -0.004 -17"><span class='ocrx_word' id='word_1_177' title='bbox 1946 1365 2234 1437; x_wconf 84' lang='lat' dir='ltr'><strong>perculsus</strong></span> <span class='ocrx_word' id='word_1_178' title='bbox 2260 1365 2392 1419; x_wconf 87' lang='lat' dir='ltr'><strong>licet</strong></span> <span class='ocrx_word' id='word_1_179' title='bbox 2413 1362 2646 1433; x_wconf 85' lang='lat' dir='ltr'><strong>injuria,</strong></span> <span class='ocrx_word' id='word_1_180' title='bbox 2681 1377 2776 1415; x_wconf 89' lang='lat' dir='ltr'><strong>rex</strong></span> <span class='ocrx_word' id='word_1_181' title='bbox 2805 1359 2903 1414; x_wconf 91' lang='lat' dir='ltr'><strong>ubi</strong></span> <span class='ocrx_word' id='word_1_182' title='bbox 2936 1363 3144 1431; x_wconf 56' lang='lat' dir='ltr'><strong>praeter</strong></span> <span class='ocrx_word' id='word_1_183' title='bbox 3166 1373 3326 1430; x_wconf 88' lang='lat' dir='ltr'><strong>spem</strong></span> <span class='ocrx_word' id='word_1_184' title='bbox 3360 1358 3573 1413; x_wconf 88' lang='lat' dir='ltr'><strong>incom-</strong></span> 
     </span>
    </p>
   </div>
   <div class='ocr_carea' id='block_1_29' title="bbox 1944 1452 3574 1529">
    <p class='ocr_par' dir='ltr' id='par_1_29' title="bbox 1944 1452 3574 1529">
     <span class='ocr_line' id='line_1_29' title="bbox 1944 1452 3574 1529; baseline -0.005 -15"><span class='ocrx_word' id='word_1_185' title='bbox 1944 1459 2175 1514; x_wconf 90' lang='lat' dir='ltr'><strong>modum</strong></span> <span class='ocrx_word' id='word_1_186' title='bbox 2225 1457 2464 1529; x_wconf 87' lang='lat' dir='ltr'><strong>depulit,</strong></span> <span class='ocrx_word' id='word_1_187' title='bbox 2513 1463 2712 1510; x_wconf 85' lang='lat' dir='ltr'><strong>tamen</strong></span> <span class='ocrx_word' id='word_1_188' title='bbox 2759 1454 3014 1509; x_wconf 85' lang='lat' dir='ltr'><strong>fraterno</strong></span> <span class='ocrx_word' id='word_1_189' title='bbox 3054 1452 3258 1508; x_wconf 82' lang='lat' dir='ltr'><strong>aﬁ&#39;ectu</strong></span> <span class='ocrx_word' id='word_1_190' title='bbox 3305 1453 3462 1507; x_wconf 87' lang='lat' dir='ltr'><strong>venit</strong></span> <span class='ocrx_word' id='word_1_191' title='bbox 3502 1452 3574 1517; x_wconf 83' lang='lat' dir='ltr'><strong>ad</strong></span> 
     </span>
    </p>
   </div>
   <div class='ocr_carea' id='block_1_30' title="bbox 1944 1545 3569 1623">
    <p class='ocr_par' dir='ltr' id='par_1_30' title="bbox 1944 1545 3569 1623">
     <span class='ocr_line' id='line_1_30' title="bbox 1944 1545 3569 1623; baseline -0.004 -15"><span class='ocrx_word' id='word_1_192' title='bbox 1944 1569 2096 1619; x_wconf 87' lang='lat' dir='ltr'><strong>eum,</strong></span> <span class='ocrx_word' id='word_1_193' title='bbox 2118 1551 2212 1607; x_wconf 91' lang='lat' dir='ltr'><strong>ubi</strong></span> <span class='ocrx_word' id='word_1_194' title='bbox 2234 1567 2455 1623; x_wconf 67' lang='lat' dir='ltr'><strong>aegrum</strong></span> <span class='ocrx_word' id='word_1_195' title='bbox 2475 1549 2779 1621; x_wconf 87' lang='lat' dir='ltr'><strong>comperit,</strong></span> <span class='ocrx_word' id='word_1_196' title='bbox 2799 1551 2858 1602; x_wconf 89' lang='lat' dir='ltr'><strong>et</strong></span> <span class='ocrx_word' id='word_1_197' title='bbox 2880 1547 3077 1603; x_wconf 88' lang='lat' dir='ltr'><strong>sedulo</strong></span> <span class='ocrx_word' id='word_1_198' title='bbox 3097 1545 3569 1617; x_wconf 85' lang='lat' dir='ltr'><strong>compatiebatur,</strong></span> 
     </span>
    </p>
   </div>
   <div class='ocr_carea' id='block_1_31' title="bbox 1945 1640 3574 1713">
    <p class='ocr_par' dir='ltr' id='par_1_31' title="bbox 1945 1640 3574 1713">
     <span class='ocr_line' id='line_1_31' title="bbox 1945 1640 3574 1713; baseline -0.006 -11"><span class='ocrx_word' id='word_1_199' title='bbox 1945 1652 2001 1702; x_wconf 88' lang='lat' dir='ltr'><strong>ct</strong></span> <span class='ocrx_word' id='word_1_200' title='bbox 2038 1646 2371 1701; x_wconf 90' lang='lat' dir='ltr'><strong>defunctum</strong></span> <span class='ocrx_word' id='word_1_201' title='bbox 2414 1643 2866 1713; x_wconf 77' lang='lat' dir='ltr'><strong>Hierosolymam</strong></span> <span class='ocrx_word' id='word_1_202' title='bbox 2911 1640 3220 1710; x_wconf 87' lang='lat' dir='ltr'><strong>transtulit,</strong></span> <span class='ocrx_word' id='word_1_203' title='bbox 3262 1644 3318 1694; x_wconf 86' lang='lat' dir='ltr'><strong>et</strong></span> <span class='ocrx_word' id='word_1_204' title='bbox 3360 1652 3574 1711; x_wconf 86' lang='lat' dir='ltr'><strong>magno</strong></span> 
     </span>
    </p>
   </div>
   <div class='ocr_carea' id='block_1_32' title="bbox 1944 1733 3573 1810">
    <p class='ocr_par' dir='ltr' id='par_1_32' title="bbox 1944 1733 3573 1810">
     <span class='ocr_line' id='line_1_32' title="bbox 1944 1733 3573 1810; baseline -0.006 -13"><span class='ocrx_word' id='word_1_205' title='bbox 1944 1743 2077 1798; x_wconf 83' lang='lat' dir='ltr'><strong>fletu</strong></span> <span class='ocrx_word' id='word_1_206' title='bbox 2100 1740 2429 1809; x_wconf 88' lang='lat' dir='ltr'><strong>celebrique</strong></span> <span class='ocrx_word' id='word_1_207' title='bbox 2450 1753 2663 1810; x_wconf 89' lang='lat' dir='ltr'><strong>pompa</strong></span> <span class='ocrx_word' id='word_1_208' title='bbox 2684 1738 2854 1791; x_wconf 85' lang='lat' dir='ltr'><strong>funus</strong></span> <span class='ocrx_word' id='word_1_209' title='bbox 2874 1733 3107 1790; x_wconf 89' lang='lat' dir='ltr'><strong>curavit.</strong></span> <span class='ocrx_word' id='word_1_210' title='bbox 3130 1735 3239 1789; x_wconf 83' lang='lat' dir='ltr'><strong>Nec</strong></span> <span class='ocrx_word' id='word_1_211' title='bbox 3254 1739 3454 1793; x_wconf 82' lang='lat' dir='ltr'><strong>tamen</strong></span> <span class='ocrx_word' id='word_1_212' title='bbox 3481 1734 3573 1789; x_wconf 83' lang='lat' dir='ltr'><strong>bis</strong></span> 
     </span>
    </p>
   </div>
   <div class='ocr_carea' id='block_1_33' title="bbox 200 1806 3571 1901">
    <p class='ocr_par' dir='ltr' id='par_1_33' title="bbox 200 1806 3571 1901">
     <span class='ocr_line' id='line_1_33' title="bbox 200 1806 3571 1901; baseline -0.003 -10"><span class='ocrx_word' id='word_1_213' title='bbox 200 1828 366 1883; x_wconf 73' lang='lat' dir='ltr'><strong>nudo</strong></span> <span class='ocrx_word' id='word_1_214' title='bbox 396 1828 561 1900; x_wconf 72' lang='lat' dir='ltr'><strong>regni</strong></span> <span class='ocrx_word' id='word_1_215' title='bbox 596 1829 831 1884; x_wconf 80' lang='lat' dir='ltr'><strong>nomine</strong></span> <span class='ocrx_word' id='word_1_216' title='bbox 858 1828 1143 1884; x_wconf 70' lang='lat' dir='ltr'><strong>invalidus</strong></span> <span class='ocrx_word' id='word_1_217' title='bbox 1177 1838 1578 1901; x_wconf 77' lang='lat' dir='ltr'><strong>exponeretur.</strong></span> <span class='ocrx_word' id='word_1_218' title='bbox 1612 1830 1843 1886; x_wconf 70' lang='lat' dir='ltr'><strong>Foveret</strong></span> <span class='ocrx_word' id='word_1_219' title='bbox 1866 1806 1921 1877; x_wconf 74' lang='grc' dir='ltr'><strong>Β</strong></span> <span class='ocrx_word' id='word_1_220' title='bbox 1948 1834 2168 1891; x_wconf 88' lang='lat' dir='ltr'><strong>indiciis</strong></span> <span class='ocrx_word' id='word_1_221' title='bbox 2187 1834 2399 1889; x_wconf 61' lang='lat' dir='ltr'><strong>sedulae</strong></span> <span class='ocrx_word' id='word_1_222' title='bbox 2418 1830 2713 1887; x_wconf 87' lang='lat' dir='ltr'><strong>charitatis</strong></span> <span class='ocrx_word' id='word_1_223' title='bbox 2736 1831 3070 1901; x_wconf 86' lang='lat' dir='ltr'><strong>conceptam</strong></span> <span class='ocrx_word' id='word_1_224' title='bbox 3091 1828 3325 1883; x_wconf 82' lang='lat' dir='ltr'><strong>exclusit</strong></span> <span class='ocrx_word' id='word_1_225' title='bbox 3346 1828 3571 1899; x_wconf 81' lang='lat' dir='ltr'><strong>opinio-</strong></span> 
     </span>
    </p>
   </div>
   <div class='ocr_carea' id='block_1_34' title="bbox 200 1922 1843 1995">
    <p class='ocr_par' dir='ltr' id='par_1_34' title="bbox 200 1922 1843 1995">
     <span class='ocr_line' id='line_1_34' title="bbox 200 1922 1843 1995; baseline 0.001 -19"><span class='ocrx_word' id='word_1_226' title='bbox 200 1928 367 1978; x_wconf 89' lang='lat' dir='ltr'><strong>certe</strong></span> <span class='ocrx_word' id='word_1_227' title='bbox 397 1922 693 1989; x_wconf 88' lang='lat' dir='ltr'><strong>honorem,</strong></span> <span class='ocrx_word' id='word_1_228' title='bbox 723 1938 898 1994; x_wconf 88' lang='lat' dir='ltr'><strong>quem</strong></span> <span class='ocrx_word' id='word_1_229' title='bbox 925 1922 1438 1978; x_wconf 82' lang='lat' dir='ltr'><strong>confoederandam</strong></span> <span class='ocrx_word' id='word_1_230' title='bbox 1479 1923 1595 1979; x_wconf 84' lang='lat' dir='ltr'><strong>ﬁlio</strong></span> <span class='ocrx_word' id='word_1_231' title='bbox 1625 1924 1843 1995; x_wconf 85' lang='lat' dir='ltr'><strong>judica-</strong></span> 
     </span>
    </p>
   </div>
   <div class='ocr_carea' id='block_1_35' title="bbox 203 2015 1842 2087">
    <p class='ocr_par' dir='ltr' id='par_1_35' title="bbox 203 2015 1842 2087">
     <span class='ocr_line' id='line_1_35' title="bbox 203 2015 1842 2087; baseline 0.001 -17"><span class='ocrx_word' id='word_1_232' title='bbox 203 2021 317 2084; x_wconf 86' lang='lat' dir='ltr'><strong>ret,</strong></span> <span class='ocrx_word' id='word_1_233' title='bbox 347 2030 421 2071; x_wconf 90' lang='lat' dir='ltr'><strong>ne</strong></span> <span class='ocrx_word' id='word_1_234' title='bbox 446 2016 665 2086; x_wconf 85' lang='lat' dir='ltr'><strong>species</strong></span> <span class='ocrx_word' id='word_1_235' title='bbox 703 2015 866 2087; x_wconf 88' lang='lat' dir='ltr'><strong>regni</strong></span> <span class='ocrx_word' id='word_1_236' title='bbox 902 2015 973 2071; x_wconf 94' lang='lat' dir='ltr'><strong>ad</strong></span> <span class='ocrx_word' id='word_1_237' title='bbox 1003 2031 1160 2083; x_wconf 90' lang='lat' dir='ltr'><strong>eum,</strong></span> <span class='ocrx_word' id='word_1_238' title='bbox 1191 2020 1437 2087; x_wconf 84' lang='lat' dir='ltr'><strong>potestas</strong></span> <span class='ocrx_word' id='word_1_239' title='bbox 1464 2016 1539 2071; x_wconf 92' lang='lat' dir='ltr'><strong>ad</strong></span> <span class='ocrx_word' id='word_1_240' title='bbox 1568 2016 1695 2071; x_wconf 89' lang='lat' dir='ltr'><strong>illos</strong></span> <span class='ocrx_word' id='word_1_241' title='bbox 1722 2033 1842 2087; x_wconf 85' lang='lat' dir='ltr'><strong>per-</strong></span> 
     </span>
    </p>
   </div>
   <div class='ocr_carea' id='block_1_36' title="bbox 201 2109 1842 2182">
    <p class='ocr_par' dir='ltr' id='par_1_36' title="bbox 201 2109 1842 2182">
     <span class='ocr_line' id='line_1_36' title="bbox 201 2109 1842 2182; baseline 0.001 -18"><span class='ocrx_word' id='word_1_242' title='bbox 201 2109 457 2165; x_wconf 79' lang='lat' dir='ltr'><strong>veniret.</strong></span> <span class='ocrx_word' id='word_1_243' title='bbox 493 2110 689 2181; x_wconf 85' lang='lat' dir='ltr'><strong>Neque</strong></span> <span class='ocrx_word' id='word_1_244' title='bbox 726 2125 862 2165; x_wconf 88' lang='lat' dir='ltr'><strong>vero</strong></span> <span class='ocrx_word' id='word_1_245' title='bbox 910 2109 1057 2164; x_wconf 89' lang='lat' dir='ltr'><strong>solos</strong></span> <span class='ocrx_word' id='word_1_246' title='bbox 1092 2109 1395 2165; x_wconf 84' lang='lat' dir='ltr'><strong>Alexandri</strong></span> <span class='ocrx_word' id='word_1_247' title='bbox 1424 2116 1595 2182; x_wconf 90' lang='lat' dir='ltr'><strong>atque</strong></span> <span class='ocrx_word' id='word_1_248' title='bbox 1634 2111 1842 2166; x_wconf 84' lang='lat' dir='ltr'><strong>Aristo-</strong></span> 
     </span>
    </p>
   </div>
   <div class='ocr_carea' id='block_1_37' title="bbox 202 2203 1841 2274">
    <p class='ocr_par' dir='ltr' id='par_1_37' title="bbox 202 2203 1841 2274">
     <span class='ocr_line' id='line_1_37' title="bbox 202 2203 1841 2274; baseline -0.001 -15"><span class='ocrx_word' id='word_1_249' title='bbox 202 2203 326 2259; x_wconf 90' lang='lat' dir='ltr'><strong>buli</strong></span> <span class='ocrx_word' id='word_1_250' title='bbox 357 2203 503 2258; x_wconf 89' lang='lat' dir='ltr'><strong>ﬁlios</strong></span> <span class='ocrx_word' id='word_1_251' title='bbox 528 2207 814 2274; x_wconf 78' lang='lat' dir='ltr'><strong>suspectos</strong></span> <span class='ocrx_word' id='word_1_252' title='bbox 839 2203 1105 2271; x_wconf 85' lang='lat' dir='ltr'><strong>habebat,</strong></span> <span class='ocrx_word' id='word_1_253' title='bbox 1128 2203 1230 2258; x_wconf 91' lang='lat' dir='ltr'><strong>sed</strong></span> <span class='ocrx_word' id='word_1_254' title='bbox 1262 2220 1466 2259; x_wconf 88' lang='lat' dir='ltr'><strong>omnes</strong></span> <span class='ocrx_word' id='word_1_255' title='bbox 1486 2205 1709 2260; x_wconf 83' lang='lat' dir='ltr'><strong>obstare</strong></span> <span class='ocrx_word' id='word_1_256' title='bbox 1735 2205 1841 2260; x_wconf 88' lang='lat' dir='ltr'><strong>sibi</strong></span> 
     </span>
    </p>
   </div>
   <div class='ocr_carea' id='block_1_38' title="bbox 202 2296 1840 2368">
    <p class='ocr_par' dir='ltr' id='par_1_38' title="bbox 202 2296 1840 2368">
     <span class='ocr_line' id='line_1_38' title="bbox 202 2296 1840 2368; baseline 0 -15"><span class='ocrx_word' id='word_1_257' title='bbox 202 2296 644 2353; x_wconf 83' lang='lat' dir='ltr'><strong>arbitrabatur:</strong></span> <span class='ocrx_word' id='word_1_258' title='bbox 687 2296 1013 2368; x_wconf 86' lang='lat' dir='ltr'><strong>quicunque</strong></span> <span class='ocrx_word' id='word_1_259' title='bbox 1054 2313 1120 2351; x_wconf 88' lang='lat' dir='ltr'><strong>ex</strong></span> <span class='ocrx_word' id='word_1_260' title='bbox 1157 2296 1391 2352; x_wconf 86' lang='lat' dir='ltr'><strong>diversis</strong></span> <span class='ocrx_word' id='word_1_261' title='bbox 1433 2297 1668 2353; x_wconf 80' lang='lat' dir='ltr'><strong>Herodis</strong></span> <span class='ocrx_word' id='word_1_262' title='bbox 1705 2315 1840 2353; x_wconf 84' lang='lat' dir='ltr'><strong>cou-</strong></span> 
     </span>
    </p>
   </div>
   <div class='ocr_carea' id='block_1_39' title="bbox 194 2391 1845 2463">
    <p class='ocr_par' dir='ltr' id='par_1_39' title="bbox 194 2391 1845 2463">
     <span class='ocr_line' id='line_1_39' title="bbox 194 2391 1845 2463; baseline 0.001 -17"><span class='ocrx_word' id='word_1_263' title='bbox 194 2392 446 2463; x_wconf 89' lang='lat' dir='ltr'><strong>jugibus</strong></span> <span class='ocrx_word' id='word_1_264' title='bbox 481 2394 809 2462; x_wconf 89' lang='lat' dir='ltr'><strong>competere</strong></span> <span class='ocrx_word' id='word_1_265' title='bbox 847 2391 935 2445; x_wconf 87' lang='lat' dir='ltr'><strong>val</strong></span> <span class='ocrx_word' id='word_1_266' title='bbox 969 2391 1126 2445; x_wconf 89' lang='lat' dir='ltr'><strong>taciti</strong></span> <span class='ocrx_word' id='word_1_267' title='bbox 1154 2391 1499 2446; x_wconf 85' lang='lat' dir='ltr'><strong>videbantur</strong></span> <span class='ocrx_word' id='word_1_268' title='bbox 1536 2394 1697 2463; x_wconf 81' lang='lat' dir='ltr'><strong>regni</strong></span> <span class='ocrx_word' id='word_1_269' title='bbox 1726 2409 1845 2447; x_wconf 89' lang='lat' dir='ltr'><strong>suc-</strong></span> 
     </span>
    </p>
   </div>
   <div class='ocr_carea' id='block_1_40' title="bbox 204 2484 1842 2557">
    <p class='ocr_par' dir='ltr' id='par_1_40' title="bbox 204 2484 1842 2557">
     <span class='ocr_line' id='line_1_40' title="bbox 204 2484 1842 2557; baseline 0 -16"><span class='ocrx_word' id='word_1_270' title='bbox 204 2486 546 2553; x_wconf 85' lang='lat' dir='ltr'><strong>cessionem,</strong></span> <span class='ocrx_word' id='word_1_271' title='bbox 576 2500 820 2557; x_wconf 90' lang='lat' dir='ltr'><strong>quorum</strong></span> <span class='ocrx_word' id='word_1_272' title='bbox 852 2484 1127 2556; x_wconf 86' lang='lat' dir='ltr'><strong>frequens</strong></span> <span class='ocrx_word' id='word_1_273' title='bbox 1151 2501 1431 2540; x_wconf 87' lang='lat' dir='ltr'><strong>numerus</strong></span> <span class='ocrx_word' id='word_1_274' title='bbox 1461 2492 1603 2541; x_wconf 90' lang='lat' dir='ltr'><strong>erat.</strong></span> <span class='ocrx_word' id='word_1_275' title='bbox 1635 2487 1842 2542; x_wconf 82' lang='lat' dir='ltr'><strong>Novem</strong></span> 
     </span>
    </p>
   </div>
   <div class='ocr_carea' id='block_1_41' title="bbox 209 2570 1843 2650">
    <p class='ocr_par' dir='ltr' id='par_1_41' title="bbox 209 2570 1843 2650">
     <span class='ocr_line' id='line_1_41' title="bbox 209 2570 1843 2650; baseline 0 -15"><span class='ocrx_word' id='word_1_276' title='bbox 209 2579 431 2635; x_wconf 87' lang='lat' dir='ltr'><strong>etenim</strong></span> <span class='ocrx_word' id='word_1_277' title='bbox 476 2579 749 2634; x_wconf 88' lang='lat' dir='ltr'><strong>mulieres</strong></span> <span class='ocrx_word' id='word_1_278' title='bbox 792 2578 970 2649; x_wconf 81' lang='lat' dir='ltr'><strong>regali</strong></span> <span class='ocrx_word' id='word_1_279' title='bbox 1005 2570 1274 2650; x_wconf 79' lang='lat' dir='ltr'><strong>conjugio</strong></span> <span class='ocrx_word' id='word_1_280' title='bbox 1313 2579 1682 2650; x_wconf 89' lang='lat' dir='ltr'><strong>potiebantur</strong></span> <span class='ocrx_word' id='word_1_281' title='bbox 1715 2598 1728 2634; x_wconf 91' lang='lat'>:</span> <span class='ocrx_word' id='word_1_282' title='bbox 1776 2598 1843 2635; x_wconf 88' lang='lat' dir='ltr'><strong>ex</strong></span> 
     </span>
    </p>
   </div>
   <div class='ocr_carea' id='block_1_42' title="bbox 210 2672 1847 2737">
    <p class='ocr_par' dir='ltr' id='par_1_42' title="bbox 210 2672 1847 2737">
     <span class='ocr_line' id='line_1_42' title="bbox 210 2672 1847 2737; baseline 0 -10"><span class='ocrx_word' id='word_1_283' title='bbox 210 2673 304 2728; x_wconf 86' lang='lat' dir='ltr'><strong>his</strong></span> <span class='ocrx_word' id='word_1_284' title='bbox 332 2672 465 2728; x_wconf 67' lang='lat' dir='ltr'><strong>duas</strong></span> <span class='ocrx_word' id='word_1_285' title='bbox 494 2675 722 2727; x_wconf 89' lang='lat' dir='ltr'><strong>tantum</strong></span> <span class='ocrx_word' id='word_1_286' title='bbox 764 2672 887 2727; x_wconf 88' lang='lat' dir='ltr'><strong>sine</strong></span> <span class='ocrx_word' id='word_1_287' title='bbox 923 2672 1118 2727; x_wconf 89' lang='lat' dir='ltr'><strong>liberis</strong></span> <span class='ocrx_word' id='word_1_288' title='bbox 1144 2677 1329 2737; x_wconf 87' lang='lat' dir='ltr'><strong>erant,</strong></span> <span class='ocrx_word' id='word_1_289' title='bbox 1364 2674 1585 2728; x_wconf 69' lang='lat' dir='ltr'><strong>caeteris</strong></span> <span class='ocrx_word' id='word_1_290' title='bbox 1626 2674 1847 2730; x_wconf 87' lang='lat' dir='ltr'><strong>soboles</strong></span> 
     </span>
    </p>
   </div>
   <div class='ocr_carea' id='block_1_43' title="bbox 209 2766 1844 2839">
    <p class='ocr_par' dir='ltr' id='par_1_43' title="bbox 209 2766 1844 2839">
     <span class='ocr_line' id='line_1_43' title="bbox 209 2766 1844 2839; baseline 0.001 -17"><span class='ocrx_word' id='word_1_291' title='bbox 209 2766 616 2838; x_wconf 86' lang='lat' dir='ltr'><strong>suppetebant.</strong></span> <span class='ocrx_word' id='word_1_292' title='bbox 665 2767 961 2838; x_wconf 84' lang='lat' dir='ltr'><strong>Antipater</strong></span> <span class='ocrx_word' id='word_1_293' title='bbox 997 2767 1261 2822; x_wconf 87' lang='lat' dir='ltr'><strong>Dosidem</strong></span> <span class='ocrx_word' id='word_1_294' title='bbox 1309 2766 1604 2823; x_wconf 87' lang='lat' dir='ltr'><strong>attollebat</strong></span> <span class='ocrx_word' id='word_1_295' title='bbox 1644 2785 1844 2839; x_wconf 86' lang='lat' dir='ltr'><strong>paren-</strong></span> 
     </span>
    </p>
   </div>
   <div class='ocr_carea' id='block_1_44' title="bbox 212 2860 1849 2932">
    <p class='ocr_par' dir='ltr' id='par_1_44' title="bbox 212 2860 1849 2932">
     <span class='ocr_line' id='line_1_44' title="bbox 212 2860 1849 2932; baseline 0.001 -17"><span class='ocrx_word' id='word_1_296' title='bbox 212 2867 359 2928; x_wconf 88' lang='lat' dir='ltr'><strong>tem,</strong></span> <span class='ocrx_word' id='word_1_297' title='bbox 405 2861 656 2916; x_wconf 81' lang='lat' dir='ltr'><strong>Herodes</strong></span> <span class='ocrx_word' id='word_1_298' title='bbox 699 2860 1096 2929; x_wconf 82' lang='lat' dir='ltr'><strong>Mariamnem,</strong></span> <span class='ocrx_word' id='word_1_299' title='bbox 1142 2861 1380 2932; x_wconf 88' lang='lat' dir='ltr'><strong>Antipas</strong></span> <span class='ocrx_word' id='word_1_300' title='bbox 1434 2865 1493 2915; x_wconf 88' lang='lat' dir='ltr'><strong>et</strong></span> <span class='ocrx_word' id='word_1_301' title='bbox 1540 2862 1849 2918; x_wconf 82' lang='lat' dir='ltr'><strong>Archelaus</strong></span> 
     </span>
    </p>
   </div>
   <div class='ocr_carea' id='block_1_45' title="bbox 210 2954 1846 3028">
    <p class='ocr_par' dir='ltr' id='par_1_45' title="bbox 210 2954 1846 3028">
     <span class='ocr_line' id='line_1_45' title="bbox 210 2954 1846 3028; baseline 0 -19"><span class='ocrx_word' id='word_1_302' title='bbox 210 2954 516 3010; x_wconf 69' lang='lat' dir='ltr'><strong>Matehatis</strong></span> <span class='ocrx_word' id='word_1_303' title='bbox 545 2956 709 3010; x_wconf 88' lang='lat' dir='ltr'><strong>erant</strong></span> <span class='ocrx_word' id='word_1_304' title='bbox 735 2954 839 3009; x_wconf 88' lang='lat' dir='ltr'><strong>ﬁlii</strong></span> <span class='ocrx_word' id='word_1_305' title='bbox 876 2954 1269 3021; x_wconf 60' lang='lat' dir='ltr'><strong>Samaritana,</strong></span> <span class='ocrx_word' id='word_1_306' title='bbox 1302 2960 1359 3009; x_wconf 90' lang='lat' dir='ltr'><strong>et</strong></span> <span class='ocrx_word' id='word_1_307' title='bbox 1390 2954 1503 3010; x_wconf 87' lang='lat' dir='ltr'><strong>ﬁlia</strong></span> <span class='ocrx_word' id='word_1_308' title='bbox 1539 2955 1846 3028; x_wconf 85' lang='lat' dir='ltr'><strong>Olympias,</strong></span> 
     </span>
    </p>
   </div>
   <div class='ocr_carea' id='block_1_46' title="bbox 208 3047 1849 3122">
    <p class='ocr_par' dir='ltr' id='par_1_46' title="bbox 208 3047 1849 3122">
     <span class='ocr_line' id='line_1_46' title="bbox 208 3047 1849 3122; baseline 0.001 -19"><span class='ocrx_word' id='word_1_309' title='bbox 208 3064 346 3120; x_wconf 69' lang='lat' dir='ltr'><strong>quae</strong></span> <span class='ocrx_word' id='word_1_310' title='bbox 399 3047 629 3119; x_wconf 81' lang='lat' dir='ltr'><strong>Josippo</strong></span> <span class='ocrx_word' id='word_1_311' title='bbox 667 3048 800 3119; x_wconf 87' lang='lat' dir='ltr'><strong>jure</strong></span> <span class='ocrx_word' id='word_1_312' title='bbox 851 3047 1121 3102; x_wconf 87' lang='lat' dir='ltr'><strong>connubii</strong></span> <span class='ocrx_word' id='word_1_313' title='bbox 1162 3047 1508 3104; x_wconf 89' lang='lat' dir='ltr'><strong>sociabatur.</strong></span> <span class='ocrx_word' id='word_1_314' title='bbox 1554 3050 1849 3122; x_wconf 86' lang='lat' dir='ltr'><strong>Cleopatra</strong></span> 
     </span>
    </p>
   </div>
   <div class='ocr_carea' id='block_1_47' title="bbox 1946 1921 3579 2000">
    <p class='ocr_par' dir='ltr' id='par_1_47' title="bbox 1946 1921 3579 2000">
     <span class='ocr_line' id='line_1_47' title="bbox 1946 1921 3579 2000; baseline -0.006 -14"><span class='ocrx_word' id='word_1_315' title='bbox 1946 1946 2100 1997; x_wconf 90' lang='lat' dir='ltr'><strong>nem,</strong></span> <span class='ocrx_word' id='word_1_316' title='bbox 2142 1929 2293 2000; x_wconf 89' lang='lat' dir='ltr'><strong>quod</strong></span> <span class='ocrx_word' id='word_1_317' title='bbox 2333 1941 2465 1982; x_wconf 89' lang='lat' dir='ltr'><strong>eum</strong></span> <span class='ocrx_word' id='word_1_318' title='bbox 2502 1926 2684 1981; x_wconf 88' lang='lat' dir='ltr'><strong>frater</strong></span> <span class='ocrx_word' id='word_1_319' title='bbox 2721 1937 2939 1979; x_wconf 88' lang='lat' dir='ltr'><strong>veneno</strong></span> <span class='ocrx_word' id='word_1_320' title='bbox 2975 1923 3312 1994; x_wconf 88' lang='lat' dir='ltr'><strong>appetisset;</strong></span> <span class='ocrx_word' id='word_1_321' title='bbox 3338 1921 3419 1978; x_wconf 87' lang='lat' dir='ltr'><strong>ita</strong></span> <span class='ocrx_word' id='word_1_322' title='bbox 3453 1926 3579 1979; x_wconf 89' lang='lat' dir='ltr'><strong>erat</strong></span> 
     </span>
    </p>
   </div>
   <div class='ocr_carea' id='block_1_48' title="bbox 1944 2013 3577 2087">
    <p class='ocr_par' dir='ltr' id='par_1_48' title="bbox 1944 2013 3577 2087">
     <span class='ocr_line' id='line_1_48' title="bbox 1944 2013 3577 2087; baseline -0.006 -7"><span class='ocrx_word' id='word_1_323' title='bbox 1944 2024 2115 2080; x_wconf 86' lang='lat' dir='ltr'><strong>etiam</strong></span> <span class='ocrx_word' id='word_1_324' title='bbox 2134 2024 2191 2078; x_wconf 89' lang='lat' dir='ltr'><strong>in</strong></span> <span class='ocrx_word' id='word_1_325' title='bbox 2214 2037 2344 2076; x_wconf 84' lang='lat' dir='ltr'><strong>suos</strong></span> <span class='ocrx_word' id='word_1_326' title='bbox 2361 2019 2631 2086; x_wconf 90' lang='lat' dir='ltr'><strong>crudelis,</strong></span> <span class='ocrx_word' id='word_1_327' title='bbox 2647 2033 2755 2073; x_wconf 90' lang='lat' dir='ltr'><strong>nec</strong></span> <span class='ocrx_word' id='word_1_328' title='bbox 2768 2016 3017 2075; x_wconf 87' lang='lat' dir='ltr'><strong>difﬁcilis</strong></span> <span class='ocrx_word' id='word_1_329' title='bbox 3037 2015 3179 2071; x_wconf 85' lang='lat' dir='ltr'><strong>ﬁdes</strong></span> <span class='ocrx_word' id='word_1_330' title='bbox 3193 2029 3406 2085; x_wconf 86' lang='lat' dir='ltr'><strong>rerum,</strong></span> <span class='ocrx_word' id='word_1_331' title='bbox 3422 2013 3577 2087; x_wconf 87' lang='lat' dir='ltr'><strong>quod</strong></span> 
     </span>
    </p>
   </div>
   <div class='ocr_carea' id='block_1_49' title="bbox 1945 2109 3501 2190">
    <p class='ocr_par' dir='ltr' id='par_1_49' title="bbox 1945 2109 3501 2190">
     <span class='ocr_line' id='line_1_49' title="bbox 1945 2109 3501 2190; baseline -0.004 -18"><span class='ocrx_word' id='word_1_332' title='bbox 1945 2118 2195 2190; x_wconf 89' lang='lat' dir='ltr'><strong>potuerit</strong></span> <span class='ocrx_word' id='word_1_333' title='bbox 2222 2116 2459 2170; x_wconf 83' lang='lat' dir='ltr'><strong>fratrem</strong></span> <span class='ocrx_word' id='word_1_334' title='bbox 2487 2111 2769 2179; x_wconf 90' lang='lat' dir='ltr'><strong>occidere,</strong></span> <span class='ocrx_word' id='word_1_335' title='bbox 2801 2110 2900 2183; x_wconf 91' lang='lat' dir='ltr'><strong>qui</strong></span> <span class='ocrx_word' id='word_1_336' title='bbox 2926 2109 3070 2165; x_wconf 79' lang='lat' dir='ltr'><strong>ﬁlios</strong></span> <span class='ocrx_word' id='word_1_337' title='bbox 3096 2110 3501 2165; x_wconf 86' lang='lat' dir='ltr'><strong>interemisset.</strong></span> 
     </span>
    </p>
   </div>
   <div class='ocr_carea' id='block_1_50' title="bbox 2542 2210 2978 2268">
    <p class='ocr_par' dir='ltr' id='par_1_50' title="bbox 2542 2210 2978 2268">
     <span class='ocr_line' id='line_1_50' title="bbox 2542 2210 2978 2268; baseline -0.007 0"><span class='ocrx_word' id='word_1_338' title='bbox 2542 2212 2762 2268; x_wconf 82' lang='lat' dir='ltr'><strong>CAPUT</strong></span> <span class='ocrx_word' id='word_1_339' title='bbox 2799 2210 2978 2266; x_wconf 78' lang='lat' dir='ltr'><strong>XLIII.</strong></span> 
     </span>
    </p>
   </div>
   <div class='ocr_carea' id='block_1_51' title="bbox 2020 2300 3579 2376">
    <p class='ocr_par' dir='ltr' id='par_1_51' title="bbox 2020 2300 3579 2376">
     <span class='ocr_line' id='line_1_51' title="bbox 2020 2300 3579 2376; baseline -0.004 -14"><span class='ocrx_word' id='word_1_340' title='bbox 2020 2310 2176 2362; x_wconf 84' lang='lat' dir='ltr'><strong>Hunc</strong></span> <span class='ocrx_word' id='word_1_341' title='bbox 2207 2305 2401 2376; x_wconf 85' lang='lat' dir='ltr'><strong>itaque</strong></span> <span class='ocrx_word' id='word_1_342' title='bbox 2430 2318 2577 2358; x_wconf 89' lang='lat' dir='ltr'><strong>unus</strong></span> <span class='ocrx_word' id='word_1_343' title='bbox 2605 2301 2676 2357; x_wconf 90' lang='lat' dir='ltr'><strong>de</strong></span> <span class='ocrx_word' id='word_1_344' title='bbox 2703 2300 3170 2357; x_wconf 84' lang='lat' dir='ltr'><strong>interfectoribus</strong></span> <span class='ocrx_word' id='word_1_345' title='bbox 3187 2300 3500 2356; x_wconf 84' lang='lat' dir='ltr'><strong>Alexandri</strong></span> <span class='ocrx_word' id='word_1_346' title='bbox 3522 2309 3579 2356; x_wconf 87' lang='lat' dir='ltr'><strong>et</strong></span> 
     </span>
    </p>
   </div>
   <div class='ocr_carea' id='block_1_52' title="bbox 1947 2392 3584 2470">
    <p class='ocr_par' dir='ltr' id='par_1_52' title="bbox 1947 2392 3584 2470">
     <span class='ocr_line' id='line_1_52' title="bbox 1947 2392 3584 2470; baseline -0.005 -12"><span class='ocrx_word' id='word_1_347' title='bbox 1947 2399 2253 2458; x_wconf 84' lang='lat' dir='ltr'><strong>Aristobuli</strong></span> <span class='ocrx_word' id='word_1_348' title='bbox 2303 2395 2680 2470; x_wconf 87' lang='lat' dir='ltr'><strong>improbitatis</strong></span> <span class='ocrx_word' id='word_1_349' title='bbox 2727 2409 2844 2449; x_wconf 63' lang='lat' dir='ltr'><strong>suae</strong></span> <span class='ocrx_word' id='word_1_350' title='bbox 2885 2394 3059 2449; x_wconf 89' lang='lat' dir='ltr'><strong>ﬁnem</strong></span> <span class='ocrx_word' id='word_1_351' title='bbox 3106 2392 3342 2461; x_wconf 88' lang='lat' dir='ltr'><strong>invenit,</strong></span> <span class='ocrx_word' id='word_1_352' title='bbox 3386 2410 3419 2449; x_wconf 87' lang='lat' dir='ltr'><strong>a</strong></span> <span class='ocrx_word' id='word_1_353' title='bbox 3466 2409 3584 2465; x_wconf 88' lang='lat' dir='ltr'><strong>quo</strong></span> 
     </span>
    </p>
   </div>
   <div class='ocr_carea' id='block_1_53' title="bbox 1947 2487 3578 2559">
    <p class='ocr_par' dir='ltr' id='par_1_53' title="bbox 1947 2487 3578 2559">
     <span class='ocr_line' id='line_1_53' title="bbox 1947 2487 3578 2559; baseline -0.005 -9"><span class='ocrx_word' id='word_1_354' title='bbox 1947 2494 2245 2550; x_wconf 87' lang='lat' dir='ltr'><strong>exordium</strong></span> <span class='ocrx_word' id='word_1_355' title='bbox 2305 2506 2568 2557; x_wconf 89' lang='lat' dir='ltr'><strong>sumens,</strong></span> <span class='ocrx_word' id='word_1_356' title='bbox 2613 2490 2673 2543; x_wconf 88' lang='lat' dir='ltr'><strong>in</strong></span> <span class='ocrx_word' id='word_1_357' title='bbox 2726 2487 3089 2559; x_wconf 82' lang='lat' dir='ltr'><strong>Antipatrum</strong></span> <span class='ocrx_word' id='word_1_358' title='bbox 3152 2502 3316 2558; x_wconf 72' lang='lat' dir='ltr'><strong>poena</strong></span> <span class='ocrx_word' id='word_1_359' title='bbox 3370 2488 3578 2543; x_wconf 89' lang='lat' dir='ltr'><strong>transi-</strong></span> 
     </span>
    </p>
   </div>
   <div class='ocr_carea' id='block_1_54' title="bbox 1947 2581 3585 2653">
    <p class='ocr_par' dir='ltr' id='par_1_54' title="bbox 1947 2581 3585 2653">
     <span class='ocr_line' id='line_1_54' title="bbox 1947 2581 3585 2653; baseline -0.005 -11"><span class='ocrx_word' id='word_1_360' title='bbox 1947 2590 2029 2644; x_wconf 87' lang='lat' dir='ltr'><strong>vit</strong></span> <span class='ocrx_word' id='word_1_361' title='bbox 2059 2587 2290 2642; x_wconf 87' lang='lat' dir='ltr'><strong>sceleris</strong></span> <span class='ocrx_word' id='word_1_362' title='bbox 2320 2590 2637 2639; x_wconf 81' lang='lat' dir='ltr'><strong>auctorem.</strong></span> <span class='ocrx_word' id='word_1_363' title='bbox 2666 2582 2922 2653; x_wconf 86' lang='lat' dir='ltr'><strong>Namque</strong></span> <span class='ocrx_word' id='word_1_364' title='bbox 2959 2581 3300 2636; x_wconf 87' lang='lat' dir='ltr'><strong>libertorum</strong></span> <span class='ocrx_word' id='word_1_365' title='bbox 3335 2581 3585 2653; x_wconf 86' lang='lat' dir='ltr'><strong>querelis</strong></span> 
     </span>
    </p>
   </div>
   <div class='ocr_carea' id='block_1_55' title="bbox 1948 2674 3581 2754">
    <p class='ocr_par' dir='ltr' id='par_1_55' title="bbox 1948 2674 3581 2754">
     <span class='ocr_line' id='line_1_55' title="bbox 1948 2674 3581 2754; baseline -0.004 -17"><span class='ocrx_word' id='word_1_366' title='bbox 1948 2682 2047 2754; x_wconf 91' lang='lat' dir='ltr'><strong>qui</strong></span> <span class='ocrx_word' id='word_1_367' title='bbox 2081 2685 2394 2753; x_wconf 90' lang='lat' dir='ltr'><strong>patronum</strong></span> <span class='ocrx_word' id='word_1_368' title='bbox 2423 2692 2592 2732; x_wconf 87' lang='lat' dir='ltr'><strong>suum</strong></span> <span class='ocrx_word' id='word_1_369' title='bbox 2617 2690 2834 2731; x_wconf 89' lang='lat' dir='ltr'><strong>veneno</strong></span> <span class='ocrx_word' id='word_1_370' title='bbox 2854 2674 3222 2731; x_wconf 85' lang='lat' dir='ltr'><strong>interfectum</strong></span> <span class='ocrx_word' id='word_1_371' title='bbox 3243 2680 3581 2740; x_wconf 78' lang='lat' dir='ltr'><strong>assererent,</strong></span> 
     </span>
    </p>
   </div>
   <div class='ocr_carea' id='block_1_56' title="bbox 1948 2767 3583 2842">
    <p class='ocr_par' dir='ltr' id='par_1_56' title="bbox 1948 2767 3583 2842">
     <span class='ocr_line' id='line_1_56' title="bbox 1948 2767 3583 2842; baseline -0.005 -11"><span class='ocrx_word' id='word_1_372' title='bbox 1948 2776 2273 2831; x_wconf 88' lang='lat' dir='ltr'><strong>stimulatus</strong></span> <span class='ocrx_word' id='word_1_373' title='bbox 2306 2770 2580 2836; x_wconf 87' lang='lat' dir='ltr'><strong>Herodes,</strong></span> <span class='ocrx_word' id='word_1_374' title='bbox 2604 2770 2743 2824; x_wconf 91' lang='lat' dir='ltr'><strong>dum</strong></span> <span class='ocrx_word' id='word_1_375' title='bbox 2773 2768 3067 2824; x_wconf 89' lang='lat' dir='ltr'><strong>sollicitius</strong></span> <span class='ocrx_word' id='word_1_376' title='bbox 3097 2768 3324 2840; x_wconf 68' lang='lat' dir='ltr'><strong>quierit,</strong></span> <span class='ocrx_word' id='word_1_377' title='bbox 3351 2767 3583 2842; x_wconf 79' lang='lat' dir='ltr'><strong>cognito</strong></span> 
     </span>
    </p>
   </div>
   <div class='ocr_carea' id='block_1_57' title="bbox 1948 2861 3579 2942">
    <p class='ocr_par' dir='ltr' id='par_1_57' title="bbox 1948 2861 3579 2942">
     <span class='ocr_line' id='line_1_57' title="bbox 1948 2861 3579 2942; baseline -0.006 -17"><span class='ocrx_word' id='word_1_378' title='bbox 1948 2870 2084 2942; x_wconf 83' lang='lat' dir='ltr'><strong>quia</strong></span> <span class='ocrx_word' id='word_1_379' title='bbox 2126 2868 2198 2923; x_wconf 91' lang='lat' dir='ltr'><strong>ab</strong></span> <span class='ocrx_word' id='word_1_380' title='bbox 2230 2881 2403 2922; x_wconf 89' lang='lat' dir='ltr'><strong>uxore</strong></span> <span class='ocrx_word' id='word_1_381' title='bbox 2444 2866 2515 2919; x_wconf 91' lang='lat' dir='ltr'><strong>de</strong></span> <span class='ocrx_word' id='word_1_382' title='bbox 2559 2864 2738 2918; x_wconf 89' lang='lat' dir='ltr'><strong>succis</strong></span> <span class='ocrx_word' id='word_1_383' title='bbox 2781 2862 3003 2919; x_wconf 70' lang='lat' dir='ltr'><strong>Arabia:</strong></span> <span class='ocrx_word' id='word_1_384' title='bbox 3028 2863 3339 2933; x_wconf 86' lang='lat' dir='ltr'><strong>accepisset</strong></span> <span class='ocrx_word' id='word_1_385' title='bbox 3365 2861 3579 2919; x_wconf 85' lang='lat' dir='ltr'><strong>Phero-</strong></span> 
     </span>
    </p>
   </div>
   <div class='ocr_carea' id='block_1_58' title="bbox 1950 2955 3587 3037">
    <p class='ocr_par' dir='ltr' id='par_1_58' title="bbox 1950 2955 3587 3037">
     <span class='ocr_line' id='line_1_58' title="bbox 1950 2955 3587 3037; baseline -0.004 -19"><span class='ocrx_word' id='word_1_386' title='bbox 1950 2980 2043 3019; x_wconf 84' lang='lat' dir='ltr'><strong>ras</strong></span> <span class='ocrx_word' id='word_1_387' title='bbox 2060 2961 2331 3035; x_wconf 91' lang='lat' dir='ltr'><strong>poculum</strong></span> <span class='ocrx_word' id='word_1_388' title='bbox 2352 2958 2506 3032; x_wconf 91' lang='lat' dir='ltr'><strong>quod</strong></span> <span class='ocrx_word' id='word_1_389' title='bbox 2526 2956 2868 3037; x_wconf 84' lang='lat' dir='ltr'><strong>amatorium</strong></span> <span class='ocrx_word' id='word_1_390' title='bbox 2886 2959 3206 3027; x_wconf 86' lang='lat' dir='ltr'><strong>putaretur,</strong></span> <span class='ocrx_word' id='word_1_391' title='bbox 3227 2955 3400 3027; x_wconf 90' lang='lat' dir='ltr'><strong>idque</strong></span> <span class='ocrx_word' id='word_1_392' title='bbox 3418 2969 3587 3012; x_wconf 80' lang='lat' dir='ltr'><strong>vene-</strong></span> 
     </span>
    </p>
   </div>
   <div class='ocr_carea' id='block_1_59' title="bbox 1948 3048 3582 3125">
    <p class='ocr_par' dir='ltr' id='par_1_59' title="bbox 1948 3048 3582 3125">
     <span class='ocr_line' id='line_1_59' title="bbox 1948 3048 3582 3125; baseline -0.004 -13"><span class='ocrx_word' id='word_1_393' title='bbox 1948 3072 2088 3113; x_wconf 91' lang='lat' dir='ltr'><strong>num</strong></span> <span class='ocrx_word' id='word_1_394' title='bbox 2129 3056 2321 3123; x_wconf 86' lang='lat' dir='ltr'><strong>fuisse,</strong></span> <span class='ocrx_word' id='word_1_395' title='bbox 2364 3052 2520 3125; x_wconf 92' lang='lat' dir='ltr'><strong>quod</strong></span> <span class='ocrx_word' id='word_1_396' title='bbox 2560 3050 2725 3123; x_wconf 69' lang='lat' dir='ltr'><strong>Sylaai</strong></span> <span class='ocrx_word' id='word_1_397' title='bbox 2767 3049 2953 3105; x_wconf 91' lang='lat' dir='ltr'><strong>studio</strong></span> <span class='ocrx_word' id='word_1_398' title='bbox 2995 3049 3289 3119; x_wconf 90' lang='lat' dir='ltr'><strong>traditum,</strong></span> <span class='ocrx_word' id='word_1_399' title='bbox 3330 3055 3389 3105; x_wconf 88' lang='lat' dir='ltr'><strong>et</strong></span> <span class='ocrx_word' id='word_1_400' title='bbox 3430 3048 3582 3121; x_wconf 80' lang='lat' dir='ltr'><strong>illico</strong></span> 
     </span>
    </p>
   </div>
   <div class='ocr_carea' id='block_1_60' title="bbox 208 3141 3581 3249">
    <p class='ocr_par' dir='ltr' id='par_1_60' title="bbox 208 3141 3581 3249">
     <span class='ocr_line' id='line_1_60' title="bbox 208 3141 3581 3249; baseline 0 -52"><span class='ocrx_word' id='word_1_401' title='bbox 208 3158 448 3215; x_wconf 88' lang='lat' dir='ltr'><strong>quoque</strong></span> <span class='ocrx_word' id='word_1_402' title='bbox 474 3141 986 3215; x_wconf 86' lang='lat' dir='ltr'><strong>Hierosolymitana</strong></span> <span class='ocrx_word' id='word_1_403' title='bbox 1010 3142 1290 3197; x_wconf 83' lang='lat' dir='ltr'><strong>Herodem</strong></span> <span class='ocrx_word' id='word_1_404' title='bbox 1321 3148 1378 3198; x_wconf 88' lang='lat' dir='ltr'><strong>et</strong></span> <span class='ocrx_word' id='word_1_405' title='bbox 1401 3143 1727 3215; x_wconf 88' lang='lat' dir='ltr'><strong>Philippum</strong></span> <span class='ocrx_word' id='word_1_406' title='bbox 1758 3160 1850 3215; x_wconf 89' lang='lat' dir='ltr'><strong>ge-</strong></span> <span class='ocrx_word' id='word_1_407' title='bbox 1871 3176 1926 3249; x_wconf 67' lang='grc' dir='ltr'>Ο</span> <span class='ocrx_word' id='word_1_408' title='bbox 1951 3152 2010 3207; x_wconf 75' lang='lat' dir='ltr'><strong>in</strong></span> <span class='ocrx_word' id='word_1_409' title='bbox 2045 3153 2264 3223; x_wconf 71' lang='lat' dir='ltr'><strong>pestem</strong></span> <span class='ocrx_word' id='word_1_410' title='bbox 2296 3160 2656 3212; x_wconf 82' lang='lat' dir='ltr'><strong>conversum,</strong></span> <span class='ocrx_word' id='word_1_411' title='bbox 2689 3143 2746 3199; x_wconf 91' lang='lat' dir='ltr'><strong>in</strong></span> <span class='ocrx_word' id='word_1_412' title='bbox 2785 3144 3171 3215; x_wconf 87' lang='lat' dir='ltr'><strong>plurimorum</strong></span> <span class='ocrx_word' id='word_1_413' title='bbox 3207 3143 3581 3215; x_wconf 67' lang='lat' dir='ltr'><strong>quaestionem</strong></span> 
     </span>
    </p>
   </div>
   <div class='ocr_carea' id='block_1_61' title="bbox 208 3235 1851 3309">
    <p class='ocr_par' dir='ltr' id='par_1_61' title="bbox 208 3235 1851 3309">
     <span class='ocr_line' id='line_1_61' title="bbox 208 3235 1851 3309; baseline 0.002 -19"><span class='ocrx_word' id='word_1_414' title='bbox 208 3241 421 3291; x_wconf 89' lang='lat' dir='ltr'><strong>nuerat</strong></span> <span class='ocrx_word' id='word_1_415' title='bbox 480 3235 722 3300; x_wconf 81' lang='lat' dir='ltr'><strong>Herodi;</strong></span> <span class='ocrx_word' id='word_1_416' title='bbox 776 3236 957 3292; x_wconf 86' lang='lat' dir='ltr'><strong>Pallas</strong></span> <span class='ocrx_word' id='word_1_417' title='bbox 1010 3235 1337 3291; x_wconf 88' lang='lat' dir='ltr'><strong>Phaselum.</strong></span> <span class='ocrx_word' id='word_1_418' title='bbox 1392 3237 1563 3292; x_wconf 86' lang='lat' dir='ltr'><strong>Erant</strong></span> <span class='ocrx_word' id='word_1_419' title='bbox 1622 3254 1851 3309; x_wconf 90' lang='lat' dir='ltr'><strong>quoque</strong></span> 
     </span>
    </p>
   </div>
   <div class='ocr_carea' id='block_1_62' title="bbox 211 3329 1851 3403">
    <p class='ocr_par' dir='ltr' id='par_1_62' title="bbox 211 3329 1851 3403">
     <span class='ocr_line' id='line_1_62' title="bbox 211 3329 1851 3403; baseline 0.001 -18"><span class='ocrx_word' id='word_1_420' title='bbox 211 3329 395 3385; x_wconf 85' lang='lat' dir='ltr'><strong>etiam</strong></span> <span class='ocrx_word' id='word_1_421' title='bbox 431 3329 560 3385; x_wconf 67' lang='lat' dir='ltr'><strong>alias</strong></span> <span class='ocrx_word' id='word_1_422' title='bbox 602 3330 729 3401; x_wconf 88' lang='lat' dir='ltr'><strong>regi&#39;</strong></span> <span class='ocrx_word' id='word_1_423' title='bbox 758 3330 913 3397; x_wconf 64' lang='lat' dir='ltr'><strong>ﬁliae,</strong></span> <span class='ocrx_word' id='word_1_424' title='bbox 949 3330 1176 3385; x_wconf 80' lang='lat' dir='ltr'><strong>Roxane</strong></span> <span class='ocrx_word' id='word_1_425' title='bbox 1204 3336 1262 3385; x_wconf 90' lang='lat' dir='ltr'><strong>et</strong></span> <span class='ocrx_word' id='word_1_426' title='bbox 1295 3330 1518 3386; x_wconf 78' lang='lat' dir='ltr'><strong>Salonis</strong></span> <span class='ocrx_word' id='word_1_427' title='bbox 1550 3352 1564 3387; x_wconf 91' lang='lat'><strong>:</strong></span> <span class='ocrx_word' id='word_1_428' title='bbox 1606 3347 1851 3403; x_wconf 89' lang='lat' dir='ltr'><strong>quarum</strong></span> 
     </span>
    </p>
   </div>
   <div class='ocr_carea' id='block_1_63' title="bbox 209 3422 1854 3497">
    <p class='ocr_par' dir='ltr' id='par_1_63' title="bbox 209 3422 1854 3497">
     <span class='ocr_line' id='line_1_63' title="bbox 209 3422 1854 3497; baseline 0.001 -18"><span class='ocrx_word' id='word_1_429' title='bbox 209 3423 317 3479; x_wconf 86' lang='lat' dir='ltr'><strong>uni</strong></span> <span class='ocrx_word' id='word_1_430' title='bbox 349 3422 593 3480; x_wconf 73' lang='lat' dir='ltr'><strong>Phaedra</strong></span> <span class='ocrx_word' id='word_1_431' title='bbox 625 3427 753 3479; x_wconf 88' lang='lat' dir='ltr'><strong>erat</strong></span> <span class='ocrx_word' id='word_1_432' title='bbox 779 3427 982 3491; x_wconf 83' lang='lat' dir='ltr'><strong>mater,</strong></span> <span class='ocrx_word' id='word_1_433' title='bbox 1016 3423 1249 3495; x_wconf 82' lang='lat' dir='ltr'><strong>Helphis</strong></span> <span class='ocrx_word' id='word_1_434' title='bbox 1283 3424 1466 3480; x_wconf 84' lang='lat' dir='ltr'><strong>alteri.</strong></span> <span class='ocrx_word' id='word_1_435' title='bbox 1505 3426 1854 3497; x_wconf 88' lang='lat' dir='ltr'><strong>Supererant</strong></span> 
     </span>
    </p>
   </div>
   <div class='ocr_carea' id='block_1_64' title="bbox 213 3517 1852 3590">
    <p class='ocr_par' dir='ltr' id='par_1_64' title="bbox 213 3517 1852 3590">
     <span class='ocr_line' id='line_1_64' title="bbox 213 3517 1852 3590; baseline 0.001 -17"><span class='ocrx_word' id='word_1_436' title='bbox 213 3519 395 3573; x_wconf 84' lang='lat' dir='ltr'><strong>etiam</strong></span> <span class='ocrx_word' id='word_1_437' title='bbox 450 3517 761 3574; x_wconf 84' lang='lat' dir='ltr'><strong>Alexandri</strong></span> <span class='ocrx_word' id='word_1_438' title='bbox 822 3521 883 3573; x_wconf 90' lang='lat' dir='ltr'><strong>et</strong></span> <span class='ocrx_word' id='word_1_439' title='bbox 933 3517 1237 3574; x_wconf 88' lang='lat' dir='ltr'><strong>Aristobuli</strong></span> <span class='ocrx_word' id='word_1_440' title='bbox 1289 3534 1580 3590; x_wconf 70' lang='lat' dir='ltr'><strong>germanas</strong></span> <span class='ocrx_word' id='word_1_441' title='bbox 1631 3536 1852 3575; x_wconf 91' lang='lat' dir='ltr'><strong>sorores</strong></span> 
     </span>
    </p>
   </div>
   <div class='ocr_carea' id='block_1_65' title="bbox 212 3612 1852 3686">
    <p class='ocr_par' dir='ltr' id='par_1_65' title="bbox 212 3612 1852 3686">
     <span class='ocr_line' id='line_1_65' title="bbox 212 3612 1852 3686; baseline 0.002 -20"><span class='ocrx_word' id='word_1_442' title='bbox 212 3628 363 3685; x_wconf 85' lang='lat' dir='ltr'><strong>quas</strong></span> <span class='ocrx_word' id='word_1_443' title='bbox 401 3612 711 3667; x_wconf 73' lang='lat' dir='ltr'><strong>Mariamue</strong></span> <span class='ocrx_word' id='word_1_444' title='bbox 745 3627 815 3667; x_wconf 90' lang='lat' dir='ltr'><strong>ex</strong></span> <span class='ocrx_word' id='word_1_445' title='bbox 860 3612 1079 3667; x_wconf 82' lang='lat' dir='ltr'><strong>Herode</strong></span> <span class='ocrx_word' id='word_1_446' title='bbox 1116 3618 1461 3685; x_wconf 87' lang='lat' dir='ltr'><strong>susceperat,</strong></span> <span class='ocrx_word' id='word_1_447' title='bbox 1500 3613 1646 3669; x_wconf 89' lang='lat' dir='ltr'><strong>sicut</strong></span> <span class='ocrx_word' id='word_1_448' title='bbox 1680 3630 1852 3686; x_wconf 90' lang='lat' dir='ltr'><strong>supra</strong></span> 
     </span>
    </p>
   </div>
   <div class='ocr_carea' id='block_1_66' title="bbox 214 3704 1850 3779">
    <p class='ocr_par' dir='ltr' id='par_1_66' title="bbox 214 3704 1850 3779">
     <span class='ocr_line' id='line_1_66' title="bbox 214 3704 1850 3779; baseline 0.002 -19"><span class='ocrx_word' id='word_1_449' title='bbox 214 3705 689 3761; x_wconf 84' lang='lat' dir='ltr'><strong>memoravimus.</strong></span> <span class='ocrx_word' id='word_1_450' title='bbox 718 3704 1113 3778; x_wconf 73' lang='lat' dir='ltr'><strong>.Multiplicem</strong></span> <span class='ocrx_word' id='word_1_451' title='bbox 1175 3706 1367 3778; x_wconf 87' lang='lat' dir='ltr'><strong>itaque</strong></span> <span class='ocrx_word' id='word_1_452' title='bbox 1430 3708 1850 3779; x_wconf 89' lang='lat' dir='ltr'><strong>generationem</strong></span> 
     </span>
    </p>
   </div>
   <div class='ocr_carea' id='block_1_67' title="bbox 216 3798 1853 3873">
    <p class='ocr_par' dir='ltr' id='par_1_67' title="bbox 216 3798 1853 3873">
     <span class='ocr_line' id='line_1_67' title="bbox 216 3798 1853 3873; baseline 0.001 -18"><span class='ocrx_word' id='word_1_453' title='bbox 216 3798 463 3855; x_wconf 79' lang='lat' dir='ltr'><strong>Herodis</strong></span> <span class='ocrx_word' id='word_1_454' title='bbox 490 3802 752 3855; x_wconf 88' lang='lat' dir='ltr'><strong>metuens</strong></span> <span class='ocrx_word' id='word_1_455' title='bbox 778 3801 1101 3871; x_wconf 85' lang='lat' dir='ltr'><strong>Antipater,</strong></span> <span class='ocrx_word' id='word_1_456' title='bbox 1128 3816 1283 3872; x_wconf 65' lang='lat' dir='ltr'><strong>aegre</strong></span> <span class='ocrx_word' id='word_1_457' title='bbox 1308 3800 1442 3856; x_wconf 91' lang='lat' dir='ltr'><strong>licet</strong></span> <span class='ocrx_word' id='word_1_458' title='bbox 1469 3802 1720 3873; x_wconf 89' lang='lat' dir='ltr'><strong>atquein</strong></span> <span class='ocrx_word' id='word_1_459' title='bbox 1741 3801 1853 3873; x_wconf 88' lang='lat' dir='ltr'><strong>pri-</strong></span> 
     </span>
    </p>
   </div>
   <div class='ocr_carea' id='block_1_68' title="bbox 214 3892 1849 3966">
    <p class='ocr_par' dir='ltr' id='par_1_68' title="bbox 214 3892 1849 3966">
     <span class='ocr_line' id='line_1_68' title="bbox 214 3892 1849 3966; baseline 0.001 -17"><span class='ocrx_word' id='word_1_460' title='bbox 214 3892 332 3949; x_wconf 88' lang='lat' dir='ltr'><strong>mis</strong></span> <span class='ocrx_word' id='word_1_461' title='bbox 354 3892 724 3949; x_wconf 87' lang='lat' dir='ltr'><strong>tentamentis</strong></span> <span class='ocrx_word' id='word_1_462' title='bbox 760 3893 1010 3948; x_wconf 91' lang='lat' dir='ltr'><strong>multum</strong></span> <span class='ocrx_word' id='word_1_463' title='bbox 1051 3910 1188 3964; x_wconf 89' lang='lat' dir='ltr'><strong>rege</strong></span> <span class='ocrx_word' id='word_1_464' title='bbox 1226 3898 1532 3962; x_wconf 87' lang='lat' dir='ltr'><strong>commoto,</strong></span> <span class='ocrx_word' id='word_1_465' title='bbox 1562 3894 1717 3966; x_wconf 89' lang='lat' dir='ltr'><strong>quod</strong></span> <span class='ocrx_word' id='word_1_466' title='bbox 1748 3894 1849 3949; x_wconf 85' lang='lat' dir='ltr'><strong>de-</strong></span> 
     </span>
    </p>
   </div>
   <div class='ocr_carea' id='block_1_69' title="bbox 214 3986 1854 4061">
    <p class='ocr_par' dir='ltr' id='par_1_69' title="bbox 214 3986 1854 4061">
     <span class='ocr_line' id='line_1_69' title="bbox 214 3986 1854 4061; baseline 0.001 -19"><span class='ocrx_word' id='word_1_467' title='bbox 214 3986 435 4042; x_wconf 87' lang='lat' dir='ltr'><strong>stitutis</strong></span> <span class='ocrx_word' id='word_1_468' title='bbox 471 3990 712 4058; x_wconf 89' lang='lat' dir='ltr'><strong>paterno</strong></span> <span class='ocrx_word' id='word_1_469' title='bbox 740 3986 949 4043; x_wconf 88' lang='lat' dir='ltr'><strong>auxilio</strong></span> <span class='ocrx_word' id='word_1_470' title='bbox 979 3987 1280 4059; x_wconf 90' lang='lat' dir='ltr'><strong>nepotibus</strong></span> <span class='ocrx_word' id='word_1_471' title='bbox 1319 3988 1591 4045; x_wconf 90' lang='lat' dir='ltr'><strong>invideret</strong></span> <span class='ocrx_word' id='word_1_472' title='bbox 1618 3988 1854 4061; x_wconf 84' lang='lat' dir='ltr'><strong>disposi-</strong></span> 
     </span>
    </p>
   </div>
   <div class='ocr_carea' id='block_1_70' title="bbox 215 4079 1852 4154">
    <p class='ocr_par' dir='ltr' id='par_1_70' title="bbox 215 4079 1852 4154">
     <span class='ocr_line' id='line_1_70' title="bbox 215 4079 1852 4154; baseline 0.001 -18"><span class='ocrx_word' id='word_1_473' title='bbox 215 4086 308 4136; x_wconf 82' lang='lat' dir='ltr'><strong>tas</strong></span> <span class='ocrx_word' id='word_1_474' title='bbox 348 4079 681 4151; x_wconf 84' lang='lat' dir='ltr'><strong>copularum</strong></span> <span class='ocrx_word' id='word_1_475' title='bbox 729 4080 1026 4137; x_wconf 84' lang='lat' dir='ltr'><strong>societates</strong></span> <span class='ocrx_word' id='word_1_476' title='bbox 1062 4098 1076 4136; x_wconf 90' lang='lat'>:</span> <span class='ocrx_word' id='word_1_477' title='bbox 1123 4081 1197 4136; x_wconf 91' lang='lat' dir='ltr'><strong>ad</strong></span> <span class='ocrx_word' id='word_1_478' title='bbox 1234 4085 1585 4154; x_wconf 88' lang='lat' dir='ltr'><strong>postremum</strong></span> <span class='ocrx_word' id='word_1_479' title='bbox 1628 4086 1852 4139; x_wconf 87' lang='lat' dir='ltr'><strong>tantum</strong></span> 
     </span>
    </p>
   </div>
   <div class='ocr_carea' id='block_1_71' title="bbox 216 4172 1853 4248">
    <p class='ocr_par' dir='ltr' id='par_1_71' title="bbox 216 4172 1853 4248">
     <span class='ocr_line' id='line_1_71' title="bbox 216 4172 1853 4248; baseline 0.002 -18"><span class='ocrx_word' id='word_1_480' title='bbox 216 4176 334 4245; x_wconf 79' lang='lat' dir='ltr'><strong>(6t)</strong></span> <span class='ocrx_word' id='word_1_481' title='bbox 377 4172 587 4240; x_wconf 68' lang='lat' dir='ltr'><strong>etfacit,</strong></span> <span class='ocrx_word' id='word_1_482' title='bbox 627 4178 695 4229; x_wconf 90' lang='lat' dir='ltr'><strong>ut</strong></span> <span class='ocrx_word' id='word_1_483' title='bbox 730 4174 839 4229; x_wconf 90' lang='lat' dir='ltr'><strong>sibi</strong></span> <span class='ocrx_word' id='word_1_484' title='bbox 881 4174 1189 4232; x_wconf 86' lang='lat' dir='ltr'><strong>Aristobuli</strong></span> <span class='ocrx_word' id='word_1_485' title='bbox 1232 4175 1370 4243; x_wconf 91' lang='lat' dir='ltr'><strong>ﬁlia,</strong></span> <span class='ocrx_word' id='word_1_486' title='bbox 1399 4180 1574 4248; x_wconf 91' lang='lat' dir='ltr'><strong>atque</strong></span> <span class='ocrx_word' id='word_1_487' title='bbox 1620 4193 1686 4232; x_wconf 91' lang='lat' dir='ltr'><strong>ex</strong></span> <span class='ocrx_word' id='word_1_488' title='bbox 1727 4178 1853 4248; x_wconf 88' lang='lat' dir='ltr'><strong>ipso</strong></span> 
     </span>
    </p>
   </div>
   <div class='ocr_carea' id='block_1_72' title="bbox 215 4260 1849 4341">
    <p class='ocr_par' dir='ltr' id='par_1_72' title="bbox 215 4260 1849 4341">
     <span class='ocr_line' id='line_1_72' title="bbox 215 4260 1849 4341; baseline 0.003 -20"><span class='ocrx_word' id='word_1_489' title='bbox 215 4269 455 4340; x_wconf 78' lang='lat' dir='ltr'><strong>genitus</strong></span> <span class='ocrx_word' id='word_1_490' title='bbox 481 4268 747 4323; x_wconf 68' lang='lat' dir='ltr'><strong>Pheroras</strong></span> <span class='ocrx_word' id='word_1_491' title='bbox 777 4269 1032 4339; x_wconf 87' lang='lat' dir='ltr'><strong>parentis</strong></span> <span class='ocrx_word' id='word_1_492' title='bbox 1067 4268 1153 4324; x_wconf 90' lang='lat' dir='ltr'><strong>sui</strong></span> <span class='ocrx_word' id='word_1_493' title='bbox 1181 4260 1314 4325; x_wconf 59' lang='lat' dir='ltr'><strong>ﬁlia;</strong></span> <span class='ocrx_word' id='word_1_494' title='bbox 1353 4270 1805 4341; x_wconf 88' lang='lat' dir='ltr'><strong>conjungeretur</strong></span> <span class='ocrx_word' id='word_1_495' title='bbox 1836 4288 1849 4325; x_wconf 90' lang='lat'>:</span> 
     </span>
    </p>
   </div>
   <div class='ocr_carea' id='block_1_73' title="bbox 215 4360 1854 4436">
    <p class='ocr_par' dir='ltr' id='par_1_73' title="bbox 215 4360 1854 4436">
     <span class='ocr_line' id='line_1_73' title="bbox 215 4360 1854 4436; baseline 0.002 -20"><span class='ocrx_word' id='word_1_496' title='bbox 215 4364 445 4417; x_wconf 86' lang='lat' dir='ltr'><strong>tantum</strong></span> <span class='ocrx_word' id='word_1_497' title='bbox 474 4360 802 4417; x_wconf 83' lang='lat' dir='ltr'><strong>adulatione</strong></span> <span class='ocrx_word' id='word_1_498' title='bbox 832 4362 1155 4434; x_wconf 64' lang='lat' dir='ltr'><strong>praevaluit,</strong></span> <span class='ocrx_word' id='word_1_499' title='bbox 1185 4366 1250 4418; x_wconf 89' lang='lat' dir='ltr'><strong>ut</strong></span> <span class='ocrx_word' id='word_1_500' title='bbox 1277 4368 1473 4435; x_wconf 87' lang='lat' dir='ltr'><strong>pactas</strong></span> <span class='ocrx_word' id='word_1_501' title='bbox 1493 4363 1722 4436; x_wconf 87' lang='lat' dir='ltr'><strong>nuptias</strong></span> <span class='ocrx_word' id='word_1_502' title='bbox 1748 4366 1854 4420; x_wconf 77' lang='lat' dir='ltr'><strong>sol-</strong></span> 
     </span>
    </p>
   </div>
   <div class='ocr_carea' id='block_1_74' title="bbox 218 4456 1873 4531">
    <p class='ocr_par' dir='ltr' id='par_1_74' title="bbox 218 4456 1873 4531">
     <span class='ocr_line' id='line_1_74' title="bbox 218 4456 1873 4531; baseline 0.004 -23"><span class='ocrx_word' id='word_1_503' title='bbox 218 4460 398 4513; x_wconf 87' lang='lat' dir='ltr'><strong>veret.</strong></span> <span class='ocrx_word' id='word_1_504' title='bbox 425 4457 633 4513; x_wconf 86' lang='lat' dir='ltr'><strong>Contra</strong></span> <span class='ocrx_word' id='word_1_505' title='bbox 656 4461 849 4513; x_wconf 86' lang='lat' dir='ltr'><strong>autem</strong></span> <span class='ocrx_word' id='word_1_506' title='bbox 875 4456 1121 4526; x_wconf 86' lang='lat' dir='ltr'><strong>Salome,</strong></span> <span class='ocrx_word' id='word_1_507' title='bbox 1160 4473 1290 4512; x_wconf 88' lang='lat' dir='ltr'><strong>cum</strong></span> <span class='ocrx_word' id='word_1_508' title='bbox 1320 4458 1489 4513; x_wconf 87' lang='lat' dir='ltr'><strong>vellet</strong></span> <span class='ocrx_word' id='word_1_509' title='bbox 1528 4458 1716 4531; x_wconf 73' lang='lat' dir='ltr'><strong>Sylteo</strong></span> <span class='ocrx_word' id='word_1_510' title='bbox 1743 4474 1873 4515; x_wconf 83' lang='lat' dir='ltr'><strong>nu-~</strong></span> 
     </span>
    </p>
   </div>
   <div class='ocr_carea' id='block_1_75' title="bbox 1951 3236 3581 3313">
    <p class='ocr_par' dir='ltr' id='par_1_75' title="bbox 1951 3236 3581 3313">
     <span class='ocr_line' id='line_1_75' title="bbox 1951 3236 3581 3313; baseline -0.006 -12"><span class='ocrx_word' id='word_1_511' title='bbox 1951 3244 2215 3301; x_wconf 89' lang='lat' dir='ltr'><strong>tetendit.</strong></span> <span class='ocrx_word' id='word_1_512' title='bbox 2244 3242 2402 3298; x_wconf 89' lang='lat' dir='ltr'><strong>Unde</strong></span> <span class='ocrx_word' id='word_1_513' title='bbox 2444 3238 2710 3313; x_wconf 68' lang='lat' dir='ltr'><strong>quaedam</strong></span> <span class='ocrx_word' id='word_1_514' title='bbox 2744 3238 2894 3293; x_wconf 89' lang='lat' dir='ltr'><strong>inter</strong></span> <span class='ocrx_word' id='word_1_515' title='bbox 2924 3241 3210 3293; x_wconf 87' lang='lat' dir='ltr'><strong>tormenta</strong></span> <span class='ocrx_word' id='word_1_516' title='bbox 3236 3237 3307 3292; x_wconf 89' lang='lat' dir='ltr'><strong>de</strong></span> <span class='ocrx_word' id='word_1_517' title='bbox 3341 3236 3581 3293; x_wconf 87' lang='lat' dir='ltr'><strong>ancillu-</strong></span> 
     </span>
    </p>
   </div>
   <div class='ocr_carea' id='block_1_76' title="bbox 1951 3330 3581 3404">
    <p class='ocr_par' dir='ltr' id='par_1_76' title="bbox 1951 3330 3581 3404">
     <span class='ocr_line' id='line_1_76' title="bbox 1951 3330 3581 3404; baseline -0.005 -10"><span class='ocrx_word' id='word_1_518' title='bbox 1951 3339 2019 3394; x_wconf 91' lang='lat' dir='ltr'><strong>lis</strong></span> <span class='ocrx_word' id='word_1_519' title='bbox 2046 3335 2399 3404; x_wconf 87' lang='lat' dir='ltr'><strong>exclamavit,</strong></span> <span class='ocrx_word' id='word_1_520' title='bbox 2428 3338 2494 3389; x_wconf 91' lang='lat' dir='ltr'><strong>ut</strong></span> <span class='ocrx_word' id='word_1_521' title='bbox 2528 3334 2673 3389; x_wconf 89' lang='lat' dir='ltr'><strong>Deus</strong></span> <span class='ocrx_word' id='word_1_522' title='bbox 2698 3331 3067 3403; x_wconf 88' lang='lat' dir='ltr'><strong>omnipotens</strong></span> <span class='ocrx_word' id='word_1_523' title='bbox 3097 3330 3156 3386; x_wconf 89' lang='lat' dir='ltr'><strong>in</strong></span> <span class='ocrx_word' id='word_1_524' title='bbox 3183 3336 3425 3387; x_wconf 86' lang='lat' dir='ltr'><strong>matrem</strong></span> <span class='ocrx_word' id='word_1_525' title='bbox 3462 3332 3581 3386; x_wconf 89' lang='lat' dir='ltr'><strong>Au-</strong></span> 
     </span>
    </p>
   </div>
   <div class='ocr_carea' id='block_1_77' title="bbox 1952 3425 3583 3504">
    <p class='ocr_par' dir='ltr' id='par_1_77' title="bbox 1952 3425 3583 3504">
     <span class='ocr_line' id='line_1_77' title="bbox 1952 3425 3583 3504; baseline -0.004 -16"><span class='ocrx_word' id='word_1_526' title='bbox 1952 3431 2151 3504; x_wconf 87' lang='lat' dir='ltr'><strong>tipatri</strong></span> <span class='ocrx_word' id='word_1_527' title='bbox 2195 3429 2390 3485; x_wconf 90' lang='lat' dir='ltr'><strong>omnia</strong></span> <span class='ocrx_word' id='word_1_528' title='bbox 2439 3426 2718 3499; x_wconf 88' lang='lat' dir='ltr'><strong>supplicia</strong></span> <span class='ocrx_word' id='word_1_529' title='bbox 2776 3425 3134 3493; x_wconf 83' lang='lat' dir='ltr'><strong>transferret,</strong></span> <span class='ocrx_word' id='word_1_530' title='bbox 3180 3425 3583 3481; x_wconf 84' lang='lat' dir='ltr'><strong>universorum</strong></span> 
     </span>
    </p>
   </div>
   <div class='ocr_carea' id='block_1_78' title="bbox 1952 3518 3587 3594">
    <p class='ocr_par' dir='ltr' id='par_1_78' title="bbox 1952 3518 3587 3594">
     <span class='ocr_line' id='line_1_78' title="bbox 1952 3518 3587 3594; baseline -0.004 -13"><span class='ocrx_word' id='word_1_531' title='bbox 1952 3524 2229 3581; x_wconf 87' lang='lat' dir='ltr'><strong>arbitram</strong></span> <span class='ocrx_word' id='word_1_532' title='bbox 2263 3521 2615 3594; x_wconf 83' lang='lat' dir='ltr'><strong>ﬂagitiorum</strong></span> <span class='ocrx_word' id='word_1_533' title='bbox 2636 3537 2652 3587; x_wconf 89' lang='lat'><strong>;</strong></span> <span class='ocrx_word' id='word_1_534' title='bbox 2674 3535 2778 3592; x_wconf 89' lang='lat' dir='ltr'><strong>per</strong></span> <span class='ocrx_word' id='word_1_535' title='bbox 2796 3519 2982 3592; x_wconf 87' lang='lat' dir='ltr'><strong>ipsam</strong></span> <span class='ocrx_word' id='word_1_536' title='bbox 3011 3518 3258 3574; x_wconf 83' lang='lat' dir='ltr'><strong>occultos</strong></span> <span class='ocrx_word' id='word_1_537' title='bbox 3274 3523 3587 3575; x_wconf 83' lang='lat' dir='ltr'><strong>conventus</strong></span> 
     </span>
    </p>
   </div>
   <div class='ocr_carea' id='block_1_79' title="bbox 1953 3611 3582 3690">
    <p class='ocr_par' dir='ltr' id='par_1_79' title="bbox 1953 3611 3582 3690">
     <span class='ocr_line' id='line_1_79' title="bbox 1953 3611 3582 3690; baseline -0.004 -16"><span class='ocrx_word' id='word_1_538' title='bbox 1953 3618 2232 3690; x_wconf 86' lang='lat' dir='ltr'><strong>Antipatri</strong></span> <span class='ocrx_word' id='word_1_539' title='bbox 2261 3633 2325 3671; x_wconf 91' lang='lat' dir='ltr'><strong>ac</strong></span> <span class='ocrx_word' id='word_1_540' title='bbox 2359 3615 2625 3672; x_wconf 62' lang='lat' dir='ltr'><strong>Pheroras</strong></span> <span class='ocrx_word' id='word_1_541' title='bbox 2663 3612 2758 3668; x_wconf 89' lang='lat' dir='ltr'><strong>diu</strong></span> <span class='ocrx_word' id='word_1_542' title='bbox 2792 3617 3080 3684; x_wconf 88' lang='lat' dir='ltr'><strong>noctuque</strong></span> <span class='ocrx_word' id='word_1_543' title='bbox 3105 3611 3381 3667; x_wconf 87' lang='lat' dir='ltr'><strong>exercitas</strong></span> <span class='ocrx_word' id='word_1_544' title='bbox 3416 3617 3582 3683; x_wconf 85' lang='lat' dir='ltr'><strong>pota-</strong></span> 
     </span>
    </p>
   </div>
   <div class='ocr_carea' id='block_1_80' title="bbox 1956 3704 3597 3781">
    <p class='ocr_par' dir='ltr' id='par_1_80' title="bbox 1956 3704 3597 3781">
     <span class='ocr_line' id='line_1_80' title="bbox 1956 3704 3597 3781; baseline -0.005 -14"><span class='ocrx_word' id='word_1_545' title='bbox 1956 3712 2143 3767; x_wconf 89' lang='lat' dir='ltr'><strong>tiones</strong></span> <span class='ocrx_word' id='word_1_546' title='bbox 2184 3725 2370 3781; x_wconf 89' lang='lat' dir='ltr'><strong>usque</strong></span> <span class='ocrx_word' id='word_1_547' title='bbox 2413 3708 2484 3763; x_wconf 91' lang='lat' dir='ltr'><strong>ad</strong></span> <span class='ocrx_word' id='word_1_548' title='bbox 2519 3704 2932 3774; x_wconf 87' lang='lat' dir='ltr'><strong>temulentiam,</strong></span> <span class='ocrx_word' id='word_1_549' title='bbox 2964 3707 3029 3759; x_wconf 86' lang='lat' dir='ltr'><strong>ut</strong></span> <span class='ocrx_word' id='word_1_550' title='bbox 3063 3720 3099 3759; x_wconf 93' lang='lat' dir='ltr'><strong>a</strong></span> <span class='ocrx_word' id='word_1_551' title='bbox 3135 3704 3388 3760; x_wconf 82' lang='lat' dir='ltr'><strong>convivio</strong></span> <span class='ocrx_word' id='word_1_552' title='bbox 3435 3704 3597 3775; x_wconf 84' lang='lat' dir='ltr'><strong>regis-</strong></span> 
     </span>
    </p>
   </div>
   <div class='ocr_carea' id='block_1_81' title="bbox 1953 3796 3599 3877">
    <p class='ocr_par' dir='ltr' id='par_1_81' title="bbox 1953 3796 3599 3877">
     <span class='ocr_line' id='line_1_81' title="bbox 1953 3796 3599 3877; baseline -0.006 -16"><span class='ocrx_word' id='word_1_553' title='bbox 1953 3802 2358 3877; x_wconf 87' lang='lat' dir='ltr'><strong>reeipientibus</strong></span> <span class='ocrx_word' id='word_1_554' title='bbox 2376 3818 2518 3869; x_wconf 87' lang='lat' dir='ltr'><strong>sese,</strong></span> <span class='ocrx_word' id='word_1_555' title='bbox 2534 3801 2668 3856; x_wconf 91' lang='lat' dir='ltr'><strong>totis</strong></span> <span class='ocrx_word' id='word_1_556' title='bbox 2687 3798 2947 3855; x_wconf 89' lang='lat' dir='ltr'><strong>noctibus</strong></span> <span class='ocrx_word' id='word_1_557' title='bbox 2965 3798 3278 3853; x_wconf 85' lang='lat' dir='ltr'><strong>biberetur.</strong></span> <span class='ocrx_word' id='word_1_558' title='bbox 3293 3796 3453 3862; x_wconf 86' lang='lat' dir='ltr'><strong>Quod</strong></span> <span class='ocrx_word' id='word_1_559' title='bbox 3466 3806 3599 3852; x_wconf 84' lang='lat' dir='ltr'><strong>uou-</strong></span> 
     </span>
    </p>
   </div>
   <div class='ocr_carea' id='block_1_82' title="bbox 1955 3892 3581 3967">
    <p class='ocr_par' dir='ltr' id='par_1_82' title="bbox 1955 3892 3581 3967">
     <span class='ocr_line' id='line_1_82' title="bbox 1955 3892 3581 3967; baseline -0.006 -12"><span class='ocrx_word' id='word_1_560' title='bbox 1955 3901 2202 3955; x_wconf 88' lang='lat' dir='ltr'><strong>otiosum</strong></span> <span class='ocrx_word' id='word_1_561' title='bbox 2236 3912 2342 3952; x_wconf 89' lang='lat' dir='ltr'><strong>nec</strong></span> <span class='ocrx_word' id='word_1_562' title='bbox 2369 3892 2779 3967; x_wconf 89' lang='lat' dir='ltr'><strong>conjurationis</strong></span> <span class='ocrx_word' id='word_1_563' title='bbox 2803 3907 3044 3947; x_wconf 88' lang='lat' dir='ltr'><strong>vacuum</strong></span> <span class='ocrx_word' id='word_1_564' title='bbox 3066 3895 3581 3959; x_wconf 86' lang='lat' dir='ltr'><strong>teutamentorum,</strong></span> 
     </span>
    </p>
   </div>
   <div class='ocr_carea' id='block_1_83' title="bbox 1954 3985 3588 4065">
    <p class='ocr_par' dir='ltr' id='par_1_83' title="bbox 1954 3985 3588 4065">
     <span class='ocr_line' id='line_1_83' title="bbox 1954 3985 3588 4065; baseline -0.006 -16"><span class='ocrx_word' id='word_1_565' title='bbox 1954 3992 2194 4049; x_wconf 90' lang='lat' dir='ltr'><strong>remotis</strong></span> <span class='ocrx_word' id='word_1_566' title='bbox 2218 3990 2538 4065; x_wconf 68' lang='lat' dir='ltr'><strong>praesertim</strong></span> <span class='ocrx_word' id='word_1_567' title='bbox 2573 3987 2811 4043; x_wconf 89' lang='lat' dir='ltr'><strong>servulis</strong></span> <span class='ocrx_word' id='word_1_568' title='bbox 2837 3991 2897 4041; x_wconf 90' lang='lat' dir='ltr'><strong>et</strong></span> <span class='ocrx_word' id='word_1_569' title='bbox 2917 3986 3191 4041; x_wconf 87' lang='lat' dir='ltr'><strong>ministris</strong></span> <span class='ocrx_word' id='word_1_570' title='bbox 3204 3985 3336 4056; x_wconf 92' lang='lat' dir='ltr'><strong>jure</strong></span> <span class='ocrx_word' id='word_1_571' title='bbox 3361 3999 3588 4055; x_wconf 81' lang='lat' dir='ltr'><strong>suspec-</strong></span> 
     </span>
    </p>
   </div>
   <div class='ocr_carea' id='block_1_84' title="bbox 1954 4078 3593 4158">
    <p class='ocr_par' dir='ltr' id='par_1_84' title="bbox 1954 4078 3593 4158">
     <span class='ocr_line' id='line_1_84' title="bbox 1954 4078 3593 4158; baseline -0.006 -15"><span class='ocrx_word' id='word_1_572' title='bbox 1954 4087 2185 4143; x_wconf 85' lang='lat' dir='ltr'><strong>tabatur</strong></span> <span class='ocrx_word' id='word_1_573' title='bbox 2209 4098 2606 4158; x_wconf 90' lang='lat' dir='ltr'><strong>magnumque</strong></span> <span class='ocrx_word' id='word_1_574' title='bbox 2639 4080 2926 4136; x_wconf 85' lang='lat' dir='ltr'><strong>vinculum</strong></span> <span class='ocrx_word' id='word_1_575' title='bbox 2964 4078 3340 4135; x_wconf 88' lang='lat' dir='ltr'><strong>connexionis</strong></span> <span class='ocrx_word' id='word_1_576' title='bbox 3375 4084 3434 4134; x_wconf 90' lang='lat' dir='ltr'><strong>et</strong></span> <span class='ocrx_word' id='word_1_577' title='bbox 3458 4088 3593 4134; x_wconf 66' lang='lat' dir='ltr'><strong>couo‘</strong></span> 
     </span>
    </p>
   </div>
   <div class='ocr_carea' id='block_1_85' title="bbox 1952 4172 3595 4255">
    <p class='ocr_par' dir='ltr' id='par_1_85' title="bbox 1952 4172 3595 4255">
     <span class='ocr_line' id='line_1_85' title="bbox 1952 4172 3595 4255; baseline -0.005 -19"><span class='ocrx_word' id='word_1_578' title='bbox 1952 4179 2281 4255; x_wconf 88' lang='lat' dir='ltr'><strong>spirationis</strong></span> <span class='ocrx_word' id='word_1_579' title='bbox 2309 4178 2585 4233; x_wconf 91' lang='lat' dir='ltr'><strong>indicium</strong></span> <span class='ocrx_word' id='word_1_580' title='bbox 2614 4182 2732 4231; x_wconf 84' lang='lat' dir='ltr'><strong>tam</strong></span> <span class='ocrx_word' id='word_1_581' title='bbox 2754 4174 3042 4230; x_wconf 80' lang='lat' dir='ltr'><strong>diuturnae</strong></span> <span class='ocrx_word' id='word_1_582' title='bbox 3070 4189 3266 4242; x_wconf 72' lang='lat' dir='ltr'><strong>morte,</strong></span> <span class='ocrx_word' id='word_1_583' title='bbox 3283 4188 3412 4244; x_wconf 67' lang='lat' dir='ltr'><strong>qua</strong></span> <span class='ocrx_word' id='word_1_584' title='bbox 3436 4172 3595 4246; x_wconf 44' lang='lat' dir='ltr'><strong>regis</strong></span> 
     </span>
    </p>
   </div>
   <div class='ocr_carea' id='block_1_86' title="bbox 1952 4267 3583 4345">
    <p class='ocr_par' dir='ltr' id='par_1_86' title="bbox 1952 4267 3583 4345">
     <span class='ocr_line' id='line_1_86' title="bbox 1952 4267 3583 4345; baseline -0.006 -14"><span class='ocrx_word' id='word_1_585' title='bbox 1952 4276 2060 4331; x_wconf 84' lang='lat' dir='ltr'><strong>bus</strong></span> <span class='ocrx_word' id='word_1_586' title='bbox 2085 4272 2403 4345; x_wconf 82' lang='lat' dir='ltr'><strong>suspectior</strong></span> <span class='ocrx_word' id='word_1_587' title='bbox 2435 4272 2489 4326; x_wconf 91' lang='lat' dir='ltr'><strong>in</strong></span> <span class='ocrx_word' id='word_1_588' title='bbox 2522 4269 2845 4325; x_wconf 89' lang='lat' dir='ltr'><strong>solitudinis</strong></span> <span class='ocrx_word' id='word_1_589' title='bbox 2871 4275 3092 4324; x_wconf 87' lang='lat' dir='ltr'><strong>secreto</strong></span> <span class='ocrx_word' id='word_1_590' title='bbox 3120 4269 3178 4323; x_wconf 85' lang='lat' dir='ltr'><strong>et</strong></span> <span class='ocrx_word' id='word_1_591' title='bbox 3202 4267 3383 4323; x_wconf 85' lang='lat' dir='ltr'><strong>noctis</strong></span> <span class='ocrx_word' id='word_1_592' title='bbox 3409 4267 3583 4322; x_wconf 85' lang='lat' dir='ltr'><strong>silen-</strong></span> 
     </span>
    </p>
   </div>
   <div class='ocr_carea' id='block_1_87' title="bbox 1954 4363 3583 4438">
    <p class='ocr_par' dir='ltr' id='par_1_87' title="bbox 1954 4363 3583 4438">
     <span class='ocr_line' id='line_1_87' title="bbox 1954 4363 3583 4438; baseline -0.006 -14"><span class='ocrx_word' id='word_1_593' title='bbox 1954 4370 2055 4424; x_wconf 88' lang='lat' dir='ltr'><strong>tio.</strong></span> <span class='ocrx_word' id='word_1_594' title='bbox 2091 4368 2165 4422; x_wconf 90' lang='lat' dir='ltr'><strong>lbi</strong></span> <span class='ocrx_word' id='word_1_595' title='bbox 2210 4365 2611 4438; x_wconf 89' lang='lat' dir='ltr'><strong>compositum,</strong></span> <span class='ocrx_word' id='word_1_596' title='bbox 2646 4368 2707 4418; x_wconf 89' lang='lat' dir='ltr'><strong>ut</strong></span> <span class='ocrx_word' id='word_1_597' title='bbox 2732 4363 3030 4433; x_wconf 88' lang='lat' dir='ltr'><strong>Antipater</strong></span> <span class='ocrx_word' id='word_1_598' title='bbox 3060 4363 3298 4416; x_wconf 82' lang='lat' dir='ltr'><strong>Romam</strong></span> <span class='ocrx_word' id='word_1_599' title='bbox 3340 4364 3583 4433; x_wconf 80' lang='lat' dir='ltr'><strong>peteret,</strong></span> 
     </span>
    </p>
   </div>
   <div class='ocr_carea' id='block_1_88' title="bbox 1955 4454 3599 4529">
    <p class='ocr_par' dir='ltr' id='par_1_88' title="bbox 1955 4454 3599 4529">
     <span class='ocr_line' id='line_1_88' title="bbox 1955 4454 3599 4529; baseline -0.006 -11"><span class='ocrx_word' id='word_1_600' title='bbox 1955 4462 2236 4518; x_wconf 89' lang='lat' dir='ltr'><strong>Pheroras</strong></span> <span class='ocrx_word' id='word_1_601' title='bbox 2264 4460 2324 4515; x_wconf 89' lang='lat' dir='ltr'><strong>in</strong></span> <span class='ocrx_word' id='word_1_602' title='bbox 2354 4461 2573 4514; x_wconf 85' lang='lat' dir='ltr'><strong>Petram</strong></span> <span class='ocrx_word' id='word_1_603' title='bbox 2603 4458 2712 4529; x_wconf 82' lang='lat'><strong>(63)</strong></span> <span class='ocrx_word' id='word_1_604' title='bbox 2758 4459 3043 4528; x_wconf 88' lang='lat' dir='ltr'><strong>pergeret,</strong></span> <span class='ocrx_word' id='word_1_605' title='bbox 3073 4455 3228 4526; x_wconf 88' lang='lat' dir='ltr'><strong>quod</strong></span> <span class='ocrx_word' id='word_1_606' title='bbox 3254 4454 3599 4525; x_wconf 87' lang='lat' dir='ltr'><strong>frequenter.</strong></span> 
     </span>
    </p>
   </div>
   <div class='ocr_carea' id='block_1_89' title="bbox 214 4546 3587 4624">
    <p class='ocr_par' dir='ltr' id='par_1_89' title="bbox 214 4546 3587 4624">
     <span class='ocr_line' id='line_1_89' title="bbox 214 4546 3587 4624; baseline -0.001 -18"><span class='ocrx_word' id='word_1_607' title='bbox 214 4548 381 4616; x_wconf 83' lang='lat' dir='ltr'><strong>bere,</strong></span> <span class='ocrx_word' id='word_1_608' title='bbox 432 4565 505 4604; x_wconf 92' lang='lat' dir='ltr'><strong>ne</strong></span> <span class='ocrx_word' id='word_1_609' title='bbox 547 4548 822 4622; x_wconf 76' lang='lat' dir='ltr'><strong>suffragio</strong></span> <span class='ocrx_word' id='word_1_610' title='bbox 869 4550 1102 4622; x_wconf 91' lang='lat' dir='ltr'><strong>quidem</strong></span> <span class='ocrx_word' id='word_1_611' title='bbox 1150 4550 1338 4623; x_wconf 69' lang='lat' dir='ltr'><strong>Libyas</strong></span> <span class='ocrx_word' id='word_1_612' title='bbox 1386 4553 1490 4621; x_wconf 83' lang='lat'><strong>(62)</strong></span> <span class='ocrx_word' id='word_1_613' title='bbox 1536 4569 1665 4624; x_wconf 76' lang='lat' dir='ltr'><strong>quae</strong></span> <span class='ocrx_word' id='word_1_614' title='bbox 1709 4546 1935 4619; x_wconf 87' lang='lat' dir='ltr'><strong>uxorD</strong></span> <span class='ocrx_word' id='word_1_615' title='bbox 1959 4556 2110 4612; x_wconf 86' lang='lat' dir='ltr'><strong>inter</strong></span> <span class='ocrx_word' id='word_1_616' title='bbox 2152 4571 2210 4610; x_wconf 85' lang='lat' dir='ltr'><strong>se</strong></span> <span class='ocrx_word' id='word_1_617' title='bbox 2253 4553 2512 4609; x_wconf 87' lang='lat' dir='ltr'><strong>conferre</strong></span> <span class='ocrx_word' id='word_1_618' title='bbox 2538 4550 2687 4606; x_wconf 86' lang='lat' dir='ltr'><strong>soliti</strong></span> <span class='ocrx_word' id='word_1_619' title='bbox 2733 4548 3141 4621; x_wconf 87' lang='lat' dir='ltr'><strong>prodebantur,</strong></span> <span class='ocrx_word' id='word_1_620' title='bbox 3171 4563 3241 4603; x_wconf 93' lang='lat' dir='ltr'><strong>eo</strong></span> <span class='ocrx_word' id='word_1_621' title='bbox 3280 4547 3433 4620; x_wconf 91' lang='lat' dir='ltr'><strong>quod</strong></span> <span class='ocrx_word' id='word_1_622' title='bbox 3461 4554 3587 4620; x_wconf 85' lang='lat' dir='ltr'><strong>post</strong></span> 
     </span>
    </p>
   </div>
   <div class='ocr_carea' id='block_1_90' title="bbox 220 4643 1857 4717">
    <p class='ocr_par' dir='ltr' id='par_1_90' title="bbox 220 4643 1857 4717">
     <span class='ocr_line' id='line_1_90' title="bbox 220 4643 1857 4717; baseline 0.002 -18"><span class='ocrx_word' id='word_1_623' title='bbox 220 4646 348 4699; x_wconf 84' lang='lat' dir='ltr'><strong>erat</strong></span> <span class='ocrx_word' id='word_1_624' title='bbox 370 4643 626 4712; x_wconf 64' lang='lat' dir='ltr'><strong>Caesaris,</strong></span> <span class='ocrx_word' id='word_1_625' title='bbox 655 4644 841 4715; x_wconf 91' lang='lat' dir='ltr'><strong>potuit</strong></span> <span class='ocrx_word' id='word_1_626' title='bbox 876 4644 948 4701; x_wconf 88' lang='lat' dir='ltr'><strong>de</strong></span> <span class='ocrx_word' id='word_1_627' title='bbox 982 4644 1158 4701; x_wconf 90' lang='lat' dir='ltr'><strong>fratre</strong></span> <span class='ocrx_word' id='word_1_628' title='bbox 1182 4644 1521 4717; x_wconf 85' lang='lat' dir='ltr'><strong>impetrare;</strong></span> <span class='ocrx_word' id='word_1_629' title='bbox 1549 4646 1646 4701; x_wconf 89' lang='lat' dir='ltr'><strong>sed</strong></span> <span class='ocrx_word' id='word_1_630' title='bbox 1681 4646 1857 4702; x_wconf 87' lang='lat' dir='ltr'><strong>invita</strong></span> 
     </span>
    </p>
   </div>
   <div class='ocr_carea' id='block_1_91' title="bbox 220 4736 1851 4812">
    <p class='ocr_par' dir='ltr' id='par_1_91' title="bbox 220 4736 1851 4812">
     <span class='ocr_line' id='line_1_91' title="bbox 220 4736 1851 4812; baseline 0.002 -20"><span class='ocrx_word' id='word_1_631' title='bbox 220 4736 545 4807; x_wconf 81' lang='lat' dir='ltr'><strong>Alexandro</strong></span> <span class='ocrx_word' id='word_1_632' title='bbox 568 4737 799 4793; x_wconf 89' lang='lat' dir='ltr'><strong>cuidam</strong></span> <span class='ocrx_word' id='word_1_633' title='bbox 835 4754 901 4795; x_wconf 85' lang='lat' dir='ltr'><strong>ex</strong></span> <span class='ocrx_word' id='word_1_634' title='bbox 942 4739 1140 4795; x_wconf 90' lang='lat' dir='ltr'><strong>amicis</strong></span> <span class='ocrx_word' id='word_1_635' title='bbox 1176 4738 1330 4811; x_wconf 89' lang='lat' dir='ltr'><strong>regis</strong></span> <span class='ocrx_word' id='word_1_636' title='bbox 1366 4740 1427 4794; x_wconf 91' lang='lat' dir='ltr'><strong>in</strong></span> <span class='ocrx_word' id='word_1_637' title='bbox 1459 4740 1692 4812; x_wconf 89' lang='lat' dir='ltr'><strong>nuptias</strong></span> <span class='ocrx_word' id='word_1_638' title='bbox 1719 4757 1851 4795; x_wconf 92' lang='lat' dir='ltr'><strong>con-</strong></span> 
     </span>
    </p>
   </div>
   <div class='ocr_carea' id='block_1_92' title="bbox 221 4830 1852 4905">
    <p class='ocr_par' dir='ltr' id='par_1_92' title="bbox 221 4830 1852 4905">
     <span class='ocr_line' id='line_1_92' title="bbox 221 4830 1852 4905; baseline 0.004 -21"><span class='ocrx_word' id='word_1_639' title='bbox 221 4832 401 4887; x_wconf 85' lang='lat' dir='ltr'><strong>venit.</strong></span> <span class='ocrx_word' id='word_1_640' title='bbox 427 4830 721 4893; x_wconf 83' lang='lat' dir='ltr'><strong>Subversis</strong></span> <span class='ocrx_word' id='word_1_641' title='bbox 758 4832 953 4903; x_wconf 86' lang='lat' dir='ltr'><strong>itaque</strong></span> <span class='ocrx_word' id='word_1_642' title='bbox 988 4831 1453 4905; x_wconf 87' lang='lat' dir='ltr'><strong>dispositionibus</strong></span> <span class='ocrx_word' id='word_1_643' title='bbox 1490 4834 1662 4905; x_wconf 88' lang='lat' dir='ltr'><strong>regis,</strong></span> <span class='ocrx_word' id='word_1_644' title='bbox 1694 4834 1852 4890; x_wconf 80' lang='lat' dir='ltr'><strong>Anti-</strong></span> 
     </span>
    </p>
   </div>
   <div class='ocr_carea' id='block_1_93' title="bbox 220 4924 1855 4996">
    <p class='ocr_par' dir='ltr' id='par_1_93' title="bbox 220 4924 1855 4996">
     <span class='ocr_line' id='line_1_93' title="bbox 220 4924 1855 4996; baseline 0.004 -19"><span class='ocrx_word' id='word_1_645' title='bbox 220 4927 393 4996; x_wconf 78' lang='lat' dir='ltr'><strong>pater</strong></span> <span class='ocrx_word' id='word_1_646' title='bbox 406 4924 565 4995; x_wconf 89' lang='lat' dir='ltr'><strong>quasi</strong></span> <span class='ocrx_word' id='word_1_647' title='bbox 586 4925 634 4979; x_wconf 91' lang='lat' dir='ltr'><strong>is</strong></span> <span class='ocrx_word' id='word_1_648' title='bbox 653 4925 755 4996; x_wconf 87' lang='lat' dir='ltr'><strong>qui</strong></span> <span class='ocrx_word' id='word_1_649' title='bbox 775 4928 839 4981; x_wconf 90' lang='lat' dir='ltr'><strong>ut</strong></span> <span class='ocrx_word' id='word_1_650' title='bbox 852 4925 1112 4981; x_wconf 88' lang='lat' dir='ltr'><strong>voluerat</strong></span> <span class='ocrx_word' id='word_1_651' title='bbox 1127 4926 1233 4981; x_wconf 87' lang='lat' dir='ltr'><strong>sibi</strong></span> <span class='ocrx_word' id='word_1_652' title='bbox 1254 4927 1653 4994; x_wconf 86' lang='lat' dir='ltr'><strong>consuluisset,</strong></span> <span class='ocrx_word' id='word_1_653' title='bbox 1671 4929 1855 4983; x_wconf 70' lang='lat' dir='ltr'><strong>exsul~</strong></span> 
     </span>
    </p>
   </div>
   <div class='ocr_carea' id='block_1_94' title="bbox 221 5017 1854 5091">
    <p class='ocr_par' dir='ltr' id='par_1_94' title="bbox 221 5017 1854 5091">
     <span class='ocr_line' id='line_1_94' title="bbox 221 5017 1854 5091; baseline 0.002 -20"><span class='ocrx_word' id='word_1_654' title='bbox 221 5017 387 5073; x_wconf 82' lang='lat' dir='ltr'><strong>tabat</strong></span> <span class='ocrx_word' id='word_1_655' title='bbox 409 5017 627 5086; x_wconf 87' lang='lat' dir='ltr'><strong>animo,</strong></span> <span class='ocrx_word' id='word_1_656' title='bbox 653 5023 711 5075; x_wconf 90' lang='lat' dir='ltr'><strong>et</strong></span> <span class='ocrx_word' id='word_1_657' title='bbox 748 5019 1058 5091; x_wconf 88' lang='lat' dir='ltr'><strong>superabat</strong></span> <span class='ocrx_word' id='word_1_658' title='bbox 1085 5034 1287 5075; x_wconf 88' lang='lat' dir='ltr'><strong>omnes</strong></span> <span class='ocrx_word' id='word_1_659' title='bbox 1324 5020 1616 5076; x_wconf 88' lang='lat' dir='ltr'><strong>versutias.</strong></span> <span class='ocrx_word' id='word_1_660' title='bbox 1647 5020 1854 5076; x_wconf 89' lang='lat' dir='ltr'><strong>Odium</strong></span> 
     </span>
    </p>
   </div>
   <div class='ocr_carea' id='block_1_95' title="bbox 222 5112 1853 5185">
    <p class='ocr_par' dir='ltr' id='par_1_95' title="bbox 222 5112 1853 5185">
     <span class='ocr_line' id='line_1_95' title="bbox 222 5112 1853 5185; baseline 0.002 -19"><span class='ocrx_word' id='word_1_661' title='bbox 222 5114 423 5167; x_wconf 88' lang='lat' dir='ltr'><strong>tamen</strong></span> <span class='ocrx_word' id='word_1_662' title='bbox 454 5112 611 5167; x_wconf 90' lang='lat' dir='ltr'><strong>nullo</strong></span> <span class='ocrx_word' id='word_1_663' title='bbox 641 5112 812 5169; x_wconf 91' lang='lat' dir='ltr'><strong>modo</strong></span> <span class='ocrx_word' id='word_1_664' title='bbox 844 5112 1228 5185; x_wconf 74' lang='lat' dir='ltr'><strong>comprimam</strong></span> <span class='ocrx_word' id='word_1_665' title='bbox 1258 5118 1499 5185; x_wconf 87' lang='lat' dir='ltr'><strong>poterat,</strong></span> <span class='ocrx_word' id='word_1_666' title='bbox 1528 5114 1628 5171; x_wconf 80' lang='lat' dir='ltr'><strong>sed</strong></span> <span class='ocrx_word' id='word_1_667' title='bbox 1654 5131 1853 5170; x_wconf 87' lang='lat' dir='ltr'><strong>accen-</strong></span> 
     </span>
    </p>
   </div>
   <div class='ocr_carea' id='block_1_96' title="bbox 225 5203 1856 5277">
    <p class='ocr_par' dir='ltr' id='par_1_96' title="bbox 225 5203 1856 5277">
     <span class='ocr_line' id='line_1_96' title="bbox 225 5203 1856 5277; baseline 0.004 -18"><span class='ocrx_word' id='word_1_668' title='bbox 225 5203 419 5275; x_wconf 88' lang='lat' dir='ltr'><strong>debat,</strong></span> <span class='ocrx_word' id='word_1_669' title='bbox 440 5206 714 5277; x_wconf 88' lang='lat' dir='ltr'><strong>quoniam</strong></span> <span class='ocrx_word' id='word_1_670' title='bbox 736 5206 1044 5264; x_wconf 67' lang='lat' dir='ltr'><strong>affectabat</strong></span> <span class='ocrx_word' id='word_1_671' title='bbox 1065 5211 1282 5263; x_wconf 83' lang='lat' dir='ltr'><strong>terrore</strong></span> <span class='ocrx_word' id='word_1_672' title='bbox 1304 5207 1411 5263; x_wconf 88' lang='lat' dir='ltr'><strong>sibi</strong></span> <span class='ocrx_word' id='word_1_673' title='bbox 1432 5208 1856 5265; x_wconf 87' lang='lat' dir='ltr'><strong>munimentum</strong></span> 
     </span>
    </p>
   </div>
   <div class='ocr_carea' id='block_1_97' title="bbox 224 5300 1853 5373">
    <p class='ocr_par' dir='ltr' id='par_1_97' title="bbox 224 5300 1853 5373">
     <span class='ocr_line' id='line_1_97' title="bbox 224 5300 1853 5373; baseline 0.004 -20"><span class='ocrx_word' id='word_1_674' title='bbox 224 5314 450 5370; x_wconf 82' lang='lat' dir='ltr'><strong>parare.</strong></span> <span class='ocrx_word' id='word_1_675' title='bbox 478 5300 860 5371; x_wconf 69' lang='lat' dir='ltr'><strong>Coqjuuxerat</strong></span> <span class='ocrx_word' id='word_1_676' title='bbox 886 5305 1083 5357; x_wconf 87' lang='lat' dir='ltr'><strong>autem</strong></span> <span class='ocrx_word' id='word_1_677' title='bbox 1111 5300 1215 5356; x_wconf 89' lang='lat' dir='ltr'><strong>sibi</strong></span> <span class='ocrx_word' id='word_1_678' title='bbox 1238 5303 1634 5373; x_wconf 89' lang='lat' dir='ltr'><strong>cooperarium</strong></span> <span class='ocrx_word' id='word_1_679' title='bbox 1658 5302 1853 5359; x_wconf 85' lang='lat' dir='ltr'><strong>factio-</strong></span> 
     </span>
    </p>
   </div>
   <div class='ocr_carea' id='block_1_98' title="bbox 228 5394 1857 5469">
    <p class='ocr_par' dir='ltr' id='par_1_98' title="bbox 228 5394 1857 5469">
     <span class='ocr_line' id='line_1_98' title="bbox 228 5394 1857 5469; baseline 0.004 -22"><span class='ocrx_word' id='word_1_680' title='bbox 228 5407 368 5448; x_wconf 86' lang='lat' dir='ltr'><strong>num</strong></span> <span class='ocrx_word' id='word_1_681' title='bbox 412 5410 648 5448; x_wconf 89' lang='lat' dir='ltr'><strong>suarum</strong></span> <span class='ocrx_word' id='word_1_682' title='bbox 694 5394 1008 5450; x_wconf 89' lang='lat' dir='ltr'><strong>Pheroram</strong></span> <span class='ocrx_word' id='word_1_683' title='bbox 1058 5395 1235 5467; x_wconf 86' lang='lat' dir='ltr'><strong>patris</strong></span> <span class='ocrx_word' id='word_1_684' title='bbox 1282 5412 1641 5468; x_wconf 89' lang='lat' dir='ltr'><strong>germanum,</strong></span> <span class='ocrx_word' id='word_1_685' title='bbox 1682 5413 1857 5469; x_wconf 89' lang='lat' dir='ltr'><strong>quem</strong></span> 
     </span>
    </p>
   </div>
   <div class='ocr_carea' id='block_1_99' title="bbox 229 5485 1858 5563">
    <p class='ocr_par' dir='ltr' id='par_1_99' title="bbox 229 5485 1858 5563">
     <span class='ocr_line' id='line_1_99' title="bbox 229 5485 1858 5563; baseline 0.003 -23"><span class='ocrx_word' id='word_1_686' title='bbox 229 5485 484 5541; x_wconf 78' lang='lat' dir='ltr'><strong>Herodes</strong></span> <span class='ocrx_word' id='word_1_687' title='bbox 536 5503 652 5542; x_wconf 93' lang='lat' dir='ltr'><strong>non</strong></span> <span class='ocrx_word' id='word_1_688' title='bbox 704 5489 889 5545; x_wconf 91' lang='lat' dir='ltr'><strong>multo</strong></span> <span class='ocrx_word' id='word_1_689' title='bbox 945 5495 1069 5561; x_wconf 82' lang='lat' dir='ltr'><strong>post</strong></span> <span class='ocrx_word' id='word_1_690' title='bbox 1120 5497 1512 5563; x_wconf 83' lang='lat' dir='ltr'><strong>recusantem,</strong></span> <span class='ocrx_word' id='word_1_691' title='bbox 1566 5490 1637 5545; x_wconf 90' lang='lat' dir='ltr'><strong>ab</strong></span> <span class='ocrx_word' id='word_1_692' title='bbox 1692 5508 1858 5547; x_wconf 78' lang='lat' dir='ltr'><strong>uxore</strong></span> 
     </span>
    </p>
   </div>
   <div class='ocr_carea' id='block_1_100' title="bbox 285 5655 837 5718">
    <p class='ocr_par' dir='ltr' id='par_1_100' title="bbox 285 5655 837 5718">
     <span class='ocr_line' id='line_1_100' title="bbox 285 5655 837 5718; baseline -0.002 -12"><span class='ocrx_word' id='word_1_693' title='bbox 285 5655 388 5718; x_wconf 77' lang='lat'><strong>(6|)</strong></span> <span class='ocrx_word' id='word_1_694' title='bbox 418 5655 630 5706; x_wconf 75' lang='lat' dir='ltr'><strong>Tum.</strong></span> <span class='ocrx_word' id='word_1_695' title='bbox 656 5657 837 5709; x_wconf 61' lang='grc' dir='ltr'><strong>ΒΑΜ.</strong></span> 
     </span>
    </p>
   </div>
   <div class='ocr_carea' id='block_1_101' title="bbox 290 5723 698 5785">
    <p class='ocr_par' dir='ltr' id='par_1_101' title="bbox 290 5723 698 5785">
     <span class='ocr_line' id='line_1_101' title="bbox 290 5723 698 5785; baseline 0.005 -11"><span class='ocrx_word' id='word_1_696' title='bbox 290 5723 392 5785; x_wconf 72' lang='lat'><strong>(6&#39;3)</strong></span> <span class='ocrx_word' id='word_1_697' title='bbox 413 5725 587 5775; x_wconf 62' lang='lat' dir='ltr'><strong>Liviae.</strong></span> <span class='ocrx_word' id='word_1_698' title='bbox 616 5725 698 5776; x_wconf 83' lang='lat' dir='ltr'><strong>In.</strong></span> 
     </span>
    </p>
   </div>
   <div class='ocr_carea' id='block_1_102' title="bbox 289 5793 1862 5864">
    <p class='ocr_par' dir='ltr' id='par_1_102' title="bbox 289 5793 1862 5864">
     <span class='ocr_line' id='line_1_102' title="bbox 289 5793 1862 5864; baseline 0.001 -18"><span class='ocrx_word' id='word_1_699' title='bbox 289 5795 392 5859; x_wconf 73' lang='lat'><strong>(68)</strong></span> <span class='ocrx_word' id='word_1_700' title='bbox 414 5793 536 5848; x_wconf 75' lang='lat' dir='ltr'><strong>Vat.</strong></span> <span class='ocrx_word' id='word_1_701' title='bbox 568 5796 717 5860; x_wconf 57' lang='grc' dir='ltr'><strong>θοὰ,</strong></span> <span class='ocrx_word' id='word_1_702' title='bbox 749 5798 810 5847; x_wconf 73' lang='lat' dir='ltr'><strong>in</strong></span> <span class='ocrx_word' id='word_1_703' title='bbox 851 5798 1106 5855; x_wconf 61' lang='lat' dir='ltr'><strong>Persam.</strong></span> <span class='ocrx_word' id='word_1_704' title='bbox 1141 5801 1379 5861; x_wconf 82' lang='lat' dir='ltr'><strong>rectius;</strong></span> <span class='ocrx_word' id='word_1_705' title='bbox 1411 5815 1540 5853; x_wconf 83' lang='lat' dir='ltr'><strong>nam</strong></span> <span class='ocrx_word' id='word_1_706' title='bbox 1566 5798 1862 5864; x_wconf 52' lang='lat' dir='ltr'><strong>«Iosephus</strong></span> 
     </span>
    </p>
   </div>
   <div class='ocr_carea' id='block_1_103' title="bbox 229 5865 1857 5935">
    <p class='ocr_par' dir='ltr' id='par_1_103' title="bbox 229 5865 1857 5935">
     <span class='ocr_line' id='line_1_103' title="bbox 229 5865 1857 5935; baseline -0.001 -16"><span class='ocrx_word' id='word_1_707' title='bbox 229 5872 381 5919; x_wconf 84' lang='lat' dir='ltr'><strong>trans</strong></span> <span class='ocrx_word' id='word_1_708' title='bbox 407 5865 617 5919; x_wconf 83' lang='lat' dir='ltr'><strong>ﬁumen</strong></span> <span class='ocrx_word' id='word_1_709' title='bbox 655 5867 900 5920; x_wconf 67' lang='lat' dir='ltr'><strong>Perseum</strong></span> <span class='ocrx_word' id='word_1_710' title='bbox 945 5870 1140 5922; x_wconf 85' lang='lat' dir='ltr'><strong>scribit</strong></span> <span class='ocrx_word' id='word_1_711' title='bbox 1171 5871 1263 5921; x_wconf 86' lang='lat' dir='ltr'><strong>lib.</strong></span> <span class='ocrx_word' id='word_1_712' title='bbox 1292 5883 1349 5922; x_wconf 81' lang='grc' dir='ltr'><strong>ιιι</strong></span> <span class='ocrx_word' id='word_1_713' title='bbox 1379 5873 1454 5921; x_wconf 79' lang='lat' dir='ltr'><strong>De</strong></span> <span class='ocrx_word' id='word_1_714' title='bbox 1492 5871 1632 5930; x_wconf 43' lang='lat' dir='ltr'><strong>bella</strong></span> <span class='ocrx_word' id='word_1_715' title='bbox 1659 5881 1777 5935; x_wconf 84' lang='lat' dir='ltr'><strong>cap.</strong></span> <span class='ocrx_word' id='word_1_716' title='bbox 1810 5870 1857 5931; x_wconf 69' lang='grc' dir='ltr'><strong>Ξ,</strong></span> 
     </span>
    </p>
   </div>
   <div class='ocr_carea' id='block_1_104' title="bbox 555 5948 1562 6038">
    <p class='ocr_par' dir='ltr' id='par_1_104' title="bbox 555 5948 1562 6038">
     <span class='ocr_line' id='line_1_104' title="bbox 555 5948 1562 6038; baseline 0.003 -23"><span class='ocrx_word' id='word_1_717' title='bbox 555 5948 830 6016; x_wconf 57' lang='lat' dir='ltr'><strong>Parum“</strong></span> <span class='ocrx_word' id='word_1_718' title='bbox 876 5950 982 6016; x_wconf 83' lang='lat' dir='ltr'><strong>XV</strong></span> <span class='ocrx_word' id='word_1_719' title='bbox 1028 5951 1206 6033; x_wconf 83' lang='lat' dir='ltr'><strong>(XIV,</strong></span> <span class='ocrx_word' id='word_1_720' title='bbox 1259 5972 1411 6018; x_wconf 61' lang='lat' dir='ltr'><strong>rans</strong></span> <span class='ocrx_word' id='word_1_721' title='bbox 1458 5952 1562 6038; x_wconf 90' lang='lat' dir='ltr'><strong>II.)</strong></span> 
     </span>
    </p>
   </div>
   <div class='ocr_carea' id='block_1_105' title="bbox 1956 4641 3586 4714">
    <p class='ocr_par' dir='ltr' id='par_1_105' title="bbox 1956 4641 3586 4714">
     <span class='ocr_line' id='line_1_105' title="bbox 1956 4641 3586 4714; baseline -0.004 -9"><span class='ocrx_word' id='word_1_722' title='bbox 1956 4648 2344 4705; x_wconf 70' lang='lat' dir='ltr'><strong>Alexandrum</strong></span> <span class='ocrx_word' id='word_1_723' title='bbox 2411 4650 2467 4700; x_wconf 89' lang='lat' dir='ltr'><strong>et</strong></span> <span class='ocrx_word' id='word_1_724' title='bbox 2510 4643 2915 4709; x_wconf 86' lang='lat' dir='ltr'><strong>Aristobulum,</strong></span> <span class='ocrx_word' id='word_1_725' title='bbox 2957 4642 3015 4696; x_wconf 92' lang='lat' dir='ltr'><strong>in</strong></span> <span class='ocrx_word' id='word_1_726' title='bbox 3072 4641 3326 4714; x_wconf 89' lang='lat' dir='ltr'><strong>ipsorum</strong></span> <span class='ocrx_word' id='word_1_727' title='bbox 3384 4658 3586 4699; x_wconf 88' lang='lat' dir='ltr'><strong>necem</strong></span> 
     </span>
    </p>
   </div>
   <div class='ocr_carea' id='block_1_106' title="bbox 1958 4735 3592 4808">
    <p class='ocr_par' dir='ltr' id='par_1_106' title="bbox 1958 4735 3592 4808">
     <span class='ocr_line' id='line_1_106' title="bbox 1958 4735 3592 4808; baseline -0.004 -10"><span class='ocrx_word' id='word_1_728' title='bbox 1958 4759 2079 4798; x_wconf 88' lang='lat' dir='ltr'><strong>sese</strong></span> <span class='ocrx_word' id='word_1_729' title='bbox 2124 4739 2374 4796; x_wconf 78' lang='lat' dir='ltr'><strong>Herodes</strong></span> <span class='ocrx_word' id='word_1_730' title='bbox 2428 4752 2805 4793; x_wconf 89' lang='lat' dir='ltr'><strong>conversurus</strong></span> <span class='ocrx_word' id='word_1_731' title='bbox 2848 4736 2996 4791; x_wconf 84' lang='lat' dir='ltr'><strong>foret.</strong></span> <span class='ocrx_word' id='word_1_732' title='bbox 3031 4752 3046 4802; x_wconf 84' lang='lat'><strong>;</strong></span> <span class='ocrx_word' id='word_1_733' title='bbox 3092 4735 3333 4791; x_wconf 89' lang='lat' dir='ltr'><strong>miseros</strong></span> <span class='ocrx_word' id='word_1_734' title='bbox 3386 4752 3445 4790; x_wconf 89' lang='lat' dir='ltr'><strong>se</strong></span> <span class='ocrx_word' id='word_1_735' title='bbox 3488 4736 3592 4808; x_wconf 89' lang='lat' dir='ltr'><strong>qui</strong></span> 
     </span>
    </p>
   </div>
   <div class='ocr_carea' id='block_1_107' title="bbox 1959 4829 3590 4908">
    <p class='ocr_par' dir='ltr' id='par_1_107' title="bbox 1959 4829 3590 4908">
     <span class='ocr_line' id='line_1_107' title="bbox 1959 4829 3590 4908; baseline -0.004 -17"><span class='ocrx_word' id='word_1_736' title='bbox 1959 4839 2274 4908; x_wconf 87' lang='lat' dir='ltr'><strong>putassent,</strong></span> <span class='ocrx_word' id='word_1_737' title='bbox 2295 4832 2451 4905; x_wconf 83' lang='lat' dir='ltr'><strong>quod</strong></span> <span class='ocrx_word' id='word_1_738' title='bbox 2484 4831 2733 4886; x_wconf 86' lang='lat' dir='ltr'><strong>Herodes</strong></span> <span class='ocrx_word' id='word_1_739' title='bbox 2755 4830 2813 4885; x_wconf 89' lang='lat' dir='ltr'><strong>in</strong></span> <span class='ocrx_word' id='word_1_740' title='bbox 2836 4830 2945 4885; x_wconf 92' lang='lat' dir='ltr'><strong>illis</strong></span> <span class='ocrx_word' id='word_1_741' title='bbox 2971 4829 3348 4901; x_wconf 88' lang='lat' dir='ltr'><strong>parricidales</strong></span> <span class='ocrx_word' id='word_1_742' title='bbox 3376 4829 3590 4901; x_wconf 82' lang='lat' dir='ltr'><strong>cogita-</strong></span> 
     </span>
    </p>
   </div>
   <div class='ocr_carea' id='block_1_108' title="bbox 1961 4923 3583 4997">
    <p class='ocr_par' dir='ltr' id='par_1_108' title="bbox 1961 4923 3583 4997">
     <span class='ocr_line' id='line_1_108' title="bbox 1961 4923 3583 4997; baseline -0.005 -12"><span class='ocrx_word' id='word_1_743' title='bbox 1961 4930 2145 4985; x_wconf 90' lang='lat' dir='ltr'><strong>tiones</strong></span> <span class='ocrx_word' id='word_1_744' title='bbox 2184 4926 2414 4997; x_wconf 88' lang='lat' dir='ltr'><strong>odisset,</strong></span> <span class='ocrx_word' id='word_1_745' title='bbox 2445 4926 2546 4997; x_wconf 91' lang='lat' dir='ltr'><strong>qui</strong></span> <span class='ocrx_word' id='word_1_746' title='bbox 2590 4925 2758 4996; x_wconf 89' lang='lat' dir='ltr'><strong>regni</strong></span> <span class='ocrx_word' id='word_1_747' title='bbox 2798 4923 3056 4991; x_wconf 69' lang='lat' dir='ltr'><strong>haeredes</strong></span> <span class='ocrx_word' id='word_1_748' title='bbox 3096 4924 3583 4995; x_wconf 87' lang='lat' dir='ltr'><strong>persequebatur;</strong></span> 
     </span>
    </p>
   </div>
   <div class='ocr_carea' id='block_1_109' title="bbox 1958 5016 3590 5091">
    <p class='ocr_par' dir='ltr' id='par_1_109' title="bbox 1958 5016 3590 5091">
     <span class='ocr_line' id='line_1_109' title="bbox 1958 5016 3590 5091; baseline -0.004 -12"><span class='ocrx_word' id='word_1_749' title='bbox 1958 5023 2209 5079; x_wconf 79' lang='lat' dir='ltr'><strong>sublatos</strong></span> <span class='ocrx_word' id='word_1_750' title='bbox 2250 5037 2367 5077; x_wconf 87' lang='lat' dir='ltr'><strong>esse</strong></span> <span class='ocrx_word' id='word_1_751' title='bbox 2405 5036 2520 5075; x_wconf 88' lang='lat' dir='ltr'><strong>non</strong></span> <span class='ocrx_word' id='word_1_752' title='bbox 2550 5018 2843 5091; x_wconf 87' lang='lat' dir='ltr'><strong>potestatis</strong></span> <span class='ocrx_word' id='word_1_753' title='bbox 2871 5017 3130 5084; x_wconf 66' lang='lat' dir='ltr'><strong>aemulos,</strong></span> <span class='ocrx_word' id='word_1_754' title='bbox 3162 5016 3258 5072; x_wconf 88' lang='lat' dir='ltr'><strong>sed</strong></span> <span class='ocrx_word' id='word_1_755' title='bbox 3301 5020 3590 5073; x_wconf 85' lang='lat' dir='ltr'><strong>consortes</strong></span> 
     </span>
    </p>
   </div>
   <div class='ocr_carea' id='block_1_110' title="bbox 1959 5110 3591 5185">
    <p class='ocr_par' dir='ltr' id='par_1_110' title="bbox 1959 5110 3591 5185">
     <span class='ocr_line' id='line_1_110' title="bbox 1959 5110 3591 5185; baseline -0.005 -12"><span class='ocrx_word' id='word_1_756' title='bbox 1959 5115 2347 5181; x_wconf 91' lang='lat' dir='ltr'><strong>miseriarum,</strong></span> <span class='ocrx_word' id='word_1_757' title='bbox 2374 5114 2433 5169; x_wconf 92' lang='lat' dir='ltr'><strong>in</strong></span> <span class='ocrx_word' id='word_1_758' title='bbox 2471 5130 2533 5169; x_wconf 87' lang='lat' dir='ltr'><strong>se</strong></span> <span class='ocrx_word' id='word_1_759' title='bbox 2564 5112 2878 5185; x_wconf 83' lang='lat' dir='ltr'><strong>periculum</strong></span> <span class='ocrx_word' id='word_1_760' title='bbox 2920 5112 3032 5183; x_wconf 79' lang='grc'><strong>(64)</strong></span> <span class='ocrx_word' id='word_1_761' title='bbox 3065 5110 3322 5167; x_wconf 90' lang='lat' dir='ltr'><strong>omnium</strong></span> <span class='ocrx_word' id='word_1_762' title='bbox 3353 5114 3409 5165; x_wconf 92' lang='lat' dir='ltr'><strong>et</strong></span> <span class='ocrx_word' id='word_1_763' title='bbox 3458 5110 3591 5166; x_wconf 84' lang='lat' dir='ltr'><strong>odia</strong></span> 
     </span>
    </p>
   </div>
   <div class='ocr_carea' id='block_1_111' title="bbox 1960 5203 3588 5277">
    <p class='ocr_par' dir='ltr' id='par_1_111' title="bbox 1960 5203 3588 5277">
     <span class='ocr_line' id='line_1_111' title="bbox 1960 5203 3588 5277; baseline -0.004 -11"><span class='ocrx_word' id='word_1_764' title='bbox 1960 5210 2249 5277; x_wconf 88' lang='lat' dir='ltr'><strong>transisse,</strong></span> <span class='ocrx_word' id='word_1_765' title='bbox 2296 5224 2366 5264; x_wconf 90' lang='lat' dir='ltr'><strong>ne</strong></span> <span class='ocrx_word' id='word_1_766' title='bbox 2402 5206 2708 5263; x_wconf 88' lang='lat' dir='ltr'><strong>mulierum</strong></span> <span class='ocrx_word' id='word_1_767' title='bbox 2743 5205 2978 5277; x_wconf 89' lang='lat' dir='ltr'><strong>quidem</strong></span> <span class='ocrx_word' id='word_1_768' title='bbox 3018 5203 3367 5276; x_wconf 86' lang='lat' dir='ltr'><strong>parciturum</strong></span> <span class='ocrx_word' id='word_1_769' title='bbox 3404 5205 3588 5274; x_wconf 84' lang='lat' dir='ltr'><strong>sexui,</strong></span> 
     </span>
    </p>
   </div>
   <div class='ocr_carea' id='block_1_112' title="bbox 1960 5297 3589 5376">
    <p class='ocr_par' dir='ltr' id='par_1_112' title="bbox 1960 5297 3589 5376">
     <span class='ocr_line' id='line_1_112' title="bbox 1960 5297 3589 5376; baseline -0.004 -16"><span class='ocrx_word' id='word_1_770' title='bbox 1960 5304 2060 5376; x_wconf 86' lang='lat' dir='ltr'><strong>qui</strong></span> <span class='ocrx_word' id='word_1_771' title='bbox 2092 5304 2314 5360; x_wconf 65' lang='lat' dir='ltr'><strong>dilectas</strong></span> <span class='ocrx_word' id='word_1_772' title='bbox 2343 5300 2449 5357; x_wconf 89' lang='lat' dir='ltr'><strong>sibi</strong></span> <span class='ocrx_word' id='word_1_773' title='bbox 2476 5300 2823 5368; x_wconf 68' lang='lat' dir='ltr'><strong>Mariamna,</strong></span> <span class='ocrx_word' id='word_1_774' title='bbox 2853 5300 3026 5371; x_wconf 87' lang='lat' dir='ltr'><strong>atque</strong></span> <span class='ocrx_word' id='word_1_775' title='bbox 3052 5313 3117 5352; x_wconf 90' lang='lat' dir='ltr'><strong>ex</strong></span> <span class='ocrx_word' id='word_1_776' title='bbox 3146 5312 3213 5351; x_wconf 89' lang='lat' dir='ltr'><strong>ea</strong></span> <span class='ocrx_word' id='word_1_777' title='bbox 3239 5297 3451 5368; x_wconf 65' lang='lat' dir='ltr'><strong>genita</strong></span> <span class='ocrx_word' id='word_1_778' title='bbox 3479 5297 3589 5370; x_wconf 70' lang='lat'><strong>(65)</strong></span> 
     </span>
    </p>
   </div>
   <div class='ocr_carea' id='block_1_113' title="bbox 1960 5389 3590 5469">
    <p class='ocr_par' dir='ltr' id='par_1_113' title="bbox 1960 5389 3590 5469">
     <span class='ocr_line' id='line_1_113' title="bbox 1960 5389 3590 5469; baseline -0.005 -14"><span class='ocrx_word' id='word_1_779' title='bbox 1960 5415 2077 5455; x_wconf 89' lang='lat' dir='ltr'><strong>non</strong></span> <span class='ocrx_word' id='word_1_780' title='bbox 2117 5395 2478 5469; x_wconf 85' lang='lat' dir='ltr'><strong>pepercisset.</strong></span> <span class='ocrx_word' id='word_1_781' title='bbox 2508 5392 2734 5449; x_wconf 85' lang='lat' dir='ltr'><strong>Nullum</strong></span> <span class='ocrx_word' id='word_1_782' title='bbox 2778 5391 2887 5447; x_wconf 91' lang='lat' dir='ltr'><strong>sibi</strong></span> <span class='ocrx_word' id='word_1_783' title='bbox 2923 5390 3077 5446; x_wconf 88' lang='lat' dir='ltr'><strong>aliud</strong></span> <span class='ocrx_word' id='word_1_784' title='bbox 3112 5391 3452 5460; x_wconf 79' lang='lat' dir='ltr'><strong>remedium,</strong></span> <span class='ocrx_word' id='word_1_785' title='bbox 3477 5389 3590 5447; x_wconf 80' lang='lat' dir='ltr'><strong>nisi</strong></span> 
     </span>
    </p>
   </div>
   <div class='ocr_carea' id='block_1_114' title="bbox 1962 5484 3586 5563">
    <p class='ocr_par' dir='ltr' id='par_1_114' title="bbox 1962 5484 3586 5563">
     <span class='ocr_line' id='line_1_114' title="bbox 1962 5484 3586 5563; baseline -0.004 -15"><span class='ocrx_word' id='word_1_786' title='bbox 1962 5498 2023 5548; x_wconf 91' lang='lat' dir='ltr'><strong>ut</strong></span> <span class='ocrx_word' id='word_1_787' title='bbox 2055 5491 2278 5563; x_wconf 82' lang='lat' dir='ltr'><strong>longius</strong></span> <span class='ocrx_word' id='word_1_788' title='bbox 2302 5489 2492 5560; x_wconf 88' lang='lat' dir='ltr'><strong>aliquo</strong></span> <span class='ocrx_word' id='word_1_789' title='bbox 2523 5486 2855 5543; x_wconf 76' lang='lat' dir='ltr'><strong>accederent</strong></span> <span class='ocrx_word' id='word_1_790' title='bbox 2883 5502 2895 5541; x_wconf 92' lang='lat'><strong>:</strong></span> <span class='ocrx_word' id='word_1_791' title='bbox 2925 5500 3040 5556; x_wconf 91' lang='lat' dir='ltr'><strong>quo</strong></span> <span class='ocrx_word' id='word_1_792' title='bbox 3067 5488 3243 5539; x_wconf 60' lang='lat' dir='ltr'><strong>tantas</strong></span> <span class='ocrx_word' id='word_1_793' title='bbox 3271 5484 3468 5541; x_wconf 72' lang='lat' dir='ltr'><strong>bestias</strong></span> <span class='ocrx_word' id='word_1_794' title='bbox 3500 5485 3586 5542; x_wconf 82' lang='lat' dir='ltr'><strong>fu-</strong></span> 
     </span>
    </p>
   </div>
   <div class='ocr_carea' id='block_1_115' title="bbox 1962 5651 3244 5723">
    <p class='ocr_par' dir='ltr' id='par_1_115' title="bbox 1962 5651 3244 5723">
     <span class='ocr_line' id='line_1_115' title="bbox 1962 5651 3244 5723; baseline -0.006 -16"><span class='ocrx_word' id='word_1_795' title='bbox 1962 5663 2014 5709; x_wconf 78' lang='lat' dir='ltr'><strong>at</strong></span> <span class='ocrx_word' id='word_1_796' title='bbox 2048 5660 2279 5723; x_wconf 85' lang='lat' dir='ltr'><strong>ipsemet</strong></span> <span class='ocrx_word' id='word_1_797' title='bbox 2308 5658 2515 5707; x_wconf 83' lang='lat' dir='ltr'><strong>Auctor</strong></span> <span class='ocrx_word' id='word_1_798' title='bbox 2542 5653 2702 5713; x_wconf 83' lang='lat' dir='ltr'><strong>infra,</strong></span> <span class='ocrx_word' id='word_1_799' title='bbox 2731 5652 2827 5702; x_wconf 90' lang='lat' dir='ltr'><strong>lib.</strong></span> <span class='ocrx_word' id='word_1_800' title='bbox 2858 5664 2912 5713; x_wconf 83' lang='grc' dir='ltr'><strong>ιι,</strong></span> <span class='ocrx_word' id='word_1_801' title='bbox 2939 5665 3061 5715; x_wconf 89' lang='lat' dir='ltr'><strong>cap.</strong></span> <span class='ocrx_word' id='word_1_802' title='bbox 3087 5651 3133 5701; x_wconf 86' lang='lat'><strong>9.</strong></span> <span class='ocrx_word' id='word_1_803' title='bbox 3165 5651 3244 5701; x_wconf 84' lang='lat' dir='ltr'><strong>In.</strong></span> 
     </span>
    </p>
   </div>
   <div class='ocr_carea' id='block_1_116' title="bbox 2024 5724 2749 5789">
    <p class='ocr_par' dir='ltr' id='par_1_116' title="bbox 2024 5724 2749 5789">
     <span class='ocr_line' id='line_1_116' title="bbox 2024 5724 2749 5789; baseline -0.01 -10"><span class='ocrx_word' id='word_1_804' title='bbox 2024 5729 2119 5789; x_wconf 78' lang='grc'><strong>(64)</strong></span> <span class='ocrx_word' id='word_1_805' title='bbox 2148 5725 2444 5777; x_wconf 79' lang='lat' dir='ltr'><strong>Periculum</strong></span> <span class='ocrx_word' id='word_1_806' title='bbox 2472 5737 2637 5775; x_wconf 74' lang='lat' dir='ltr'><strong>omne.</strong></span> <span class='ocrx_word' id='word_1_807' title='bbox 2671 5724 2749 5773; x_wconf 81' lang='lat' dir='ltr'><strong>lo.</strong></span> 
     </span>
    </p>
   </div>
   <div class='ocr_carea' id='block_1_117' title="bbox 2023 5796 2470 5856">
    <p class='ocr_par' dir='ltr' id='par_1_117' title="bbox 2023 5796 2470 5856">
     <span class='ocr_line' id='line_1_117' title="bbox 2023 5796 2470 5856; baseline -0.007 -9"><span class='ocrx_word' id='word_1_808' title='bbox 2023 5798 2120 5856; x_wconf 76' lang='lat'><strong>(65)</strong></span> <span class='ocrx_word' id='word_1_809' title='bbox 2148 5797 2363 5849; x_wconf 66' lang='grc' dir='ltr'><strong>ϐοπέιὲε.</strong></span> <span class='ocrx_word' id='word_1_810' title='bbox 2393 5796 2470 5846; x_wconf 82' lang='lat' dir='ltr'><strong>ID.</strong></span> 
     </span>
    </p>
   </div>
   <div class='ocr_carea' id='block_1_118' title="bbox 3192 5950 3266 6015">
    <p class='ocr_par' dir='ltr' id='par_1_118' title="bbox 3192 5950 3266 6015">
     <span class='ocr_line' id='line_1_118' title="bbox 3192 5950 3266 6015; baseline -0.014 0"><span class='ocrx_word' id='word_1_811' title='bbox 3192 5950 3266 6015; x_wconf 75' lang='lat'><strong>67</strong></span> 
     </span>
    </p>
   </div>
  </div>
