4000 6166
547 287 682 338 9123

2024 286 2078 338 S.
2119 287 2207 341 AM
2220 285 2432 340 BROSII

3704 293 3808 346 2|‘2i

547 402 662 455 rori
714 401 797 455 vel
843 401 975 472 fuga
1022 401 1433 455 eximerentur.
1481 401 1912 472 Adjiciebantur
1959 403 2174 457 crebrae
2196 416 2254 487 Α
2279 408 2487 473 paratas
2518 405 2628 472 (69)
2663 403 2813 456 necis
2844 401 3089 473 suspicio
3113 403 3295 465 foret;
3333 401 3421 454 sed
3461 402 3692 459 Pheroras
3715 423 3813 462 cum

546 493 696 564 apud
738 498 982 550 matrem
1019 494 1299 566 Antipatri
1337 496 1795 567 conquestiones,
1827 496 2177 568 deplorantis

547 587 747 644 ardere
787 604 848 644 se
887 588 1100 644 invidia
1131 588 1342 661 regalis
1377 589 1774 660 successionis,
1804 606 1931 645 cum
1961 591 2176 646 szevitia

547 683 711 755 regni
754 699 926 754 super
969 683 1156 754 ipsum
1199 683 1488 755 praecipue
1531 682 1854 739 incubuerit
1899 700 1912 738 :
1958 688 2021 738 ut
2053 685 2172 755 jam

549 777 827 832 sustinere
855 793 969 832 non
1000 779 1194 849 queat,
1226 777 1436 832 ultimis
1470 777 1691 833 deditus
1733 778 1839 847 (66)
1868 777 2173 849 obsequiis,

549 875 608 927 et
638 871 936 943 postremis
978 871 1171 942 urgeri
1201 870 1485 942 periculis.
1515 872 1624 927 Nec
1665 871 1847 926 solum
1892 871 2172 943 regnandi

540 965 638 1036 jus
663 964 770 1020 sibi
798 963 1032 1037 perisse,
1059 963 1155 1020 sed
1186 964 1404 1020 vivendi
1441 981 1670 1036 quoque
1712 965 1992 1021 curricula
2037 982 2171 1020 con-

548 1058 736 1114 voluta
775 1061 1121 1131 temporum.
1155 1060 1398 1114 lEtatem
1435 1058 1542 1113 sibi
1583 1059 1974 1126 maturiorem,
2015 1059 2172 1115 inca-

548 1152 740 1208 nuisse
780 1152 899 1224 jam
944 1151 1212 1208 verticem
1248 1169 1264 1220 ;
1313 1155 1513 1207 contra
1569 1155 1763 1208 autem
1805 1153 2174 1225 juvenescere

550 1252 790 1318 patrem,
819 1245 1027 1301 frustra
1061 1245 1271 1316 sperari
1311 1247 1432 1316 ejus
1477 1246 1892 1315 haereditatem,
1924 1247 2022 1318 qui
2060 1248 2170 1302 for-

549 1345 695 1396 tasse
741 1340 916 1396 etiam
953 1343 1237 1412 superstes
1272 1339 1486 1396 heredi
1533 1340 1729 1396 tandiu
1766 1348 2172 1396 reservaretur.

547 1433 703 1499 Quod
735 1441 925 1489 autem
963 1435 1416 1490 emolumentum
1455 1434 1829 1489 successionis
1876 1435 1981 1489 sibi
2021 1435 2170 1490 futu-

547 1543 676 1582 rum
715 1527 967 1600 longaevo
1007 1527 1242 1596 heredi,
1269 1528 1359 1582 cui
1398 1533 1516 1584 tam
1553 1528 1844 1601 multiplex
1876 1529 2173 1585 Alexandri

545 1627 714 1694 atque
729 1621 1036 1676 Aristobuli
1052 1621 1290 1687 soboles,
1309 1623 1460 1677 velut
1481 1621 1740 1694 quaedam
1764 1622 1944 1694 hydra
1963 1623 2176 1679 renatis

2277 497 2335 550 in
2369 501 2625 567 tempore
2653 511 2934 551 venenum
2963 499 3258 567 acceptum
3287 495 3437 549 uxori
3469 499 3681 568 proprie
3701 515 3815 555 eom-

2276 588 2678 654 mendavisset,
2729 590 2968 645 recurrit
3015 588 3196 644 altera
3248 589 3308 642 in
3351 603 3568 644 uxorem
3609 591 3818 648 Pherora.

2275 684 2482 740 veneni
2539 684 2780 753 invidia;
2816 683 2982 754 jubet
3029 683 3180 738 illico
3219 698 3318 737 rex
3366 682 3599 739 Pheroras
3635 701 3819 743 uxorem

2277 793 2562 832 venenum
2595 777 2837 833 deferre.
2861 775 3171 847 Egreditur
3200 775 3406 830 mulier
3427 777 3570 848 quasi
3594 779 3822 849 perlatum

2276 872 2430 944 quod
2462 871 2780 944 petebatur,
2811 875 2866 926 et
2890 886 3012 926 sese
3038 869 3108 925 de
3133 869 3360 941 fastigio
3387 871 3670 941 praecipitat
3693 872 3827 926 aedili-

2278 965 2516 1035 ciorum,
2539 983 2651 1037 quo
2679 965 2893 1036 gemini
2922 964 3144 1036 pondus
3163 963 3416 1018 criminis
3445 964 3670 1032 evitaret,
3691 968 3824 1037 atque

2279 1059 2436 1115 obitu
2467 1059 2806 1132 praeveniret
2825 1058 3099 1114 indicium
3131 1058 3214 1112 rei
3247 1061 3303 1112 et
3327 1057 3632 1128 quaestionis
3653 1058 3826 1113 acerbi-

2278 1158 2470 1209 tatem.
2496 1153 2607 1209 Sed
2638 1153 2775 1225 quia
2803 1152 3200 1207 maturabatur
3217 1151 3506 1222 Antipatro
3533 1150 3702 1205 feralis
3725 1151 3830 1206 ultio

2276 1247 2586 1320 parricidii,
2614 1263 2728 1303 non
2755 1263 2926 1319 supra
2952 1245 3222 1301 verticem
3248 1243 3442 1316 capitis
3469 1244 3590 1310 ruit,
3616 1260 3712 1316 quo
3731 1261 3831 1300 casu

2278 1341 2437 1396 facile
2465 1342 2942 1412 exstingueretur,
2975 1340 3069 1396 sed
3107 1339 3165 1394 in
3193 1338 3368 1393 aliam
3394 1341 3599 1410 partem
3633 1339 3834 1410 corporis

2279 1435 2506 1504 decidit,
2531 1439 2594 1490 ut
2625 1451 2777 1490 mors
2803 1435 3180 1506 protelarctur
3201 1449 3216 1488 :
3240 1432 3525 1505 consopita
3553 1435 3663 1486 erat
3688 1435 3836 1486 tamen

2279 1534 2448 1601 atque
2478 1529 2721 1584 attonita
2756 1529 2984 1594 mulier,
3013 1528 3147 1600 quia
3182 1544 3252 1582 ex
3281 1527 3396 1582 alto
3426 1525 3694 1580 deciderat
3722 1525 3832 1580 loco.

2274 1623 2440 1678 Juhet
2479 1639 2607 1679 eam
2648 1623 2938 1695 paulisper
2975 1622 3218 1676 recreari
3249 1619 3490 1676 Herodes
3528 1618 3692 1674 donec
3717 1618 3772 1672 ad
3797 1635 3838 1672 se

546 1731 672 1788 qua:
697 1719 986 1788 amputata
1010 1715 1258 1783 fuerant,
1288 1716 1567 1788 capitibus
1606 1717 2070 1788 regerminaret?
2098 1718 2235 1788 Ex_
2277 1715 2490 1771 rediret
2526 1735 2542 1785 ;
2585 1716 2822 1788 spondet
2878 1715 3123 1783 veniam,
3172 1715 3218 1768 si
3275 1713 3602 1784 simpliciter
3645 1711 3837 1784 aperiret

547 1785 891 1866 testamento
916 1810 1092 1881 patris
1111 1809 1286 1866 etiam
1300 1785 1419 1880 jam
1438 1810 1532 1881 jus
1552 1785 1862 1866 commune
1884 1815 2171 1883 ereptum,
2197 1785 2253 1857 Β
2277 1813 2567 1880 gestorum
2611 1785 2873 1865 ordinem
2902 1825 2916 1864 :
2952 1825 3070 1864 non
3113 1808 3182 1863 de
3223 1806 3405 1862 nihilo
3445 1822 3561 1860 esse
3601 1804 3731 1876 quod
3753 1820 3840 1857 sese

548 1909 612 1960 ut
644 1905 770 1959 data
787 1919 884 1975 spe
908 1902 1213 1976 regnandi,
1233 1903 1394 1974 cujus
1414 1904 1484 1959 ad
1507 1911 1733 1977 tempus
1747 1905 1992 1960 vicarius
2010 1905 2171 1972 foret,

551 2014 668 2054 non
692 1997 942 2070 aliquem
973 2013 1036 2052 ex
1068 1997 1184 2052 suis
1210 1997 1343 2052 filiis
1373 1999 1431 2053 in
1471 2015 1640 2053 suum
1672 1999 1978 2070 imperium
2005 2000 2172 2054 susti-

549 2109 723 2162 nere;
758 2091 852 2147 sed
903 2091 1112 2147 Herodi
1151 2091 1493 2147 Mariamnes
1518 2091 1636 2147 filio
1666 2109 1897 2148 necesse
1940 2093 2175 2150 haberet

547 2202 788 2258 regnum
822 2186 1131 2241 refundere
1161 2187 1293 2256 (6‘7).
1319 2187 1511 2258 Itaque
1539 2203 1656 2241 non
1690 2187 1759 2242 ad
1792 2187 2036 2242 fructum
2069 2187 2174 2242 sibi

549 2279 711 2352 regni
742 2295 901 2352 spem
939 2278 1159 2347 datam,
1188 2279 1284 2336 sed
1310 2279 1381 2336 ad
1419 2280 1759 2352 periculum,
1798 2284 1858 2335 ut
1888 2285 2036 2336 esset
2074 2281 2168 2336 de-

547 2373 752 2429 cessori
818 2377 1146 2444 suspectus,
1224 2373 1530 2428 successori
1604 2373 1811 2446 gravis.
1883 2376 2174 2430 Postremo

547 2467 734 2539 ipsum
774 2482 967 2538 regem
1001 2467 1168 2539 longa
1204 2469 1491 2522 senectute
1519 2467 1764 2523 vividum
1798 2473 1854 2523 et
1888 2467 2173 2523 intentum

545 2559 789 2616 cladibus
827 2577 1076 2628 suorum,
1103 2560 1188 2616 sui
1216 2577 1338 2616 esse
1365 2561 1682 2617 testamenti
1727 2567 2124 2618 exsecutorem
2159 2580 2171 2616 :

546 2662 607 2712 ut
635 2670 807 2711 nemo
832 2658 1156 2726 superesset
1183 2655 1282 2726 qui
1313 2661 1508 2726 posset
1534 2655 1854 2722 succedere,
1875 2655 2012 2710 ferri
2041 2655 2172 2711 odio

545 2751 704 2824 gravi
741 2749 799 2803 in
831 2748 1001 2816 filios,
1037 2764 1141 2804 nec
1167 2749 1224 2804 in
1256 2748 1491 2804 fratrem
1537 2750 1778 2816 minore,
1806 2750 1902 2822 qui
1933 2750 2040 2804 sibi
2071 2749 2170 2805 de-

544 2843 704 2900 derat
731 2844 843 2915 (68)
874 2848 1106 2898 centum
1141 2842 1372 2913 talenta,
1407 2859 1513 2898 nec
1539 2860 1668 2898 cum
1697 2849 1902 2915 patruo
1927 2829 2028 2899 suo
2053 2860 2169 2899 ser-

544 2953 772 2994 monem
823 2937 1076 2993 haberet.
1104 2938 1174 2992 Et
1210 2936 1588 3009 respondente
1632 2937 1877 2993 Pherora
1908 2955 1921 2992 :
1955 2939 2012 2993 In
2061 2955 2174 3010 quo

545 3031 701 3088 enim
726 3047 855 3088 eum
877 3031 1127 3087 lassimus
1147 3031 1175 3086 ?
1195 3031 1340 3086 Nam
1361 3029 1531 3086 etiam
1555 3031 1674 3102 ipse
1694 3047 1982 3087 successor
2002 3048 2126 3088 sum
2147 3033 2174 3087 τ

542 3126 802 3183 retulisse
833 3126 1218 3197 Antipatrum,
1244 3124 1544 3180 nonnullas
1571 3125 1781 3180 habere
1814 3141 1946 3181 eum
1972 3142 2170 3182 causas
2191 3158 2246 3232 Ο

543 3220 894 3276 offensionis.
929 3219 1157 3274 Utinam
1191 3217 1414 3274 amissis
1451 3218 1737 3288 omnibus,
1767 3219 1961 3276 liceret
1987 3220 2169 3276 otfen-

545 3313 688 3369 sioni
735 3328 796 3368 se
834 3313 1022 3384 ipsum
1065 3328 1406 3384 componere
1454 3331 1467 3368 :
1516 3313 1696 3368 feram
1744 3329 1864 3369 esse
1908 3313 2168 3383 bestiam,

546 3422 674 3480 quae
719 3422 790 3462 ne
847 3405 1127 3462 mortibus
1179 3405 1410 3478 quidem
1470 3405 1785 3475 satiaretur,
1825 3423 1930 3462 nec
1982 3411 2174 3480 posset

545 3501 763 3574 perpeti
809 3501 987 3557 ullam
1056 3501 1209 3556 inter
1252 3501 1607 3573 propinquos
1667 3500 2000 3558 charitatem
2049 3519 2169 3558 ma-

543 3595 718 3653 neret
767 3598 939 3666 atque
991 3594 1212 3650 utinam
1271 3594 1494 3650 amissis
1542 3595 1810 3650 omnibus
1854 3595 2068 3663 liceret,
2109 3602 2170 3652 ut

541 3688 682 3746 nudi
731 3705 864 3745 eum
914 3689 1309 3745 tantummodo
1350 3689 1607 3745 viventes
1645 3689 2036 3760 evaderemus,
2075 3692 2169 3745 sed

545 3782 919 3856 impossibile.
959 3782 1204 3856 Ideoque
1238 3782 1345 3838 sibi
1384 3783 1599 3838 occulta
1635 3783 1705 3838 ad
1744 3786 1967 3856 tempus
1999 3783 2169 3840 collo-

542 3876 694 3951 quia.
726 3875 1117 3934 Necessarium
1141 3882 1332 3932 autem
1365 3876 1487 3932 fore
1520 3883 1772 3948 tempus,
1800 3893 1913 3949 quo
1945 3883 2169 3933 uteren-

545 3977 638 4027 tur
674 3971 821 4026 virili
863 3971 1074 4026 mentis
1103 3970 1318 4042 vigore,
1350 3974 1408 4025 et
1441 3971 1654 4025 consilii
1696 3970 2003 4040 vivacitate,
2039 3971 2169 4028 dex-

548 4069 686 4121 tere
727 4079 956 4138 quoque
997 4064 1233 4120 vindicis
1270 4063 1605 4120 ministerio.
1641 4065 1768 4120 Haec
1810 4083 1842 4120 a
1879 4065 2175 4138 mancipiis

546 4160 606 4214 in
653 4157 930 4230 supplicio
979 4157 1177 4230 positis
1234 4157 1746 4229 respondebantur,
1792 4165 1848 4214 ct
1891 4161 2175 4232 mancipio

544 4251 814 4308 credebat
841 4251 1111 4319 Herodes,
1139 4251 1383 4307 maxime
1419 4251 1550 4323 quia
1581 4252 1652 4306 de
1680 4257 1912 4308 centum
1951 4254 2175 4309 talentis

545 4345 646 4402 soli
683 4345 980 4418 Antipatro
1011 4344 1252 4412 dixerat,
1282 4362 1383 4400 nec
1428 4345 1574 4400 ullus
1599 4346 1881 4402 sermonis
1913 4348 2037 4419 ejus
2072 4347 2169 4402 ad-

546 4440 736 4496 fuerat
780 4439 1086 4511 interpres.
1131 4438 1450 4494 Succensus
1505 4439 1697 4512 itaque
1754 4440 2172 4513 indignatione,

2276 1903 2736 1975 praecipitaverit,
2766 1903 2860 1958 sed
2895 1902 3090 1973 magni
3117 1899 3378 1956 criminis
3416 1898 3698 1962 consciam,
3721 1912 3836 1950 com-

2275 1997 2547 2068 pendium
2593 1997 2854 2069 supplicii
2899 1996 3190 2068 qumsisse,
3235 1993 3519 2066 impunita
3565 1991 3659 2045 sibi
3698 1991 3843 2045 omnia

2275 2091 2486 2162 flagitia
2518 2091 2813 2146 confitenti
2840 2090 2961 2145 fore
2987 2107 3002 2156 ;
3036 2095 3093 2143 at
3120 2089 3404 2143 inﬁcianti
3433 2085 3722 2141 acervanda
3743 2099 3840 2153 sup-

2275 2185 2460 2257 plicia,
2497 2186 2674 2257 ipsam
2701 2200 2930 2257 quoque
2959 2184 3308 2255 sepulturam
3343 2177 3846 2254 agundamAtills

2273 2280 2372 2335 ubi
2411 2296 2470 2334 se
2511 2278 2816 2352 resumpsit
2852 2277 3150 2350 paululum
3193 2294 3207 2332 :
3248 2277 3317 2330 Et
3356 2275 3469 2342 cui,
3497 2274 3686 2346 inquit,
3708 2270 3845 2326 adhuc

2275 2389 2383 2446 ego
2411 2377 2761 2428 secretorum
2788 2371 3023 2426 servabo
3048 2370 3274 2426 silentia
3301 2371 3445 2440 (70),
3479 2368 3712 2423 Pherora
3739 2379 3850 2418 mor-

2275 2471 2375 2523 tuo
2394 2468 2422 2522 Τ
2446 2467 2528 2520 llli
2559 2466 2717 2521 enim
2749 2465 2918 2520 debui
2950 2466 3120 2520 ﬁdem
3150 2463 3402 2531 tacendi,
3429 2479 3533 2535 pro
3557 2476 3664 2532 quo
3689 2456 3849 2529 suppli-

2275 2561 2362 2616 cia
2403 2578 2518 2616 non
2564 2577 2910 2626 recusarem,
2954 2560 2996 2613 si
3046 2558 3369 2614 necessaria
3414 2557 3618 2612 forent.
3654 2551 3750 2609 Sed
3785 2550 3853 2604 illc

2275 2671 2427 2710 nunc
2462 2655 2606 2710 liber
2635 2672 2667 2709 a
2705 2654 3067 2721 cruciatibus,
3095 2659 3152 2707 et
3186 2652 3231 2706 si
3265 2650 3569 2706 veniabilis
3610 2649 3704 2717 (7t)
3733 2661 3851 2700 erro-

2275 2748 2352 2804 ris
2373 2749 2650 2804 correctio
2682 2751 2789 2816 est,
2813 2747 2956 2802 liber
2982 2764 3014 2801 a
3041 2746 3221 2818 culpa.
3243 2745 3393 2814 Quid
3428 2744 3600 2815 igitur
3626 2741 3855 2797 involvere

2275 2843 2571 2898 veritatem
2603 2841 2916 2897 mendaciis
2957 2840 3228 2913 cogitem,
3256 2844 3324 2894 ut
3359 2839 3649 2910 Antipatro
3685 2848 3854 2888 morem

2274 2956 2470 3012 geram
2513 2941 2672 3011 (72)?
2700 2941 2937 2995 Parcam
2982 2955 3121 3011 ergo
3165 2939 3265 3009 illi,
3300 2955 3422 2994 non
3463 2951 3684 3010 parcam
3713 2929 3857 2988 mihi?

2274 3035 2576 3106 Egregiam
2623 3051 2762 3106 ergo
2803 3033 3128 3089 mercedem
3174 3032 3458 3088 debemus
3504 3031 3642 3095 viro,
3669 3027 3858 3099 quinos

2273 3144 2473 3184 omnes
2524 3127 2827 3183 sceleribus
2881 3128 2997 3182 suis
3041 3127 3099 3182 in
3145 3127 3270 3182 haac
3328 3124 3611 3199 supplicia
3654 3117 3857 3177 deduxit.

2272 3222 2434 3290 Audi,
2459 3239 2574 3289 rex,
2598 3223 2710 3278 Deo
2733 3222 2994 3294 praesule,
3017 3221 3114 3293 qui
3151 3221 3304 3276 solus
3325 3221 3470 3275 mihi
3499 3215 3735 3273 veritatis
3753 3209 3859 3266 arbi-

2276 3321 2363 3372 ter
2391 3323 2473 3370 est
2512 3339 2521 3370 :
2548 3311 2816 3388 proposui
2849 3316 3003 3371 enim
3031 3314 3174 3370 nihil
3197 3314 3404 3370 fallere
3439 3310 3630 3377 :audi,
3653 3311 3858 3380 inquam,

2272 3411 2372 3466 sed
2411 3411 2568 3483 prius
2610 3413 2825 3482 repete,
2867 3407 3366 3482 quemadmodum
3413 3405 3691 3462 assederis
3726 3403 3861 3469 lacry-

2276 3521 2441 3560 mans
2462 3520 2738 3577 germano
2752 3503 3115 3576 periclitanti,
3133 3507 3195 3558 ut
3209 3503 3288 3558 im
3299 3501 3552 3574 pleveris
3565 3497 3744 3556 omnia
3754 3494 3863 3548 circa

2275 3599 2584 3654 Pheroram
2617 3599 2809 3654 munia
2837 3598 2930 3670 pia
2961 3597 3362 3670 germanitatis
3397 3599 3509 3666 (73)
3542 3612 3556 3649 :
3587 3591 3773 3665 quibus
3797 3587 3862 3640 ille

2275 3694 2537 3760 inflexus,
2570 3693 2669 3747 ubi
2709 3691 3038 3758 discessisti,
3067 3692 3350 3747 continuo
3387 3707 3481 3746 me
3506 3689 3576 3744 ad
3604 3701 3714 3742 sese
3736 3695 3860 3737 voce-

2277 3788 2373 3854 vit,
2398 3791 2454 3841 et
2481 3787 2561 3842 ait
2590 3803 2604 3842 :
2635 3786 2755 3842 Non
2785 3787 3060 3859 exiguum
3085 3801 3194 3856 ego
3223 3786 3439 3840 mulier
3458 3801 3491 3838 a
3515 3782 3695 3838 fratris
3712 3777 3862 3832 affectu

2275 3887 2332 3936 et
2362 3881 2550 3936 studio
2579 3879 2856 3945 deerravi,
2878 3879 2977 3951 qui
3007 3879 3084 3934 sic
3106 3879 3339 3934 oderam
3375 3881 3667 3934 amantem
3693 3871 3804 3934 mei,
3827 3870 3864 3920 el

2276 3975 2538 4030 volebam
2561 3975 2820 4030 occidere
2839 3980 2950 4028 tam
2977 3973 3380 4045 impatientem
3405 3971 3616 4028 doloris
3631 3970 3685 4023 in
3704 3964 3867 4038 pericu-

2274 4069 2343 4124 lis
2363 4069 2504 4123 meis
2533 4085 2545 4123 :
2579 4068 2726 4123 ferre
2750 4068 2840 4123 ille
2877 4084 2989 4122 non
3029 4069 3212 4139 potest
3247 4066 3561 4122 fortuitum
3595 4059 3739 4137 quod
3773 4069 3865 4127 ego.

2276 4163 2544 4235 urgebam
2566 4161 2885 4217 indebitum
2909 4184 2918 4215 :
2945 4162 3382 4216 circumventus
3410 4177 3560 4226 sum,
3585 4159 3762 4221 fateor,
3782 4154 3864 4204 An-

2273 4257 2465 4328 tipatri
2493 4255 2658 4322 dolis,
2690 4255 2790 4310 sed
2823 4253 3181 4328 cogitationis
3210 4256 3328 4324 (74)
3372 4254 3500 4326 ejus
3528 4268 3634 4325 ego
3668 4244 3868 4321 pretium

2275 4350 2397 4404 fero
2429 4366 2441 4404 :
2471 4355 2533 4404 tu
2561 4349 2713 4421 quod
2746 4348 2920 4403 habes
2944 4349 3015 4402 ab
3045 4365 3114 4403 eo
3141 4363 3437 4403 venenum
3472 4347 3735 4406 relictum,
3756 4335 3867 4392 mihi

2275 4444 2388 4501 cito
2433 4444 2643 4516 perfer,
2685 4445 2744 4497 et
2783 4441 2887 4497 sub
2917 4442 3058 4497 meis
3102 4441 3282 4496 oculis
3324 4439 3583 4507 effunde,
3614 4439 3675 4490 ut
3704 4431 3778 4487 vel
3816 4425 3868 4481 ad

548 4533 691 4606 rapit
729 4533 799 4589 ad
831 4533 1174 4605 supplicium
1218 4533 1519 4605 plerosque
1548 4539 1604 4588 et
1633 4533 1915 4601 innoxios,
1944 4552 2017 4590 ne
2051 4536 2179 4608 quis
2197 4535 2258 4606 Ι)
2279 4538 2494 4593 inferos
2514 4552 2627 4592 non
2645 4536 2826 4591 feram
2845 4535 3101 4591 animum
3125 4533 3539 4606 parricidalem
3561 4549 3575 4586 :
3596 4524 3870 4603 pcenituisse

545 4627 617 4684 de
653 4626 907 4682 obnoxiis
943 4627 1384 4700 relinqueretur.
1427 4629 1748 4683 Accersitur
1793 4629 1863 4683 ad
1901 4629 2176 4700 supplicia

544 4720 838 4792 Antipater
857 4720 1262 4788 Samaritanus,
1293 4737 1364 4775 eo
1391 4721 1546 4792 quod
1573 4727 1722 4777 esset
1740 4721 2022 4794 Antipatri
2054 4739 2177 4794 pro-

545 4819 788 4876 curator,
818 4818 877 4868 et
905 4813 1141 4869 diversis
1171 4815 1527 4870 excruciatur
1554 4815 1750 4870 modis.
1789 4815 1982 4871 Prodit
2017 4833 2173 4888 qua!-

545 4909 684 4974 stio,
733 4908 967 4963 missum
1008 4923 1074 4962 ex
1133 4909 1370 4979 Egypto
1417 4923 1699 4963 venenum
1753 4926 1858 4980 per
1898 4909 2171 4980 Antiphili

544 5003 849 5076 quemdam
865 4999 1389 5069 conturbernalem,
1405 5001 1573 5072 idque
1590 5003 1660 5056 ab
1672 5001 1768 5058 illo
1787 5001 1985 5058 datum
2000 5003 2177 5058 Theu-

545 5095 699 5152 dioni
724 5096 907 5151 amico
924 5094 1226 5166 Antipatri,
1247 5110 1350 5165 per
1374 5094 1558 5166 ipsum
1576 5095 1841 5151 Pheroraa
1866 5096 2173 5162 redditum,

543 5191 634 5246 cui
663 5191 814 5261 regis
841 5189 991 5244 filius
1015 5187 1313 5260 Antipater
1337 5188 1758 5244 exsecutionem
1785 5192 2173 5257 commiserat,

545 5288 605 5344 ut
641 5285 778 5341 dum
808 5283 928 5355 ipse
961 5281 1018 5338 in
1047 5282 1186 5338 urbe
1224 5283 1402 5339 Roma
1439 5281 1696 5355 degeret,
1729 5289 1890 5356 pater
1919 5285 2042 5356 ejus
2076 5285 2176 5340 He-

543 5378 709 5434 rodes
734 5377 1218 5450 exstingueretur.
1243 5375 1369 5442 Quo
1396 5383 1654 5449 tempore
1679 5377 1832 5432 nulla
1859 5378 1928 5434 de
1943 5379 2174 5434 absente

607 5499 701 5566 (ω)
738 5499 997 5553 Debilem.
1031 5501 1101 5552 Et
1127 5514 1275 5562 mox,
1303 5499 1573 5550 curricula
1613 5498 1840 5550 evoluta.
1873 5500 2046 5553 Bura.

605 5571 702 5631 (67)
732 5569 1094 5622 Substitueret.
1122 5571 1201 5621 1D.

606 5642 701 5701 (68)
735 5640 963 5692 Dederit.
996 5641 1075 5691 ID.

604 5712 703 5775 (ϐο)
735 5711 979 5763 Pati-ate.
1014 5713 1096 5764 In.

604 5781 701 5845 (70)
723 5781 1020 5833 Silentium.
1053 5782 1133 5832 ID.

609 5854 701 5920 (7t)
738 5851 839 5902 Pro
867 5853 1023 5900 venia
1053 5853 1220 5916 digni,
1247 5860 1305 5905 ut
1355 5857 1578 5909 veniatis
1611 5859 1757 5926 apud
1812 5857 2169 5912 Macrobium.

2279 4629 2650 4688 correctionis
2673 4633 2766 4696 sit,
2791 4629 2940 4702 quod
2963 4628 3344 4684 criminosum
3370 4632 3458 4682 est
3479 4617 3867 4700 preparavissei

2275 4726 2420 4793 Cito,
2463 4725 2723 4796 inquam,
2762 4722 2984 4790 mulier,
3021 4727 3086 4777 ut
3124 4723 3212 4777 vel
3255 4729 3514 4778 mortem
3556 4714 3867 4793 preveniam.

2279 4819 2549 4892 quoniam
2578 4818 2805 4890 culpam
2836 4817 3082 4889 nequivi.
3103 4817 3244 4872 Tum
3270 4833 3386 4888 ego
3414 4815 3593 4871 detuli
3613 4817 3866 4867 venenum.

2277 4919 2334 4969 et
2357 4913 2415 4968 in
2444 4916 2745 4985 conspectu
2775 4912 2898 4982 ejus
2923 4911 3230 4978 exinanivi,
3266 4927 3484 4982 parum
3514 4916 3694 4963 tamen
3727 4917 3784 4956 ex
3817 4910 3869 4950 eo

2280 5007 2558 5062 reservavi
2606 5006 2766 5072 mihi,
2799 5021 2928 5076 quas
2977 5008 3031 5058 te
3075 5008 3422 5072 metuerem,
3460 5010 3522 5058 ut
3546 5002 3686 5056 esset
3719 5005 3863 5050 reme

2279 5101 2437 5156 dium
2469 5101 2512 5154 si
2542 5099 2882 5172 proderetur
2911 5104 3173 5170 paratum
3204 5097 3280 5152 ad
3306 5099 3419 5153 hos
3449 5113 3584 5151 usus
3612 5099 3861 5148 venenum.

2279 5196 2372 5250 His
2397 5195 2563 5250 dictis
2603 5193 2870 5266 pyxidem
2919 5208 3050 5247 cum
3077 5209 3148 5248 eo
3188 5193 3346 5263 quod
3379 5190 3659 5246 resederat
3683 5176 3859 5239 veneni.

2278 5288 2515 5360 protulit
2560 5305 2573 5342 :
2615 5287 2916 5358 subjicitur
2952 5285 3253 5359 quaestioni
3317 5288 3505 5340 mater
3544 5273 3860 5370 Antiphili”el

2276 5383 2480 5438 fratres
2509 5381 2686 5454 ipsius
2713 5381 2844 5449 ('75).
2882 5380 3239 5436 Confitentur
3281 5396 3353 5434 ex
3391 5380 3622 5450 Egypto
3648 5364 3855 5436 Antiphi-

2342 5503 2438 5565 (72)
2470 5499 2666 5566 Cogit?
2687 5515 2761 5552 an
2788 5507 2842 5551 ut
2871 5502 3154 5566 Antipatro
3179 5513 3382 5550 morem
3408 5511 3583 5563 geram
3603 5494 3632 5544 Ρ
3652 5494 3720 5542 ln.

2341 5574 2434 5637 (73)
2470 5573 2575 5624 Pin
2599 5573 2989 5638 germanitatis.
3020 5573 3099 5623 lo.

2337 5625 2781 5766 (7431Vet.'cod.,
2828 5644 3172 5707 contagionis.
3203 5642 3338 5694 Mox
3385 5655 3531 5700 vero,
3571 5634 3774 5703 pro“!!!
3797 5625 3857 5689 [τ’

2337 5729 2412 5766 im.
2468 5728 2524 5766 υ.
3845 5765 3852 5766 ,

2277 5729 2412 5767 ram.
2442 5728 2524 5767 ID.

2335 5765 2658 5852 (ﬁlii-ater
2686 5788 2893 5841 rectius
2919 5802 2988 5840 ex
3015 5793 3120 5840 vet.
3151 5785 3370 5844 codice,
3400 5789 3455 5838 et
3488 5776 3716 5845 ἇσπερδο
3737 5770 3816 5824 lib.
3842 5765 3857 5817 l

2281 5859 2351 5912 De
2377 5858 2516 5919 but,
2547 5873 2666 5927 cap.
2703 5862 2773 5911 ιο.
2805 5861 2883 5910 in.
