4072 6192
196 324 334 376 2125

1259 324 1344 378 DE
1383 323 1643 379 EXCIDIO
1681 322 1883 379 UHBlS
1922 322 2276 379 HlEROSOL
2321 325 2446 378 LIB.
2492 325 2530 378 l.

3425 331 3564 386 2l26

192 450 312 504 lum
370 448 636 504 detulisse
683 448 956 520 pyxidem
999 449 1235 520 plenam
1277 465 1521 519 veneno,
1551 449 1702 521 quod
1739 448 1828 503 ille
1853 462 2125 532 Arerum
2184 455 2512 520 gestarum,
2566 454 2728 505 tanta
2783 452 2930 505 circa
2980 468 3110 506 eum
3165 455 3560 512 universorum

195 543 504 613 accepisset
517 560 551 597 a
570 543 743 598 fratre
764 543 863 616 qui
882 543 1236 599 Alexandriae
1258 550 1712 598 commoraretur
1726 543 1829 598 sub

196 636 501 691 medicinas
530 637 868 708 professore.
896 637 1356 708 Deprehenditur
1381 639 1554 693 etiam
1581 637 1829 692 Mariam-

195 746 300 784 nes
329 729 443 784 ﬁlia
465 730 748 801 pontiﬁcis
769 730 1107 786 insidiarum
1133 731 1380 798 conscia,
1404 747 1532 803 qum
1561 747 1832 803 pararen-

193 827 294 877 tur
319 825 546 891 marito,
570 825 743 896 idque
771 825 1042 879 fratribus
1073 825 1195 895 ejus
1215 824 1366 880 inter
1392 824 1665 896 supplicia
1695 840 1826 879 con-

192 917 489 972 ﬁtentibus
532 919 950 973 manifestatur.
985 917 1144 973 Unde
1185 919 1433 974 Herodes
1465 919 1662 989 junior
1707 934 1827 972 ma-

195 1014 377 1065 ternae
408 1012 661 1066 audaciae.
692 1014 937 1083 pretium
973 1012 1095 1080 luit,
1124 1029 1294 1084 quem
1328 1013 1382 1068 in
1423 1012 1580 1084 regni
1608 1029 1826 1066 succes-

190 1105 418 1159 sionem
446 1106 744 1176 Antipatro
767 1107 1140 1161 suhstitutum
1173 1107 1328 1160 idem
1360 1123 1533 1177 quem
1565 1107 1674 1176 (76)
1698 1105 1826 1159 sub-

189 1202 496 1270 rogaverat
523 1203 705 1271 pater,
728 1200 799 1254 de
822 1205 1160 1255 testamento
1180 1200 1482 1256 delendum
1505 1199 1742 1272 putavit.
1767 1201 1832 1254 Et

185 1292 285 1347 hic
327 1293 564 1364 quidem
601 1310 715 1348 non
756 1293 1058 1349 mediocris
1103 1311 1261 1349 error
1297 1294 1532 1349 Herodis
1573 1293 1826 1362 senioris,

190 1393 254 1441 ut
293 1387 533 1442 ulterius
573 1387 788 1458 ﬂagitio
827 1388 1204 1458 deprehenso,
1249 1389 1392 1443 alter
1436 1389 1827 1443 mulctaretur.

188 1479 308 1535 Sed
340 1481 516 1535 etiam
557 1481 791 1536 Herodis
813 1481 1064 1551 junioris
1091 1498 1210 1537 non
1242 1483 1452 1552 injusta
1489 1481 1782 1536 mulctatio
1813 1498 1826 1535 :

192 1590 335 1628 nam
365 1574 638 1630 divinitus
670 1580 1015 1645 praecautum
1055 1575 1296 1642 videtur,
1328 1579 1394 1630 ut
1417 1574 1550 1630 licet
1577 1575 1828 1630 nondum

185 1667 327 1722 facti
363 1669 452 1722 sui
491 1668 719 1736 merito,
748 1671 943 1723 tamen
979 1668 1050 1723 ob
1080 1668 1330 1740 pretium
1369 1668 1576 1724 futuras
1611 1669 1827 1740 impro-

186 1761 391 1816 bitatis
438 1778 616 1832 regno
663 1762 1041 1816 abdicaretur.
1091 1763 1228 1816 Nam
1275 1763 1402 1833 quis
1451 1779 1582 1817 eum
1629 1779 1827 1834 regem

187 1855 419 1926 perpeti
458 1856 755 1926 potuisset,
798 1856 895 1928 qui
940 1856 1224 1910 tetrarcha
1254 1861 1370 1911 tam
1410 1856 1662 1910 insolens
1701 1833 1826 1922 fuit,
1851 1833 1907 1903 B

190 1953 259 2003 ut
285 1949 523 2004 tolerari
550 1949 863 2021 nequiret?
894 1949 1172 2021 Adjicitur
1210 1949 1385 2004 etiam
1413 1949 1568 2004 aliud
1597 1950 1828 2005 venefici

197 2059 403 2115 genus,
431 2043 587 2115 quod
618 2043 888 2098 Bathillus
909 2042 1193 2114 Antipatri
1220 2042 1456 2097 libertus
1487 2043 1744 2098 Pherorae
1777 2049 1831 2098 et

197 2137 318 2207 ejus
343 2137 506 2191 uxori
533 2137 756 2206 detulit,
775 2137 1159 2208 compositum
1185 2153 1254 2191 ex
1278 2135 1456 2191 succis
1474 2142 1828 2208 serpentum,

195 2235 252 2284 et
281 2246 506 2285 veneno
537 2231 818 2301 aspidum,
856 2234 917 2284 ut
948 2230 993 2284 si
1019 2231 1269 2301 primum
1310 2247 1422 2284 non
1456 2231 1833 2286 convaluisset

195 2323 263 2376 ad
295 2329 537 2378 mortem
570 2324 824 2390 Herodis,
856 2324 1103 2378 secundo
1129 2328 1441 2378 uterentur.

791 2423 1012 2478 CAPUT
1049 2423 1219 2476 XLIV.

267 2511 662 2582 Reperiuntur
703 2511 878 2566 etiam
927 2512 1127 2566 littera:
1178 2513 1445 2566 adversus
1493 2512 1830 2566 Archelaum

193 2611 252 2659 et
303 2605 628 2676 Philippum
680 2606 885 2660 fratres
929 2605 1260 2676 compositas
1301 2622 1313 2659 :
1355 2605 1413 2659 hi
1460 2605 1614 2676 regis
1668 2610 1833 2659 erant

192 2697 318 2765 ﬁlii,
353 2699 450 2770 qui
492 2699 686 2753 Homze
727 2699 1189 2764 instituebantur,
1227 2716 1368 2770 quos
1410 2699 1712 2770 Antipater
1764 2715 1832 2754 ea

197 2794 278 2846 vel
311 2793 561 2847 maxime
591 2808 762 2846 causa
789 2793 1118 2864 appetebat,
1149 2793 1299 2864 quod
1324 2792 1549 2847 videbat
1577 2809 1690 2846 non
1717 2809 1831 2847 me-

192 2885 375 2941 diocri
417 2886 682 2957 praeditos
719 2886 1018 2957 sapientia,
1051 2902 1223 2956 super
1260 2902 1400 2957 quos
1448 2902 1538 2940 rex
1579 2885 1827 2957 patrium

192 2980 454 3034 animum
499 2967 828 3035 reclinabat.
873 2979 1127 3051 Denique
1168 2986 1499 3034 evocaverat
1543 2996 1638 3034 eos
1679 2981 1830 3034 litte-

192 3073 294 3142 ris,
347 3080 411 3128 ut
465 3073 741 3128 maturius
798 3073 1035 3128 domum
1089 3073 1547 3142 regrederentur.
1598 3073 1832 3129 Obstare

191 3169 392 3238 itaque
433 3181 531 3220 eos
575 3167 690 3220 suis
730 3166 1069 3221 utilitatibus
1101 3167 1398 3236 Antipater
1427 3166 1831 3236 arbitrabatur,

189 3265 364 3332 atque
393 3259 730 3314 incumbere
759 3260 873 3314 suis
903 3259 1140 3327 artibus,
1175 3265 1236 3313 ut
1263 3276 1363 3330 spe
1389 3259 1834 3314 adolescentium

193 3355 484 3421 simulata,
512 3354 706 3408 omnia
741 3353 1001 3408 factionis
1040 3369 1158 3407 suae
1197 3353 1386 3407 studia
1421 3353 1833 3409 obumbraren-

192 3453 308 3504 tur.
337 3448 643 3520 Componit
669 3448 863 3519 itaque
891 3447 1159 3518 epistolas
1191 3446 1426 3502 nomine
1452 3446 1704 3502 virorum
1733 3465 1832 3518 po-

194 3541 470 3608 tentium,
511 3557 652 3613 quos
694 3543 887 3597 Roma:
931 3541 1149 3613 positos
1188 3542 1300 3610 (77)
1343 3541 1402 3595 in
1441 3558 1604 3596 suam
1645 3543 1834 3597 amici-

195 3635 336 3690 tiam
381 3636 636 3690 illexerat
680 3654 692 3689 :
740 3634 864 3689 aliis
910 3650 1139 3706 quoque
1185 3633 1366 3705 pretio
1417 3639 1727 3702 extortum,
1775 3639 1836 3689 ut

196 3728 534 3794 scriberent,
568 3728 722 3800 quod
749 3727 1142 3782 adolescentes
1183 3727 1401 3781 infestis
1439 3730 1659 3798 patrem
1692 3728 1837 3782 odiis

198 3826 499 3893 urgerent,
555 3828 612 3876 et
662 3821 842 3876 nimio
889 3824 1094 3893 questu
1144 3824 1388 3876 mortem
1434 3821 1734 3877 Alexandri
1782 3826 1838 3876 et

196 3915 510 3971 Aristobuli
555 3915 942 3986 deplorarent.
984 3916 1050 3969 Et
1091 3932 1219 3969 cum
1263 3915 1584 3986 hujusmodi
1623 3917 1833 3988 episto-

196 4010 280 4064 las
337 4008 709 4064 clandestinis
766 4009 984 4062 artibus
1040 4026 1145 4080 per
1198 4009 1414 4064 aulicos
1474 4010 1698 4064 sceleris
1752 4011 1838 4066 sui

199 4103 516 4170 ministros,
546 4103 693 4174 patri
720 4102 1032 4174 ingereret,
1067 4103 1267 4157 eadem
1311 4103 1573 4170 versutia,
1600 4121 1716 4176 qua
1741 4122 1835 4160 su-

197 4213 301 4268 pra
331 4197 640 4251 simulabat
674 4196 920 4251 fratrum
955 4197 1418 4265 intercessorem,
1459 4203 1518 4251 ut
1557 4203 1837 4268 praeterito

200 4291 429 4362 pietatis
482 4289 827 4361 patrocinio,
880 4289 1186 4361 impietatis
1233 4289 1562 4346 subtexeret
1611 4292 1840 4363 parrici-

200 4385 384 4439 dium.
435 4383 654 4447 Quibus
696 4383 965 4439 omnibus
1009 4383 1062 4438 in
1107 4385 1357 4439 medium
1407 4384 1662 4440 deductis
1707 4402 1838 4441 cum

199 4477 636 4551 questionibus,
678 4477 856 4548 patris
901 4478 1031 4545 vita,
1079 4478 1352 4548 epistolis,
1399 4494 1558 4534 mors
1601 4479 1838 4535 fratrum

1931 541 2062 596 odia
2116 543 2432 599 fervebant.
2493 545 2746 600 Incertus
2797 545 2973 614 igitur
3025 547 3312 615 omnium,
3369 549 3563 604 scribit

1931 651 1998 689 ex
2067 636 2436 704 urbelioma
2497 637 2774 693 continuo
2829 655 2889 692 se
2950 639 3170 708 adfore,
3223 657 3560 714 summoque

1930 745 1988 782 se
2045 730 2263 785 honore
2315 730 2612 786 dimissum
2671 749 2702 784 a
2755 734 2974 789 Caasare
3029 749 3040 786 :
3101 734 3310 804 quibus
3364 735 3566 790 litteris

1931 823 2122 890 lectis,
2183 823 2441 878 rescribit
2495 825 2748 880 Herodes
2800 831 3084 881 maturato
3135 844 3269 882 eum
3323 834 3561 884 conten-

1929 917 2066 972 dere
2109 923 2397 988 oportere,
2435 934 2698 974 securum
2747 919 2981 975 affectus
3022 921 3266 992 paterni,
3309 922 3401 976 cui
3447 939 3563 977 non

1932 1010 2114 1064 solum
2158 1011 2300 1065 nihil
2347 1011 2718 1067 imminutum
2764 1030 2866 1084 per
2906 1015 3221 1070 absentiam
3265 1016 3432 1082 foret,
3474 1032 3565 1070 ve-

1931 1121 2058 1159 rum
2109 1105 2282 1159 etiam
2339 1111 2496 1160 tanta
2545 1107 2841 1162 accederet
2896 1109 3101 1178 gratia,
3155 1115 3216 1164 ut
3262 1110 3384 1179 ejus
3426 1127 3559 1166 con-

1932 1199 2078 1252 tuitu
2148 1198 2348 1254 matris
2413 1199 2627 1254 offensa
2693 1201 3074 1256 minueretur.
3143 1205 3281 1259 Nam
3351 1204 3563 1258 iterum

1930 1291 2100 1346 domo
2139 1309 2267 1348 eam
2310 1293 2721 1363 deprehensam
2766 1294 2825 1348 in
2875 1297 3027 1350 artes
3073 1296 3173 1351 ﬁlii
3227 1297 3562 1360 consentire,
3644 1349 3654 1357 ,

1930 1386 2215 1440 consortio
2271 1392 2501 1440 exutam
2562 1387 2738 1458 regiae
2794 1387 3151 1443 liberalitatis
3207 1390 3565 1461 compendiis

1931 1479 2360 1546 eliminaverat,
2415 1481 2502 1534 cui
2558 1497 2617 1534 se
2667 1481 3042 1536 remissurum
3106 1483 3564 1553 indignationem

1930 1573 2275 1645 scriptorum
2313 1574 2499 1644 specie
2537 1575 2944 1640 manifestaret,
2989 1579 3251 1631 metuens
3290 1593 3363 1630 ne
3404 1593 3563 1632 com-

1931 1672 2091 1737 perta
2156 1667 2356 1721 matris
2420 1667 2784 1738 expulsione,
2848 1668 3195 1739 suspiciones
3259 1685 3388 1725 suas
3448 1673 3560 1725 An-

1929 1760 2137 1831 tipater
2178 1760 2249 1814 ad
2293 1761 2609 1815 cavendum
2653 1762 3042 1817 exsuscitaret.
3097 1764 3414 1818 Adveniens
3454 1765 3560 1818 ita-

1931 1871 2068 1924 que,
2119 1855 2346 1908 Tarenti
2402 1856 2656 1925 primum
2711 1856 2781 1910 de
2831 1856 3095 1910 Pheroras
3147 1857 3302 1911 obitu
3357 1873 3567 1928 cogno-

1931 1947 2038 2012 vit,
2106 1947 2298 2020 ibique
2362 1950 2576 2004 luctum
2642 1965 2916 2020 magnum
2980 1952 3262 2019 exercuit,
3322 1952 3474 2022 quod
3533 1968 3566 2006 a

1931 2042 2266 2114 quibusdam
2349 2042 2574 2112 pietatis
2653 2043 2878 2098 atfectui
2953 2045 3180 2113 datum,
3260 2061 3330 2099 eo
3407 2046 3561 2116 quod

1933 2136 2121 2207 patrui
2185 2142 2422 2192 mortem
2489 2136 2853 2207 impatienter
2914 2137 3149 2192 doleret.
3215 2138 3311 2193 llle
3373 2145 3564 2194 autem

1933 2229 2256 2284 ministrum
2315 2230 2435 2284 ausi
2488 2229 2847 2301 parricidalis
2904 2230 3009 2284 sibi
3068 2231 3352 2287 sublatum
3413 2233 3568 2302 inge-

1935 2324 2229 2392 miscebat,
2278 2340 2384 2378 nec
2427 2324 2612 2378 solum
2663 2339 2776 2378 non
2824 2325 3160 2394 processisse
3207 2326 3432 2381 sceleris
3473 2343 3568 2397 ap-

1935 2422 2215 2488 paratum,
2268 2433 2463 2472 verum
2515 2416 2689 2472 etiam
2745 2433 3028 2473 venenum
3078 2435 3136 2474 se
3181 2419 3403 2474 dedisse
3447 2425 3563 2475 ter-

1935 2511 2046 2564 rori
2096 2514 2238 2576 erat,
2289 2527 2360 2564 ne
2409 2510 2700 2582 quomodo
2753 2510 2866 2580 (79)
2921 2511 2991 2564 ad
3044 2511 3431 2583 cognitionem
3484 2529 3569 2567 re-

1934 2604 2019 2673 gis
2081 2604 2436 2674 perveniret,
2497 2608 2556 2658 et
2609 2603 2704 2658 ille
2761 2619 2990 2658 scenam
3050 2605 3311 2659 criminis
3377 2606 3564 2676 publi-

1934 2702 2104 2752 caret.
2155 2697 2374 2751 Transit
2429 2698 2626 2768 itaque
2686 2697 2744 2750 in
2798 2701 3028 2768 portum
3091 2700 3360 2754 Cmsaree:
3414 2699 3568 2754 haud

1932 2806 2216 2862 quaquam
2293 2806 2505 2845 vacuus
2581 2790 2860 2860 gravioris
2933 2806 3086 2845 cura:
3161 2809 3225 2845 ac
3301 2791 3568 2847 sollicitu-

1932 2884 2101 2950 dinis,
2158 2901 2288 2938 cum
2343 2885 2394 2938 ei
2462 2885 2568 2953 (80)
2634 2883 2809 2938 etiam
2865 2887 3055 2938 mater
3114 2901 3231 2940 non
3283 2885 3570 2941 mediocre

1932 2978 2329 3050 praejudicium
2376 2977 2774 3032 condemnata;
2823 2977 3034 3032 sobolis
3083 2979 3264 3034 daret.
3318 2979 3428 3036 Sed
3479 2996 3569 3035 ur-

1936 3071 2201 3144 gentibus
2260 3071 2478 3137 amicis,
2545 3071 2643 3142 qui
2709 3071 2911 3142 patrias
2975 3072 3278 3142 cupiditati
3337 3078 3567 3146 postpo-

1933 3166 2126 3220 nenda
2174 3165 2366 3219 omnia
2421 3181 2550 3236 quae
2605 3164 2900 3236 Antipatro
2946 3165 3366 3233 conducerent,
3417 3167 3572 3222 arbi-

1937 3262 2276 3314 trarentur:
2319 3258 2571 3330 denique
2623 3262 2944 3329 exspectato
2991 3259 3098 3331 (8i)
3145 3260 3268 3330 ejus
3318 3260 3572 3332 ingenio,

1937 3368 2052 3423 quo
2091 3353 2180 3406 vel
2217 3368 2478 3407 aversum
2524 3355 2748 3423 patrem
2788 3369 2821 3405 a
2862 3353 2950 3406 sui
2995 3354 3182 3424 gratia
3229 3354 3396 3409 facile
3439 3371 3572 3409 con-

1937 3446 2078 3500 siliis
2115 3446 2233 3500 suis
2271 3445 2503 3500 flectere
2543 3445 2742 3500 solitus
2771 3452 2918 3513 erat,
2949 3445 3312 3502 hortantibus
3349 3452 3411 3501 ut
3454 3464 3575 3504 sese

1936 3541 2080 3611 patri
2147 3545 2205 3594 et
2262 3539 2669 3610 prmdestinato
2729 3539 2835 3594 sibi
2897 3555 3079 3610 regno
3139 3540 3298 3594 ocius
3362 3557 3570 3613 reprae-

1935 3637 2208 3698 sentaret,
2260 3632 2412 3703 quod
2470 3647 2640 3686 nemo
2692 3631 2929 3687 auderet
2977 3648 3044 3686 eo
3096 3636 3380 3703 praesente
3433 3649 3571 3689 con-

1937 3729 2026 3780 tra
2057 3725 2216 3786 'niti;
2273 3725 2370 3780 sed
2431 3725 2650 3780 occasio
2706 3724 2983 3780 absentiae
3049 3725 3173 3796 ejus
3239 3726 3362 3780 sola
3423 3744 3569 3782 arse-

1938 3820 2042 3888 rit,
2101 3823 2166 3873 ut
2218 3820 2399 3874 averti
2454 3835 2618 3890 posse
2673 3819 2744 3873 ab
2799 3835 2870 3873 eo
2927 3818 3080 3890 regis
3134 3819 3365 3874 animus
3421 3821 3568 3874 aesti-

1938 3918 2207 3968 maretur.
2260 3914 2327 3967 Et
2371 3911 2504 3967 ideo
2551 3912 3020 3984 praeveniendum
3071 3919 3314 3982 mature,
3362 3930 3433 3968 ne
3483 3915 3575 3968 de-

1939 4007 2216 4063 morando
2260 4008 2440 4078 magis
2483 4011 2583 4061 aut
2625 4006 3044 4062 desiderantem
3094 4006 3432 4074 offenderet,
3476 4014 3573 4062 aut

1938 4108 2262 4174 suspectum
2295 4101 2680 4167 exacerbaret,
2717 4117 2844 4155 cum
2893 4101 3271 4156 diffidentiam
3311 4102 3396 4156 sui
3438 4116 3570 4172 pro-

1939 4196 2123 4251 deret.
2171 4196 2423 4252 Credidit
2469 4197 2660 4266 itaque
2714 4196 2898 4266 magis
2949 4194 3195 4250 volentia
3247 4198 3351 4265 (8'2)
3398 4211 3571 4266 quam

1940 4289 2259 4344 necessaria
2285 4289 2680 4344 suadentibus.
2711 4289 2914 4344 Verum
2948 4289 3044 4344 ubi
3081 4294 3312 4360 portum
3347 4289 3572 4360 ingres-

1939 4400 2034 4438 sus
2063 4388 2166 4453 est,
2197 4399 2382 4455 neque
2410 4399 2759 4454 quemquam
2798 4382 2900 4437 sibi
2933 4383 3162 4438 obvium
3201 4381 3576 4452 circumspec-

1940 4478 2096 4543 tavit,
2133 4482 2192 4531 et
2233 4476 2395 4548 quasi
2439 4482 2658 4547 pestem
2710 4477 2962 4547 aliquam
3013 4474 3194 4529 sensit
3235 4489 3396 4528 suam
3436 4490 3573 4546 prae-

202 4573 462 4645 appetita
495 4570 920 4627 evidentissime
962 4571 1356 4643 panderetur:
1389 4573 1690 4628 consilium
1725 4569 2183 4644 (78)])sentiam
2228 4569 2527 4634 declinari,
2577 4569 2634 4623 in
2683 4585 2911 4624 summa
2954 4568 3214 4622 locorum
3254 4567 3572 4639 frequentia

201 4665 506 4733 diffinitur,
544 4664 614 4718 de
653 4669 887 4719 auctore
931 4664 1279 4736 supplicium
1324 4665 1697 4730 sumendum,
1740 4666 1836 4738 qui

200 4759 522 4831 posteriora
570 4758 908 4830 prodidisset
954 4759 1276 4826 calumnia,
1323 4759 1477 4831 quod
1537 4775 1840 4831 germanos

201 4869 336 4910 suos
367 4868 488 4908 non
519 4853 675 4924 quasi
705 4851 1040 4924 parricidas,
1073 4853 1173 4908 sed
1204 4853 1366 4924 quasi
1400 4853 1676 4925 legitimm
1713 4871 1836 4908 suc-

199 4946 476 5002 cessionis
514 4946 752 5000 aemulos
789 4951 1231 5018 persequeretur
1261 4963 1275 5000 :
1305 4963 1419 5001 non
1463 4963 1576 5017 quo
1616 4953 1836 5016 patrem

200 5039 565 5104 defenderet,
615 5039 712 5093 sed
759 5055 830 5094 ne
873 5043 1198 5094 consortem
1242 5040 1407 5110 regni
1452 5039 1710 5094 haberet.
1759 5042 1841 5094 ln-

203 5138 366 5189 terea
414 5148 546 5187 cum
595 5138 817 5203 septem
869 5133 1156 5187 mensium
1207 5134 1486 5187 curricula
1532 5133 1686 5188 inter
1738 5133 1839 5189 do-

203 5231 474 5282 cumenta
527 5226 876 5297 flagitiorum
941 5232 999 5281 et
1062 5227 1308 5282 reditum
1366 5227 1650 5298 Antipatri
1706 5244 1839 5282 con-

205 5320 602 5387 cluderentur,
678 5320 834 5375 nulla
902 5320 1202 5375 innotuere
1270 5321 1564 5391 Antipatro
1642 5321 1846 5377 indicia

270 5464 368 5522 (76;
405 5462 518 5523 (ὶαὶ.
551 5461 731 5514 BARR.

270 5535 368 5593 (77)
405 5533 621 5582 Positus.
657 5535 737 5583 ID.

267 5605 370 5668 (78)
405 5603 656 5655 Concilio.
684 5604 757 5654 Et
780 5617 909 5654 mox
932 5610 1239 5668 postcri'om.
1269 5606 1344 5655 In.

271 5675 373 5737 (³19)
403 5675 620 5738 Quoque
651 5675 822 5726 modo.
849 5675 932 5725 In.

268 5746 373 5808 (80)
403 5744 582 5807 Ejecta
612 5750 680 5795 et.
710 5745 792 5795 In.

271 5819 373 5937 (ξέ)
394 5816 609 5937 IDeinde
629 5822 863 5883 experto.
894 5817 962 5868 Et
983 5819 1151 5883 paulo
1181 5825 1305 5883 post
1335 5819 1583 5869 arriserit
1612 5831 1709 5882 pro
1747 5831 1846 5868 ar-

271 5903 313 5937 ri
348 5927 358 5937 .
419 5898 474 5937 ι).

211 5891 358 5942 serit.
394 5891 474 5937 In.

1942 4665 2253 4719 maximam
2286 4662 2743 4730 sollicitudinem,
2775 4678 2906 4717 cum
2935 4677 3231 4716 occurram
3269 4677 3443 4717 nemo
3479 4679 3572 4716 au-

1940 4758 2100 4813 deret
2169 4780 2178 4810 :
2249 4757 2636 4811 metuentibus
2698 4755 2851 4823 aliis,
2909 4755 3033 4809 aliis
3099 4755 3568 4823 adversantibus,

1940 4850 2150 4907 etenim
2191 4852 2246 4905 id
2278 4849 2550 4920 temporis
2587 4854 2644 4903 et
2682 4849 2808 4902 odia
2841 4864 2954 4920 quo
2994 4850 3182 4904 minus
3221 4867 3281 4905 se
3327 4852 3570 4920 tegeret,

1942 4944 2342 5000 auctoritatem
2388 4949 2746 5014 acceperant,
2803 4949 3066 5014 reputare
3115 4958 3309 4997 secum
3357 4943 3573 4997 scelera

1941 5055 2043 5093 sua
2081 5037 2272 5109 cmpit,
2313 5043 2368 5092 et
2408 5036 2772 5090 conscientia:
2817 5036 3060 5091 stimulis
3105 5035 3400 5107 exagitari,
3443 5037 3571 5090 nul-

1943 5134 2062 5188 lum
2102 5132 2255 5203 fugae
2302 5131 2488 5185 locum
2534 5145 2723 5201 neque
2770 5127 3051 5184 evadendi
3102 5127 3418 5183 subsidium
3469 5127 3575 5184 sibi

1944 5226 2202 5282 relictum
2233 5241 2246 5278 :
2281 5224 2737 5278 circumventum
2766 5239 2825 5276 se
2864 5222 3018 5276 velut
3056 5221 3399 5293 quibusdam
3438 5222 3571 5276 reti-

1944 5320 2050 5375 bus
2076 5323 2134 5374 et
2167 5322 2398 5389 captum
2425 5317 2601 5372 teneri
2638 5333 2650 5369 :
2689 5314 2954 5370 ﬁduciam
2997 5330 3230 5370 omnem
3271 5315 3577 5387 assumpsit

2011 5462 2106 5525 (83)
2142 5460 2234 5511 Sic
2276 5459 2582 5511 rectissime
2631 5456 2894 5508 Gronovii
2935 5455 3293 5506 membranas.
3337 5457 3408 5507 At
3449 5455 3576 5508 edi-

1947 5535 2022 5583 tio
2070 5532 2243 5596 prima
2296 5544 2426 5582 cum
2470 5526 2838 5592 sequentibus
2891 5526 3144 5586 volando,
3189 5525 3339 5590 quod
3388 5540 3579 5592 margo

1947 5603 2254 5655 editionum
2288 5606 2464 5654 mutat
2507 5602 2562 5648 in
2592 5599 2873 5659 violentia,
2909 5603 2970 5648 ut
3006 5599 3077 5648 sit
3105 5612 3135 5648 a
3170 5603 3322 5650 recto
3357 5600 3576 5650 violens.

1948 5673 2057 5726 Sed
2119 5674 2309 5725 nullus
2355 5673 2447 5723 hic
2493 5671 2770 5720 violentiae
2819 5670 2994 5721 locus.
3048 5669 3308 5721 Mazaca.
3356 5671 3481 5720 Vid.
3521 5672 3577 5721 in

1949 5745 2092 5795 hanc
2125 5758 2317 5795 vocem
2358 5742 2613 5806 superius
2653 5744 2914 5793 annotata
2960 5740 3027 5790 ad
3082 5746 3242 5806 caput
3287 5742 3365 5791 41.
3421 5741 3577 5794 (3η.-

1949 5829 2118 5868 LAND.
