4000 6166
586 285 718 335 2127

2067 283 2118 332 S.
2165 279 2478 334 AMBROSII

3731 295 3830 348 2128

583 424 649 462 ex
697 408 1071 479 impudentia,
1118 415 1174 462 ut
1225 407 1594 463 dissimulatis
1639 407 1907 462 omnibus
1949 408 2212 478 improvi-
2237 403 2609 490 Acompulit.
2641 405 2824 474 Dolui,
2865 405 3064 466 fateor,
3105 404 3254 476 quod
3287 404 3320 458 ii
3355 406 3538 476 quibus
3564 414 3699 482 regni
3721 433 3838 486 spem

583 517 708 555 sum
755 519 815 555 se
850 503 1003 573 patri
1041 501 1293 571 offerret,
1339 504 1394 557 in
1429 502 1759 572 amplexum
1791 509 2000 570 rueret,
2034 503 2208 572 pieta-

581 596 656 648 tis
695 594 881 649 ofﬁcia
916 596 1325 665 praetenderet.
1371 597 1579 650 Verum
1617 595 1708 649 ille
1757 596 2002 649 extensis
2042 596 2214 649 mani-

582 687 688 741 bus
724 688 1078 759 ingerentem
1122 705 1241 744 sese
1292 688 1579 760 repellens
1623 693 1680 742 et
1719 688 2002 743 reclinans
2045 697 2213 759 caput

584 797 654 835 ne
702 781 996 852 parricidas
1044 783 1235 838 osculo
1279 783 1727 853 contingeretur,
1774 782 2115 836 exclamavit
2161 789 2215 836 et

582 875 689 930 hoc
715 891 835 930 esse
862 877 1134 930 amentia
1170 876 1542 948 parricidalis,
1580 879 1641 928 ut
1670 875 1998 946 amplexum
2029 881 2210 946 petas,

582 969 670 1022 cui
700 969 946 1024 invisum
986 974 1040 1024 te
1077 970 1460 1040 recognoscis,
1502 977 1563 1024 ut
1603 971 1837 1024 horrore
1881 970 1959 1024 tui
2004 969 2216 1023 afficias

582 1067 836 1132 patrem,
877 1071 929 1117 et
974 1067 1234 1118 contactu
1275 1064 1426 1118 noxii
1475 1064 1725 1136 corporis
1769 1063 1993 1118 vivendi
2035 1062 2216 1116 suavi‘

582 1161 759 1210 tatem
799 1161 1163 1227 extorqueas.
1198 1157 1276 1211 Ne
1313 1157 1486 1227 igitur
1516 1157 1846 1228 contigeris,
1880 1173 1952 1211 ne
1985 1157 2212 1211 attami-

583 1249 823 1315 naveris,
857 1266 1027 1320 quem
1066 1249 1276 1304 scelere
1307 1249 1518 1321 petisti.
1560 1253 1746 1322 Purga
1778 1253 1930 1305 certe
1973 1250 2131 1321 prius
2167 1251 2210 1304 si

585 1348 761 1413 potes,
808 1343 1169 1414 deprehensa
1209 1344 1360 1398 dilue
1395 1343 1714 1414 :judicium
1756 1361 1870 1398 non
1911 1345 2210 1414 refugiam,

583 1452 689 1490 nec
727 1435 1076 1491 audientiam
1119 1437 1219 1491 tibi
1266 1438 1466 1509 negari
1510 1439 1715 1509 patiar,
1766 1455 1869 1492 nec
1913 1438 2050 1491 mihi
2099 1438 2215 1509 ipse

582 1545 864 1584 assumam
930 1531 1357 1602 cognitionem,
1431 1547 1532 1584 nec
1599 1530 2046 1602 argumentandi
2115 1531 2214 1584 tibi

582 1625 932 1678 occasionem
994 1625 1336 1696 relinquam.
1396 1626 1726 1696 Opportune
1785 1625 1951 1680 adest
2006 1627 2210 1690 Varus,

581 1718 729 1788 apud
779 1734 952 1789 quem
1004 1718 1395 1773 defensionem
1442 1720 1526 1772 tui
1572 1735 1852 1790 prtepara.
1905 1720 2015 1772 Nec.
2059 1718 2215 1773 diffe-

2317 499 2608 566 dederam,
2655 499 2858 572 quibus
2901 500 3315 554 successionem
3362 516 3736 574 reservaverant,
3773 515 3837 566 ad-

2315 608 2538 647 versum
2571 609 2660 647 me
2690 594 2955 664 improba
2992 592 3478 652 machinarentur:
3508 597 3590 651 sed
3620 615 3744 654 nunc
3759 620 3844 659 non

2318 692 2564 756 patrem,
2598 688 2692 741 sed
2732 689 3100 758 Antipatrum
3130 686 3385 741 oderant.
3422 688 3675 746 Perierunt
3704 694 3844 767 itaque

2316 781 2384 834 ad
2425 781 2677 836 dolorem
2722 782 2889 852 patri,
2930 781 3233 851 Antipatro
3273 779 3345 834 ad
3384 780 3625 838 fructum.
3664 777 3850 848 Quietis.

2320 876 2480 941 Vare,
2525 875 2652 946 quis
2702 891 2799 930 eos
2846 874 3153 929 occiderit?
3196 875 3473 944 Cognosce
3513 877 3591 930 cui
3631 894 3755 933 mors
3790 900 3850 935 eo

2317 984 2443 1022 rum
2502 968 2828 1039 profecerit.
2895 970 3075 1022 Vacua
3133 969 3236 1036 (84)
3296 973 3379 1021 est
3427 969 3608 1022 domus
3653 988 3853 1028 noverca

2315 1061 2451 1128 tilio,
2482 1062 2663 1131 patuit
2687 1062 2816 1115 aula
2842 1061 2938 1116 uni
2982 1061 3054 1114 ad
3093 1060 3522 1128 succedendum,
3553 1079 3667 1133 quae
3702 1067 3856 1121 multos

2318 1170 2669 1208 successores
2707 1153 2973 1208 habebat.
3022 1154 3136 1208 Nec
3177 1153 3429 1224 expletus
3470 1162 3547 1208 est
3584 1163 3742 1210 morte
3777 1159 3856 1212 tra-

2317 1253 2468 1301 trum
2508 1253 2778 1302 cruentus
2819 1247 3042 1301 animus
3087 1253 3143 1302 et
3189 1262 3354 1301 mens
3397 1247 3579 1318 impia.
3625 1251 3858 1322 Postquam

2320 1357 2433 1396 non
2464 1341 2666 1395 habuit
2694 1342 2898 1396 fratres
2937 1357 3077 1412 quos
3109 1341 3339 1408 odisset,
3373 1347 3586 1412 patrem
3627 1360 3863 1415 perseque-

2317 1435 2504 1488 batur.
2534 1435 2754 1505 Reputo
2788 1451 3035 1500 mecum,
3065 1435 3160 1505 qui
3200 1434 3334 1488 huic
3375 1435 3758 1490 munimentum
3790 1438 3864 1490 baL

2316 1528 2576 1583 reditatis
2625 1529 2821 1598 paravi
2875 1544 2887 1582 :
2946 1529 3094 1583 visus
3143 1545 3268 1582 sum
3322 1534 3378 1582 et
3425 1529 3541 1599 ipse
3594 1529 3681 1583 diu
3725 1531 3864 1584 vivere

2316 1622 2702 1677 decessionem
2757 1623 2869 1692 (85)
2919 1621 3230 1676 fastidienti
3289 1639 3300 1676 :
3359 1623 3522 1677 docui
3566 1623 3692 1694 quid
3729 1624 3870 1686 vellet,

2316 1717 2403 1770 cui
2447 1717 2811 1771 successionis
2855 1717 3263 1787 competitores
3307 1715 3633 1770 ademeram
3663 1734 3676 1769 :
3705 1732 3871 1770 moran-

583 1811 744 1865 rendi
788 1812 940 1865 locus
972 1828 984 1866 :
1015 1813 1260 1866 crastina
1305 1813 1424 1881 die,
1473 1813 1727 1883 quamvis
1773 1813 1917 1867 dolis
1964 1819 2022 1866 et
2069 1789 2292 1866 frau-B
2318 1815 2432 1864 tem
2479 1828 2588 1865 non
2635 1827 2833 1882 passus
2870 1815 2987 1876 est;
3021 1827 3122 1865 nec
3157 1809 3504 1881 exspectavit
3541 1826 3774 1881 regnum,
3802 1812 3874 1863 uisi

582 1904 746 1960 dibus
798 1906 1083 1976 prteditus,
1141 1906 1318 1960 habes
1374 1907 1653 1978 purgandi
1709 1907 1788 1960 tui
1848 1907 2086 1977 copiam.
2143 1911 2216 1960 At

581 1999 673 2054 ille
722 1999 1147 2070 obstupefactus
1191 2003 1362 2054 tanta:
1409 2001 1806 2055 commotionis
1849 2017 2091 2072 pavore,
2136 2001 2213 2054 nil

584 2097 668 2147 est
715 2108 883 2146 ausus
921 2093 1164 2161 referre,
1208 2109 1312 2148 nec
1349 2094 1565 2164 potuit;
1612 2094 1704 2148 sed
1752 2108 2016 2162 egressus
2062 2095 2214 2148 foras

583 2186 889 2240 ﬂuctuabat
925 2185 1140 2251 animo,
1184 2187 1338 2258 quod
1382 2187 1522 2241 nihil
1569 2187 1804 2241 omnino
1845 2203 1911 2240 ex
1954 2187 2043 2240 bis
2087 2203 2213 2258 quas

583 2283 746 2348 gesta
789 2284 952 2334 erant
995 2284 1050 2333 et
1093 2280 1318 2351 prodita
1364 2281 1510 2351 apud
1562 2284 1783 2351 patrem
1827 2288 2209 2352 compererat.

581 2374 960 2429 Advenientes
997 2379 1188 2429 autem
1231 2373 1304 2428 ad
1345 2390 1475 2428 eum
1518 2380 1709 2444 postea
1750 2380 1938 2430 mater
1975 2380 2030 2430 et
2071 2392 2215 2430 uxor

578 2473 925 2539 aperuerunt
960 2467 1170 2522 omnia.
1216 2467 1430 2532 Quibus
1469 2467 1732 2538 cognitis,
1779 2485 1903 2523 sese
1944 2470 2212 2540 colligere

578 2578 902 2634 prmparare
928 2563 1120 2616 animo
1146 2562 1335 2633 coepit,
1365 2562 1570 2634 quibus
1609 2562 1796 2617 modis
1823 2563 2211 2618 criminationi

580 2662 922 2724 occurreret,
959 2656 1371 2711 confessionem
1414 2662 1762 2711 extenuaret.
1806 2658 2079 2728 Sequenti
2121 2657 2212 2712 die

581 2755 1007 2822 congregantur
1044 2765 1242 2805 omnes
1281 2750 1432 2821 regis
1464 2751 1768 2822 propinqui
1808 2753 1864 2804 et
1901 2749 2070 2804 amici
2105 2753 2213 2804 An-

583 2846 768 2915 tipatri
803 2863 816 2898 :
848 2845 1134 2899 intersunt
1165 2844 1412 2898 examini
1445 2844 1691 2898 universi
1725 2862 1736 2898 :
1766 2845 1864 2915 qui
1894 2843 2111 2898 diversa
2141 2845 2210 2899 de

580 2938 878 3009 Antipatro
901 2937 1273 3008 prodiderant
1299 2938 1492 2992 induci
1518 2937 1948 3010 praecipiuntur.
1991 2940 2208 3009 Legun-

581 3039 675 3087 tur
701 3033 878 3086 etiam
919 3031 1178 3103 epistolae
1209 3031 1405 3086 matris
1443 3032 1742 3103 Antipatri,
1782 3033 1840 3086 in
1872 3032 2078 3102 quibus
2116 3032 2212 3086 illa

2314 1909 2377 1958 ut
2423 1903 2723 1976 parricidio
2771 1904 3201 1975 adipisceretur.
3245 1903 3513 1958 Reddidit
3552 1904 3678 1958 mihi
3718 1906 3875 1960 vicem.

2317 1999 2449 2069 quia
2479 1998 2793 2069 projectum
2824 1998 3167 2069 collegeram
3207 2007 3266 2051 et
3300 1998 3661 2067 praetuleram
3695 1996 3877 2051 nobilio-

2314 2092 2490 2146 ribus.
2539 2093 2638 2147 Cui
2690 2093 2846 2146 enim
2898 2096 3120 2145 tantum
3173 2108 3237 2144 ex
3287 2092 3436 2157 illis,
3485 2095 3747 2161 quantum
3790 2092 3878 2143 huic

2314 2186 2566 2240 contuli?
2607 2184 2709 2241 Cui
2741 2186 2862 2255 ipse
2899 2186 3094 2239 vivens
3132 2188 3412 2255 potestate
3453 2200 3736 2248 cesseram,
3771 2187 3884 2237 testa-

2299 2285 2511 2334 .mento
2558 2283 2759 2351 aperto
2796 2279 3085 2334 haeredem
3129 2279 3590 2349 designaveram,
3626 2277 3760 2349 quod
3789 2277 3884 2329 solet

2316 2390 2438 2428 esse
2469 2373 2852 2444 periculosum
2884 2373 3131 2443 regibus,
3157 2377 3218 2426 ut
3242 2372 3458 2444 aliquis
3480 2390 3539 2428 se
3565 2387 3888 2426 successurum

2317 2468 2559 2523 noverit.
2587 2467 3011 2539 Quinquaginta
3042 2468 3100 2521 in
3131 2467 3414 2522 fructibus
3444 2467 3656 2521 talenta
3681 2479 3887 2520 concess.

2314 2566 2572 2617 trecenta
2622 2563 2856 2616 Romam
2900 2561 3275 2632 proficiscenti
3320 2560 3461 2616 dedi
3507 2577 3520 2614 :
3559 2558 3892 2614 commendavi

2312 2658 2516 2711 Caesari
2564 2656 2727 2728 quasi
2775 2656 2956 2710 solum
3002 2655 3180 2709 tilium
3215 2672 3227 2709 :
3259 2655 3409 2709 nihil
3464 2654 3604 2708 mihi
3657 2653 3890 2707 reservavi.

2313 2751 2461 2822 quod
2512 2750 2781 2805 deberem
2829 2749 3171 2820 parricidam
3220 2749 3476 2816 timere;
3525 2748 3623 2803 sed
3671 2748 3768 2802 hoc
3805 2759 3896 2798 eum

2315 2845 2498 2914 magis
2525 2845 2592 2898 ad
2633 2843 3002 2916 parricidium
3041 2843 3302 2908 armavit,
3339 2843 3500 2913 quod
3531 2859 3590 2895 se
3618 2840 3748 2895 meis
3776 2839 3895 2892 bene-

2313 2938 2454 2993 ficiis
2480 2939 2832 3009 superiorem
2860 2937 3096 2991 videret.
3121 2936 3265 3000 Quid
3294 2941 3534 2991 tantum
3563 2935 3778 2990 sceleris
3799 2946 3900 2986 com.

2313 3032 2592 3086 miserunt
2617 3032 2822 3086 fratres
2851 3031 2993 3102 ejus,
3026 3046 3169 3102 quos
3197 3029 3271 3084 ad
3301 3037 3569 3085 mortem
3598 3025 3804 3099 coegit?
3825 3029 3899 3077 Aut

579 3126 646 3180 ad
688 3124 870 3179 tilium
902 3124 1228 3194 scripserat,
1260 3133 1322 3178 ut
1345 3131 1720 3194 cognosceret
1745 3127 2022 3196 proditam
2068 3126 2208 3196 patri
2231 3155 2285 3229 C
2312 3141 2440 3196 quae
2471 3125 2783 3180 istiusmodi
2819 3125 3121 3178 adversum
3161 3124 3282 3178 illos
3313 3123 3545 3179 indicia
3568 3125 3792 3185 detecta,
3814 3134 3904 3189 qua-

580 3234 810 3273 suorum
853 3233 1083 3271 scenam
1124 3217 1496 3288 flagitiorum,
1537 3233 1896 3288 nequaquam
1937 3235 2067 3273 eum
2110 3220 2205 3273 de-

579 3313 717 3366 bere
743 3311 956 3376 adesse,
989 3311 1096 3364 nisi
1123 3327 1155 3364 a
1179 3314 1396 3367 Caesare
1433 3311 1624 3380 aliqua
1666 3327 1866 3366 manus
1903 3328 2211 3368 accersere-

579 3410 691 3472 tur,
716 3405 878 3474 cujus
904 3420 961 3458 se
984 3403 1246 3476 prmeidio
1271 3403 1742 3471 circumvallaret,
1776 3421 1956 3476 neque
1982 3422 2040 3460 se
2061 3407 2210 3476 judi-

577 3501 666 3554 cio
695 3499 1098 3564 committeret,
1123 3499 1219 3571 qui
1241 3501 1529 3553 tantorum
1557 3499 2010 3554 confessionibus
2037 3516 2210 3572 appe-

579 3593 822 3660 tebatur,
843 3594 936 3648 sed
960 3593 1136 3647 armis
1157 3593 1429 3647 muniret.
1457 3591 1550 3647 His
1571 3593 1640 3646 ad
1665 3593 1958 3664 superiora
1976 3593 2203 3656 additis,

578 3688 864 3758 ingressus
903 3686 1226 3758 Antipater,
1273 3690 1331 3740 et
1377 3702 1497 3740 sese
1543 3685 1614 3740 ad
1659 3686 1900 3756 vestigia
1938 3687 2208 3756 dejiciens

576 3782 752 3852 patris
778 3781 1052 3848 obsecrat,
1084 3796 1153 3835 ne
1182 3796 1240 3835 se
1278 3779 1733 3851 praedamnatum
1775 3779 2036 3848 haberet;
2068 3797 2201 3836 con-

574 3873 747 3930 ﬁdere
784 3891 863 3941 se,
898 3876 941 3927 si
979 3874 1269 3928 deferatur
1308 3874 1628 3936 audientia,
1671 3890 1912 3928 vacuum
1951 3875 2204 3928 criminis

575 3969 713 4036 fore,
743 3968 786 4021 si
819 3972 978 4038 pater
1003 3967 1174 4021 vellet
1202 3984 1214 4021 ε
1243 3966 1409 4036 jubet
1445 3973 1604 4038 pater
1641 3969 1828 4030 silere,
1859 3973 2030 4040 atque
2070 3984 2202 4022 eum

574 4060 888 4116 istiusmodi
921 4075 1178 4114 sermone
1209 4061 1484 4130 praevenit
1514 4079 1526 4115 :
1558 4063 1717 4126 Quod
1750 4062 1888 4116 nulli
1925 4062 2082 4132 justo
2120 4077 2206 4117 ve-

574 4153 794 4208 niabilis
819 4153 1073 4224 nequitia
1101 4154 1382 4225 Antipatri
1407 4155 1582 4225 possit
1611 4157 1792 4210 videri
1821 4157 1956 4210 satis
1982 4162 2199 4211 certum

575 4252 676 4314 est,
707 4248 803 4301 sed
845 4263 914 4301 eo
940 4246 1124 4317 magis
1171 4248 1387 4318 gravari
1427 4263 1519 4302 me
1545 4250 1692 4319 apud
1734 4253 1809 4315 te,
1857 4251 2015 4318 Vare,
2057 4250 2204 4305 arbi-

574 4348 710 4397 tror.
745 4342 952 4396 Vereor
987 4341 1163 4408 enim,
1193 4357 1264 4394 ne
1292 4341 1464 4395 etiam
1507 4357 1595 4396 me
1633 4341 1841 4411 oderis,
1881 4344 1978 4414 qui
2020 4345 2199 4414 parri-

574 4435 725 4490 cidas
751 4435 1018 4507 generavi
1049 4435 1216 4502 filios,
1249 4435 1458 4506 quibus
1488 4451 1598 4488 non
1643 4442 1826 4506 posset
1865 4437 2036 4491 etiam
2081 4454 2203 4508 par-

2313 3219 2383 3272 lia
2411 3219 2570 3273 istius
2601 3217 3155 3289 deprehenduntur?
3180 3217 3290 3271 Sed
3327 3217 3756 3287 interrumpere
3780 3216 3903 3280 atque

2310 3311 2635 3382 obstrepere
2664 3311 2834 3366 audet
2863 3310 3146 3382 parricida
3176 3315 3233 3363 et
3268 3311 3432 3365 dolis
3465 3315 3652 3366 tentat
3674 3308 3902 3363 veritatem

2310 3406 2634 3460 involvere?
2655 3406 2882 3471 Caveas,
2914 3407 3072 3471 Vare,
3101 3404 3416 3471 admoneo,
3445 3421 3653 3460 caveas
3676 3401 3905 3457 simulata

2311 3500 2436 3569 ejus
2466 3501 2766 3570 lacrymas,
2795 3503 2852 3554 et
2881 3499 3127 3570 gemitus
3152 3503 3275 3553 arte
3308 3499 3696 3571 compositos,
3727 3511 3815 3552 nec
3835 3492 3907 3546 ullo

2309 3609 2608 3664 expressos
2639 3593 2854 3647 dolore.
2893 3593 2987 3647 Hic
3009 3599 3094 3646 est
3123 3594 3220 3664 qui
3247 3594 3402 3648 mihi
3439 3593 3680 3664 pietatis
3702 3589 3907 3644 affectum

2309 3688 2558 3755 abstulit,
2603 3703 2731 3741 cum
2773 3706 2803 3739 a
2843 3687 2976 3741 ﬁcto
3027 3691 3183 3742 metu
3232 3687 3582 3742 cavendum
3631 3683 3911 3741 admoneret

2311 3782 2708 3851 Alexandrum,
2750 3799 2879 3836 cum
2922 3781 3014 3835 illo
3059 3786 3282 3835 mentes
3325 3781 3732 3850 plurimorum
3770 3786 3912 3830 conve

2310 3875 2455 3944 nire,
2485 3891 2748 3929 asserens
2775 3891 2890 3928 non
2919 3879 3137 3928 temere
3165 3874 3667 3930 committendam
3697 3864 3914 3926 universis

2311 3969 2668 4039 prementium
2725 3985 2930 4022 meam.
2989 3968 3311 4022 Simulabat
3370 3986 3437 4022 se
3492 3967 3915 4035 circumspectare

2307 4063 2518 4127 omnia,
2548 4079 2728 4133 usque
2773 4063 2838 4116 ad
2882 4063 3088 4116 lectum
3127 4061 3452 4129 deducere,
3485 4062 3765 4117 discutere
3794 4058 3918 4125 atque

2306 4157 2633 4212 examinare
2673 4157 2944 4226 singulos.
2974 4156 3075 4210 Hic
3113 4160 3238 4209 erat
3279 4157 3490 4210 somni
3532 4155 3865 4225 dispensator
3883 4150 3920 4197 et

2306 4250 2561 4305 minister
2590 4249 2932 4314 securitatis,
2961 4248 3017 4302 in
3047 4265 3160 4320 quo
3192 4265 3307 4319 ego
3350 4250 3643 4304 solatium
3675 4242 3922 4303 constitue-

2303 4346 2452 4412 bam,
2478 4349 2653 4415 atque
2680 4343 2804 4414 ejus
2833 4343 3033 4398 ofﬁciis
3062 4342 3334 4396 levabam
3369 4343 3448 4397 de
3473 4339 3785 4397 interfectis
3809 4334 3924 4388 dolo

2303 4455 2424 4493 rem
2448 4459 2457 4492 :
2487 4437 2804 4492 arbitrabar
2828 4437 2983 4508 quod
3009 4442 3066 4491 et
3092 4437 3216 4490 illos
3241 4437 3407 4491 mihi
3438 4436 3734 4500 redderet,
3766 4442 3923 4485 mcero-

573 4545 699 4584 cere
745 4532 938 4599 pater,
988 4528 1118 4582 licet
1178 4528 1283 4582 hoc
1337 4544 1565 4600 quoque
1620 4529 1978 4584 miserandus
2021 4531 2200 4601 magis
2220 4527 2278 4598 D
2304 4549 2424 4586 rem
2453 4531 2719 4595 auferret,
2749 4531 3018 4602 pietatem
3050 4529 3440 4586 obtenderet.
3473 4533 3578 4586 Hic
3606 4533 3728 4584 erat
3751 4531 3925 4597 protec-

572 4623 676 4677 sim
710 4621 807 4687 ita,
839 4621 988 4691 quod
1021 4626 1079 4675 et
1105 4621 1240 4676 tales
1271 4622 1474 4676 amavi.
1503 4621 1610 4677 Sed
1639 4622 1710 4677 de
1736 4622 1843 4676 illis
1872 4626 2027 4678 taceo
2059 4640 2203 4694 quos

572 4717 691 4786 ipse
730 4713 1076 4785 exasperavi,
1115 4718 1172 4769 et
1205 4717 1390 4786 justas
1424 4715 1696 4770 adversus
1733 4717 1884 4770 hunc
1913 4717 2200 4788 allegatio-

571 4826 674 4863 ues
718 4822 917 4862 eorum
963 4807 1172 4878 respui.
1216 4809 1407 4862 Nullas
1452 4809 1604 4863 enim
1658 4809 1714 4864 hi
1760 4809 2062 4864 adversum
2111 4827 2200 4865 me

571 4903 896 4958 habuerunt
930 4917 1126 4956 causas
1163 4899 1394 4968 doloris,
1439 4902 1546 4956 nisi
1584 4903 1734 4974 quod
1781 4903 1867 4957 his
1910 4903 2202 4975 Antipater

571 4996 1006 5068 praeferebatur,
1068 5001 1124 5048 et
1179 4994 1446 5049 consortii
1499 4997 1707 5066 regalis
1766 4997 2198 5067 praerogativam

569 5093 887 5162 acceperat,
916 5089 1015 5160 qui
1041 5093 1212 5143 natus
1242 5103 1420 5159 regno
1446 5089 1551 5159 (83)
1583 5105 1700 5144 non
1729 5093 1853 5145 erat
1885 5107 1897 5144 :
1929 5090 2199 5160 putabam

571 5191 767 5240 tamen
804 5181 960 5255 quod
994 5183 1268 5253 majorem
1310 5186 1446 5237 natu
1491 5183 1811 5238 minoribus
1847 5183 1917 5236 ad
1966 5185 2198 5238 tutelam

569 5280 918 5334 ascisce‘rem.
952 5276 1058 5332 Sed
1103 5277 1330 5331 hostem
1365 5276 1558 5332 induxi
1596 5276 1691 5347 qui
1732 5277 2008 5332 invideret
2047 5278 2199 5333 nobi-

569 5373 824 5440 lioribus,
853 5371 1124 5426 excitaret
1150 5370 1438 5442 puerulos,
1461 5369 1720 5424 inﬁrmos
1745 5370 2194 5439 circumveniret,

567 5468 822 5528 incautos
846 5463 1132 5536 proderet.
1161 5464 1371 5534 Lapsos
1411 5479 1525 5517 non
1567 5478 1734 5534 nego,
1767 5462 1861 5518 sed
1901 5479 1999 5518 eos
2029 5480 2197 5518 excu-

567 5561 678 5614 sari
697 5559 906 5630 potius,
927 5575 1099 5629 quam
1127 5558 1318 5629 urgeri
1337 5556 1609 5629 eportuit.
1634 5555 1930 5627 Antipater
1950 5557 2041 5611 hic
2059 5558 2194 5612 mihi

567 5655 623 5706 et
655 5651 782 5706 illos
811 5645 1071 5734 abstulit,
1113 5651 1205 5706 hic
1250 5650 1390 5706 mihi
1429 5654 1485 5704 et
1517 5650 1637 5705 illos
1674 5649 1793 5705 fleri
1837 5648 2197 5705 insidiatores

629 5773 721 5834 (83)
755 5774 817 5822 1η
840 5783 1019 5832 regno.
1047 5774 1225 5824 BARR.

630 5843 726 5910 (84)
765 5841 1024 5890 Vamata.
1054 5843 1132 5890 In.

2302 4631 2391 4681 tor
2420 4641 2607 4694 meus,
2639 4625 2730 4678 cui
2760 4624 3058 4679 credebam
3087 4625 3352 4695 corporis
3393 4625 3605 4680 senilis
3628 4618 3923 4678 custodiam.

2302 4719 2591 4784 Quomodo
2621 4718 2796 4772 vivam
2829 4718 3036 4787 nescio,
3066 4719 3370 4788 quomodo
3405 4726 3641 4774 tantum
3679 4712 3924 4770 insidiato-

2303 4829 2423 4867 rem
2445 4813 2744 4881 evaserim,
2771 4811 2974 4882 quibus
3001 4827 3094 4865 me
3116 4811 3612 4868 circumvenerat
3629 4805 3926 4866 delinimen-

2302 4907 2390 4973 tis,
2425 4906 2629 4978 quibus
2663 4905 2958 4960 fraudibus
2997 4905 3246 4959 vinctum
3293 4908 3552 4961 tenebat
3593 4913 3659 4960 ut
3701 4901 3794 4956 soli
3826 4897 3927 4951 huic

2303 5015 2393 5054 me
2421 4999 2740 5067 crederem,
2771 5014 2944 5069 quem
2965 4998 3146 5052 solum
3178 5001 3381 5054 caveri
3409 4999 3700 5072 oportuit.
3729 4989 3925 5049 Incredi-

2301 5093 2411 5148 bile
2462 5092 2598 5147 mihi
2645 5098 2729 5146 est
2768 5092 2919 5163 quod.
2964 5092 3133 5159 evasi,
3175 5108 3286 5147 nec
3335 5095 3548 5148 vivere
3588 5091 3730 5147 mihi
3755 5086 3919 5140 videor.

2301 5189 2398 5243 sed
2439 5189 2722 5242 somnium
2763 5196 2921 5260 puto.
2951 5189 3084 5254 Quis
3122 5188 3281 5243 enim
3326 5189 3634 5257 crederet,
3670 5188 3764 5241 aut
3796 5179 3918 5235 illum

2301 5289 2417 5338 tam
2445 5283 2733 5354 ingratum
2766 5282 3045 5351 futurum,
3076 5283 3165 5336 cui
3203 5282 3264 5336 in
3313 5299 3421 5338 me
3466 5284 3798 5356 potestatem
3831 5286 3920 5326 001-

2301 5389 2435 5428 nem
2461 5373 2880 5443 commiseram,
2911 5375 3010 5427 aut
3036 5388 3129 5427 me
3158 5387 3334 5444 posse
3366 5373 3650 5439 evadere,
3672 5371 3715 5425 si
3739 5363 3919 5431 Antii”?

2301 5471 2386 5520 ter
2427 5466 2645 5521 nollet?
2672 5468 2959 5522 Tutiorem
2987 5472 3177 5522 tamen
3207 5468 3411 5536 gratia
3447 5484 3548 5523 me
3573 5467 3776 5521 factum
3803 5461 3919 5528 puta-

2298 5559 2454 5614 bam.
2495 5560 2603 5614 Sed
2643 5577 2770 5632 quae.
2803 5560 3088 5630 (malum!)
3124 5559 3474 5628 infelicitas,
3505 5577 3622 5629 me,
3649 5563 3745 5613 aut
3767 5551 3916 5608 adver-

2299 5670 2423 5708 sum
2457 5669 2547 5708 me
2581 5671 2678 5708 eos
2705 5655 2871 5709 faciat
2899 5653 3215 5724 insurgere,
3253 5670 3418 5727 quos
3447 5655 3582 5727 plus
3627 5640 3918 5707 dilexerim?

2363 5774 2457 5839 (85)
2485 5777 2691 5841 lpsi.....
2725 5776 3058 5829 decesserant.
3093 5775 3170 5826 In.
