4072 6192
1271 272 1357 329 ΒΕ
1398 272 1664 328 EXClDlU
1706 268 1903 330 URBIS
1943 274 2298 332 lllEROSOL.
2342 278 2466 334 LIB.
2510 278 2550 331 l.
3450 285 3589 339 2l30

210 392 453 464 Deploro
481 409 802 449 aerumnam
830 393 1032 449 domus
1058 411 1225 462 mese,
1255 396 1413 461 Vare,
1444 396 1628 450 deﬂeo
1658 396 1848 450 solitu-
1870 408 1930 481 Α
1949 396 2127 453 tantis
2158 397 2449 455 beneﬁciis
2480 401 2591 456 tuis
2629 416 3028 456 mansuescere
3060 402 3239 472 potui,
3274 406 3336 458 ut
3367 406 3614 460 nullam,

215 486 435 554 dinem,
456 486 771 558 ingemisco
790 488 906 543 vim
929 488 1070 544 tanti
1088 487 1319 544 doloris.
1343 488 1453 544 Sed
1479 492 1850 544 tamentanta
1948 508 2118 563 opem
2161 492 2266 547 nisi
2303 494 2364 548 in
2401 499 2514 548 tua:
2538 495 2736 549 salutis
2773 494 3024 551 subsidio
3060 497 3585 565 constituerem,.ut

212 584 302 634 est
324 581 603 636 acerbitas
627 580 855 637 sceleris
886 582 1254 653 parricidalis,
1287 588 1349 638 ut
1378 583 1670 639 neminem
1704 583 1847 638 mihi
1951 602 2050 656 pro
2090 587 2355 642 omnibus
2399 587 2500 642 tibi
2539 588 2626 642 vel
2669 589 2850 644 solam
2897 589 3232 645 charitatem
3278 592 3579 657 referrem,

212 674 401 745 patiar
419 674 682 744 evadere,
704 675 1608 749 quicunquesitieritsanguinem
1629 693 1843 747 meum,
1949 683 2003 733 te
2054 696 2180 734 meo
2231 695 2466 752 corpore
2520 689 2901 753 protegerem,
2955 688 3008 737 te
3064 681 3305 752 intimis,
3356 684 3400 739 si
3460 685 3581 740 fieri

206 768 421 823 etamsi
441 770 500 824 in
526 785 727 825 omnes
755 769 899 824 filios
926 787 1082 825 meos
1111 771 1358 826 affectati
1388 770 1672 841 parricidii
1702 771 1847 826 indi-
1948 777 2159 844 posset,
2193 774 2499 829 visceribus
2528 775 2881 832 iucluderem
2917 793 2929 830 :
2966 777 3297 847 praetuleras
3333 777 3577 833 mbilic-

205 862 302 917 eia
342 868 696 933 promantur.
726 866 865 918 Cum
898 865 1019 918 haec
1048 863 1279 931 diceret,
1306 864 1702 935 indignatione
1744 882 1843 937 pa-
1948 866 2105 922 ribus
2139 867 2270 922 filiis
2304 873 2564 924 materna
2600 868 2777 940 stirpe
2806 868 2999 924 minus
3037 869 3306 937 nobilem,
3335 876 3581 927 matrem

207 955 351 1010 riter
385 973 452 1011 ac
482 957 677 1011 dolore
716 958 1030 1028 intercepta
1061 974 1160 1012 vox
1199 962 1287 1012 est
1313 958 1617 1028 loquentis.
1646 959 1842 1014 Conti-
1946 976 2171 1032 quoque
2215 962 2382 1032 regni
2426 961 2676 1017 exsulem
2722 961 2778 1016 in
2822 978 3071 1034 regnum
3115 979 3433 1031 vocaveras,
3475 980 3579 1019 nec

207 1066 327 1104 nuo
372 1050 669 1121 Antipater
710 1052 938 1106 elevans
984 1056 1171 1123 caput,
1213 1053 1368 1107 velut
1405 1052 1548 1107 ictus
1590 1052 1743 1108 enim
1790 1059 1847 1109 et
1937 1054 2059 1123 jam
2094 1069 2481 1110 successorem
2519 1072 2613 1111 me
2649 1054 2899 1127 imperii,
2930 1056 3029 1111 sed
3058 1057 3223 1129 quasi
3250 1060 3575 1114 consortem

204 1143 435 1197 saucius
460 1145 695 1199 vulnere
712 1145 940 1215 jacebat
959 1148 1093 1201 ante
1118 1146 1291 1217 pedes
1315 1146 1510 1218 patris,
1530 1162 1636 1200 nec
1664 1163 1846 1201 assur-
1946 1146 2209 1202 habebas.
2253 1148 2296 1202 Ο
2338 1148 2513 1204 miser
2555 1165 2681 1220 ego,
2724 1148 2818 1204 cui
2865 1152 3091 1205 tantum
3130 1150 3579 1207 liberalitastua

205 1254 346 1307 gere
374 1237 641 1307 audebat,
673 1241 1013 1307 exclamans,
1041 1239 1121 1293 ait
1148 1256 1161 1295 :
1185 1240 1264 1294 Tu
1291 1240 1544 1312 quidem,
1574 1245 1750 1310 pater,
1780 1245 1845 1296 ut
1943 1240 2226 1297 bonorum
2271 1242 2564 1308 effuderat,
2609 1249 2670 1297 ut
2710 1242 2919 1298 invidia
2961 1243 3317 1299 succederet!
3355 1244 3398 1300 Ο
3432 1245 3574 1302 stul-

200 1333 390 1386 iratus
412 1347 659 1402 accusas,
688 1334 783 1388 sed
810 1333 951 1388 mihi
982 1334 1136 1388 nulla
1160 1334 1345 1404 major
1369 1334 1648 1399 defensio,
1670 1351 1841 1406 quam
1945 1334 2194 1389 tissimus
2239 1351 2368 1406 ego,
2414 1335 2511 1406 qui
2559 1338 2636 1404 te,
2685 1339 2860 1406 pater,
2908 1336 3143 1408 reliqui!
3186 1337 3232 1391 si
3278 1337 3445 1393 datus
3492 1343 3576 1404 est

198 1424 605 1481 testimonium
628 1426 1003 1483 accusationis
1032 1430 1162 1493 tuae,
1191 1429 1328 1499 quia
1354 1445 1582 1499 semper
1610 1428 1691 1483 fui
1721 1444 1841 1483 cus-
1944 1427 2172 1483 invidiae
2217 1428 2389 1494 locus,
2436 1434 2494 1484 et
2543 1432 2791 1500 potestas
2844 1428 3268 1485 insidiantibus.
3314 1432 3573 1504 Namque

200 1523 297 1573 tos
336 1525 453 1574 tua:
492 1520 707 1576 salutis.
758 1520 1158 1576 Defensionem
1200 1521 1375 1591 igitur
1421 1539 1522 1592 pro
1572 1538 1664 1576 me
1709 1526 1839 1577 voto
1941 1521 2079 1576 dum
2114 1537 2222 1593 ego
2259 1538 2359 1593 pro
2398 1527 2497 1577 tua
2533 1523 2711 1579 salute
2741 1522 2839 1577 diu
2877 1522 3169 1593 demoror,
3205 1540 3397 1581 meam
3434 1541 3571 1596 pro-

199 1614 528 1668 accusantis
546 1613 876 1668 adhibuisti.
897 1614 1193 1678 Quomodo
1224 1616 1374 1669 enim
1407 1615 1683 1687 parricida
1709 1632 1837 1687 ego,
1940 1616 2052 1670 didi
2086 1633 2099 1669 :
2138 1620 2195 1671 et
2236 1623 2429 1671 tamen
2475 1616 2619 1671 nihil
2649 1615 2858 1682 habeo,
2890 1617 3044 1689 quod
3086 1616 3229 1672 mihi
3270 1618 3567 1674 ascribam.

197 1721 385 1776 quem
416 1705 536 1777 ipse
567 1709 730 1761 tuum
758 1712 1137 1778 protectorem
1164 1708 1396 1763 fateris?
1422 1713 1530 1763 Aut
1555 1709 1837 1780 quomodo
1860 1780 1897 1783 _
1938 1710 2015 1762 Tu
2055 1726 2166 1775 me,
2201 1713 2381 1781 pater,
2408 1710 2567 1765 abire
2592 1710 2831 1780 jussisti,
2860 1710 2963 1766 tibi
2994 1726 3101 1782 ego
3139 1711 3567 1783 peregrinabar,

197 1798 649 1871 circumspectus
672 1805 842 1872 atque
867 1806 1102 1867 astutus,
1133 1818 1306 1873 quem
1334 1806 1837 1858 commentatorem
1858 1780 1915 1851 Β
1939 1808 2121 1873 pater,
2158 1819 2229 1858 ne
2271 1810 2423 1858 tuam
2469 1806 2819 1860 senectutem
2860 1804 3074 1875 Sylasus
3111 1804 3568 1873 circumveniret,

198 1892 403 1962 arguis
438 1894 764 1965 parricidii?
794 1912 925 1950 cum
961 1902 1232 1951 extremae
1268 1897 1609 1968 insipientia:
1649 1898 1720 1951 sit
1752 1915 1838 1952 co-
1939 1913 2012 1952 ne
2042 1904 2097 1952 te
2134 1897 2414 1952 viventem
2452 1912 2631 1968 regno
2669 1900 2923 1964 exueret,
2957 1913 3063 1952 nec
3103 1898 3257 1969 apud
3289 1898 3569 1955 Caesarem

204 1986 441 2056 gitasse,
482 1988 639 2059 quod
679 1993 738 2043 et
772 1989 926 2060 apud
966 1990 1227 2045 homines
1267 1991 1611 2046 exsecrabile
1653 1992 1747 2057 sit,
1780 1995 1839 2046 et
1940 1994 2095 2044 tuam
2130 1991 2367 2046 salutem
2395 1994 2714 2063 appeteret.
2745 1990 2923 2046 Testis
2956 1995 3042 2045 est
3068 1990 3211 2045 mihi
3242 1992 3420 2046 Roma
3450 1991 3567 2062 pie-

200 2080 352 2151 apud
398 2081 575 2136 Deum
612 2082 866 2138 inultum
906 2099 1029 2138 esse
1068 2100 1182 2138 nou
1227 2086 1420 2153 possit.
1456 2085 1551 2139 Vel
1596 2086 1836 2139 fratrum
1940 2083 2092 2151 tatis,
2118 2084 2304 2139 Caesar
2338 2099 2568 2155 quoque
2596 2085 2804 2154 praesul
2834 2083 2987 2139 orbis
3016 2088 3320 2150 terrarum,
3350 2090 3403 2139 et
3430 2100 3567 2139 cen-

203 2176 470 2245 exemplo
491 2174 679 2230 doceri
704 2176 882 2247 potui,
903 2177 1121 2232 nullum
1142 2178 1285 2231 tanti
1306 2179 1538 2232 sceleris
1559 2178 1835 2250 effugium
1936 2193 2028 2232 sor
2051 2175 2447 2232 universorum
2476 2180 2649 2248 atque
2674 2176 2889 2232 arbiter
2913 2176 3028 2231 mei
3054 2176 3320 2248 pectoris,
3346 2176 3447 2248 qui
3473 2193 3568 2233 me

202 2266 348 2335 fore,
378 2269 531 2339 quod
562 2270 745 2323 scelus
783 2270 1101 2326 istiusmodi
1130 2287 1235 2326 nec
1270 2271 1547 2326 latebram
1586 2271 1838 2327 inveniat
1938 2275 2231 2325 amantem
2277 2270 2454 2341 patris
2500 2271 2787 2342 appellare
2834 2270 3029 2325 solitus
3068 2273 3213 2324 erat.
3250 2270 3570 2327 Testiﬁcare

206 2376 310 2416 nec
334 2378 568 2432 paenam
593 2364 816 2427 evadat,
846 2364 1311 2435 quandoquidem
1343 2371 1402 2420 et
1424 2364 1505 2419 illi
1545 2382 1646 2435 pro
1677 2370 1836 2420 tanta
1936 2368 2139 2429 Caesar,
2177 2364 2315 2435 quid
2354 2379 2465 2434 ego
2503 2363 2574 2429 de
2614 2368 2772 2434 patre
2810 2363 2961 2434 apud
3001 2366 3056 2418 te
3090 2363 3389 2434 loquebar,
3414 2363 3569 2435 apud

205 2455 263 2508 in
291 2460 349 2510 te
376 2455 779 2511 malevolentia
808 2474 1004 2528 pinnas
1042 2457 1356 2523 dederunt;
1387 2462 1448 2512 at
1471 2457 1599 2512 illos
1625 2458 1836 2513 invidia
1938 2474 2108 2529 quem
2142 2459 2324 2512 solum
2348 2473 2559 2511 nocere
2587 2456 2920 2528 potuissem.
2944 2456 3289 2521 Testiﬁcare,
3314 2456 3566 2528 inquam,

204 2547 477 2618 quaedam
513 2552 598 2615 (ut
633 2550 792 2619 dicis)
824 2549 1115 2621 impulerit
1150 2550 1222 2605 ad
1265 2551 1653 2622 parricidium,
1679 2552 1834 2623 quod
1936 2550 2099 2617 mihi,
2132 2551 2230 2622 qui
2271 2550 2341 2605 de
2380 2550 2507 2604 aliis
2541 2549 3032 2621 pronuntiaveras.
3068 2549 3179 2604 Nec
3209 2548 3565 2605 dissimulau-
3599 2562 3605 2569 ‘

204 2657 295 2696 me
323 2641 436 2696 sibi
470 2643 726 2712 praeferri
756 2643 1046 2709 videbant,
1083 2644 1289 2715 quibus
1327 2644 1572 2699 materni
1609 2646 1834 2716 generis
1938 2644 2073 2699 dum
2118 2643 2508 2715 parricidium,
2555 2643 2656 2698 sed
2701 2642 3109 2715 inquirendum
3155 2643 3385 2714 putasti.
3433 2644 3477 2697 0
3520 2644 3569 2698 si

203 2734 471 2789 nobilitas
490 2735 712 2790 animos
738 2736 927 2801 dabat,
953 2741 1012 2791 ut
1031 2753 1273 2808 regnum
1303 2737 1463 2808 quasi
1486 2754 1555 2791 ex
1580 2743 1835 2793 materna
1936 2738 2079 2793 mihi
2129 2738 2407 2809 aspiraret
2459 2736 2765 2808 praesentia
2814 2736 2938 2791 tua!
2986 2736 3086 2791 sed
3129 2734 3334 2791 absens
3382 2752 3461 2804 es,
3510 2740 3571 2792 et

202 2827 561 2883 successione
587 2828 693 2884 sibi
721 2829 976 2885 debitum
1003 2832 1372 2894 vindicarent,
1401 2834 1461 2885 et
1489 2830 1751 2902 quibusa
1781 2838 1834 2887 te
1936 2834 2107 2903 longe
2155 2831 2386 2902 positus,
2436 2834 2494 2884 et
2546 2846 2656 2901 ego
2701 2830 2825 2885 sine
2875 2836 2929 2885 te
2975 2847 3009 2883 a
3057 2833 3217 2901 patre
3262 2828 3564 2900 diiudicor.

202 2926 468 2993 ereptum
520 2929 895 2994 reposcerent.
941 2923 1086 2988 Quid
1140 2924 1251 2979 tale
1300 2940 1431 2994 ego,
1480 2926 1577 2995 qui
1621 2926 1833 2981 nescivi
1941 2925 2093 2979 Ades
2139 2931 2355 2991 tamen,
2403 2928 2460 2978 et
2501 2923 2560 2978 in
2608 2922 2809 2979 litteris
2854 2922 2966 2978 tuis
3012 2938 3262 2993 praesens
3309 2938 3370 2978 es
3411 2940 3425 2977 :
3469 2928 3569 2979 tua

216 268 363 325 2l20

204 3032 453 3087 regnum
481 3015 588 3071 nisi
609 3017 678 3072 de
704 3022 760 3072 te
784 3034 1036 3088 sperare,
1059 3024 1221 3072 tuum
1240 3016 1523 3087 judicium
1553 3034 1831 3090 quaerere,

1936 3017 2147 3088 scripta
2180 3017 2381 3084 offero,
2407 3032 2534 3088 qum
2570 3015 2759 3072 solent
2796 3015 3098 3087 parricidia
3136 3014 3359 3071 timere.
3392 3016 3568 3072 Tuam

200 3109 302 3164 tibi
330 3110 440 3165 soli
467 3110 728 3180 placere?
754 3110 900 3174 Quid
928 3115 1124 3166 autem
1150 3114 1296 3178 erat,
1324 3111 1479 3183 quod
1506 3128 1597 3167 me
1630 3112 1827 3168 adver-
1855 3144 1910 3216 Ο
1936 3111 2234 3183 epistolam
2265 3114 2453 3183 porto,
2476 3126 2648 3181 quam
2674 3109 2864 3165 solent
2890 3125 3177 3181 promere,
3202 3109 3301 3181 qui
3329 3108 3569 3181 cupiunt

198 3221 329 3259 sum
372 3209 532 3259 tuam
573 3204 813 3260 salutem
852 3205 1063 3259 audere
1103 3204 1317 3276 aliquid
1353 3204 1717 3276 impelleret?
1746 3209 1834 3260 An

193 3299 374 3369 regni
399 3298 605 3369 cupido
622 3298 650 3351 ‘?
675 3299 771 3353 sed
810 3297 1150 3370 regnabam;
1178 3313 1251 3353 an
1280 3298 1395 3353 odii
1429 3299 1710 3370 suspicio?
1734 3299 1834 3355 sed

198 3391 531 3463 diligebar',
561 3407 634 3446 an
684 3391 911 3463 injurias
961 3390 1167 3447 dolor?
1211 3391 1310 3447 sed
1363 3391 1727 3463 praeferebar.
1774 3393 1833 3449 Si

196 3486 327 3540 illos
371 3486 491 3541 sola
531 3484 781 3541 formido
824 3484 1171 3556 prtelationis
1220 3501 1362 3541 mete
1405 3487 1713 3542 armaverit
1760 3488 1833 3542 ad

203 3577 596 3649 parricidium,
627 3594 735 3649 ego
778 3578 1038 3634 absolvar
1081 3596 1093 3633 :
1133 3579 1265 3650 quia
1310 3578 1572 3635 nesciunt
1616 3581 1835 3651 praslati

201 3672 573 3742 parricidium
602 3672 874 3744 cogitare,
904 3672 1004 3728 sed
1033 3672 1216 3728 odisse
1246 3676 1373 3743 (86).
1403 3672 1521 3728 Nisi
1554 3672 1703 3728 forte
1730 3673 1830 3729 ali-

202 3766 333 3837 quis
359 3782 429 3821 ex
462 3769 513 3821 te
539 3781 637 3821 me
666 3770 854 3821 metus
883 3765 1175 3838 compulit.
1207 3767 1412 3821 Verum
1446 3782 1573 3838 ego,
1604 3770 1678 3830 ut,
1694 3766 1835 3822 mihi

200 3876 308 3915 vox
340 3862 439 3914 tua
470 3860 625 3915 testis
650 3866 755 3927 est,
782 3860 926 3915 nihil
959 3859 1210 3915 sciebam
1244 3860 1355 3914 nisi
1393 3876 1496 3930 pro
1522 3866 1578 3915 te
1606 3860 1832 3915 timere.

200 3953 353 4017 Quid
395 3952 549 4008 enim
592 3954 734 4009 mihi
776 3953 1060 4021 timerem,
1093 3954 1191 4026 qui
1230 3953 1494 4009 minister
1530 3970 1692 4009 eram
1723 3958 1836 4009 tua:

200 4046 548 4116 securitatis,
576 4054 634 4102 et
673 4047 1034 4119 dispensator
1073 4047 1318 4118 quietis?
1347 4049 1433 4103 An
1473 4064 1608 4103 vero
1647 4047 1839 4119 inopia

201 4140 465 4211 pecuniae
502 4146 562 4196 et
599 4147 822 4214 egestas
862 4141 1070 4213 coegit,
1102 4157 1229 4213 qua:
1271 4140 1410 4196 solet
1446 4140 1837 4212 indigentibus

200 4235 449 4290 suadere
471 4235 875 4291 latrocinium?
905 4234 1014 4292 Sed
1045 4235 1305 4305 dederas,
1327 4234 1484 4306 quod
1510 4251 1624 4290 non
1650 4236 1835 4290 solum

200 4329 262 4384 in
295 4345 574 4400 praesens,
603 4329 703 4385 sed
728 4330 907 4385 etiam
943 4330 1006 4384 in
1040 4345 1209 4384 omne
1244 4331 1471 4400 tempus
1496 4328 1835 4398 abundaret,

202 4427 259 4478 et
301 4424 542 4478 divitem
583 4424 822 4479 Romam
866 4423 1124 4490 miseras,
1160 4426 1223 4477 ut
1262 4438 1466 4493 regum
1508 4440 1674 4493 reges
1704 4439 1834 4495 pro-

1937 3203 2299 3276 parricidium
2360 3221 2473 3259 nou
2530 3204 2723 3259 latere.
2780 3203 3044 3275 Suscipe,
3101 3207 3292 3274 pater,
3345 3203 3567 3260 litteras

1936 3298 2187 3366 Caesaris,
2235 3299 2355 3369 ipse
2406 3302 2460 3352 te
2511 3297 2775 3366 instruat,
2820 3297 2920 3369 qui
2965 3296 3188 3352 dudum
3236 3294 3565 3352 vindicavit.

1937 3392 2169 3463 Suscipe
2203 3391 2443 3449 Cassaris
2474 3390 2703 3462 scripta,
2737 3389 3093 3462 argumentis
3132 3389 3399 3445 omnibus
3428 3390 3565 3446 vali—

1935 3486 2118 3542 diora.
2156 3484 2370 3550 Quibus
2407 3500 2542 3539 usus
2587 3501 2648 3538 es
2688 3482 2907 3538 dudum
2946 3482 3020 3538 ad
3065 3482 3367 3550 ultionem,
3405 3485 3567 3539 utere

1937 3595 2089 3634 nunc
2125 3579 2195 3633 ad
2224 3578 2489 3633 salutem.
2525 3578 2632 3632 Hos
2671 3592 2809 3647 ergo
2843 3576 3033 3647 apices
3067 3574 3266 3631 defero
3293 3576 3566 3634 innocen-

1937 3673 2031 3731 tiie
2081 3688 2224 3727 meae
2268 3674 2455 3737 testes,
2495 3671 2592 3725 illa
2632 3670 2866 3724 dextera
2905 3684 3200 3740 nunquam
3243 3674 3298 3724 te
3333 3669 3567 3736 fefellit;

1934 3766 2031 3821 illa
2079 3766 2308 3821 dextera
2353 3764 2588 3819 Caesaris
2643 3761 2907 3818 diadema
2957 3761 3060 3817 tibi
3106 3762 3401 3833 imposuit,
3450 3779 3569 3818 non

1938 3859 2182 3925 ademit;
2243 3859 2340 3913 illa
2394 3873 2597 3912 manus
2651 3856 2885 3913 (lasseris
2938 3871 3184 3927 regnum
3239 3855 3361 3922 tibi,
3414 3857 3571 3926 quod

1937 3952 2248 4023 abjeceras,
2297 3949 2746 4023 repraesentavit.
2794 3948 2981 4004 Potuit
3032 3963 3124 4003 me
3177 3947 3336 4019 prius
3386 3948 3572 4004 Casar

1938 4045 2147 4112 odisse,
2203 4046 2247 4099 si
2313 4046 2548 4100 fratrem
2603 4043 2714 4114 (88)
2766 4041 3016 4098 similem
3068 4039 3568 4112 deprehendisset;

1938 4139 2033 4194 sed
2074 4139 2341 4209 cognovit
2378 4142 2435 4192 et
2472 4135 2859 4208 pronuntiavit
2894 4135 3293 4208 interpretem,
3326 4134 3424 4206 qui
3461 4134 3571 4191 nisi

1942 4235 2134 4289 Romae
2158 4232 2413 4300 fuissem,
2446 4230 2662 4303 Sylaeus
2687 4229 2912 4286 vicerat.
2946 4228 3027 4285 llli
3065 4244 3174 4300 ego
3202 4227 3374 4283 hodie
3408 4228 3568 4299 adju-

1940 4326 2114 4393 dicor,
2160 4325 2241 4380 illi
2295 4341 2490 4397 pcenas
2542 4324 2719 4380 miser
2770 4323 2978 4395 pendo.
3029 4324 3334 4390 Memento,
3385 4327 3568 4392 pater,

1938 4418 2071 4491 quia
2099 4435 2217 4474 non
2256 4418 2610 4474 voluntarius
2644 4416 2926 4489 navigavi.
2958 4415 3230 4471 Videbam
3271 4414 3413 4470 mihi
3447 4415 3572 4484 jam

206 4517 545 4573 nuntiarent
571 4517 799 4589 imperii
839 4517 991 4589 apud
1028 4534 1090 4572 se
1128 4516 1515 4588 principatum
1545 4534 1689 4583 esse,
1718 4532 1835 4573 nou
1857 4505 1916 4578 Ι)
1939 4512 2127 4584 parari
2172 4513 2362 4569 foveas
2403 4511 2836 4580 insidiatorum;
2878 4509 3051 4565 malui
3096 4512 3292 4563 tamen
3333 4523 3426 4562 me
3469 4522 3570 4578 po-

204 4610 555 4666 divitiarum.
601 4610 852 4681 Denique
904 4610 1175 4666 Fabatum
1224 4609 1389 4665 illum
1439 4609 1706 4664 Romana:
1756 4608 1838 4665 rei

207 4704 654 4770 moderatorem,
695 4709 753 4759 et
792 4703 1064 4760 intimum
1106 4702 1344 4759 Caesaris
1386 4702 1489 4758 tibi
1525 4702 1673 4775 cepi,
1711 4707 1768 4758 et
1805 4720 1839 4759 a

205 4800 392 4871 Sylaso
427 4798 649 4870 ingenti
684 4798 965 4870 impulsus
1002 4797 1243 4870 pecunia
1271 4798 1405 4867 (87),
1438 4801 1498 4853 ut
1527 4799 1583 4851 te
1617 4796 1841 4868 impug-

204 4898 394 4959 naret,
436 4891 512 4948 ita
555 4892 923 4961 commutavi,
968 4896 1029 4947 ut
1070 4891 1234 4948 fieret
1283 4894 1410 4946 tuus
1454 4889 1741 4958 defensor,
1784 4893 1842 4945 et

206 4986 594 5044 sollicitatoris
639 4986 726 5042 sui
782 4985 1058 5058 proditor.
1109 4987 1217 5040 Per
1268 5000 1464 5055 quem,
1516 4987 1695 5055 pater,
1744 4982 1838 5039 alii

208 5081 571 5137 insidiatores
625 5086 738 5136 tute
791 5079 989 5135 salutis
1049 5078 1256 5134 detecti
1318 5078 1492 5132 sunt?
1545 5078 1840 5143 Quomodo

210 5191 355 5247 ergo
385 5174 669 5247 parricida
703 5190 830 5245 ego,
858 5174 957 5245 qui
993 5171 1289 5228 custodem
1325 5171 1407 5227 tui
1444 5171 1697 5244 corporis
1731 5172 1841 5226 Co-

210 5268 475 5325 rinthum
537 5269 812 5323 latentem
875 5266 1270 5337 deprehendi?
1321 5264 1687 5321 insidiantem
1752 5280 1840 5318 re-

214 5363 412 5419 movi?
463 5362 533 5417 ad
594 5361 980 5417 confessiones
1040 5364 1320 5431 negantes
1381 5358 1634 5414 deduxi?
1685 5359 1847 5414 Potui

213 5454 587 5529 parricidium
642 5471 760 5510 non
815 5453 1094 5526 cogitare,
1144 5458 1201 5509 et
1250 5451 1537 5524 parricidii
1596 5452 1846 5507 fructum

214 5551 455 5618 habere,
484 5549 529 5603 si
555 5548 875 5603 tacuissem.
909 5548 1019 5604 Sed
1049 5547 1192 5602 mihi
1229 5546 1279 5600 si
1305 5545 1614 5602 bestiarum
1641 5544 1845 5599 imma-

217 5645 385 5709 nitas,
437 5642 478 5696 si
532 5642 808 5696 atrocium
863 5642 1112 5696 ferarum
1168 5641 1380 5695 inesset
1425 5639 1601 5703 furor.
1656 5644 1845 5697 tamen

275 5768 375 5825 :86)
408 5766 512 5814 Nec
532 5764 615 5813 od.
648 5762 830 5813 Baaa.

288 5838 379 5901 '87)
412 5838 447 5886 Α
460 5834 688 5886 cubitum.
725 5834 802 5884 In.

1943 4607 2073 4675 tius,
2108 4610 2287 4677 pater,
2320 4620 2491 4677 quam
2527 4608 2583 4659 te
2613 4601 2937 4675 periclitari.
2975 4602 3086 4656 Nec
3124 4603 3321 4659 tamen
3359 4599 3567 4656 exhor-

1942 4716 2097 4761 resco
2128 4697 2322 4754 salutis
2364 4696 2707 4769 periculum,
2737 4696 2834 4753 sed
2874 4694 3030 4767 apud
3068 4697 3142 4763 te,
3175 4698 3354 4766 pater,
3387 4692 3573 4762 doleo,

1944 4810 2035 4849 me
2057 4792 2215 4865 quasi
2244 4795 2405 4848 tuum
2436 4791 2656 4846 hostem
2681 4787 3012 4862 periclitari.
3037 4787 3328 4844 Periclitor
3353 4792 3572 4853 tamen,

1943 4888 1989 4943 si
2022 4886 2177 4959 apud
2200 4892 2261 4942 .te
2298 4892 2356 4941 et
2390 4884 2623 4944 Caesaris
2665 4881 2989 4940 testimonia
3028 4881 3445 4954 periclitantur.
3481 4879 3577 4936 His

1945 4997 2084 5052 ergo
2125 4982 2255 5035 utor
2280 4978 2508 5035 indiciis
2546 4995 2690 5034 mea:
2720 4977 3069 5034 defensionis
3106 4993 3119 5030 :
3152 4977 3431 5033 Caesarem
3460 4988 3578 5029 non

1943 5074 2190 5147 appello,
2223 5072 2384 5145 quasi
2415 5072 2753 5138 audiendus,
2781 5071 2878 5127 sed
2907 5070 3167 5143 imploro,
3197 5066 3361 5140 quasi
3388 5066 3573 5122 absol-

1946 5167 2185 5223 vendus.
2226 5167 2389 5233 Quod
2428 5168 2472 5222 si
2510 5165 2794 5238 judicium
2838 5162 3222 5220 exercendum
3264 5160 3576 5223 existimas,

1948 5278 2100 5331 ecce,
2149 5261 2231 5316 mi
2278 5266 2454 5333 pater,
2501 5260 2573 5314 ad
2620 5266 2675 5315 te
2716 5258 2846 5313 veni
2889 5262 3018 5329 post
3063 5256 3362 5322 Caesarem,
3409 5253 3481 5309 ad
3526 5256 3581 5309 te

1949 5355 2212 5411 festinavi
2263 5372 2297 5410 a
2342 5357 2586 5412 Caesare.
2641 5354 2867 5408 Utinam
2922 5349 3161 5423 quidem
3213 5363 3495 5420 nusquam
3547 5364 3581 5401 a

1949 5456 2004 5505 te
2046 5448 2334 5504 abiissem.
2380 5448 2485 5504 Sed
2528 5451 2585 5502 tu
2630 5462 2747 5515 me,
2790 5450 2976 5517 pater,
3021 5442 3278 5498 nesciens
3321 5439 3583 5513 periculis

1950 5543 2203 5614 objecisti
2242 5542 2452 5614 jubens
2500 5557 2765 5613 pergere.
2804 5540 3016 5594 Prmsto
3056 5552 3206 5603 sum,
3250 5538 3434 5608 pater,
3478 5548 3584 5590 nec

1955 5636 2333 5708 perfunctorie
2361 5636 2430 5690 de
2459 5634 2761 5690 levioribus
2791 5631 3027 5687 testibus
3052 5627 3451 5702 requirendam
3482 5642 3585 5700 pro

2020 5759 2115 5823 (88)
2139 5760 2411 5810 Fratrum.
2439 5757 2520 5812 lo.
