  <div class='ocr_page' id='page_1' title='image "/cluster/home/n/w/nwhite01/storage/ocr_20150623/15/hvd.32044048207278/447.png"; bbox 0 0 4072 6192; ppageno 0'>
   <div class='ocr_carea' id='block_1_1' title="bbox 613 244 3884 318">
    <p class='ocr_par' dir='ltr' id='par_1_1' title="bbox 613 244 3884 318">
     <span class='ocr_line' id='line_1_1' title="bbox 613 244 3884 318; baseline 0.004 -25"><span class='ocrx_word' id='word_1_1' title='bbox 613 244 738 294; x_wconf 64' lang='lat'><strong>2:31</strong></span> <span class='ocrx_word' id='word_1_2' title='bbox 2080 247 2133 318; x_wconf 68' lang='grc' dir='ltr'><strong>δ.</strong></span> <span class='ocrx_word' id='word_1_3' title='bbox 2180 244 2493 300; x_wconf 76' lang='lat' dir='ltr'><strong>AMBROSII</strong></span> <span class='ocrx_word' id='word_1_4' title='bbox 3779 257 3884 308; x_wconf 71' lang='lat' dir='ltr'><strong>2m</strong></span> 
     </span>
    </p>
   </div>
   <div class='ocr_carea' id='block_1_2' title="bbox 607 363 3887 454">
    <p class='ocr_par' dir='ltr' id='par_1_2' title="bbox 607 363 3887 454">
     <span class='ocr_line' id='line_1_2' title="bbox 607 363 3887 454; baseline 0.003 -34"><span class='ocrx_word' id='word_1_5' title='bbox 607 363 786 420; x_wconf 85' lang='lat' dir='ltr'><strong>salute</strong></span> <span class='ocrx_word' id='word_1_6' title='bbox 820 369 915 418; x_wconf 85' lang='lat' dir='ltr'><strong>tua</strong></span> <span class='ocrx_word' id='word_1_7' title='bbox 952 365 1254 422; x_wconf 70' lang='lat' dir='ltr'><strong>veritatem</strong></span> <span class='ocrx_word' id='word_1_8' title='bbox 1282 367 1524 423; x_wconf 84' lang='lat' dir='ltr'><strong>astimo.</strong></span> <span class='ocrx_word' id='word_1_9' title='bbox 1566 370 1684 423; x_wconf 69' lang='lat' dir='ltr'><strong>Non</strong></span> <span class='ocrx_word' id='word_1_10' title='bbox 1717 369 2107 440; x_wconf 83' lang='lat' dir='ltr'><strong>prajudicent,</strong></span> <span class='ocrx_word' id='word_1_11' title='bbox 2137 366 2235 440; x_wconf 97' lang='lat' dir='ltr'><strong>qui</strong></span> <span class='ocrx_word' id='word_1_12' title='bbox 2255 383 2315 454; x_wconf 79' lang='grc' dir='ltr'><strong>Α</strong></span> <span class='ocrx_word' id='word_1_13' title='bbox 2336 371 2435 441; x_wconf 97' lang='lat' dir='ltr'><strong>qui</strong></span> <span class='ocrx_word' id='word_1_14' title='bbox 2464 372 2701 426; x_wconf 80' lang='lat' dir='ltr'><strong>fratrum</strong></span> <span class='ocrx_word' id='word_1_15' title='bbox 2743 371 3042 427; x_wconf 76' lang='lat' dir='ltr'><strong>tormentis</strong></span> <span class='ocrx_word' id='word_1_16' title='bbox 3079 385 3196 425; x_wconf 90' lang='lat' dir='ltr'><strong>non</strong></span> <span class='ocrx_word' id='word_1_17' title='bbox 3238 369 3577 440; x_wconf 75' lang='lat' dir='ltr'><strong>credidisset,</strong></span> <span class='ocrx_word' id='word_1_18' title='bbox 3604 388 3727 444; x_wconf 88' lang='lat' dir='ltr'><strong>quos</strong></span> <span class='ocrx_word' id='word_1_19' title='bbox 3753 391 3887 430; x_wconf 84' lang='lat' dir='ltr'><strong>onus-</strong></span> 
     </span>
    </p>
   </div>
   <div class='ocr_carea' id='block_1_3' title="bbox 607 461 3890 537">
    <p class='ocr_par' dir='ltr' id='par_1_3' title="bbox 607 461 3890 537">
     <span class='ocr_line' id='line_1_3' title="bbox 607 461 3890 537; baseline 0.003 -23"><span class='ocrx_word' id='word_1_20' title='bbox 607 466 844 530; x_wconf 89' lang='lat' dir='ltr'><strong>possunt</strong></span> <span class='ocrx_word' id='word_1_21' title='bbox 878 461 1081 518; x_wconf 89' lang='lat' dir='ltr'><strong>timere</strong></span> <span class='ocrx_word' id='word_1_22' title='bbox 1106 464 1414 531; x_wconf 86' lang='lat' dir='ltr'><strong>tormenta,</strong></span> <span class='ocrx_word' id='word_1_23' title='bbox 1443 479 1550 518; x_wconf 92' lang='lat' dir='ltr'><strong>nec</strong></span> <span class='ocrx_word' id='word_1_24' title='bbox 1581 466 1679 535; x_wconf 88' lang='lat' dir='ltr'><strong>qui</strong></span> <span class='ocrx_word' id='word_1_25' title='bbox 1709 469 1943 535; x_wconf 88' lang='lat' dir='ltr'><strong>possunt</strong></span> <span class='ocrx_word' id='word_1_26' title='bbox 1976 470 2233 520; x_wconf 88' lang='lat' dir='ltr'><strong>contem-</strong></span> <span class='ocrx_word' id='word_1_27' title='bbox 2339 470 2427 518; x_wconf 90' lang='lat' dir='ltr'><strong>tos</strong></span> <span class='ocrx_word' id='word_1_28' title='bbox 2467 464 2700 520; x_wconf 75' lang='lat' dir='ltr'><strong>vinculis</strong></span> <span class='ocrx_word' id='word_1_29' title='bbox 2741 463 3099 536; x_wconf 77' lang='lat' dir='ltr'><strong>obligaverit,</strong></span> <span class='ocrx_word' id='word_1_30' title='bbox 3136 481 3207 520; x_wconf 91' lang='lat' dir='ltr'><strong>ne</strong></span> <span class='ocrx_word' id='word_1_31' title='bbox 3247 463 3549 536; x_wconf 91' lang='lat' dir='ltr'><strong>cognitioni</strong></span> <span class='ocrx_word' id='word_1_32' title='bbox 3586 466 3890 537; x_wconf 85' lang='lat' dir='ltr'><strong>interessent,</strong></span> 
     </span>
    </p>
   </div>
   <div class='ocr_carea' id='block_1_4' title="bbox 607 555 3896 632">
    <p class='ocr_par' dir='ltr' id='par_1_4' title="bbox 607 555 3896 632">
     <span class='ocr_line' id='line_1_4' title="bbox 607 555 3896 632; baseline 0.003 -24"><span class='ocrx_word' id='word_1_33' title='bbox 607 570 766 610; x_wconf 90' lang='lat' dir='ltr'><strong>nere.</strong></span> <span class='ocrx_word' id='word_1_34' title='bbox 800 575 828 605; x_wconf 72' lang='grc' dir='ltr'><strong>ε(</strong></span> <span class='ocrx_word' id='word_1_35' title='bbox 856 555 1052 612; x_wconf 83' lang='lat' dir='ltr'><strong>Omnis</strong></span> <span class='ocrx_word' id='word_1_36' title='bbox 1073 556 1252 612; x_wconf 91' lang='lat' dir='ltr'><strong>homo</strong></span> <span class='ocrx_word' id='word_1_37' title='bbox 1282 557 1552 624; x_wconf 79' lang='lat' dir='ltr'><strong>mendax,</strong></span> <span class='ocrx_word' id='word_1_38' title='bbox 1581 557 1722 612; x_wconf 81' lang='lat' dir='ltr'><strong>dixit</strong></span> <span class='ocrx_word' id='word_1_39' title='bbox 1745 558 2038 630; x_wconf 83' lang='lat' dir='ltr'><strong>Scriptura</strong></span> <span class='ocrx_word' id='word_1_40' title='bbox 2064 558 2234 629; x_wconf 84' lang='lat' dir='ltr'><strong>(Psal.</strong></span> <span class='ocrx_word' id='word_1_41' title='bbox 2339 559 2396 614; x_wconf 92' lang='lat' dir='ltr'><strong>in</strong></span> <span class='ocrx_word' id='word_1_42' title='bbox 2445 559 2701 614; x_wconf 82' lang='lat' dir='ltr'><strong>absentes</strong></span> <span class='ocrx_word' id='word_1_43' title='bbox 2754 560 2932 614; x_wconf 89' lang='lat' dir='ltr'><strong>latam</strong></span> <span class='ocrx_word' id='word_1_44' title='bbox 2982 557 3344 626; x_wconf 87' lang='lat' dir='ltr'><strong>sententiam,</strong></span> <span class='ocrx_word' id='word_1_45' title='bbox 3389 574 3515 613; x_wconf 91' lang='lat' dir='ltr'><strong>cum</strong></span> <span class='ocrx_word' id='word_1_46' title='bbox 3565 557 3719 630; x_wconf 88' lang='lat' dir='ltr'><strong>longe</strong></span> <span class='ocrx_word' id='word_1_47' title='bbox 3763 564 3896 632; x_wconf 81' lang='lat' dir='ltr'><strong>positi</strong></span> 
     </span>
    </p>
   </div>
   <div class='ocr_carea' id='block_1_5' title="bbox 607 647 3896 722">
    <p class='ocr_par' dir='ltr' id='par_1_5' title="bbox 607 647 3896 722">
     <span class='ocr_line' id='line_1_5' title="bbox 607 647 3896 722; baseline 0.002 -19"><span class='ocrx_word' id='word_1_48' title='bbox 607 663 704 716; x_wconf 82' lang='lat' dir='ltr'><strong>xv,</strong></span> <span class='ocrx_word' id='word_1_49' title='bbox 739 647 847 719; x_wconf 80' lang='lat' dir='ltr'><strong>ll).</strong></span> <span class='ocrx_word' id='word_1_50' title='bbox 886 669 915 699; x_wconf 83' lang='grc'><strong>››</strong></span> <span class='ocrx_word' id='word_1_51' title='bbox 945 651 1064 720; x_wconf 87' lang='lat' dir='ltr'><strong>Ego</strong></span> <span class='ocrx_word' id='word_1_52' title='bbox 1094 649 1288 705; x_wconf 82' lang='lat' dir='ltr'><strong>defero</strong></span> <span class='ocrx_word' id='word_1_53' title='bbox 1329 650 1782 722; x_wconf 89' lang='lat' dir='ltr'><strong>incorruptibilia</strong></span> <span class='ocrx_word' id='word_1_54' title='bbox 1817 651 2236 708; x_wconf 90' lang='lat' dir='ltr'><strong>elementorum</strong></span> <span class='ocrx_word' id='word_1_55' title='bbox 2341 658 2528 707; x_wconf 85' lang='lat' dir='ltr'><strong>essent</strong></span> <span class='ocrx_word' id='word_1_56' title='bbox 2567 656 2819 719; x_wconf 88' lang='lat' dir='ltr'><strong>necatos,</strong></span> <span class='ocrx_word' id='word_1_57' title='bbox 2858 669 2931 708; x_wconf 91' lang='lat' dir='ltr'><strong>ne</strong></span> <span class='ocrx_word' id='word_1_58' title='bbox 2977 667 3179 708; x_wconf 85' lang='lat' dir='ltr'><strong>eorum</strong></span> <span class='ocrx_word' id='word_1_59' title='bbox 3213 655 3372 722; x_wconf 88' lang='lat' dir='ltr'><strong>pater</strong></span> <span class='ocrx_word' id='word_1_60' title='bbox 3409 651 3764 707; x_wconf 81' lang='lat' dir='ltr'><strong>misereretur.</strong></span> <span class='ocrx_word' id='word_1_61' title='bbox 3797 655 3896 710; x_wconf 77' lang='lat' dir='ltr'><strong>Nul-</strong></span> 
     </span>
    </p>
   </div>
   <div class='ocr_carea' id='block_1_6' title="bbox 607 741 3897 818">
    <p class='ocr_par' dir='ltr' id='par_1_6' title="bbox 607 741 3897 818">
     <span class='ocr_line' id='line_1_6' title="bbox 607 741 3897 818; baseline 0.002 -21"><span class='ocrx_word' id='word_1_62' title='bbox 607 741 956 798; x_wconf 82' lang='lat' dir='ltr'><strong>testimonia.</strong></span> <span class='ocrx_word' id='word_1_63' title='bbox 1001 742 1173 798; x_wconf 90' lang='lat' dir='ltr'><strong>Venio</strong></span> <span class='ocrx_word' id='word_1_64' title='bbox 1218 743 1288 798; x_wconf 92' lang='lat' dir='ltr'><strong>ad</strong></span> <span class='ocrx_word' id='word_1_65' title='bbox 1329 747 1383 798; x_wconf 92' lang='lat' dir='ltr'><strong>te</strong></span> <span class='ocrx_word' id='word_1_66' title='bbox 1426 760 1532 814; x_wconf 89' lang='lat' dir='ltr'><strong>per</strong></span> <span class='ocrx_word' id='word_1_67' title='bbox 1579 745 1760 799; x_wconf 84' lang='lat' dir='ltr'><strong>maria</strong></span> <span class='ocrx_word' id='word_1_68' title='bbox 1807 749 1865 800; x_wconf 89' lang='lat' dir='ltr'><strong>et</strong></span> <span class='ocrx_word' id='word_1_69' title='bbox 1910 761 2011 816; x_wconf 88' lang='lat' dir='ltr'><strong>per</strong></span> <span class='ocrx_word' id='word_1_70' title='bbox 2054 749 2238 800; x_wconf 89' lang='lat' dir='ltr'><strong>terras</strong></span> <span class='ocrx_word' id='word_1_71' title='bbox 2339 747 2454 800; x_wconf 90' lang='lat' dir='ltr'><strong>lum</strong></span> <span class='ocrx_word' id='word_1_72' title='bbox 2506 745 2701 818; x_wconf 84' lang='lat' dir='ltr'><strong>itaque</strong></span> <span class='ocrx_word' id='word_1_73' title='bbox 2757 745 3043 818; x_wconf 89' lang='lat' dir='ltr'><strong>reliquum</strong></span> <span class='ocrx_word' id='word_1_74' title='bbox 3094 745 3350 799; x_wconf 86' lang='lat' dir='ltr'><strong>futurum</strong></span> <span class='ocrx_word' id='word_1_75' title='bbox 3408 745 3452 800; x_wconf 89' lang='lat' dir='ltr'><strong>si</strong></span> <span class='ocrx_word' id='word_1_76' title='bbox 3503 744 3602 800; x_wconf 89' lang='lat' dir='ltr'><strong>iste</strong></span> <span class='ocrx_word' id='word_1_77' title='bbox 3650 746 3897 816; x_wconf 69' lang='lat' dir='ltr'><strong>evaderet,</strong></span> 
     </span>
    </p>
   </div>
   <div class='ocr_carea' id='block_1_7' title="bbox 609 835 3898 910">
    <p class='ocr_par' dir='ltr' id='par_1_7' title="bbox 609 835 3898 910">
     <span class='ocr_line' id='line_1_7' title="bbox 609 835 3898 910; baseline 0.001 -18"><span class='ocrx_word' id='word_1_78' title='bbox 609 851 890 907; x_wconf 84' lang='lat' dir='ltr'><strong>nusquam</strong></span> <span class='ocrx_word' id='word_1_79' title='bbox 914 835 1132 907; x_wconf 88' lang='lat' dir='ltr'><strong>aliquid</strong></span> <span class='ocrx_word' id='word_1_80' title='bbox 1160 851 1374 907; x_wconf 86' lang='lat' dir='ltr'><strong>passus.</strong></span> <span class='ocrx_word' id='word_1_81' title='bbox 1409 837 1692 892; x_wconf 80' lang='lat' dir='ltr'><strong>Parricida</strong></span> <span class='ocrx_word' id='word_1_82' title='bbox 1730 837 1904 893; x_wconf 88' lang='lat' dir='ltr'><strong>debui</strong></span> <span class='ocrx_word' id='word_1_83' title='bbox 1942 854 2058 894; x_wconf 92' lang='lat' dir='ltr'><strong>non</strong></span> <span class='ocrx_word' id='word_1_84' title='bbox 2102 855 2234 893; x_wconf 83' lang='lat' dir='ltr'><strong>eva-</strong></span> <span class='ocrx_word' id='word_1_85' title='bbox 2337 839 2531 893; x_wconf 89' lang='lat' dir='ltr'><strong>doctus</strong></span> <span class='ocrx_word' id='word_1_86' title='bbox 2558 855 2777 894; x_wconf 88' lang='lat' dir='ltr'><strong>venena</strong></span> <span class='ocrx_word' id='word_1_87' title='bbox 2803 838 3158 910; x_wconf 89' lang='lat' dir='ltr'><strong>parricidalia</strong></span> <span class='ocrx_word' id='word_1_88' title='bbox 3189 854 3419 892; x_wconf 89' lang='lat' dir='ltr'><strong>suorum</strong></span> <span class='ocrx_word' id='word_1_89' title='bbox 3443 837 3723 892; x_wconf 80' lang='lat' dir='ltr'><strong>visceribus</strong></span> <span class='ocrx_word' id='word_1_90' title='bbox 3748 839 3898 896; x_wconf 82' lang='lat' dir='ltr'><strong>infun-</strong></span> 
     </span>
    </p>
   </div>
   <div class='ocr_carea' id='block_1_8' title="bbox 611 927 3897 1004">
    <p class='ocr_par' dir='ltr' id='par_1_8' title="bbox 611 927 3897 1004">
     <span class='ocr_line' id='line_1_8' title="bbox 611 927 3897 1004; baseline 0.002 -22"><span class='ocrx_word' id='word_1_91' title='bbox 611 927 769 997; x_wconf 83' lang='lat' dir='ltr'><strong>dere,</strong></span> <span class='ocrx_word' id='word_1_92' title='bbox 812 928 856 983; x_wconf 87' lang='lat' dir='ltr'><strong>si</strong></span> <span class='ocrx_word' id='word_1_93' title='bbox 905 944 1036 984; x_wconf 89' lang='lat' dir='ltr'><strong>reus</strong></span> <span class='ocrx_word' id='word_1_94' title='bbox 1075 945 1278 984; x_wconf 91' lang='lat' dir='ltr'><strong>essem.</strong></span> <span class='ocrx_word' id='word_1_95' title='bbox 1314 928 1578 986; x_wconf 85' lang='lat' dir='ltr'><strong>Absolvat</strong></span> <span class='ocrx_word' id='word_1_96' title='bbox 1625 947 1739 1001; x_wconf 91' lang='lat' dir='ltr'><strong>me,</strong></span> <span class='ocrx_word' id='word_1_97' title='bbox 1773 935 1953 1002; x_wconf 90' lang='lat' dir='ltr'><strong>pater,</strong></span> <span class='ocrx_word' id='word_1_98' title='bbox 1985 931 2138 1004; x_wconf 90' lang='lat' dir='ltr'><strong>apud</strong></span> <span class='ocrx_word' id='word_1_99' title='bbox 2183 935 2238 986; x_wconf 91' lang='lat' dir='ltr'><strong>te</strong></span> <span class='ocrx_word' id='word_1_100' title='bbox 2337 933 2490 999; x_wconf 87' lang='lat' dir='ltr'><strong>dere,</strong></span> <span class='ocrx_word' id='word_1_101' title='bbox 2524 937 2745 988; x_wconf 88' lang='lat' dir='ltr'><strong>mutare</strong></span> <span class='ocrx_word' id='word_1_102' title='bbox 2784 937 3006 988; x_wconf 84' lang='lat' dir='ltr'><strong>mentes</strong></span> <span class='ocrx_word' id='word_1_103' title='bbox 3045 932 3367 1000; x_wconf 88' lang='lat' dir='ltr'><strong>hominum,</strong></span> <span class='ocrx_word' id='word_1_104' title='bbox 3412 931 3508 1002; x_wconf 91' lang='lat' dir='ltr'><strong>qui</strong></span> <span class='ocrx_word' id='word_1_105' title='bbox 3541 932 3695 986; x_wconf 88' lang='lat' dir='ltr'><strong>etiam</strong></span> <span class='ocrx_word' id='word_1_106' title='bbox 3730 933 3897 989; x_wconf 85' lang='lat' dir='ltr'><strong>Phero-</strong></span> 
     </span>
    </p>
   </div>
   <div class='ocr_carea' id='block_1_9' title="bbox 609 1022 3901 1098">
    <p class='ocr_par' dir='ltr' id='par_1_9' title="bbox 609 1022 3901 1098">
     <span class='ocr_line' id='line_1_9' title="bbox 609 1022 3901 1098; baseline 0.001 -20"><span class='ocrx_word' id='word_1_107' title='bbox 609 1022 814 1078; x_wconf 75' lang='lat' dir='ltr'><strong>cmlum</strong></span> <span class='ocrx_word' id='word_1_108' title='bbox 858 1023 1010 1094; x_wconf 87' lang='lat' dir='ltr'><strong>quod</strong></span> <span class='ocrx_word' id='word_1_109' title='bbox 1052 1039 1170 1079; x_wconf 92' lang='lat' dir='ltr'><strong>non</strong></span> <span class='ocrx_word' id='word_1_110' title='bbox 1207 1023 1546 1093; x_wconf 88' lang='lat' dir='ltr'><strong>fulminavit,</strong></span> <span class='ocrx_word' id='word_1_111' title='bbox 1591 1040 1747 1080; x_wconf 90' lang='lat' dir='ltr'><strong>mare</strong></span> <span class='ocrx_word' id='word_1_112' title='bbox 1786 1025 1940 1097; x_wconf 91' lang='lat' dir='ltr'><strong>quod</strong></span> <span class='ocrx_word' id='word_1_113' title='bbox 1981 1041 2097 1081; x_wconf 90' lang='lat' dir='ltr'><strong>non</strong></span> <span class='ocrx_word' id='word_1_114' title='bbox 2139 1027 2232 1082; x_wconf 87' lang='lat' dir='ltr'><strong>de-</strong></span> <span class='ocrx_word' id='word_1_115' title='bbox 2338 1043 2456 1081; x_wconf 82' lang='lat' dir='ltr'><strong>ram</strong></span> <span class='ocrx_word' id='word_1_116' title='bbox 2523 1042 2747 1098; x_wconf 87' lang='lat' dir='ltr'><strong>semper</strong></span> <span class='ocrx_word' id='word_1_117' title='bbox 2807 1026 3276 1081; x_wconf 89' lang='lat' dir='ltr'><strong>amantissimum</strong></span> <span class='ocrx_word' id='word_1_118' title='bbox 3337 1024 3552 1091; x_wconf 85' lang='lat' dir='ltr'><strong>fratris,</strong></span> <span class='ocrx_word' id='word_1_119' title='bbox 3601 1025 3806 1080; x_wconf 82' lang='lat' dir='ltr'><strong>Herodis</strong></span> <span class='ocrx_word' id='word_1_120' title='bbox 3855 1027 3901 1083; x_wconf 90' lang='lat' dir='ltr'><strong>in</strong></span> 
     </span>
    </p>
   </div>
   <div class='ocr_carea' id='block_1_10' title="bbox 611 1116 3900 1191">
    <p class='ocr_par' dir='ltr' id='par_1_10' title="bbox 611 1116 3900 1191">
     <span class='ocr_line' id='line_1_10' title="bbox 611 1116 3900 1191; baseline 0.001 -19"><span class='ocrx_word' id='word_1_121' title='bbox 611 1116 828 1185; x_wconf 88' lang='lat' dir='ltr'><strong>mersit,</strong></span> <span class='ocrx_word' id='word_1_122' title='bbox 872 1119 1023 1172; x_wconf 90' lang='lat' dir='ltr'><strong>terra</strong></span> <span class='ocrx_word' id='word_1_123' title='bbox 1063 1134 1194 1188; x_wconf 86' lang='lat' dir='ltr'><strong>qua</strong></span> <span class='ocrx_word' id='word_1_124' title='bbox 1235 1133 1352 1172; x_wconf 90' lang='lat' dir='ltr'><strong>non</strong></span> <span class='ocrx_word' id='word_1_125' title='bbox 1390 1117 1712 1187; x_wconf 81' lang='lat' dir='ltr'><strong>absorbuit;</strong></span> <span class='ocrx_word' id='word_1_126' title='bbox 1755 1135 1858 1190; x_wconf 89' lang='lat' dir='ltr'><strong>per</strong></span> <span class='ocrx_word' id='word_1_127' title='bbox 1901 1118 2024 1173; x_wconf 87' lang='lat' dir='ltr'><strong>hac</strong></span> <span class='ocrx_word' id='word_1_128' title='bbox 2068 1118 2138 1174; x_wconf 90' lang='lat' dir='ltr'><strong>ad</strong></span> <span class='ocrx_word' id='word_1_129' title='bbox 2180 1123 2235 1173; x_wconf 90' lang='lat' dir='ltr'><strong>te</strong></span> <span class='ocrx_word' id='word_1_130' title='bbox 2339 1136 2536 1176; x_wconf 88' lang='lat' dir='ltr'><strong>necem</strong></span> <span class='ocrx_word' id='word_1_131' title='bbox 2583 1121 2704 1191; x_wconf 86' lang='lat' dir='ltr'><strong>ejus</strong></span> <span class='ocrx_word' id='word_1_132' title='bbox 2756 1119 3056 1191; x_wconf 87' lang='lat' dir='ltr'><strong>parricidio</strong></span> <span class='ocrx_word' id='word_1_133' title='bbox 3106 1119 3333 1174; x_wconf 83' lang='lat' dir='ltr'><strong>funesto</strong></span> <span class='ocrx_word' id='word_1_134' title='bbox 3389 1117 3799 1174; x_wconf 86' lang='lat' dir='ltr'><strong>exsuscitaverit.</strong></span> <span class='ocrx_word' id='word_1_135' title='bbox 3835 1121 3900 1174; x_wconf 76' lang='lat' dir='ltr'><strong>Ad</strong></span> 
     </span>
    </p>
   </div>
   <div class='ocr_carea' id='block_1_11' title="bbox 615 1210 3902 1285">
    <p class='ocr_par' dir='ltr' id='par_1_11' title="bbox 615 1210 3902 1285">
     <span class='ocr_line' id='line_1_11' title="bbox 615 1210 3902 1285; baseline 0.001 -20"><span class='ocrx_word' id='word_1_136' title='bbox 615 1213 768 1266; x_wconf 87' lang='lat' dir='ltr'><strong>tutus</strong></span> <span class='ocrx_word' id='word_1_137' title='bbox 797 1210 986 1278; x_wconf 91' lang='lat' dir='ltr'><strong>venio,</strong></span> <span class='ocrx_word' id='word_1_138' title='bbox 1020 1217 1210 1283; x_wconf 87' lang='lat' dir='ltr'><strong>pater;</strong></span> <span class='ocrx_word' id='word_1_139' title='bbox 1243 1226 1371 1282; x_wconf 84' lang='lat' dir='ltr'><strong>qua</strong></span> <span class='ocrx_word' id='word_1_140' title='bbox 1400 1227 1520 1266; x_wconf 88' lang='lat' dir='ltr'><strong>non</strong></span> <span class='ocrx_word' id='word_1_141' title='bbox 1555 1212 1742 1266; x_wconf 87' lang='lat' dir='ltr'><strong>solent</strong></span> <span class='ocrx_word' id='word_1_142' title='bbox 1777 1211 2035 1280; x_wconf 80' lang='lat' dir='ltr'><strong>evadere,</strong></span> <span class='ocrx_word' id='word_1_143' title='bbox 2063 1212 2237 1268; x_wconf 87' lang='lat' dir='ltr'><strong>etiam</strong></span> <span class='ocrx_word' id='word_1_144' title='bbox 2339 1214 2479 1282; x_wconf 81' lang='lat' dir='ltr'><strong>haec,</strong></span> <span class='ocrx_word' id='word_1_145' title='bbox 2511 1230 2642 1268; x_wconf 88' lang='lat' dir='ltr'><strong>cum</strong></span> <span class='ocrx_word' id='word_1_146' title='bbox 2670 1213 2916 1285; x_wconf 88' lang='lat' dir='ltr'><strong>plurima</strong></span> <span class='ocrx_word' id='word_1_147' title='bbox 2940 1213 3052 1268; x_wconf 87' lang='lat' dir='ltr'><strong>alia</strong></span> <span class='ocrx_word' id='word_1_148' title='bbox 3081 1212 3398 1268; x_wconf 85' lang='lat' dir='ltr'><strong>excitanda</strong></span> <span class='ocrx_word' id='word_1_149' title='bbox 3422 1211 3786 1268; x_wconf 88' lang='lat' dir='ltr'><strong>commotionis</strong></span> <span class='ocrx_word' id='word_1_150' title='bbox 3810 1230 3902 1284; x_wconf 81' lang='lat' dir='ltr'><strong>gra-</strong></span> 
     </span>
    </p>
   </div>
   <div class='ocr_carea' id='block_1_12' title="bbox 614 1303 3902 1377">
    <p class='ocr_par' dir='ltr' id='par_1_12' title="bbox 614 1303 3902 1377">
     <span class='ocr_line' id='line_1_12' title="bbox 614 1303 3902 1377; baseline 0.001 -19"><span class='ocrx_word' id='word_1_151' title='bbox 614 1304 713 1377; x_wconf 89' lang='lat' dir='ltr'><strong>qui</strong></span> <span class='ocrx_word' id='word_1_152' title='bbox 741 1319 859 1360; x_wconf 93' lang='lat' dir='ltr'><strong>non</strong></span> <span class='ocrx_word' id='word_1_153' title='bbox 886 1308 1018 1358; x_wconf 88' lang='lat' dir='ltr'><strong>sunt</strong></span> <span class='ocrx_word' id='word_1_154' title='bbox 1041 1308 1272 1375; x_wconf 83' lang='lat' dir='ltr'><strong>patrum</strong></span> <span class='ocrx_word' id='word_1_155' title='bbox 1307 1303 1642 1376; x_wconf 81' lang='lat' dir='ltr'><strong>genitalium</strong></span> <span class='ocrx_word' id='word_1_156' title='bbox 1670 1304 1988 1376; x_wconf 82' lang='lat' dir='ltr'><strong>parricida.</strong></span> <span class='ocrx_word' id='word_1_157' title='bbox 2017 1306 2238 1362; x_wconf 86' lang='lat' dir='ltr'><strong>Dathan</strong></span> <span class='ocrx_word' id='word_1_158' title='bbox 2339 1308 2415 1363; x_wconf 89' lang='lat' dir='ltr'><strong>tia</strong></span> <span class='ocrx_word' id='word_1_159' title='bbox 2467 1308 2731 1364; x_wconf 83' lang='lat' dir='ltr'><strong>Nicolaus</strong></span> <span class='ocrx_word' id='word_1_160' title='bbox 2785 1306 3121 1374; x_wconf 86' lang='lat' dir='ltr'><strong>addidisset,</strong></span> <span class='ocrx_word' id='word_1_161' title='bbox 3172 1307 3269 1362; x_wconf 89' lang='lat' dir='ltr'><strong>ubi</strong></span> <span class='ocrx_word' id='word_1_162' title='bbox 3325 1321 3644 1362; x_wconf 88' lang='lat' dir='ltr'><strong>sermonem</strong></span> <span class='ocrx_word' id='word_1_163' title='bbox 3691 1306 3902 1377; x_wconf 83' lang='lat' dir='ltr'><strong>absolvit,</strong></span> 
     </span>
    </p>
   </div>
   <div class='ocr_carea' id='block_1_13' title="bbox 611 1397 3903 1475">
    <p class='ocr_par' dir='ltr' id='par_1_13' title="bbox 611 1397 3903 1475">
     <span class='ocr_line' id='line_1_13' title="bbox 611 1397 3903 1475; baseline 0.001 -22"><span class='ocrx_word' id='word_1_164' title='bbox 611 1401 670 1454; x_wconf 90' lang='lat' dir='ltr'><strong>et</strong></span> <span class='ocrx_word' id='word_1_165' title='bbox 709 1397 922 1453; x_wconf 86' lang='lat' dir='ltr'><strong>Abiron</strong></span> <span class='ocrx_word' id='word_1_166' title='bbox 960 1397 1146 1453; x_wconf 86' lang='lat' dir='ltr'><strong>hiatus</strong></span> <span class='ocrx_word' id='word_1_167' title='bbox 1190 1397 1404 1454; x_wconf 86' lang='lat' dir='ltr'><strong>voravit</strong></span> <span class='ocrx_word' id='word_1_168' title='bbox 1446 1401 1634 1469; x_wconf 87' lang='lat' dir='ltr'><strong>terra,</strong></span> <span class='ocrx_word' id='word_1_169' title='bbox 1688 1415 1790 1454; x_wconf 91' lang='lat' dir='ltr'><strong>nec</strong></span> <span class='ocrx_word' id='word_1_170' title='bbox 1838 1405 2035 1456; x_wconf 92' lang='lat' dir='ltr'><strong>tamen</strong></span> <span class='ocrx_word' id='word_1_171' title='bbox 2078 1400 2234 1472; x_wconf 89' lang='lat' dir='ltr'><strong>geni-</strong></span> <span class='ocrx_word' id='word_1_172' title='bbox 2339 1403 2723 1475; x_wconf 81' lang='lat' dir='ltr'><strong>interrogatus</strong></span> <span class='ocrx_word' id='word_1_173' title='bbox 2767 1419 2800 1458; x_wconf 90' lang='lat' dir='ltr'><strong>a</strong></span> <span class='ocrx_word' id='word_1_174' title='bbox 2844 1403 2990 1458; x_wconf 87' lang='lat' dir='ltr'><strong>Varo</strong></span> <span class='ocrx_word' id='word_1_175' title='bbox 3039 1408 3124 1456; x_wconf 90' lang='lat' dir='ltr'><strong>est</strong></span> <span class='ocrx_word' id='word_1_176' title='bbox 3167 1401 3486 1471; x_wconf 90' lang='lat' dir='ltr'><strong>Antipater,</strong></span> <span class='ocrx_word' id='word_1_177' title='bbox 3531 1400 3575 1454; x_wconf 91' lang='lat' dir='ltr'><strong>si</strong></span> <span class='ocrx_word' id='word_1_178' title='bbox 3615 1400 3903 1472; x_wconf 83' lang='lat' dir='ltr'><strong>respondere</strong></span> 
     </span>
    </p>
   </div>
   <div class='ocr_carea' id='block_1_14' title="bbox 613 1491 3905 1564">
    <p class='ocr_par' dir='ltr' id='par_1_14' title="bbox 613 1491 3905 1564">
     <span class='ocr_line' id='line_1_14' title="bbox 613 1491 3905 1564; baseline 0 -17"><span class='ocrx_word' id='word_1_179' title='bbox 613 1491 787 1547; x_wconf 87' lang='lat' dir='ltr'><strong>talem</strong></span> <span class='ocrx_word' id='word_1_180' title='bbox 815 1492 1169 1563; x_wconf 87' lang='lat' dir='ltr'><strong>appetierant</strong></span> <span class='ocrx_word' id='word_1_181' title='bbox 1196 1495 1438 1564; x_wconf 89' lang='lat' dir='ltr'><strong>patrem.</strong></span> <span class='ocrx_word' id='word_1_182' title='bbox 1469 1492 1709 1548; x_wconf 87' lang='lat' dir='ltr'><strong>Absalon</strong></span> <span class='ocrx_word' id='word_1_183' title='bbox 1737 1493 2054 1564; x_wconf 88' lang='lat' dir='ltr'><strong>fugientem</strong></span> <span class='ocrx_word' id='word_1_184' title='bbox 2081 1494 2239 1550; x_wconf 88' lang='lat' dir='ltr'><strong>arbo-</strong></span> <span class='ocrx_word' id='word_1_185' title='bbox 2338 1498 2526 1552; x_wconf 90' lang='lat' dir='ltr'><strong>vellet.</strong></span> <span class='ocrx_word' id='word_1_186' title='bbox 2573 1497 2727 1552; x_wconf 86' lang='lat' dir='ltr'><strong>Nihil</strong></span> <span class='ocrx_word' id='word_1_187' title='bbox 2774 1495 2930 1551; x_wconf 90' lang='lat' dir='ltr'><strong>aliud</strong></span> <span class='ocrx_word' id='word_1_188' title='bbox 2972 1493 3188 1564; x_wconf 89' lang='lat' dir='ltr'><strong>retulit,</strong></span> <span class='ocrx_word' id='word_1_189' title='bbox 3239 1493 3348 1548; x_wconf 89' lang='lat' dir='ltr'><strong>nisi</strong></span> <span class='ocrx_word' id='word_1_190' title='bbox 3396 1493 3568 1564; x_wconf 86' lang='lat' dir='ltr'><strong>(Deus</strong></span> <span class='ocrx_word' id='word_1_191' title='bbox 3613 1492 3742 1548; x_wconf 88' lang='lat' dir='ltr'><strong>mihi</strong></span> <span class='ocrx_word' id='word_1_192' title='bbox 3783 1493 3905 1548; x_wconf 84' lang='lat' dir='ltr'><strong>testis</strong></span> 
     </span>
    </p>
   </div>
   <div class='ocr_carea' id='block_1_15' title="bbox 610 1585 3903 1662">
    <p class='ocr_par' dir='ltr' id='par_1_15' title="bbox 610 1585 3903 1662">
     <span class='ocr_line' id='line_1_15' title="bbox 610 1585 3903 1662; baseline 0.001 -24"><span class='ocrx_word' id='word_1_193' title='bbox 610 1585 689 1638; x_wconf 91' lang='lat' dir='ltr'><strong>ris</strong></span> <span class='ocrx_word' id='word_1_194' title='bbox 715 1600 831 1640; x_wconf 81' lang='lat' dir='ltr'><strong>sua</strong></span> <span class='ocrx_word' id='word_1_195' title='bbox 872 1585 1044 1640; x_wconf 89' lang='lat' dir='ltr'><strong>ramis</strong></span> <span class='ocrx_word' id='word_1_196' title='bbox 1074 1589 1228 1641; x_wconf 89' lang='lat' dir='ltr'><strong>terra</strong></span> <span class='ocrx_word' id='word_1_197' title='bbox 1265 1585 1584 1658; x_wconf 87' lang='lat' dir='ltr'><strong>suspendit,</strong></span> <span class='ocrx_word' id='word_1_198' title='bbox 1626 1603 1697 1640; x_wconf 92' lang='lat' dir='ltr'><strong>ne</strong></span> <span class='ocrx_word' id='word_1_199' title='bbox 1731 1587 1804 1642; x_wconf 89' lang='lat' dir='ltr'><strong>ad</strong></span> <span class='ocrx_word' id='word_1_200' title='bbox 1841 1594 2065 1660; x_wconf 88' lang='lat' dir='ltr'><strong>patrem</strong></span> <span class='ocrx_word' id='word_1_201' title='bbox 2106 1605 2236 1660; x_wconf 91' lang='lat' dir='ltr'><strong>per-</strong></span> <span class='ocrx_word' id='word_1_202' title='bbox 2337 1591 2438 1662; x_wconf 91' lang='lat' dir='ltr'><strong>est)</strong></span> <span class='ocrx_word' id='word_1_203' title='bbox 2469 1591 2606 1662; x_wconf 86' lang='lat' dir='ltr'><strong>quia</strong></span> <span class='ocrx_word' id='word_1_204' title='bbox 2644 1590 2786 1646; x_wconf 90' lang='lat' dir='ltr'><strong>nihil</strong></span> <span class='ocrx_word' id='word_1_205' title='bbox 2820 1589 2960 1645; x_wconf 89' lang='lat' dir='ltr'><strong>lasi.</strong></span> <span class='ocrx_word' id='word_1_206' title='bbox 2991 1591 3135 1645; x_wconf 90' lang='lat' dir='ltr'><strong>Tum</strong></span> <span class='ocrx_word' id='word_1_207' title='bbox 3166 1590 3344 1643; x_wconf 84' lang='lat' dir='ltr'><strong>Varus</strong></span> <span class='ocrx_word' id='word_1_208' title='bbox 3373 1602 3651 1642; x_wconf 91' lang='lat' dir='ltr'><strong>venenum</strong></span> <span class='ocrx_word' id='word_1_209' title='bbox 3688 1587 3903 1658; x_wconf 80' lang='lat' dir='ltr'><strong>proferri,</strong></span> 
     </span>
    </p>
   </div>
   <div class='ocr_carea' id='block_1_16' title="bbox 612 1677 3905 1757">
    <p class='ocr_par' dir='ltr' id='par_1_16' title="bbox 612 1677 3905 1757">
     <span class='ocr_line' id='line_1_16' title="bbox 612 1677 3905 1757; baseline 0.002 -27"><span class='ocrx_word' id='word_1_210' title='bbox 612 1677 846 1748; x_wconf 84' lang='lat' dir='ltr'><strong>veniret,</strong></span> <span class='ocrx_word' id='word_1_211' title='bbox 889 1677 964 1733; x_wconf 89' lang='lat' dir='ltr'><strong>ad</strong></span> <span class='ocrx_word' id='word_1_212' title='bbox 1003 1694 1174 1750; x_wconf 89' lang='lat' dir='ltr'><strong>quem</strong></span> <span class='ocrx_word' id='word_1_213' title='bbox 1215 1679 1260 1733; x_wconf 90' lang='lat' dir='ltr'><strong>si</strong></span> <span class='ocrx_word' id='word_1_214' title='bbox 1295 1680 1661 1750; x_wconf 86' lang='lat' dir='ltr'><strong>pervenisset,</strong></span> <span class='ocrx_word' id='word_1_215' title='bbox 1701 1685 1973 1736; x_wconf 87' lang='lat' dir='ltr'><strong>evaserat.</strong></span> <span class='ocrx_word' id='word_1_216' title='bbox 2015 1684 2130 1753; x_wconf 83' lang='lat' dir='ltr'><strong>Ego</strong></span> <span class='ocrx_word' id='word_1_217' title='bbox 2168 1683 2237 1737; x_wconf 89' lang='lat' dir='ltr'><strong>ad</strong></span> <span class='ocrx_word' id='word_1_218' title='bbox 2265 1754 2296 1757; x_wconf 83' lang='lat'><strong><em>_</em></strong></span> <span class='ocrx_word' id='word_1_219' title='bbox 2340 1691 2510 1757; x_wconf 88' lang='lat' dir='ltr'><strong>atque</strong></span> <span class='ocrx_word' id='word_1_220' title='bbox 2546 1685 2603 1740; x_wconf 91' lang='lat' dir='ltr'><strong>id</strong></span> <span class='ocrx_word' id='word_1_221' title='bbox 2644 1685 2764 1739; x_wconf 87' lang='lat' dir='ltr'><strong>dari</strong></span> <span class='ocrx_word' id='word_1_222' title='bbox 2786 1683 2955 1754; x_wconf 89' lang='lat' dir='ltr'><strong>jussit</strong></span> <span class='ocrx_word' id='word_1_223' title='bbox 2990 1683 3085 1738; x_wconf 92' lang='lat' dir='ltr'><strong>uni</strong></span> <span class='ocrx_word' id='word_1_224' title='bbox 3126 1682 3196 1738; x_wconf 91' lang='lat' dir='ltr'><strong>de</strong></span> <span class='ocrx_word' id='word_1_225' title='bbox 3227 1682 3339 1748; x_wconf 89' lang='lat' dir='ltr'><strong>bis,</strong></span> <span class='ocrx_word' id='word_1_226' title='bbox 3368 1680 3466 1754; x_wconf 90' lang='lat' dir='ltr'><strong>qui</strong></span> <span class='ocrx_word' id='word_1_227' title='bbox 3495 1681 3612 1752; x_wconf 89' lang='lat' dir='ltr'><strong>jam</strong></span> <span class='ocrx_word' id='word_1_228' title='bbox 3645 1680 3722 1736; x_wconf 88' lang='lat' dir='ltr'><strong>rei</strong></span> <span class='ocrx_word' id='word_1_229' title='bbox 3749 1683 3905 1737; x_wconf 83' lang='lat' dir='ltr'><strong>mortis</strong></span> 
     </span>
    </p>
   </div>
   <div class='ocr_carea' id='block_1_17' title="bbox 608 1754 3901 1850">
    <p class='ocr_par' dir='ltr' id='par_1_17' title="bbox 608 1754 3901 1850">
     <span class='ocr_line' id='line_1_17' title="bbox 608 1754 3901 1850; baseline 0 -24"><span class='ocrx_word' id='word_1_230' title='bbox 608 1778 663 1826; x_wconf 89' lang='lat' dir='ltr'><strong>te</strong></span> <span class='ocrx_word' id='word_1_231' title='bbox 716 1773 878 1840; x_wconf 89' lang='lat' dir='ltr'><strong>veni,</strong></span> <span class='ocrx_word' id='word_1_232' title='bbox 933 1777 989 1826; x_wconf 91' lang='lat' dir='ltr'><strong>et</strong></span> <span class='ocrx_word' id='word_1_233' title='bbox 1050 1772 1235 1826; x_wconf 90' lang='lat' dir='ltr'><strong>adhuc</strong></span> <span class='ocrx_word' id='word_1_234' title='bbox 1297 1773 1605 1843; x_wconf 89' lang='lat' dir='ltr'><strong>periclitor.</strong></span> <span class='ocrx_word' id='word_1_235' title='bbox 1667 1773 1842 1829; x_wconf 89' lang='lat' dir='ltr'><strong>David</strong></span> <span class='ocrx_word' id='word_1_236' title='bbox 1896 1775 2235 1846; x_wconf 88' lang='lat' dir='ltr'><strong>parricidam</strong></span> <span class='ocrx_word' id='word_1_237' title='bbox 2259 1754 2314 1827; x_wconf 84' lang='grc' dir='ltr'>Β</span> <span class='ocrx_word' id='word_1_238' title='bbox 2337 1754 2643 1850; x_wconf 78' lang='lat' dir='ltr'><strong>adjudicati</strong></span> <span class='ocrx_word' id='word_1_239' title='bbox 2667 1781 2872 1834; x_wconf 86' lang='lat' dir='ltr'><strong>essent.</strong></span> <span class='ocrx_word' id='word_1_240' title='bbox 2905 1777 3031 1842; x_wconf 88' lang='lat' dir='ltr'><strong>Quo</strong></span> <span class='ocrx_word' id='word_1_241' title='bbox 3069 1782 3327 1848; x_wconf 90' lang='lat' dir='ltr'><strong>epotato,</strong></span> <span class='ocrx_word' id='word_1_242' title='bbox 3352 1775 3544 1830; x_wconf 85' lang='lat' dir='ltr'><strong>statim</strong></span> <span class='ocrx_word' id='word_1_243' title='bbox 3574 1778 3808 1828; x_wconf 89' lang='lat' dir='ltr'><strong>mortuus</strong></span> <span class='ocrx_word' id='word_1_244' title='bbox 3826 1779 3901 1828; x_wconf 89' lang='lat' dir='ltr'><strong>est.</strong></span> 
     </span>
    </p>
   </div>
   <div class='ocr_carea' id='block_1_18' title="bbox 610 1866 3904 1944">
    <p class='ocr_par' dir='ltr' id='par_1_18' title="bbox 610 1866 3904 1944">
     <span class='ocr_line' id='line_1_18' title="bbox 610 1866 3904 1944; baseline 0.001 -25"><span class='ocrx_word' id='word_1_245' title='bbox 610 1881 797 1932; x_wconf 89' lang='lat' dir='ltr'><strong>suum,</strong></span> <span class='ocrx_word' id='word_1_246' title='bbox 827 1866 962 1937; x_wconf 88' lang='lat' dir='ltr'><strong>quia</strong></span> <span class='ocrx_word' id='word_1_247' title='bbox 1000 1882 1224 1920; x_wconf 86' lang='lat' dir='ltr'><strong>servare</strong></span> <span class='ocrx_word' id='word_1_248' title='bbox 1266 1883 1381 1921; x_wconf 90' lang='lat' dir='ltr'><strong>non</strong></span> <span class='ocrx_word' id='word_1_249' title='bbox 1421 1866 1624 1938; x_wconf 90' lang='lat' dir='ltr'><strong>potuit,</strong></span> <span class='ocrx_word' id='word_1_250' title='bbox 1657 1867 1990 1938; x_wconf 84' lang='lat' dir='ltr'><strong>vindicavit;</strong></span> <span class='ocrx_word' id='word_1_251' title='bbox 2025 1886 2133 1940; x_wconf 88' lang='lat' dir='ltr'><strong>ego</strong></span> <span class='ocrx_word' id='word_1_252' title='bbox 2167 1869 2235 1924; x_wconf 91' lang='lat' dir='ltr'><strong>de</strong></span> <span class='ocrx_word' id='word_1_253' title='bbox 2340 1873 2416 1926; x_wconf 90' lang='lat' dir='ltr'><strong>De</strong></span> <span class='ocrx_word' id='word_1_254' title='bbox 2469 1889 2584 1944; x_wconf 88' lang='lat' dir='ltr'><strong>quo</strong></span> <span class='ocrx_word' id='word_1_255' title='bbox 2636 1872 2883 1927; x_wconf 90' lang='lat' dir='ltr'><strong>relatum</strong></span> <span class='ocrx_word' id='word_1_256' title='bbox 2929 1871 3004 1926; x_wconf 87' lang='lat' dir='ltr'><strong>ad</strong></span> <span class='ocrx_word' id='word_1_257' title='bbox 3048 1873 3330 1928; x_wconf 86' lang='lat' dir='ltr'><strong>Casarem</strong></span> <span class='ocrx_word' id='word_1_258' title='bbox 3379 1873 3483 1937; x_wconf 90' lang='lat' dir='ltr'><strong>est,</strong></span> <span class='ocrx_word' id='word_1_259' title='bbox 3531 1874 3588 1924; x_wconf 91' lang='lat' dir='ltr'><strong>et</strong></span> <span class='ocrx_word' id='word_1_260' title='bbox 3631 1869 3686 1924; x_wconf 90' lang='lat' dir='ltr'><strong>in</strong></span> <span class='ocrx_word' id='word_1_261' title='bbox 3732 1868 3904 1923; x_wconf 82' lang='lat' dir='ltr'><strong>vincula</strong></span> 
     </span>
    </p>
   </div>
   <div class='ocr_carea' id='block_1_19' title="bbox 612 1958 3903 2038">
    <p class='ocr_par' dir='ltr' id='par_1_19' title="bbox 612 1958 3903 2038">
     <span class='ocr_line' id='line_1_19' title="bbox 612 1958 3903 2038; baseline 0.001 -25"><span class='ocrx_word' id='word_1_262' title='bbox 612 1958 857 2014; x_wconf 87' lang='lat' dir='ltr'><strong>inimicis</strong></span> <span class='ocrx_word' id='word_1_263' title='bbox 902 1964 957 2013; x_wconf 90' lang='lat' dir='ltr'><strong>et</strong></span> <span class='ocrx_word' id='word_1_264' title='bbox 997 1959 1500 2014; x_wconf 86' lang='lat' dir='ltr'><strong>calumniatoribus</strong></span> <span class='ocrx_word' id='word_1_265' title='bbox 1541 1960 1812 2016; x_wconf 88' lang='lat' dir='ltr'><strong>vindicari</strong></span> <span class='ocrx_word' id='word_1_266' title='bbox 1857 1978 1969 2017; x_wconf 91' lang='lat' dir='ltr'><strong>non</strong></span> <span class='ocrx_word' id='word_1_267' title='bbox 2014 1967 2234 2034; x_wconf 84' lang='lat' dir='ltr'><strong>expeto,</strong></span> <span class='ocrx_word' id='word_1_268' title='bbox 2337 1967 2638 2038; x_wconf 81' lang='lat' dir='ltr'><strong>Antipater</strong></span> <span class='ocrx_word' id='word_1_269' title='bbox 2676 1965 2917 2038; x_wconf 88' lang='lat' dir='ltr'><strong>imperio</strong></span> <span class='ocrx_word' id='word_1_270' title='bbox 2947 1966 3125 2037; x_wconf 88' lang='lat' dir='ltr'><strong>patris</strong></span> <span class='ocrx_word' id='word_1_271' title='bbox 3159 1963 3453 2019; x_wconf 88' lang='lat' dir='ltr'><strong>inducitur</strong></span> <span class='ocrx_word' id='word_1_272' title='bbox 3483 1980 3496 2017; x_wconf 89' lang='lat'>:</span> <span class='ocrx_word' id='word_1_273' title='bbox 3526 1979 3627 2018; x_wconf 91' lang='lat' dir='ltr'><strong>nec</strong></span> <span class='ocrx_word' id='word_1_274' title='bbox 3661 1967 3827 2017; x_wconf 85' lang='lat' dir='ltr'><strong>tamen</strong></span> <span class='ocrx_word' id='word_1_275' title='bbox 3853 1961 3903 2015; x_wconf 77' lang='lat' dir='ltr'><strong>ab</strong></span> 
     </span>
    </p>
   </div>
   <div class='ocr_carea' id='block_1_20' title="bbox 612 2053 3904 2128">
    <p class='ocr_par' dir='ltr' id='par_1_20' title="bbox 612 2053 3904 2128">
     <span class='ocr_line' id='line_1_20' title="bbox 612 2053 3904 2128; baseline 0.002 -23"><span class='ocrx_word' id='word_1_276' title='bbox 612 2057 674 2106; x_wconf 91' lang='lat' dir='ltr'><strong>ut</strong></span> <span class='ocrx_word' id='word_1_277' title='bbox 714 2069 808 2106; x_wconf 88' lang='lat' dir='ltr'><strong>cos</strong></span> <span class='ocrx_word' id='word_1_278' title='bbox 844 2053 914 2106; x_wconf 90' lang='lat' dir='ltr'><strong>ad</strong></span> <span class='ocrx_word' id='word_1_279' title='bbox 957 2055 1244 2108; x_wconf 79' lang='lat' dir='ltr'><strong>tormenta</strong></span> <span class='ocrx_word' id='word_1_280' title='bbox 1278 2069 1472 2109; x_wconf 88' lang='lat' dir='ltr'><strong>vocem</strong></span> <span class='ocrx_word' id='word_1_281' title='bbox 1505 2072 1517 2109; x_wconf 88' lang='lat'><strong>:</strong></span> <span class='ocrx_word' id='word_1_282' title='bbox 1550 2055 1842 2110; x_wconf 89' lang='lat' dir='ltr'><strong>lucrentur</strong></span> <span class='ocrx_word' id='word_1_283' title='bbox 1881 2055 1964 2110; x_wconf 90' lang='lat' dir='ltr'><strong>illi</strong></span> <span class='ocrx_word' id='word_1_284' title='bbox 2001 2073 2234 2128; x_wconf 77' lang='lat' dir='ltr'><strong>pariam</strong></span> <span class='ocrx_word' id='word_1_285' title='bbox 2337 2059 2560 2114; x_wconf 89' lang='lat' dir='ltr'><strong>insidiis</strong></span> <span class='ocrx_word' id='word_1_286' title='bbox 2607 2075 2818 2114; x_wconf 89' lang='lat' dir='ltr'><strong>vacuus</strong></span> <span class='ocrx_word' id='word_1_287' title='bbox 2868 2065 3008 2114; x_wconf 88' lang='lat' dir='ltr'><strong>erat.</strong></span> <span class='ocrx_word' id='word_1_288' title='bbox 3060 2060 3199 2114; x_wconf 86' lang='lat' dir='ltr'><strong>Nam</strong></span> <span class='ocrx_word' id='word_1_289' title='bbox 3255 2064 3380 2112; x_wconf 89' lang='lat' dir='ltr'><strong>tum</strong></span> <span class='ocrx_word' id='word_1_290' title='bbox 3430 2057 3664 2112; x_wconf 81' lang='lat' dir='ltr'><strong>maxime</strong></span> <span class='ocrx_word' id='word_1_291' title='bbox 3708 2056 3904 2111; x_wconf 83' lang='lat' dir='ltr'><strong>Salomes</strong></span> 
     </span>
    </p>
   </div>
   <div class='ocr_carea' id='block_1_21' title="bbox 609 2145 3903 2224">
    <p class='ocr_par' dir='ltr' id='par_1_21' title="bbox 609 2145 3903 2224">
     <span class='ocr_line' id='line_1_21' title="bbox 609 2145 3903 2224; baseline 0.001 -25"><span class='ocrx_word' id='word_1_292' title='bbox 609 2145 934 2201; x_wconf 87' lang='lat' dir='ltr'><strong>calumnia.</strong></span> <span class='ocrx_word' id='word_1_293' title='bbox 987 2147 1172 2201; x_wconf 90' lang='lat' dir='ltr'><strong>Unum</strong></span> <span class='ocrx_word' id='word_1_294' title='bbox 1227 2163 1392 2218; x_wconf 91' lang='lat' dir='ltr'><strong>rogo,</strong></span> <span class='ocrx_word' id='word_1_295' title='bbox 1439 2150 1622 2219; x_wconf 86' lang='lat' dir='ltr'><strong>pater,</strong></span> <span class='ocrx_word' id='word_1_296' title='bbox 1674 2164 1744 2203; x_wconf 89' lang='lat' dir='ltr'><strong>ne</strong></span> <span class='ocrx_word' id='word_1_297' title='bbox 1796 2148 1994 2204; x_wconf 89' lang='lat' dir='ltr'><strong>alienis</strong></span> <span class='ocrx_word' id='word_1_298' title='bbox 2045 2151 2237 2206; x_wconf 89' lang='lat' dir='ltr'><strong>credas</strong></span> <span class='ocrx_word' id='word_1_299' title='bbox 2338 2153 2655 2224; x_wconf 89' lang='lat' dir='ltr'><strong>periculum</strong></span> <span class='ocrx_word' id='word_1_300' title='bbox 2707 2152 2850 2208; x_wconf 90' lang='lat' dir='ltr'><strong>dolis</strong></span> <span class='ocrx_word' id='word_1_301' title='bbox 2903 2152 3164 2208; x_wconf 88' lang='lat' dir='ltr'><strong>tentabat</strong></span> <span class='ocrx_word' id='word_1_302' title='bbox 3217 2151 3444 2206; x_wconf 87' lang='lat' dir='ltr'><strong>directis</strong></span> <span class='ocrx_word' id='word_1_303' title='bbox 3499 2149 3760 2221; x_wconf 83' lang='lat' dir='ltr'><strong>epistolis,</strong></span> <span class='ocrx_word' id='word_1_304' title='bbox 3803 2163 3903 2220; x_wconf 80' lang='lat' dir='ltr'><strong>quas</strong></span> 
     </span>
    </p>
   </div>
   <div class='ocr_carea' id='block_1_22' title="bbox 610 2238 3904 2318">
    <p class='ocr_par' dir='ltr' id='par_1_22' title="bbox 610 2238 3904 2318">
     <span class='ocr_line' id='line_1_22' title="bbox 610 2238 3904 2318; baseline 0.001 -24"><span class='ocrx_word' id='word_1_305' title='bbox 610 2238 907 2294; x_wconf 84' lang='lat' dir='ltr'><strong>tormentis</strong></span> <span class='ocrx_word' id='word_1_306' title='bbox 952 2257 966 2294; x_wconf 91' lang='lat'><strong>:</strong></span> <span class='ocrx_word' id='word_1_307' title='bbox 1016 2240 1086 2294; x_wconf 92' lang='lat' dir='ltr'><strong>de</strong></span> <span class='ocrx_word' id='word_1_308' title='bbox 1138 2241 1478 2312; x_wconf 88' lang='lat' dir='ltr'><strong>memetipso</strong></span> <span class='ocrx_word' id='word_1_309' title='bbox 1524 2241 1823 2297; x_wconf 88' lang='lat' dir='ltr'><strong>adversum</strong></span> <span class='ocrx_word' id='word_1_310' title='bbox 1869 2261 1962 2298; x_wconf 90' lang='lat' dir='ltr'><strong>me</strong></span> <span class='ocrx_word' id='word_1_311' title='bbox 2009 2244 2235 2316; x_wconf 89' lang='lat' dir='ltr'><strong>require</strong></span> <span class='ocrx_word' id='word_1_312' title='bbox 2339 2247 2593 2302; x_wconf 90' lang='lat' dir='ltr'><strong>Salomes</strong></span> <span class='ocrx_word' id='word_1_313' title='bbox 2634 2246 2864 2302; x_wconf 86' lang='lat' dir='ltr'><strong>nomine</strong></span> <span class='ocrx_word' id='word_1_314' title='bbox 2904 2245 3195 2318; x_wconf 78' lang='lat' dir='ltr'><strong>Antipater</strong></span> <span class='ocrx_word' id='word_1_315' title='bbox 3234 2247 3649 2316; x_wconf 90' lang='lat' dir='ltr'><strong>composuerat,</strong></span> <span class='ocrx_word' id='word_1_316' title='bbox 3679 2243 3835 2313; x_wconf 87' lang='lat' dir='ltr'><strong>plenis</strong></span> <span class='ocrx_word' id='word_1_317' title='bbox 3863 2242 3904 2295; x_wconf 88' lang='lat' dir='ltr'><strong>in</strong></span> 
     </span>
    </p>
   </div>
   <div class='ocr_carea' id='block_1_23' title="bbox 608 2331 3905 2411">
    <p class='ocr_par' dir='ltr' id='par_1_23' title="bbox 608 2331 3905 2411">
     <span class='ocr_line' id='line_1_23' title="bbox 608 2331 3905 2411; baseline 0.001 -25"><span class='ocrx_word' id='word_1_318' title='bbox 608 2331 900 2404; x_wconf 87' lang='lat' dir='ltr'><strong>supplicia.</strong></span> <span class='ocrx_word' id='word_1_319' title='bbox 951 2333 1243 2404; x_wconf 91' lang='lat' dir='ltr'><strong>Suspende</strong></span> <span class='ocrx_word' id='word_1_320' title='bbox 1297 2350 1458 2390; x_wconf 88' lang='lat' dir='ltr'><strong>reum</strong></span> <span class='ocrx_word' id='word_1_321' title='bbox 1507 2337 1690 2402; x_wconf 90' lang='lat' dir='ltr'><strong>tuum,</strong></span> <span class='ocrx_word' id='word_1_322' title='bbox 1739 2335 1799 2391; x_wconf 90' lang='lat' dir='ltr'><strong>in</strong></span> <span class='ocrx_word' id='word_1_323' title='bbox 1849 2337 2059 2392; x_wconf 81' lang='lat' dir='ltr'><strong>viscera</strong></span> <span class='ocrx_word' id='word_1_324' title='bbox 2105 2355 2236 2394; x_wconf 89' lang='lat' dir='ltr'><strong>mea</strong></span> <span class='ocrx_word' id='word_1_325' title='bbox 2339 2356 2538 2411; x_wconf 83' lang='lat' dir='ltr'><strong>regem</strong></span> <span class='ocrx_word' id='word_1_326' title='bbox 2586 2339 3065 2395; x_wconf 90' lang='lat' dir='ltr'><strong>contumeliarum</strong></span> <span class='ocrx_word' id='word_1_327' title='bbox 3112 2344 3284 2411; x_wconf 88' lang='lat' dir='ltr'><strong>atque</strong></span> <span class='ocrx_word' id='word_1_328' title='bbox 3334 2339 3407 2394; x_wconf 87' lang='lat' dir='ltr'><strong>ad</strong></span> <span class='ocrx_word' id='word_1_329' title='bbox 3448 2340 3657 2392; x_wconf 82' lang='lat' dir='ltr'><strong>Acmen</strong></span> <span class='ocrx_word' id='word_1_330' title='bbox 3698 2335 3905 2391; x_wconf 78' lang='lat' dir='ltr'><strong>ancillam</strong></span> 
     </span>
    </p>
   </div>
   <div class='ocr_carea' id='block_1_24' title="bbox 605 2426 3904 2507">
    <p class='ocr_par' dir='ltr' id='par_1_24' title="bbox 605 2426 3904 2507">
     <span class='ocr_line' id='line_1_24' title="bbox 605 2426 3904 2507; baseline 0.001 -27"><span class='ocrx_word' id='word_1_331' title='bbox 605 2431 811 2499; x_wconf 84' lang='lat' dir='ltr'><strong>pergat</strong></span> <span class='ocrx_word' id='word_1_332' title='bbox 834 2426 1202 2498; x_wconf 87' lang='lat' dir='ltr'><strong>interrogatio</strong></span> <span class='ocrx_word' id='word_1_333' title='bbox 1229 2427 1500 2498; x_wconf 88' lang='lat' dir='ltr'><strong>veritatis,</strong></span> <span class='ocrx_word' id='word_1_334' title='bbox 1529 2428 1589 2484; x_wconf 91' lang='lat' dir='ltr'><strong>in</strong></span> <span class='ocrx_word' id='word_1_335' title='bbox 1615 2445 1818 2501; x_wconf 87' lang='lat' dir='ltr'><strong>corpus</strong></span> <span class='ocrx_word' id='word_1_336' title='bbox 1843 2447 2036 2487; x_wconf 87' lang='lat' dir='ltr'><strong>meum</strong></span> <span class='ocrx_word' id='word_1_337' title='bbox 2064 2436 2236 2504; x_wconf 90' lang='lat' dir='ltr'><strong>atque</strong></span> <span class='ocrx_word' id='word_1_338' title='bbox 2334 2434 2501 2489; x_wconf 86' lang='lat' dir='ltr'><strong>Julia</strong></span> <span class='ocrx_word' id='word_1_339' title='bbox 2529 2451 2658 2507; x_wconf 85' lang='lat' dir='ltr'><strong>qua</strong></span> <span class='ocrx_word' id='word_1_340' title='bbox 2699 2450 2839 2489; x_wconf 87' lang='lat' dir='ltr'><strong>uxor</strong></span> <span class='ocrx_word' id='word_1_341' title='bbox 2874 2432 3109 2488; x_wconf 82' lang='lat' dir='ltr'><strong>Caesaris</strong></span> <span class='ocrx_word' id='word_1_342' title='bbox 3147 2436 3288 2499; x_wconf 87' lang='lat' dir='ltr'><strong>erat,</strong></span> <span class='ocrx_word' id='word_1_343' title='bbox 3322 2448 3426 2503; x_wconf 91' lang='lat' dir='ltr'><strong>per</strong></span> <span class='ocrx_word' id='word_1_344' title='bbox 3460 2429 3726 2503; x_wconf 86' lang='lat' dir='ltr'><strong>Antiphili</strong></span> <span class='ocrx_word' id='word_1_345' title='bbox 3757 2444 3904 2484; x_wconf 74' lang='lat' dir='ltr'><strong>servu-</strong></span> 
     </span>
    </p>
   </div>
   <div class='ocr_carea' id='block_1_25' title="bbox 609 2520 3908 2599">
    <p class='ocr_par' dir='ltr' id='par_1_25' title="bbox 609 2520 3908 2599">
     <span class='ocr_line' id='line_1_25' title="bbox 609 2520 3908 2599; baseline 0 -25"><span class='ocrx_word' id='word_1_346' title='bbox 609 2520 668 2574; x_wconf 92' lang='lat' dir='ltr'><strong>in</strong></span> <span class='ocrx_word' id='word_1_347' title='bbox 709 2520 981 2575; x_wconf 89' lang='lat' dir='ltr'><strong>interiora</strong></span> <span class='ocrx_word' id='word_1_348' title='bbox 1025 2521 1348 2593; x_wconf 88' lang='lat' dir='ltr'><strong>penetralia</strong></span> <span class='ocrx_word' id='word_1_349' title='bbox 1396 2522 1742 2578; x_wconf 89' lang='lat' dir='ltr'><strong>descendant</strong></span> <span class='ocrx_word' id='word_1_350' title='bbox 1785 2524 2031 2581; x_wconf 84' lang='lat' dir='ltr'><strong>ﬂdicula</strong></span> <span class='ocrx_word' id='word_1_351' title='bbox 2075 2542 2233 2598; x_wconf 83' lang='lat' dir='ltr'><strong>qua-</strong></span> <span class='ocrx_word' id='word_1_352' title='bbox 2339 2529 2458 2582; x_wconf 92' lang='lat' dir='ltr'><strong>lum</strong></span> <span class='ocrx_word' id='word_1_353' title='bbox 2511 2527 2752 2599; x_wconf 88' lang='lat' dir='ltr'><strong>perferri</strong></span> <span class='ocrx_word' id='word_1_354' title='bbox 2795 2527 3064 2598; x_wconf 88' lang='lat' dir='ltr'><strong>jusserat,</strong></span> <span class='ocrx_word' id='word_1_355' title='bbox 3115 2542 3253 2598; x_wconf 88' lang='lat' dir='ltr'><strong>quas</strong></span> <span class='ocrx_word' id='word_1_356' title='bbox 3307 2528 3516 2580; x_wconf 87' lang='lat' dir='ltr'><strong>Acmes</strong></span> <span class='ocrx_word' id='word_1_357' title='bbox 3565 2524 3666 2578; x_wconf 86' lang='lat' dir='ltr'><strong>sibi</strong></span> <span class='ocrx_word' id='word_1_358' title='bbox 3713 2521 3908 2578; x_wconf 80' lang='lat' dir='ltr'><strong>redditas</strong></span> 
     </span>
    </p>
   </div>
   <div class='ocr_carea' id='block_1_26' title="bbox 608 2613 3908 2692">
    <p class='ocr_par' dir='ltr' id='par_1_26' title="bbox 608 2613 3908 2692">
     <span class='ocr_line' id='line_1_26' title="bbox 608 2613 3908 2692; baseline 0.001 -25"><span class='ocrx_word' id='word_1_359' title='bbox 608 2613 876 2682; x_wconf 88' lang='lat' dir='ltr'><strong>stionum,</strong></span> <span class='ocrx_word' id='word_1_360' title='bbox 927 2615 1172 2687; x_wconf 90' lang='lat' dir='ltr'><strong>proﬂuat</strong></span> <span class='ocrx_word' id='word_1_361' title='bbox 1223 2615 1478 2688; x_wconf 88' lang='lat' dir='ltr'><strong>sanguis,</strong></span> <span class='ocrx_word' id='word_1_362' title='bbox 1525 2617 1624 2689; x_wconf 93' lang='lat' dir='ltr'><strong>qui</strong></span> <span class='ocrx_word' id='word_1_363' title='bbox 1673 2618 1813 2674; x_wconf 90' lang='lat' dir='ltr'><strong>solet</strong></span> <span class='ocrx_word' id='word_1_364' title='bbox 1865 2618 2236 2690; x_wconf 89' lang='lat' dir='ltr'><strong>parricidium</strong></span> <span class='ocrx_word' id='word_1_365' title='bbox 2338 2621 2459 2692; x_wconf 87' lang='lat' dir='ltr'><strong>regi</strong></span> <span class='ocrx_word' id='word_1_366' title='bbox 2502 2621 2944 2687; x_wconf 88' lang='lat' dir='ltr'><strong>transmitteret;</strong></span> <span class='ocrx_word' id='word_1_367' title='bbox 2983 2637 3050 2675; x_wconf 90' lang='lat' dir='ltr'><strong>ac</strong></span> <span class='ocrx_word' id='word_1_368' title='bbox 3088 2635 3236 2692; x_wconf 90' lang='lat' dir='ltr'><strong>pene</strong></span> <span class='ocrx_word' id='word_1_369' title='bbox 3276 2619 3337 2673; x_wconf 90' lang='lat' dir='ltr'><strong>in</strong></span> <span class='ocrx_word' id='word_1_370' title='bbox 3372 2618 3626 2674; x_wconf 90' lang='lat' dir='ltr'><strong>mulieris</strong></span> <span class='ocrx_word' id='word_1_371' title='bbox 3653 2616 3908 2689; x_wconf 84' lang='lat' dir='ltr'><strong>perniciem</strong></span> 
     </span>
    </p>
   </div>
   <div class='ocr_carea' id='block_1_27' title="bbox 607 2707 3908 2785">
    <p class='ocr_par' dir='ltr' id='par_1_27' title="bbox 607 2707 3908 2785">
     <span class='ocr_line' id='line_1_27' title="bbox 607 2707 3908 2785; baseline -0.001 -24"><span class='ocrx_word' id='word_1_372' title='bbox 607 2707 889 2776; x_wconf 89' lang='lat' dir='ltr'><strong>clamare,</strong></span> <span class='ocrx_word' id='word_1_373' title='bbox 946 2709 1204 2764; x_wconf 88' lang='lat' dir='ltr'><strong>ferantur</strong></span> <span class='ocrx_word' id='word_1_374' title='bbox 1265 2709 1431 2781; x_wconf 88' lang='lat' dir='ltr'><strong>ignes</strong></span> <span class='ocrx_word' id='word_1_375' title='bbox 1482 2711 1540 2766; x_wconf 88' lang='lat' dir='ltr'><strong>in</strong></span> <span class='ocrx_word' id='word_1_376' title='bbox 1604 2716 1760 2765; x_wconf 85' lang='lat' dir='ltr'><strong>artus</strong></span> <span class='ocrx_word' id='word_1_377' title='bbox 1810 2713 2025 2768; x_wconf 89' lang='lat' dir='ltr'><strong>noxios.</strong></span> <span class='ocrx_word' id='word_1_378' title='bbox 2088 2713 2233 2779; x_wconf 89' lang='lat' dir='ltr'><strong>Quid</strong></span> <span class='ocrx_word' id='word_1_379' title='bbox 2335 2715 2487 2769; x_wconf 85' lang='lat' dir='ltr'><strong>fraus</strong></span> <span class='ocrx_word' id='word_1_380' title='bbox 2523 2715 2908 2783; x_wconf 87' lang='lat' dir='ltr'><strong>convaluerat,</strong></span> <span class='ocrx_word' id='word_1_381' title='bbox 2941 2715 3002 2768; x_wconf 89' lang='lat' dir='ltr'><strong>ni</strong></span> <span class='ocrx_word' id='word_1_382' title='bbox 3040 2717 3268 2785; x_wconf 86' lang='lat' dir='ltr'><strong>reperta</strong></span> <span class='ocrx_word' id='word_1_383' title='bbox 3309 2716 3463 2767; x_wconf 86' lang='lat' dir='ltr'><strong>esset</strong></span> <span class='ocrx_word' id='word_1_384' title='bbox 3502 2711 3731 2782; x_wconf 89' lang='lat' dir='ltr'><strong>epistola</strong></span> <span class='ocrx_word' id='word_1_385' title='bbox 3754 2712 3908 2764; x_wconf 75' lang='lat' dir='ltr'><strong>Acmes</strong></span> 
     </span>
    </p>
   </div>
   <div class='ocr_carea' id='block_1_28' title="bbox 607 2801 3908 2880">
    <p class='ocr_par' dir='ltr' id='par_1_28' title="bbox 607 2801 3908 2880">
     <span class='ocr_line' id='line_1_28' title="bbox 607 2801 3908 2880; baseline 0.001 -24"><span class='ocrx_word' id='word_1_386' title='bbox 607 2801 853 2870; x_wconf 87' lang='lat' dir='ltr'><strong>dubitas,</strong></span> <span class='ocrx_word' id='word_1_387' title='bbox 886 2805 1092 2874; x_wconf 82' lang='lat' dir='ltr'><strong>pater?</strong></span> <span class='ocrx_word' id='word_1_388' title='bbox 1129 2803 1176 2858; x_wconf 93' lang='lat' dir='ltr'><strong>si</strong></span> <span class='ocrx_word' id='word_1_389' title='bbox 1218 2804 1422 2876; x_wconf 86' lang='lat' dir='ltr'><strong>parcis,</strong></span> <span class='ocrx_word' id='word_1_390' title='bbox 1463 2804 1828 2861; x_wconf 90' lang='lat' dir='ltr'><strong>innocentem</strong></span> <span class='ocrx_word' id='word_1_391' title='bbox 1872 2807 2232 2878; x_wconf 89' lang='lat' dir='ltr'><strong>pronuntias;</strong></span> <span class='ocrx_word' id='word_1_392' title='bbox 2336 2808 2411 2864; x_wconf 88' lang='lat' dir='ltr'><strong>ad</strong></span> <span class='ocrx_word' id='word_1_393' title='bbox 2459 2808 2846 2879; x_wconf 83' lang='lat' dir='ltr'><strong>Antipatrum,</strong></span> <span class='ocrx_word' id='word_1_394' title='bbox 2899 2824 3028 2880; x_wconf 84' lang='lat' dir='ltr'><strong>qua</strong></span> <span class='ocrx_word' id='word_1_395' title='bbox 3082 2807 3275 2861; x_wconf 90' lang='lat' dir='ltr'><strong>dolum</strong></span> <span class='ocrx_word' id='word_1_396' title='bbox 3332 2805 3601 2877; x_wconf 91' lang='lat' dir='ltr'><strong>prodidit,</strong></span> <span class='ocrx_word' id='word_1_397' title='bbox 3649 2803 3831 2874; x_wconf 87' lang='lat' dir='ltr'><strong>scripta</strong></span> <span class='ocrx_word' id='word_1_398' title='bbox 3867 2801 3908 2854; x_wconf 82' lang='lat' dir='ltr'><strong>in</strong></span> 
     </span>
    </p>
   </div>
   <div class='ocr_carea' id='block_1_29' title="bbox 607 2895 3908 2972">
    <p class='ocr_par' dir='ltr' id='par_1_29' title="bbox 607 2895 3908 2972">
     <span class='ocr_line' id='line_1_29' title="bbox 607 2895 3908 2972; baseline -0.001 -22"><span class='ocrx_word' id='word_1_399' title='bbox 607 2895 650 2950; x_wconf 90' lang='lat' dir='ltr'><strong>si</strong></span> <span class='ocrx_word' id='word_1_400' title='bbox 691 2912 724 2948; x_wconf 86' lang='lat' dir='ltr'><strong>a</strong></span> <span class='ocrx_word' id='word_1_401' title='bbox 763 2896 1013 2952; x_wconf 88' lang='lat' dir='ltr'><strong>cruciatu</strong></span> <span class='ocrx_word' id='word_1_402' title='bbox 1054 2902 1361 2969; x_wconf 87' lang='lat' dir='ltr'><strong>temperas,</strong></span> <span class='ocrx_word' id='word_1_403' title='bbox 1401 2898 1648 2954; x_wconf 87' lang='lat' dir='ltr'><strong>absolvis</strong></span> <span class='ocrx_word' id='word_1_404' title='bbox 1689 2899 1948 2956; x_wconf 89' lang='lat' dir='ltr'><strong>crimine.</strong></span> <span class='ocrx_word' id='word_1_405' title='bbox 1988 2902 2112 2956; x_wconf 89' lang='lat' dir='ltr'><strong>Non</strong></span> <span class='ocrx_word' id='word_1_406' title='bbox 2151 2905 2237 2957; x_wconf 89' lang='lat' dir='ltr'><strong>est</strong></span> <span class='ocrx_word' id='word_1_407' title='bbox 2337 2904 2491 2958; x_wconf 88' lang='lat' dir='ltr'><strong>hunc</strong></span> <span class='ocrx_word' id='word_1_408' title='bbox 2530 2901 2768 2956; x_wconf 91' lang='lat' dir='ltr'><strong>modum</strong></span> <span class='ocrx_word' id='word_1_409' title='bbox 2803 2901 3001 2958; x_wconf 90' lang='lat' dir='ltr'><strong>:Sicut</strong></span> <span class='ocrx_word' id='word_1_410' title='bbox 3039 2900 3285 2966; x_wconf 88' lang='lat' dir='ltr'><strong>voluisti,</strong></span> <span class='ocrx_word' id='word_1_411' title='bbox 3325 2900 3479 2972; x_wconf 87' lang='lat' dir='ltr'><strong>patri</strong></span> <span class='ocrx_word' id='word_1_412' title='bbox 3519 2901 3614 2954; x_wconf 89' lang='lat' dir='ltr'><strong>tuo</strong></span> <span class='ocrx_word' id='word_1_413' title='bbox 3652 2895 3839 2969; x_wconf 85' lang='lat' dir='ltr'><strong>scripsi,</strong></span> <span class='ocrx_word' id='word_1_414' title='bbox 3870 2897 3908 2947; x_wconf 82' lang='lat' dir='ltr'><strong>et</strong></span> 
     </span>
    </p>
   </div>
   <div class='ocr_carea' id='block_1_30' title="bbox 604 2988 3908 3068">
    <p class='ocr_par' dir='ltr' id='par_1_30' title="bbox 604 2988 3908 3068">
     <span class='ocr_line' id='line_1_30' title="bbox 604 2988 3908 3068; baseline -0.001 -25"><span class='ocrx_word' id='word_1_415' title='bbox 604 2989 906 3060; x_wconf 88' lang='lat' dir='ltr'><strong>parricida,</strong></span> <span class='ocrx_word' id='word_1_416' title='bbox 945 2990 1046 3062; x_wconf 92' lang='lat' dir='ltr'><strong>qui</strong></span> <span class='ocrx_word' id='word_1_417' title='bbox 1085 2991 1329 3063; x_wconf 85' lang='lat' dir='ltr'><strong>simplici</strong></span> <span class='ocrx_word' id='word_1_418' title='bbox 1363 2997 1545 3048; x_wconf 90' lang='lat' dir='ltr'><strong>morte</strong></span> <span class='ocrx_word' id='word_1_419' title='bbox 1585 2992 1796 3064; x_wconf 89' lang='lat' dir='ltr'><strong>dignus</strong></span> <span class='ocrx_word' id='word_1_420' title='bbox 1835 2997 2088 3065; x_wconf 87' lang='lat' dir='ltr'><strong>putatur.</strong></span> <span class='ocrx_word' id='word_1_421' title='bbox 2127 2998 2237 3052; x_wconf 88' lang='lat' dir='ltr'><strong>Aut</strong></span> <span class='ocrx_word' id='word_1_422' title='bbox 2338 2996 2601 3068; x_wconf 85' lang='lat' dir='ltr'><strong>epistolas</strong></span> <span class='ocrx_word' id='word_1_423' title='bbox 2641 2995 2769 3050; x_wconf 90' lang='lat' dir='ltr'><strong>illas</strong></span> <span class='ocrx_word' id='word_1_424' title='bbox 2811 2995 3020 3064; x_wconf 84' lang='lat' dir='ltr'><strong>direxi;</strong></span> <span class='ocrx_word' id='word_1_425' title='bbox 3069 3011 3175 3049; x_wconf 91' lang='lat' dir='ltr'><strong>nec</strong></span> <span class='ocrx_word' id='word_1_426' title='bbox 3222 2993 3422 3049; x_wconf 91' lang='lat' dir='ltr'><strong>dubito</strong></span> <span class='ocrx_word' id='word_1_427' title='bbox 3474 3009 3664 3065; x_wconf 90' lang='lat' dir='ltr'><strong>regem</strong></span> <span class='ocrx_word' id='word_1_428' title='bbox 3705 2989 3758 3044; x_wconf 92' lang='lat' dir='ltr'><strong>in</strong></span> <span class='ocrx_word' id='word_1_429' title='bbox 3792 2988 3908 3060; x_wconf 87' lang='lat' dir='ltr'><strong>peri-</strong></span> 
     </span>
    </p>
   </div>
   <div class='ocr_carea' id='block_1_31' title="bbox 604 3081 3910 3195">
    <p class='ocr_par' dir='ltr' id='par_1_31' title="bbox 604 3081 3910 3195">
     <span class='ocr_line' id='line_1_31' title="bbox 604 3081 3910 3195; baseline -0.001 -58"><span class='ocrx_word' id='word_1_430' title='bbox 604 3082 650 3137; x_wconf 89' lang='lat' dir='ltr'><strong>si</strong></span> <span class='ocrx_word' id='word_1_431' title='bbox 687 3087 749 3138; x_wconf 91' lang='lat' dir='ltr'><strong>ut</strong></span> <span class='ocrx_word' id='word_1_432' title='bbox 786 3081 900 3138; x_wconf 86' lang='lat' dir='ltr'><strong>ﬂlio</strong></span> <span class='ocrx_word' id='word_1_433' title='bbox 939 3084 1145 3155; x_wconf 89' lang='lat' dir='ltr'><strong>parcis,</strong></span> <span class='ocrx_word' id='word_1_434' title='bbox 1173 3087 1231 3140; x_wconf 85' lang='lat' dir='ltr'><strong>et</strong></span> <span class='ocrx_word' id='word_1_435' title='bbox 1258 3101 1328 3140; x_wconf 86' lang='lat' dir='ltr'><strong>ex</strong></span> <span class='ocrx_word' id='word_1_436' title='bbox 1364 3088 1422 3139; x_wconf 88' lang='lat' dir='ltr'><strong>te</strong></span> <span class='ocrx_word' id='word_1_437' title='bbox 1457 3086 1665 3156; x_wconf 86' lang='lat' dir='ltr'><strong>genitis</strong></span> <span class='ocrx_word' id='word_1_438' title='bbox 1705 3087 1976 3142; x_wconf 86' lang='lat' dir='ltr'><strong>membris</strong></span> <span class='ocrx_word' id='word_1_439' title='bbox 2005 3105 2230 3161; x_wconf 90' lang='lat' dir='ltr'><strong>compa-</strong></span> <span class='ocrx_word' id='word_1_440' title='bbox 2256 3122 2310 3195; x_wconf 64' lang='grc' dir='ltr'><strong>Ο</strong></span> <span class='ocrx_word' id='word_1_441' title='bbox 2335 3092 2527 3145; x_wconf 89' lang='lat' dir='ltr'><strong>culum</strong></span> <span class='ocrx_word' id='word_1_442' title='bbox 2583 3089 2796 3145; x_wconf 90' lang='lat' dir='ltr'><strong>sororis</strong></span> <span class='ocrx_word' id='word_1_443' title='bbox 2839 3089 3319 3144; x_wconf 87' lang='lat' dir='ltr'><strong>insurrecturum.</strong></span> <span class='ocrx_word' id='word_1_444' title='bbox 3369 3089 3449 3142; x_wconf 90' lang='lat' dir='ltr'><strong>Tu</strong></span> <span class='ocrx_word' id='word_1_445' title='bbox 3502 3087 3672 3141; x_wconf 90' lang='lat' dir='ltr'><strong>vicem</strong></span> <span class='ocrx_word' id='word_1_446' title='bbox 3720 3081 3910 3138; x_wconf 81' lang='lat' dir='ltr'><strong>restitue</strong></span> 
     </span>
    </p>
   </div>
   <div class='ocr_carea' id='block_1_32' title="bbox 605 3176 3909 3257">
    <p class='ocr_par' dir='ltr' id='par_1_32' title="bbox 605 3176 3909 3257">
     <span class='ocr_line' id='line_1_32' title="bbox 605 3176 3909 3257; baseline -0.002 -25"><span class='ocrx_word' id='word_1_447' title='bbox 605 3176 760 3245; x_wconf 75' lang='lat' dir='ltr'><strong>teris,</strong></span> <span class='ocrx_word' id='word_1_448' title='bbox 794 3193 911 3232; x_wconf 88' lang='lat' dir='ltr'><strong>non</strong></span> <span class='ocrx_word' id='word_1_449' title='bbox 951 3181 1084 3233; x_wconf 91' lang='lat' dir='ltr'><strong>sunt</strong></span> <span class='ocrx_word' id='word_1_450' title='bbox 1120 3177 1385 3233; x_wconf 89' lang='lat' dir='ltr'><strong>membra</strong></span> <span class='ocrx_word' id='word_1_451' title='bbox 1420 3182 1536 3247; x_wconf 89' lang='lat' dir='ltr'><strong>tua,</strong></span> <span class='ocrx_word' id='word_1_452' title='bbox 1579 3196 1708 3250; x_wconf 89' lang='lat' dir='ltr'><strong>qua</strong></span> <span class='ocrx_word' id='word_1_453' title='bbox 1746 3186 1878 3235; x_wconf 91' lang='lat' dir='ltr'><strong>sunt</strong></span> <span class='ocrx_word' id='word_1_454' title='bbox 1916 3181 2235 3238; x_wconf 87' lang='lat' dir='ltr'><strong>ministeria</strong></span> <span class='ocrx_word' id='word_1_455' title='bbox 2260 3176 2310 3195; x_wconf 63' lang='grc' dir='ltr'>ν</span> <span class='ocrx_word' id='word_1_456' title='bbox 2337 3189 2530 3257; x_wconf 79' lang='lat' dir='ltr'><strong>Optato</strong></span> <span class='ocrx_word' id='word_1_457' title='bbox 2571 3183 2774 3239; x_wconf 71' lang='lat' dir='ltr'><strong>eﬂ‘ectu</strong></span> <span class='ocrx_word' id='word_1_458' title='bbox 2807 3183 3040 3254; x_wconf 90' lang='lat' dir='ltr'><strong>potitus.</strong></span> <span class='ocrx_word' id='word_1_459' title='bbox 3075 3181 3171 3238; x_wconf 85' lang='lat' dir='ltr'><strong>llis</strong></span> <span class='ocrx_word' id='word_1_460' title='bbox 3203 3181 3415 3236; x_wconf 89' lang='lat' dir='ltr'><strong>litteris</strong></span> <span class='ocrx_word' id='word_1_461' title='bbox 3452 3177 3812 3252; x_wconf 86' lang='lat' dir='ltr'><strong>deprehensis,</strong></span> <span class='ocrx_word' id='word_1_462' title='bbox 3837 3189 3909 3229; x_wconf 84' lang='lat' dir='ltr'><strong>rex</strong></span> 
     </span>
    </p>
   </div>
   <div class='ocr_carea' id='block_1_33' title="bbox 591 3268 3909 3350">
    <p class='ocr_par' dir='ltr' id='par_1_33' title="bbox 591 3268 3909 3350">
     <span class='ocr_line' id='line_1_33' title="bbox 591 3268 3909 3350; baseline -0.001 -26"><span class='ocrx_word' id='word_1_463' title='bbox 591 3270 974 3325; x_wconf 83' lang='lat' dir='ltr'><strong>crudelitatis.</strong></span> <span class='ocrx_word' id='word_1_464' title='bbox 1018 3271 1144 3325; x_wconf 83' lang='lat' dir='ltr'><strong>Hac</strong></span> <span class='ocrx_word' id='word_1_465' title='bbox 1192 3271 1286 3326; x_wconf 90' lang='lat' dir='ltr'><strong>ubi</strong></span> <span class='ocrx_word' id='word_1_466' title='bbox 1328 3273 1550 3326; x_wconf 90' lang='lat' dir='ltr'><strong>locutus</strong></span> <span class='ocrx_word' id='word_1_467' title='bbox 1589 3275 1695 3341; x_wconf 91' lang='lat' dir='ltr'><strong>est,</strong></span> <span class='ocrx_word' id='word_1_468' title='bbox 1739 3289 1953 3346; x_wconf 89' lang='lat' dir='ltr'><strong>magno</strong></span> <span class='ocrx_word' id='word_1_469' title='bbox 1994 3275 2136 3331; x_wconf 89' lang='lat' dir='ltr'><strong>ﬂetu</strong></span> <span class='ocrx_word' id='word_1_470' title='bbox 2177 3282 2236 3333; x_wconf 90' lang='lat' dir='ltr'><strong>et</strong></span> <span class='ocrx_word' id='word_1_471' title='bbox 2335 3279 2394 3334; x_wconf 90' lang='lat' dir='ltr'><strong>in</strong></span> <span class='ocrx_word' id='word_1_472' title='bbox 2443 3279 2824 3350; x_wconf 88' lang='lat' dir='ltr'><strong>suspicionem</strong></span> <span class='ocrx_word' id='word_1_473' title='bbox 2881 3276 3173 3342; x_wconf 87' lang='lat' dir='ltr'><strong>deductus,</strong></span> <span class='ocrx_word' id='word_1_474' title='bbox 3221 3275 3372 3348; x_wconf 90' lang='lat' dir='ltr'><strong>quod</strong></span> <span class='ocrx_word' id='word_1_475' title='bbox 3427 3274 3601 3330; x_wconf 88' lang='lat' dir='ltr'><strong>etiam</strong></span> <span class='ocrx_word' id='word_1_476' title='bbox 3650 3268 3909 3328; x_wconf 83' lang='lat' dir='ltr'><strong>Alexander</strong></span> 
     </span>
    </p>
   </div>
   <div class='ocr_carea' id='block_1_34' title="bbox 609 3363 3906 3444">
    <p class='ocr_par' dir='ltr' id='par_1_34' title="bbox 609 3363 3906 3444">
     <span class='ocr_line' id='line_1_34' title="bbox 609 3363 3906 3444; baseline 0.001 -27"><span class='ocrx_word' id='word_1_477' title='bbox 609 3363 823 3435; x_wconf 89' lang='lat' dir='ltr'><strong>gemitu</strong></span> <span class='ocrx_word' id='word_1_478' title='bbox 852 3363 1207 3419; x_wconf 87' lang='lat' dir='ltr'><strong>lamentabili</strong></span> <span class='ocrx_word' id='word_1_479' title='bbox 1247 3365 1420 3420; x_wconf 85' lang='lat' dir='ltr'><strong>ﬁnem</strong></span> <span class='ocrx_word' id='word_1_480' title='bbox 1460 3366 1685 3422; x_wconf 89' lang='lat' dir='ltr'><strong>dicendi</strong></span> <span class='ocrx_word' id='word_1_481' title='bbox 1719 3367 1868 3436; x_wconf 91' lang='lat' dir='ltr'><strong>fecit,</strong></span> <span class='ocrx_word' id='word_1_482' title='bbox 1903 3368 2234 3442; x_wconf 89' lang='lat' dir='ltr'><strong>ululatuque</strong></span> <span class='ocrx_word' id='word_1_483' title='bbox 2334 3373 2457 3444; x_wconf 86' lang='lat' dir='ltr'><strong>pari</strong></span> <span class='ocrx_word' id='word_1_484' title='bbox 2489 3376 2612 3427; x_wconf 90' lang='lat' dir='ltr'><strong>arte</strong></span> <span class='ocrx_word' id='word_1_485' title='bbox 2644 3370 2972 3442; x_wconf 90' lang='lat' dir='ltr'><strong>compositis</strong></span> <span class='ocrx_word' id='word_1_486' title='bbox 2993 3387 3028 3425; x_wconf 87' lang='lat' dir='ltr'><strong>a</strong></span> <span class='ocrx_word' id='word_1_487' title='bbox 3054 3371 3229 3425; x_wconf 88' lang='lat' dir='ltr'><strong>fratre</strong></span> <span class='ocrx_word' id='word_1_488' title='bbox 3263 3375 3408 3425; x_wconf 89' lang='lat' dir='ltr'><strong>esset</strong></span> <span class='ocrx_word' id='word_1_489' title='bbox 3443 3369 3724 3441; x_wconf 86' lang='lat' dir='ltr'><strong>appetitus</strong></span> <span class='ocrx_word' id='word_1_490' title='bbox 3751 3363 3906 3436; x_wconf 70' lang='lat' dir='ltr'><strong>episto</strong></span> 
     </span>
    </p>
   </div>
   <div class='ocr_carea' id='block_1_35' title="bbox 606 3454 3908 3536">
    <p class='ocr_par' dir='ltr' id='par_1_35' title="bbox 606 3454 3908 3536">
     <span class='ocr_line' id='line_1_35' title="bbox 606 3454 3908 3536; baseline -0.001 -26"><span class='ocrx_word' id='word_1_491' title='bbox 606 3456 857 3512; x_wconf 89' lang='lat' dir='ltr'><strong>maximo</strong></span> <span class='ocrx_word' id='word_1_492' title='bbox 885 3459 1094 3513; x_wconf 90' lang='lat' dir='ltr'><strong>Varum</strong></span> <span class='ocrx_word' id='word_1_493' title='bbox 1121 3461 1180 3513; x_wconf 91' lang='lat' dir='ltr'><strong>et</strong></span> <span class='ocrx_word' id='word_1_494' title='bbox 1203 3475 1401 3514; x_wconf 88' lang='lat' dir='ltr'><strong>omnes</strong></span> <span class='ocrx_word' id='word_1_495' title='bbox 1425 3459 1495 3514; x_wconf 90' lang='lat' dir='ltr'><strong>ad</strong></span> <span class='ocrx_word' id='word_1_496' title='bbox 1524 3459 1950 3516; x_wconf 89' lang='lat' dir='ltr'><strong>miserationem</strong></span> <span class='ocrx_word' id='word_1_497' title='bbox 1979 3463 2229 3535; x_wconf 87' lang='lat' dir='ltr'><strong>inﬂexit;</strong></span> <span class='ocrx_word' id='word_1_498' title='bbox 2336 3467 2421 3536; x_wconf 89' lang='lat' dir='ltr'><strong>lis,</strong></span> <span class='ocrx_word' id='word_1_499' title='bbox 2472 3472 2529 3522; x_wconf 90' lang='lat' dir='ltr'><strong>et</strong></span> <span class='ocrx_word' id='word_1_500' title='bbox 2573 3465 2758 3520; x_wconf 87' lang='lat' dir='ltr'><strong>nimia</strong></span> <span class='ocrx_word' id='word_1_501' title='bbox 2804 3463 3187 3520; x_wconf 89' lang='lat' dir='ltr'><strong>commotione</strong></span> <span class='ocrx_word' id='word_1_502' title='bbox 3237 3466 3618 3535; x_wconf 87' lang='lat' dir='ltr'><strong>exasperatus,</strong></span> <span class='ocrx_word' id='word_1_503' title='bbox 3665 3454 3908 3532; x_wconf 84' lang='lat' dir='ltr'><strong>agritudi-</strong></span> 
     </span>
    </p>
   </div>
   <div class='ocr_carea' id='block_1_36' title="bbox 608 3549 3909 3631">
    <p class='ocr_par' dir='ltr' id='par_1_36' title="bbox 608 3549 3909 3631">
     <span class='ocr_line' id='line_1_36' title="bbox 608 3549 3909 3631; baseline 0.001 -27"><span class='ocrx_word' id='word_1_504' title='bbox 608 3549 758 3604; x_wconf 89' lang='lat' dir='ltr'><strong>solus</strong></span> <span class='ocrx_word' id='word_1_505' title='bbox 810 3551 1055 3607; x_wconf 85' lang='lat' dir='ltr'><strong>Herodes</strong></span> <span class='ocrx_word' id='word_1_506' title='bbox 1108 3552 1276 3608; x_wconf 88' lang='lat' dir='ltr'><strong>nullis</strong></span> <span class='ocrx_word' id='word_1_507' title='bbox 1329 3553 1666 3609; x_wconf 87' lang='lat' dir='ltr'><strong>movebatur</strong></span> <span class='ocrx_word' id='word_1_508' title='bbox 1721 3555 2006 3626; x_wconf 85' lang='lat' dir='ltr'><strong>lacrymis,</strong></span> <span class='ocrx_word' id='word_1_509' title='bbox 2057 3561 2231 3630; x_wconf 87' lang='lat' dir='ltr'><strong>atque</strong></span> <span class='ocrx_word' id='word_1_510' title='bbox 2336 3576 2467 3615; x_wconf 90' lang='lat' dir='ltr'><strong>nem</strong></span> <span class='ocrx_word' id='word_1_511' title='bbox 2513 3575 2745 3631; x_wconf 86' lang='lat' dir='ltr'><strong>gravem</strong></span> <span class='ocrx_word' id='word_1_512' title='bbox 2789 3558 3093 3614; x_wconf 81' lang='lat' dir='ltr'><strong>contraxit.</strong></span> <span class='ocrx_word' id='word_1_513' title='bbox 3135 3558 3256 3622; x_wconf 88' lang='lat' dir='ltr'><strong>Quo</strong></span> <span class='ocrx_word' id='word_1_514' title='bbox 3297 3573 3356 3611; x_wconf 88' lang='lat' dir='ltr'><strong>se</strong></span> <span class='ocrx_word' id='word_1_515' title='bbox 3401 3556 3599 3612; x_wconf 88' lang='lat' dir='ltr'><strong>videns</strong></span> <span class='ocrx_word' id='word_1_516' title='bbox 3635 3553 3806 3626; x_wconf 88' lang='lat' dir='ltr'><strong>urgeri</strong></span> <span class='ocrx_word' id='word_1_517' title='bbox 3841 3565 3909 3620; x_wconf 86' lang='lat' dir='ltr'><strong>pe-</strong></span> 
     </span>
    </p>
   </div>
   <div class='ocr_carea' id='block_1_37' title="bbox 604 3640 3907 3724">
    <p class='ocr_par' dir='ltr' id='par_1_37' title="bbox 604 3640 3907 3724">
     <span class='ocr_line' id='line_1_37' title="bbox 604 3640 3907 3724; baseline 0.002 -26"><span class='ocrx_word' id='word_1_518' title='bbox 604 3644 725 3716; x_wconf 87' lang='lat' dir='ltr'><strong>ipse</strong></span> <span class='ocrx_word' id='word_1_519' title='bbox 780 3661 812 3698; x_wconf 92' lang='lat' dir='ltr'><strong>a</strong></span> <span class='ocrx_word' id='word_1_520' title='bbox 864 3643 1000 3700; x_wconf 89' lang='lat' dir='ltr'><strong>ﬂetu</strong></span> <span class='ocrx_word' id='word_1_521' title='bbox 1047 3646 1384 3718; x_wconf 82' lang='lat' dir='ltr'><strong>temperavit</strong></span> <span class='ocrx_word' id='word_1_522' title='bbox 1434 3647 1806 3704; x_wconf 87' lang='lat' dir='ltr'><strong>intractabilis</strong></span> <span class='ocrx_word' id='word_1_523' title='bbox 1857 3651 1927 3704; x_wconf 88' lang='lat' dir='ltr'><strong>ad</strong></span> <span class='ocrx_word' id='word_1_524' title='bbox 1985 3652 2230 3720; x_wconf 89' lang='lat' dir='ltr'><strong>veniam,</strong></span> <span class='ocrx_word' id='word_1_525' title='bbox 2335 3655 2535 3721; x_wconf 91' lang='lat' dir='ltr'><strong>riculo,</strong></span> <span class='ocrx_word' id='word_1_526' title='bbox 2577 3653 2850 3724; x_wconf 87' lang='lat' dir='ltr'><strong>Antipam</strong></span> <span class='ocrx_word' id='word_1_527' title='bbox 2891 3668 3072 3707; x_wconf 89' lang='lat' dir='ltr'><strong>unum</strong></span> <span class='ocrx_word' id='word_1_528' title='bbox 3120 3667 3190 3706; x_wconf 88' lang='lat' dir='ltr'><strong>ex</strong></span> <span class='ocrx_word' id='word_1_529' title='bbox 3231 3650 3360 3706; x_wconf 84' lang='lat' dir='ltr'><strong>ﬁliis</strong></span> <span class='ocrx_word' id='word_1_530' title='bbox 3404 3650 3691 3706; x_wconf 81' lang='lat' dir='ltr'><strong>haredem</strong></span> <span class='ocrx_word' id='word_1_531' title='bbox 3731 3640 3907 3717; x_wconf 71' lang='lat' dir='ltr'><strong>imperii</strong></span> 
     </span>
    </p>
   </div>
   <div class='ocr_carea' id='block_1_38' title="bbox 605 3737 3908 3819">
    <p class='ocr_par' dir='ltr' id='par_1_38' title="bbox 605 3737 3908 3819">
     <span class='ocr_line' id='line_1_38' title="bbox 605 3737 3908 3819; baseline -0 -27"><span class='ocrx_word' id='word_1_532' title='bbox 605 3737 903 3810; x_wconf 83' lang='lat' dir='ltr'><strong>quastioni</strong></span> <span class='ocrx_word' id='word_1_533' title='bbox 927 3738 1255 3805; x_wconf 87' lang='lat' dir='ltr'><strong>imminens,</strong></span> <span class='ocrx_word' id='word_1_534' title='bbox 1282 3740 1588 3796; x_wconf 88' lang='lat' dir='ltr'><strong>vindictam</strong></span> <span class='ocrx_word' id='word_1_535' title='bbox 1620 3748 1918 3815; x_wconf 73' lang='lat' dir='ltr'><strong>eXpetens.</strong></span> <span class='ocrx_word' id='word_1_536' title='bbox 2312 3747 2554 3818; x_wconf 78' lang='lat' dir='ltr'><strong>scripsit</strong></span> <span class='ocrx_word' id='word_1_537' title='bbox 2586 3747 2720 3818; x_wconf 81' lang='lat'><strong>(92),</strong></span> <span class='ocrx_word' id='word_1_538' title='bbox 2750 3747 3048 3819; x_wconf 81' lang='lat' dir='ltr'><strong>pralatum</strong></span> <span class='ocrx_word' id='word_1_539' title='bbox 3077 3745 3357 3800; x_wconf 85' lang='lat' dir='ltr'><strong>Archelao</strong></span> <span class='ocrx_word' id='word_1_540' title='bbox 3401 3750 3460 3801; x_wconf 90' lang='lat' dir='ltr'><strong>et</strong></span> <span class='ocrx_word' id='word_1_541' title='bbox 3487 3745 3740 3815; x_wconf 90' lang='lat' dir='ltr'><strong>Philippo</strong></span> <span class='ocrx_word' id='word_1_542' title='bbox 3767 3737 3908 3795; x_wconf 67' lang='lat' dir='ltr'><strong>senio</strong></span> 
     </span>
    </p>
   </div>
   <div class='ocr_carea' id='block_1_39' title="bbox 1216 3829 3908 3912">
    <p class='ocr_par' dir='ltr' id='par_1_39' title="bbox 1216 3829 3908 3912">
     <span class='ocr_line' id='line_1_39' title="bbox 1216 3829 3908 3912; baseline -0.004 -17"><span class='ocrx_word' id='word_1_543' title='bbox 1216 3839 1436 3895; x_wconf 84' lang='lat' dir='ltr'><strong>CAPUT</strong></span> <span class='ocrx_word' id='word_1_544' title='bbox 1471 3840 1620 3894; x_wconf 83' lang='lat' dir='ltr'><strong>XLV.</strong></span> <span class='ocrx_word' id='word_1_545' title='bbox 2335 3840 2490 3895; x_wconf 90' lang='lat' dir='ltr'><strong>ribus</strong></span> <span class='ocrx_word' id='word_1_546' title='bbox 2515 3840 2734 3908; x_wconf 90' lang='lat' dir='ltr'><strong>liberis,</strong></span> <span class='ocrx_word' id='word_1_547' title='bbox 2765 3838 3035 3912; x_wconf 89' lang='lat' dir='ltr'><strong>quoniam</strong></span> <span class='ocrx_word' id='word_1_548' title='bbox 3064 3839 3216 3912; x_wconf 90' lang='lat' dir='ltr'><strong>ipsos</strong></span> <span class='ocrx_word' id='word_1_549' title='bbox 3245 3854 3474 3911; x_wconf 87' lang='lat' dir='ltr'><strong>quoque</strong></span> <span class='ocrx_word' id='word_1_550' title='bbox 3499 3839 3780 3909; x_wconf 84' lang='lat' dir='ltr'><strong>Antipater</strong></span> <span class='ocrx_word' id='word_1_551' title='bbox 3803 3829 3908 3886; x_wconf 83' lang='lat' dir='ltr'><strong>dolis</strong></span> 
     </span>
    </p>
   </div>
   <div class='ocr_carea' id='block_1_40' title="bbox 675 3925 3906 4006">
    <p class='ocr_par' dir='ltr' id='par_1_40' title="bbox 675 3925 3906 4006">
     <span class='ocr_line' id='line_1_40' title="bbox 675 3925 3906 4006; baseline -0.001 -24"><span class='ocrx_word' id='word_1_552' title='bbox 675 3925 957 3982; x_wconf 89' lang='lat' dir='ltr'><strong>Successit</strong></span> <span class='ocrx_word' id='word_1_553' title='bbox 989 3927 1231 3982; x_wconf 88' lang='lat' dir='ltr'><strong>orationi</strong></span> <span class='ocrx_word' id='word_1_554' title='bbox 1268 3928 1550 4000; x_wconf 86' lang='lat' dir='ltr'><strong>Antipatri</strong></span> <span class='ocrx_word' id='word_1_555' title='bbox 1581 3929 1841 3984; x_wconf 73' lang='lat' dir='ltr'><strong>Nicotaus</strong></span> <span class='ocrx_word' id='word_1_556' title='bbox 1874 3931 2026 4003; x_wconf 89' lang='lat' dir='ltr'><strong>regis</strong></span> <span class='ocrx_word' id='word_1_557' title='bbox 2061 3947 2228 3988; x_wconf 88' lang='lat' dir='ltr'><strong>man-</strong></span> <span class='ocrx_word' id='word_1_558' title='bbox 2331 3936 2499 4006; x_wconf 89' lang='lat' dir='ltr'><strong>atque</strong></span> <span class='ocrx_word' id='word_1_559' title='bbox 2535 3933 2770 3988; x_wconf 87' lang='lat' dir='ltr'><strong>fallaciis</strong></span> <span class='ocrx_word' id='word_1_560' title='bbox 2800 3936 3095 4004; x_wconf 89' lang='lat' dir='ltr'><strong>suspectos</strong></span> <span class='ocrx_word' id='word_1_561' title='bbox 3124 3933 3271 4004; x_wconf 88' lang='lat' dir='ltr'><strong>patri</strong></span> <span class='ocrx_word' id='word_1_562' title='bbox 3297 3933 3532 3988; x_wconf 85' lang='lat' dir='ltr'><strong>fecerat.</strong></span> <span class='ocrx_word' id='word_1_563' title='bbox 3565 3929 3758 3986; x_wconf 85' lang='lat' dir='ltr'><strong>Casari</strong></span> <span class='ocrx_word' id='word_1_564' title='bbox 3790 3928 3906 3994; x_wconf 78' lang='lat' dir='ltr'><strong>lega-</strong></span> 
     </span>
    </p>
   </div>
   <div class='ocr_carea' id='block_1_41' title="bbox 604 4017 3907 4098">
    <p class='ocr_par' dir='ltr' id='par_1_41' title="bbox 604 4017 3907 4098">
     <span class='ocr_line' id='line_1_41' title="bbox 604 4017 3907 4098; baseline -0.002 -23"><span class='ocrx_word' id='word_1_565' title='bbox 604 4021 754 4088; x_wconf 90' lang='lat' dir='ltr'><strong>dato,</strong></span> <span class='ocrx_word' id='word_1_566' title='bbox 795 4020 893 4092; x_wconf 90' lang='lat' dir='ltr'><strong>qui</strong></span> <span class='ocrx_word' id='word_1_567' title='bbox 937 4023 1120 4076; x_wconf 84' lang='lat' dir='ltr'><strong>astute</strong></span> <span class='ocrx_word' id='word_1_568' title='bbox 1162 4021 1284 4091; x_wconf 89' lang='lat' dir='ltr'><strong>ejus</strong></span> <span class='ocrx_word' id='word_1_569' title='bbox 1327 4022 1699 4093; x_wconf 89' lang='lat' dir='ltr'><strong>responderet</strong></span> <span class='ocrx_word' id='word_1_570' title='bbox 1741 4024 2004 4079; x_wconf 87' lang='lat' dir='ltr'><strong>versutiis</strong></span> <span class='ocrx_word' id='word_1_571' title='bbox 2045 4029 2101 4080; x_wconf 91' lang='lat' dir='ltr'><strong>et</strong></span> <span class='ocrx_word' id='word_1_572' title='bbox 2141 4025 2228 4080; x_wconf 86' lang='lat' dir='ltr'><strong>in-</strong></span> <span class='ocrx_word' id='word_1_573' title='bbox 2333 4027 2410 4081; x_wconf 89' lang='lat' dir='ltr'><strong>vit</strong></span> <span class='ocrx_word' id='word_1_574' title='bbox 2454 4027 2609 4081; x_wconf 89' lang='lat' dir='ltr'><strong>mille</strong></span> <span class='ocrx_word' id='word_1_575' title='bbox 2653 4028 2882 4094; x_wconf 90' lang='lat' dir='ltr'><strong>talenta,</strong></span> <span class='ocrx_word' id='word_1_576' title='bbox 2925 4026 3088 4081; x_wconf 91' lang='lat' dir='ltr'><strong>donis</strong></span> <span class='ocrx_word' id='word_1_577' title='bbox 3135 4026 3589 4098; x_wconf 88' lang='lat' dir='ltr'><strong>muneribusque</strong></span> <span class='ocrx_word' id='word_1_578' title='bbox 3633 4019 3830 4078; x_wconf 89' lang='lat' dir='ltr'><strong>additis.</strong></span> <span class='ocrx_word' id='word_1_579' title='bbox 3865 4017 3907 4069; x_wconf 90' lang='lat' dir='ltr'><strong>In</strong></span> 
     </span>
    </p>
   </div>
   <div class='ocr_carea' id='block_1_42' title="bbox 603 4113 3905 4192">
    <p class='ocr_par' dir='ltr' id='par_1_42' title="bbox 603 4113 3905 4192">
     <span class='ocr_line' id='line_1_42' title="bbox 603 4113 3905 4192; baseline 0 -24"><span class='ocrx_word' id='word_1_580' title='bbox 603 4113 776 4168; x_wconf 90' lang='lat' dir='ltr'><strong>ﬂexos</strong></span> <span class='ocrx_word' id='word_1_581' title='bbox 802 4130 838 4168; x_wconf 87' lang='lat' dir='ltr'><strong>a</strong></span> <span class='ocrx_word' id='word_1_582' title='bbox 871 4113 1240 4169; x_wconf 85' lang='lat' dir='ltr'><strong>miseratione</strong></span> <span class='ocrx_word' id='word_1_583' title='bbox 1271 4114 1598 4183; x_wconf 88' lang='lat' dir='ltr'><strong>abduceret,</strong></span> <span class='ocrx_word' id='word_1_584' title='bbox 1634 4117 1939 4173; x_wconf 90' lang='lat' dir='ltr'><strong>referendo</strong></span> <span class='ocrx_word' id='word_1_585' title='bbox 1971 4118 2030 4174; x_wconf 90' lang='lat' dir='ltr'><strong>in</strong></span> <span class='ocrx_word' id='word_1_586' title='bbox 2070 4120 2227 4174; x_wconf 89' lang='lat' dir='ltr'><strong>Anti-</strong></span> <span class='ocrx_word' id='word_1_587' title='bbox 2334 4136 2570 4177; x_wconf 84' lang='lat' dir='ltr'><strong>uxorem</strong></span> <span class='ocrx_word' id='word_1_588' title='bbox 2615 4127 2672 4175; x_wconf 93' lang='lat' dir='ltr'><strong>et</strong></span> <span class='ocrx_word' id='word_1_589' title='bbox 2714 4119 2877 4188; x_wconf 80' lang='lat' dir='ltr'><strong>filios,</strong></span> <span class='ocrx_word' id='word_1_590' title='bbox 2925 4120 3156 4175; x_wconf 89' lang='lat' dir='ltr'><strong>libertos</strong></span> <span class='ocrx_word' id='word_1_591' title='bbox 3198 4124 3371 4192; x_wconf 89' lang='lat' dir='ltr'><strong>atque</strong></span> <span class='ocrx_word' id='word_1_592' title='bbox 3418 4119 3632 4175; x_wconf 89' lang='lat' dir='ltr'><strong>amicos</strong></span> <span class='ocrx_word' id='word_1_593' title='bbox 3669 4116 3905 4190; x_wconf 83' lang='lat' dir='ltr'><strong>quinqua-</strong></span> 
     </span>
    </p>
   </div>
   <div class='ocr_carea' id='block_1_43' title="bbox 603 4207 3908 4286">
    <p class='ocr_par' dir='ltr' id='par_1_43' title="bbox 603 4207 3908 4286">
     <span class='ocr_line' id='line_1_43' title="bbox 603 4207 3908 4286; baseline -0.001 -25"><span class='ocrx_word' id='word_1_594' title='bbox 603 4210 828 4278; x_wconf 84' lang='lat' dir='ltr'><strong>patrum</strong></span> <span class='ocrx_word' id='word_1_595' title='bbox 876 4207 1147 4262; x_wconf 88' lang='lat' dir='ltr'><strong>fraterna</strong></span> <span class='ocrx_word' id='word_1_596' title='bbox 1194 4208 1466 4264; x_wconf 91' lang='lat' dir='ltr'><strong>invidiam</strong></span> <span class='ocrx_word' id='word_1_597' title='bbox 1513 4210 1685 4280; x_wconf 91' lang='lat' dir='ltr'><strong>necis,</strong></span> <span class='ocrx_word' id='word_1_598' title='bbox 1729 4211 2032 4283; x_wconf 85' lang='lat' dir='ltr'><strong>allegando</strong></span> <span class='ocrx_word' id='word_1_599' title='bbox 2074 4214 2229 4285; x_wconf 91' lang='lat' dir='ltr'><strong>quod</strong></span> <span class='ocrx_word' id='word_1_600' title='bbox 2332 4215 2493 4286; x_wconf 88' lang='lat' dir='ltr'><strong>ginta</strong></span> <span class='ocrx_word' id='word_1_601' title='bbox 2535 4214 2774 4269; x_wconf 89' lang='lat' dir='ltr'><strong>contulit</strong></span> <span class='ocrx_word' id='word_1_602' title='bbox 2817 4231 2830 4268; x_wconf 90' lang='lat'><strong>:</strong></span> <span class='ocrx_word' id='word_1_603' title='bbox 2880 4230 2983 4269; x_wconf 90' lang='lat' dir='ltr'><strong>nec</strong></span> <span class='ocrx_word' id='word_1_604' title='bbox 3028 4215 3302 4270; x_wconf 91' lang='lat' dir='ltr'><strong>Salomen</strong></span> <span class='ocrx_word' id='word_1_605' title='bbox 3353 4229 3608 4269; x_wconf 89' lang='lat' dir='ltr'><strong>sororem</strong></span> <span class='ocrx_word' id='word_1_606' title='bbox 3654 4218 3908 4266; x_wconf 88' lang='lat' dir='ltr'><strong>munerum</strong></span> 
     </span>
    </p>
   </div>
   <div class='ocr_carea' id='block_1_44' title="bbox 602 4299 3910 4381">
    <p class='ocr_par' dir='ltr' id='par_1_44' title="bbox 602 4299 3910 4381">
     <span class='ocr_line' id='line_1_44' title="bbox 602 4299 3910 4381; baseline 0 -26"><span class='ocrx_word' id='word_1_607' title='bbox 602 4301 647 4355; x_wconf 90' lang='lat' dir='ltr'><strong>si</strong></span> <span class='ocrx_word' id='word_1_608' title='bbox 699 4316 842 4372; x_wconf 88' lang='lat' dir='ltr'><strong>quos</strong></span> <span class='ocrx_word' id='word_1_609' title='bbox 895 4303 1145 4356; x_wconf 85' lang='lat' dir='ltr'><strong>moveret</strong></span> <span class='ocrx_word' id='word_1_610' title='bbox 1200 4303 1621 4371; x_wconf 89' lang='lat' dir='ltr'><strong>misericordia,</strong></span> <span class='ocrx_word' id='word_1_611' title='bbox 1683 4304 1905 4359; x_wconf 89' lang='lat' dir='ltr'><strong>illorum</strong></span> <span class='ocrx_word' id='word_1_612' title='bbox 1966 4306 2227 4362; x_wconf 88' lang='lat' dir='ltr'><strong>misereri</strong></span> <span class='ocrx_word' id='word_1_613' title='bbox 2331 4325 2565 4364; x_wconf 88' lang='lat' dir='ltr'><strong>suorum</strong></span> <span class='ocrx_word' id='word_1_614' title='bbox 2602 4312 2896 4381; x_wconf 83' lang='lat' dir='ltr'><strong>expertem</strong></span> <span class='ocrx_word' id='word_1_615' title='bbox 2935 4308 3185 4380; x_wconf 87' lang='lat' dir='ltr'><strong>reliquit.</strong></span> <span class='ocrx_word' id='word_1_616' title='bbox 3223 4307 3572 4362; x_wconf 86' lang='lat' dir='ltr'><strong>Procedebat</strong></span> <span class='ocrx_word' id='word_1_617' title='bbox 3610 4305 3666 4360; x_wconf 90' lang='lat' dir='ltr'><strong>in</strong></span> <span class='ocrx_word' id='word_1_618' title='bbox 3706 4299 3910 4357; x_wconf 74' lang='lat' dir='ltr'><strong>deterius</strong></span> 
     </span>
    </p>
   </div>
   <div class='ocr_carea' id='block_1_45' title="bbox 599 4390 3906 4475">
    <p class='ocr_par' dir='ltr' id='par_1_45' title="bbox 599 4390 3906 4475">
     <span class='ocr_line' id='line_1_45' title="bbox 599 4390 3906 4475; baseline -0 -25"><span class='ocrx_word' id='word_1_619' title='bbox 599 4395 855 4461; x_wconf 90' lang='lat' dir='ltr'><strong>deceret,</strong></span> <span class='ocrx_word' id='word_1_620' title='bbox 911 4395 1009 4467; x_wconf 90' lang='lat' dir='ltr'><strong>qui</strong></span> <span class='ocrx_word' id='word_1_621' title='bbox 1065 4396 1186 4468; x_wconf 92' lang='lat' dir='ltr'><strong>ejus</strong></span> <span class='ocrx_word' id='word_1_622' title='bbox 1236 4398 1517 4468; x_wconf 90' lang='lat' dir='ltr'><strong>perempti</strong></span> <span class='ocrx_word' id='word_1_623' title='bbox 1566 4397 1892 4466; x_wconf 84' lang='lat' dir='ltr'><strong>fraudibus,</strong></span> <span class='ocrx_word' id='word_1_624' title='bbox 1946 4400 2228 4456; x_wconf 85' lang='lat' dir='ltr'><strong>ultionem</strong></span> <span class='ocrx_word' id='word_1_625' title='bbox 2329 4402 2610 4475; x_wconf 84' lang='lat' dir='ltr'><strong>agritudo</strong></span> <span class='ocrx_word' id='word_1_626' title='bbox 2631 4407 2799 4474; x_wconf 89' lang='lat' dir='ltr'><strong>atque</strong></span> <span class='ocrx_word' id='word_1_627' title='bbox 2819 4417 3046 4457; x_wconf 88' lang='lat' dir='ltr'><strong>accessu</strong></span> <span class='ocrx_word' id='word_1_628' title='bbox 3067 4401 3344 4472; x_wconf 90' lang='lat' dir='ltr'><strong>temporis</strong></span> <span class='ocrx_word' id='word_1_629' title='bbox 3365 4390 3906 4472; x_wconf 66' lang='lat' dir='ltr'><strong>exasperabatur(93l.</strong></span> 
     </span>
    </p>
   </div>
   <div class='ocr_carea' id='block_1_46' title="bbox 598 4486 3907 4570">
    <p class='ocr_par' dir='ltr' id='par_1_46' title="bbox 598 4486 3907 4570">
     <span class='ocr_line' id='line_1_46' title="bbox 598 4486 3907 4570; baseline -0.001 -27"><span class='ocrx_word' id='word_1_630' title='bbox 598 4488 978 4560; x_wconf 89' lang='lat' dir='ltr'><strong>requirerent.</strong></span> <span class='ocrx_word' id='word_1_631' title='bbox 1029 4489 1084 4545; x_wconf 92' lang='lat' dir='ltr'><strong>Si</strong></span> <span class='ocrx_word' id='word_1_632' title='bbox 1135 4505 1315 4544; x_wconf 90' lang='lat' dir='ltr'><strong>unum</strong></span> <span class='ocrx_word' id='word_1_633' title='bbox 1367 4491 1743 4562; x_wconf 88' lang='lat' dir='ltr'><strong>absolverent,</strong></span> <span class='ocrx_word' id='word_1_634' title='bbox 1793 4492 1982 4547; x_wconf 90' lang='lat' dir='ltr'><strong>omnis</strong></span> <span class='ocrx_word' id='word_1_635' title='bbox 2024 4491 2502 4570; x_wconf 87' lang='lat' dir='ltr'><strong>domuquuam</strong></span> <span class='ocrx_word' id='word_1_636' title='bbox 2560 4496 2846 4551; x_wconf 89' lang='lat' dir='ltr'><strong>imbecilla</strong></span> <span class='ocrx_word' id='word_1_637' title='bbox 2902 4498 3166 4550; x_wconf 88' lang='lat' dir='ltr'><strong>senectus</strong></span> <span class='ocrx_word' id='word_1_638' title='bbox 3218 4495 3334 4550; x_wconf 90' lang='lat' dir='ltr'><strong>suis</strong></span> <span class='ocrx_word' id='word_1_639' title='bbox 3387 4486 3907 4549; x_wconf 74' lang='lat' dir='ltr'><strong>incommoditatibus</strong></span> 
     </span>
    </p>
   </div>
   <div class='ocr_carea' id='block_1_47' title="bbox 599 4582 3906 4662">
    <p class='ocr_par' dir='ltr' id='par_1_47' title="bbox 599 4582 3906 4662">
     <span class='ocr_line' id='line_1_47' title="bbox 599 4582 3906 4662; baseline 0.001 -26"><span class='ocrx_word' id='word_1_640' title='bbox 599 4583 760 4654; x_wconf 88' lang='lat' dir='ltr'><strong>regia</strong></span> <span class='ocrx_word' id='word_1_641' title='bbox 799 4582 860 4637; x_wconf 90' lang='lat' dir='ltr'><strong>in</strong></span> <span class='ocrx_word' id='word_1_642' title='bbox 898 4583 1216 4654; x_wconf 90' lang='lat' dir='ltr'><strong>periculum</strong></span> <span class='ocrx_word' id='word_1_643' title='bbox 1253 4584 1645 4656; x_wconf 90' lang='lat' dir='ltr'><strong>deduceretur,</strong></span> <span class='ocrx_word' id='word_1_644' title='bbox 1680 4586 1963 4656; x_wconf 86' lang='lat' dir='ltr'><strong>germani,</strong></span> <span class='ocrx_word' id='word_1_645' title='bbox 1999 4587 2221 4660; x_wconf 82' lang='lat' dir='ltr'><strong>affines,</strong></span> <span class='ocrx_word' id='word_1_646' title='bbox 2326 4590 2626 4646; x_wconf 90' lang='lat' dir='ltr'><strong>acerbabat</strong></span> <span class='ocrx_word' id='word_1_647' title='bbox 2655 4589 2931 4662; x_wconf 89' lang='lat' dir='ltr'><strong>quotidie.</strong></span> <span class='ocrx_word' id='word_1_648' title='bbox 2964 4589 3260 4662; x_wconf 88' lang='lat' dir='ltr'><strong>Siquidem</strong></span> <span class='ocrx_word' id='word_1_649' title='bbox 3296 4606 3407 4644; x_wconf 90' lang='lat' dir='ltr'><strong>non</strong></span> <span class='ocrx_word' id='word_1_650' title='bbox 3441 4588 3628 4644; x_wconf 89' lang='lat' dir='ltr'><strong>minus</strong></span> <span class='ocrx_word' id='word_1_651' title='bbox 3655 4585 3906 4656; x_wconf 75' lang='lat' dir='ltr'><strong>septuage-</strong></span> 
     </span>
    </p>
   </div>
   <div class='ocr_carea' id='block_1_48' title="bbox 599 4677 3901 4756">
    <p class='ocr_par' dir='ltr' id='par_1_48' title="bbox 599 4677 3901 4756">
     <span class='ocr_line' id='line_1_48' title="bbox 599 4677 3901 4756; baseline 0.001 -26"><span class='ocrx_word' id='word_1_652' title='bbox 599 4679 884 4747; x_wconf 89' lang='lat' dir='ltr'><strong>parentes,</strong></span> <span class='ocrx_word' id='word_1_653' title='bbox 927 4677 1047 4748; x_wconf 91' lang='lat' dir='ltr'><strong>ipse</strong></span> <span class='ocrx_word' id='word_1_654' title='bbox 1094 4693 1216 4745; x_wconf 90' lang='lat' dir='ltr'><strong>rex,</strong></span> <span class='ocrx_word' id='word_1_655' title='bbox 1262 4678 1422 4749; x_wconf 88' lang='lat' dir='ltr'><strong>cujus</strong></span> <span class='ocrx_word' id='word_1_656' title='bbox 1477 4679 1644 4733; x_wconf 88' lang='lat' dir='ltr'><strong>saluti</strong></span> <span class='ocrx_word' id='word_1_657' title='bbox 1698 4695 1813 4734; x_wconf 92' lang='lat' dir='ltr'><strong>non</strong></span> <span class='ocrx_word' id='word_1_658' title='bbox 1861 4681 2220 4752; x_wconf 86' lang='lat' dir='ltr'><strong>pepercisset.</strong></span> <span class='ocrx_word' id='word_1_659' title='bbox 2329 4685 2489 4739; x_wconf 91' lang='lat' dir='ltr'><strong>nario</strong></span> <span class='ocrx_word' id='word_1_660' title='bbox 2530 4690 2824 4756; x_wconf 85' lang='lat' dir='ltr'><strong>gravatum</strong></span> <span class='ocrx_word' id='word_1_661' title='bbox 2863 4684 3030 4738; x_wconf 87' lang='lat' dir='ltr'><strong>anuis</strong></span> <span class='ocrx_word' id='word_1_662' title='bbox 3065 4701 3288 4756; x_wconf 86' lang='lat' dir='ltr'><strong>corpus,</strong></span> <span class='ocrx_word' id='word_1_663' title='bbox 3317 4684 3518 4738; x_wconf 90' lang='lat' dir='ltr'><strong>crebro</strong></span> <span class='ocrx_word' id='word_1_664' title='bbox 3547 4694 3759 4754; x_wconf 88' lang='lat' dir='ltr'><strong>quoque</strong></span> <span class='ocrx_word' id='word_1_665' title='bbox 3793 4689 3901 4729; x_wconf 71' lang='lat' dir='ltr'><strong>m0:-</strong></span> 
     </span>
    </p>
   </div>
   <div class='ocr_carea' id='block_1_49' title="bbox 598 4771 3902 4849">
    <p class='ocr_par' dir='ltr' id='par_1_49' title="bbox 598 4771 3902 4849">
     <span class='ocr_line' id='line_1_49' title="bbox 598 4771 3902 4849; baseline -0.002 -22"><span class='ocrx_word' id='word_1_666' title='bbox 598 4773 795 4842; x_wconf 87' lang='lat' dir='ltr'><strong>ltaque</strong></span> <span class='ocrx_word' id='word_1_667' title='bbox 830 4786 1130 4825; x_wconf 90' lang='lat' dir='ltr'><strong>conversus</strong></span> <span class='ocrx_word' id='word_1_668' title='bbox 1166 4771 1237 4826; x_wconf 90' lang='lat' dir='ltr'><strong>ad</strong></span> <span class='ocrx_word' id='word_1_669' title='bbox 1279 4776 1569 4826; x_wconf 87' lang='lat' dir='ltr'><strong>oratorum</strong></span> <span class='ocrx_word' id='word_1_670' title='bbox 1609 4773 1904 4840; x_wconf 87' lang='lat' dir='ltr'><strong>versutias,</strong></span> <span class='ocrx_word' id='word_1_671' title='bbox 1935 4775 2088 4829; x_wconf 88' lang='lat' dir='ltr'><strong>velut</strong></span> <span class='ocrx_word' id='word_1_672' title='bbox 2114 4779 2218 4845; x_wconf 90' lang='lat'><strong>(89)</strong></span> <span class='ocrx_word' id='word_1_673' title='bbox 2327 4795 2453 4834; x_wconf 88' lang='lat' dir='ltr'><strong>rore</strong></span> <span class='ocrx_word' id='word_1_674' title='bbox 2497 4777 2669 4832; x_wconf 89' lang='lat' dir='ltr'><strong>animi</strong></span> <span class='ocrx_word' id='word_1_675' title='bbox 2717 4777 2993 4832; x_wconf 85' lang='lat' dir='ltr'><strong>afﬂictum</strong></span> <span class='ocrx_word' id='word_1_676' title='bbox 3041 4779 3295 4849; x_wconf 85' lang='lat' dir='ltr'><strong>gerebat,</strong></span> <span class='ocrx_word' id='word_1_677' title='bbox 3338 4782 3422 4833; x_wconf 88' lang='lat' dir='ltr'><strong>tot</strong></span> <span class='ocrx_word' id='word_1_678' title='bbox 3466 4772 3765 4849; x_wconf 87' lang='lat' dir='ltr'><strong>parricidiis</strong></span> <span class='ocrx_word' id='word_1_679' title='bbox 3799 4781 3902 4822; x_wconf 88' lang='lat' dir='ltr'><strong>con-</strong></span> 
     </span>
    </p>
   </div>
   <div class='ocr_carea' id='block_1_50' title="bbox 597 4859 3900 4945">
    <p class='ocr_par' dir='ltr' id='par_1_50' title="bbox 597 4859 3900 4945">
     <span class='ocr_line' id='line_1_50' title="bbox 597 4859 3900 4945; baseline -0 -26"><span class='ocrx_word' id='word_1_680' title='bbox 597 4864 946 4932; x_wconf 64' lang='lat' dir='ltr'><strong>;narratione</strong></span> <span class='ocrx_word' id='word_1_681' title='bbox 979 4863 1378 4937; x_wconf 87' lang='lat' dir='ltr'><strong>miserationis)</strong></span> <span class='ocrx_word' id='word_1_682' title='bbox 1407 4865 1637 4937; x_wconf 89' lang='lat' dir='ltr'><strong>epilogo</strong></span> <span class='ocrx_word' id='word_1_683' title='bbox 1667 4866 1917 4937; x_wconf 88' lang='lat' dir='ltr'><strong>quodam</strong></span> <span class='ocrx_word' id='word_1_684' title='bbox 1945 4869 2225 4927; x_wconf 87' lang='lat' dir='ltr'><strong>excitabat</strong></span> <span class='ocrx_word' id='word_1_685' title='bbox 2327 4872 2656 4928; x_wconf 81' lang='lat' dir='ltr'><strong>vulneratus</strong></span> <span class='ocrx_word' id='word_1_686' title='bbox 2712 4872 2845 4942; x_wconf 76' lang='grc'>(94),</span> <span class='ocrx_word' id='word_1_687' title='bbox 2895 4889 3024 4945; x_wconf 80' lang='lat' dir='ltr'><strong>qua</strong></span> <span class='ocrx_word' id='word_1_688' title='bbox 3074 4876 3171 4926; x_wconf 90' lang='lat' dir='ltr'><strong>aut</strong></span> <span class='ocrx_word' id='word_1_689' title='bbox 3222 4870 3654 4943; x_wconf 86' lang='lat' dir='ltr'><strong>deprehendisse</strong></span> <span class='ocrx_word' id='word_1_690' title='bbox 3704 4867 3754 4919; x_wconf 91' lang='lat' dir='ltr'><strong>in</strong></span> <span class='ocrx_word' id='word_1_691' title='bbox 3800 4859 3900 4914; x_wconf 72' lang='lat' dir='ltr'><strong>lilii5</strong></span> 
     </span>
    </p>
   </div>
   <div class='ocr_carea' id='block_1_51' title="bbox 593 4947 3897 5030">
    <p class='ocr_par' dir='ltr' id='par_1_51' title="bbox 593 4947 3897 5030">
     <span class='ocr_line' id='line_1_51' title="bbox 593 4947 3897 5030; baseline 0 -23"><span class='ocrx_word' id='word_1_692' title='bbox 593 4954 663 5007; x_wconf 81' lang='lat' dir='ltr'><strong>ab</strong></span> <span class='ocrx_word' id='word_1_693' title='bbox 712 4953 906 5008; x_wconf 84' lang='lat' dir='ltr'><strong>inferis</strong></span> <span class='ocrx_word' id='word_1_694' title='bbox 962 4958 1392 5025; x_wconf 88' lang='lat' dir='ltr'><strong>peremptorum</strong></span> <span class='ocrx_word' id='word_1_695' title='bbox 1453 4955 1706 5023; x_wconf 86' lang='lat' dir='ltr'><strong>animas,</strong></span> <span class='ocrx_word' id='word_1_696' title='bbox 1763 4955 1863 5028; x_wconf 86' lang='lat' dir='ltr'><strong>qui</strong></span> <span class='ocrx_word' id='word_1_697' title='bbox 1917 4957 2223 5013; x_wconf 85' lang='lat' dir='ltr'><strong>miserabili</strong></span> <span class='ocrx_word' id='word_1_698' title='bbox 2328 4967 2594 5016; x_wconf 88' lang='lat' dir='ltr'><strong>extrema</strong></span> <span class='ocrx_word' id='word_1_699' title='bbox 2635 4961 2876 5016; x_wconf 82' lang='lat' dir='ltr'><strong>miseria</strong></span> <span class='ocrx_word' id='word_1_700' title='bbox 2908 4965 3048 5030; x_wconf 87' lang='lat' dir='ltr'><strong>erat,</strong></span> <span class='ocrx_word' id='word_1_701' title='bbox 3082 4964 3182 5015; x_wconf 88' lang='lat' dir='ltr'><strong>aut</strong></span> <span class='ocrx_word' id='word_1_702' title='bbox 3212 4960 3492 5014; x_wconf 90' lang='lat' dir='ltr'><strong>intulisse.</strong></span> <span class='ocrx_word' id='word_1_703' title='bbox 3523 4947 3897 5014; x_wconf 69' lang='lat' dir='ltr'><strong>lmmedicahilis</strong></span> 
     </span>
    </p>
   </div>
   <div class='ocr_carea' id='block_1_52' title="bbox 593 5042 3895 5123">
    <p class='ocr_par' dir='ltr' id='par_1_52' title="bbox 593 5042 3895 5123">
     <span class='ocr_line' id='line_1_52' title="bbox 593 5042 3895 5123; baseline 0.001 -29"><span class='ocrx_word' id='word_1_704' title='bbox 593 5047 791 5114; x_wconf 71' lang='lat' dir='ltr'><strong>questu</strong></span> <span class='ocrx_word' id='word_1_705' title='bbox 841 5043 1125 5114; x_wconf 88' lang='lat' dir='ltr'><strong>replerent</strong></span> <span class='ocrx_word' id='word_1_706' title='bbox 1166 5043 1452 5111; x_wconf 89' lang='lat' dir='ltr'><strong>subsellia,</strong></span> <span class='ocrx_word' id='word_1_707' title='bbox 1501 5044 1755 5100; x_wconf 89' lang='lat' dir='ltr'><strong>insontes</strong></span> <span class='ocrx_word' id='word_1_708' title='bbox 1800 5063 1859 5100; x_wconf 86' lang='lat' dir='ltr'><strong>se</strong></span> <span class='ocrx_word' id='word_1_709' title='bbox 1911 5049 2222 5118; x_wconf 86' lang='lat' dir='ltr'><strong>oppetisse,</strong></span> <span class='ocrx_word' id='word_1_710' title='bbox 2324 5057 2512 5106; x_wconf 86' lang='lat' dir='ltr'><strong>tamen</strong></span> <span class='ocrx_word' id='word_1_711' title='bbox 2539 5051 2896 5123; x_wconf 84' lang='lat' dir='ltr'><strong>agritudinis</strong></span> <span class='ocrx_word' id='word_1_712' title='bbox 2931 5051 3134 5117; x_wconf 83' lang='lat' dir='ltr'><strong>fervor,</strong></span> <span class='ocrx_word' id='word_1_713' title='bbox 3166 5051 3316 5122; x_wconf 91' lang='lat' dir='ltr'><strong>quod</strong></span> <span class='ocrx_word' id='word_1_714' title='bbox 3351 5053 3630 5122; x_wconf 87' lang='lat' dir='ltr'><strong>superstes</strong></span> <span class='ocrx_word' id='word_1_715' title='bbox 3655 5042 3895 5113; x_wconf 77' lang='lat' dir='ltr'><strong>Antipaler</strong></span> 
     </span>
    </p>
   </div>
   <div class='ocr_carea' id='block_1_53' title="bbox 593 5128 3890 5212">
    <p class='ocr_par' dir='ltr' id='par_1_53' title="bbox 593 5128 3890 5212">
     <span class='ocr_line' id='line_1_53' title="bbox 593 5128 3890 5212; baseline 0.002 -28"><span class='ocrx_word' id='word_1_716' title='bbox 593 5133 909 5188; x_wconf 66' lang='lat' dir='ltr'><strong>subornatis</strong></span> <span class='ocrx_word' id='word_1_717' title='bbox 961 5133 1225 5205; x_wconf 88' lang='lat' dir='ltr'><strong>gravibus</strong></span> <span class='ocrx_word' id='word_1_718' title='bbox 1270 5134 1379 5205; x_wconf 91' lang='lat'><strong>(90)</strong></span> <span class='ocrx_word' id='word_1_719' title='bbox 1428 5135 1690 5202; x_wconf 87' lang='lat' dir='ltr'><strong>testibus,</strong></span> <span class='ocrx_word' id='word_1_720' title='bbox 1736 5135 2065 5208; x_wconf 90' lang='lat' dir='ltr'><strong>compositis</strong></span> <span class='ocrx_word' id='word_1_721' title='bbox 2109 5139 2224 5209; x_wconf 82' lang='lat' dir='ltr'><strong>epi-</strong></span> <span class='ocrx_word' id='word_1_722' title='bbox 2328 5140 2704 5196; x_wconf 86' lang='lat' dir='ltr'><strong>metuebatur.</strong></span> <span class='ocrx_word' id='word_1_723' title='bbox 2757 5142 3126 5212; x_wconf 82' lang='lat' dir='ltr'><strong>Contemptus</strong></span> <span class='ocrx_word' id='word_1_724' title='bbox 3179 5155 3404 5211; x_wconf 88' lang='lat' dir='ltr'><strong>quoque</strong></span> <span class='ocrx_word' id='word_1_725' title='bbox 3461 5139 3520 5193; x_wconf 89' lang='lat' dir='ltr'><strong>in</strong></span> <span class='ocrx_word' id='word_1_726' title='bbox 3576 5136 3690 5191; x_wconf 89' lang='lat' dir='ltr'><strong>dies</strong></span> <span class='ocrx_word' id='word_1_727' title='bbox 3737 5128 3890 5184; x_wconf 51' lang='lat' dir='ltr'><strong>vilior.</strong></span> 
     </span>
    </p>
   </div>
   <div class='ocr_carea' id='block_1_54' title="bbox 590 5218 3889 5302">
    <p class='ocr_par' dir='ltr' id='par_1_54' title="bbox 590 5218 3889 5302">
     <span class='ocr_line' id='line_1_54' title="bbox 590 5218 3889 5302; baseline -0.002 -24"><span class='ocrx_word' id='word_1_728' title='bbox 590 5224 762 5292; x_wconf 80' lang='lat' dir='ltr'><strong>stolis,</strong></span> <span class='ocrx_word' id='word_1_729' title='bbox 805 5224 1182 5280; x_wconf 83' lang='lat' dir='ltr'><strong>fraudulentis</strong></span> <span class='ocrx_word' id='word_1_730' title='bbox 1222 5225 1580 5280; x_wconf 89' lang='lat' dir='ltr'><strong>sermonibus</strong></span> <span class='ocrx_word' id='word_1_731' title='bbox 1625 5225 2074 5282; x_wconf 88' lang='lat' dir='ltr'><strong>circumventum</strong></span> <span class='ocrx_word' id='word_1_732' title='bbox 2118 5245 2218 5299; x_wconf 89' lang='lat' dir='ltr'><strong>pa-</strong></span> <span class='ocrx_word' id='word_1_733' title='bbox 2323 5230 2471 5302; x_wconf 83' lang='lat' dir='ltr'><strong>quod</strong></span> <span class='ocrx_word' id='word_1_734' title='bbox 2511 5229 2794 5301; x_wconf 89' lang='lat' dir='ltr'><strong>imagines</strong></span> <span class='ocrx_word' id='word_1_735' title='bbox 2827 5229 3054 5284; x_wconf 85' lang='lat' dir='ltr'><strong>Casaris</strong></span> <span class='ocrx_word' id='word_1_736' title='bbox 3093 5233 3265 5299; x_wconf 91' lang='lat' dir='ltr'><strong>atque</strong></span> <span class='ocrx_word' id='word_1_737' title='bbox 3308 5227 3638 5282; x_wconf 87' lang='lat' dir='ltr'><strong>animalium</strong></span> <span class='ocrx_word' id='word_1_738' title='bbox 3678 5218 3889 5278; x_wconf 86' lang='lat' dir='ltr'><strong>similitu-</strong></span> 
     </span>
    </p>
   </div>
   <div class='ocr_carea' id='block_1_55' title="bbox 588 5309 3886 5402">
    <p class='ocr_par' dir='ltr' id='par_1_55' title="bbox 588 5309 3886 5402">
     <span class='ocr_line' id='line_1_55' title="bbox 588 5309 3886 5402; baseline 0.001 -38"><span class='ocrx_word' id='word_1_739' title='bbox 588 5321 760 5382; x_wconf 77' lang='lat' dir='ltr'><strong>trem,</strong></span> <span class='ocrx_word' id='word_1_740' title='bbox 791 5313 1095 5369; x_wconf 88' lang='lat' dir='ltr'><strong>credidisse</strong></span> <span class='ocrx_word' id='word_1_741' title='bbox 1135 5313 1273 5402; x_wconf 86' lang='lat' dir='ltr'><strong>ﬂlio,</strong></span> <span class='ocrx_word' id='word_1_742' title='bbox 1293 5330 1477 5402; x_wconf 78' lang='lat' dir='ltr'><strong>quem</strong></span> <span class='ocrx_word' id='word_1_743' title='bbox 1513 5330 1628 5369; x_wconf 90' lang='lat' dir='ltr'><strong>non</strong></span> <span class='ocrx_word' id='word_1_744' title='bbox 1658 5318 1889 5385; x_wconf 88' lang='lat' dir='ltr'><strong>putaret</strong></span> <span class='ocrx_word' id='word_1_745' title='bbox 1917 5316 1984 5370; x_wconf 91' lang='lat' dir='ltr'><strong>de</strong></span> <span class='ocrx_word' id='word_1_746' title='bbox 2024 5316 2217 5372; x_wconf 84' lang='lat' dir='ltr'><strong>fratri-</strong></span> <span class='ocrx_word' id='word_1_747' title='bbox 2323 5319 2486 5374; x_wconf 89' lang='lat' dir='ltr'><strong>dines</strong></span> <span class='ocrx_word' id='word_1_748' title='bbox 2512 5323 2707 5373; x_wconf 89' lang='lat' dir='ltr'><strong>contra</strong></span> <span class='ocrx_word' id='word_1_749' title='bbox 2734 5319 2922 5389; x_wconf 83' lang='lat' dir='ltr'><strong>legem</strong></span> <span class='ocrx_word' id='word_1_750' title='bbox 2947 5318 3159 5387; x_wconf 87' lang='lat' dir='ltr'><strong>templo</strong></span> <span class='ocrx_word' id='word_1_751' title='bbox 3183 5317 3454 5389; x_wconf 85' lang='lat' dir='ltr'><strong>apposita</strong></span> <span class='ocrx_word' id='word_1_752' title='bbox 3475 5309 3886 5402; x_wconf 46' lang='lat' dir='ltr'><strong>detrahebantur.»</strong></span> 
     </span>
    </p>
   </div>
   <div class='ocr_carea' id='block_1_56' title="bbox 588 5399 3886 5479">
    <p class='ocr_par' dir='ltr' id='par_1_56' title="bbox 588 5399 3886 5479">
     <span class='ocr_line' id='line_1_56' title="bbox 588 5399 3886 5479; baseline -0.003 -24"><span class='ocrx_word' id='word_1_753' title='bbox 588 5403 690 5458; x_wconf 88' lang='lat' dir='ltr'><strong>bus</strong></span> <span class='ocrx_word' id='word_1_754' title='bbox 732 5419 890 5475; x_wconf 88' lang='lat' dir='ltr'><strong>posse</strong></span> <span class='ocrx_word' id='word_1_755' title='bbox 935 5401 1184 5458; x_wconf 87' lang='lat' dir='ltr'><strong>mentiri.</strong></span> <span class='ocrx_word' id='word_1_756' title='bbox 1226 5401 1402 5457; x_wconf 82' lang='lat' dir='ltr'><strong>Oﬂ&#39;ert</strong></span> <span class='ocrx_word' id='word_1_757' title='bbox 1442 5419 1594 5456; x_wconf 89' lang='lat' dir='ltr'><strong>nunc</strong></span> <span class='ocrx_word' id='word_1_758' title='bbox 1637 5403 1916 5474; x_wconf 88' lang='lat' dir='ltr'><strong>supplicia</strong></span> <span class='ocrx_word' id='word_1_759' title='bbox 1962 5421 2061 5459; x_wconf 88' lang='lat' dir='ltr'><strong>sua</strong></span> <span class='ocrx_word' id='word_1_760' title='bbox 2105 5409 2215 5473; x_wconf 80' lang='grc'><strong>(91)</strong></span> <span class='ocrx_word' id='word_1_761' title='bbox 2319 5409 2646 5464; x_wconf 87' lang='lat' dir='ltr'><strong>auctoribus</strong></span> <span class='ocrx_word' id='word_1_762' title='bbox 2689 5409 2940 5463; x_wconf 87' lang='lat' dir='ltr'><strong>maxime</strong></span> <span class='ocrx_word' id='word_1_763' title='bbox 2974 5407 3114 5462; x_wconf 86' lang='lat' dir='ltr'><strong>Juda</strong></span> <span class='ocrx_word' id='word_1_764' title='bbox 3157 5413 3325 5479; x_wconf 89' lang='lat' dir='ltr'><strong>atque</strong></span> <span class='ocrx_word' id='word_1_765' title='bbox 3367 5407 3591 5462; x_wconf 84' lang='lat' dir='ltr'><strong>Matthia</strong></span> <span class='ocrx_word' id='word_1_766' title='bbox 3619 5399 3886 5475; x_wconf 82' lang='lat' dir='ltr'><strong>juventutis</strong></span> 
     </span>
    </p>
   </div>
   <div class='ocr_carea' id='block_1_57' title="bbox 650 5523 2987 5595">
    <p class='ocr_par' dir='ltr' id='par_1_57' title="bbox 650 5523 2987 5595">
     <span class='ocr_line' id='line_1_57' title="bbox 650 5523 2987 5595; baseline 0.002 -18"><span class='ocrx_word' id='word_1_767' title='bbox 650 5526 743 5590; x_wconf 62' lang='lat'><strong>\89)</strong></span> <span class='ocrx_word' id='word_1_768' title='bbox 795 5526 898 5577; x_wconf 80' lang='lat' dir='ltr'><strong>Ha</strong></span> <span class='ocrx_word' id='word_1_769' title='bbox 947 5523 1263 5589; x_wconf 82' lang='lat' dir='ltr'><strong>parenthesi</strong></span> <span class='ocrx_word' id='word_1_770' title='bbox 1307 5524 1542 5575; x_wconf 85' lang='lat' dir='ltr'><strong>inclusa</strong></span> <span class='ocrx_word' id='word_1_771' title='bbox 1587 5524 1862 5576; x_wconf 89' lang='lat' dir='ltr'><strong>dictiones</strong></span> <span class='ocrx_word' id='word_1_772' title='bbox 1909 5527 2212 5577; x_wconf 86' lang='lat' dir='ltr'><strong>abundant.</strong></span> <span class='ocrx_word' id='word_1_773' title='bbox 2379 5531 2476 5591; x_wconf 83' lang='lat'><strong>(93)</strong></span> <span class='ocrx_word' id='word_1_774' title='bbox 2500 5530 2878 5595; x_wconf 79' lang='lat' dir='ltr'><strong>Asperabamr.</strong></span> <span class='ocrx_word' id='word_1_775' title='bbox 2908 5529 2987 5578; x_wconf 88' lang='lat' dir='ltr'><strong>ID.</strong></span> 
     </span>
    </p>
   </div>
   <div class='ocr_carea' id='block_1_58' title="bbox 590 5585 3880 5665">
    <p class='ocr_par' dir='ltr' id='par_1_58' title="bbox 590 5585 3880 5665">
     <span class='ocr_line' id='line_1_58' title="bbox 590 5585 3880 5665; baseline -0.006 -11"><span class='ocrx_word' id='word_1_776' title='bbox 590 5585 763 5647; x_wconf 59' lang='lat' dir='ltr'><strong>BARIi-</strong></span> <span class='ocrx_word' id='word_1_777' title='bbox 949 5585 963 5589; x_wconf 45' lang='lat'>_</span> <span class='ocrx_word' id='word_1_778' title='bbox 2381 5585 2475 5664; x_wconf 68' lang='grc'><strong>(94)</strong></span> <span class='ocrx_word' id='word_1_779' title='bbox 2507 5585 2602 5652; x_wconf 71' lang='lat' dir='ltr'><strong>Sic</strong></span> <span class='ocrx_word' id='word_1_780' title='bbox 2626 5602 2884 5665; x_wconf 87' lang='lat' dir='ltr'><strong>princeps</strong></span> <span class='ocrx_word' id='word_1_781' title='bbox 2907 5600 3094 5652; x_wconf 89' lang='lat' dir='ltr'><strong>editio.</strong></span> <span class='ocrx_word' id='word_1_782' title='bbox 3124 5601 3210 5651; x_wconf 83' lang='lat' dir='ltr'><strong>A1.</strong></span> <span class='ocrx_word' id='word_1_783' title='bbox 3238 5593 3710 5665; x_wconf 24' lang='grc' dir='ltr'><strong>οοηιιιιςω-ιιιιιειῖΑΙζ</strong></span> <span class='ocrx_word' id='word_1_784' title='bbox 3737 5585 3880 5665; x_wconf 60' lang='lat' dir='ltr'><strong>vulso-</strong></span> 
     </span>
    </p>
   </div>
   <div class='ocr_carea' id='block_1_59' title="bbox 652 5658 3874 5735">
    <p class='ocr_par' dir='ltr' id='par_1_59' title="bbox 652 5658 3874 5735">
     <span class='ocr_line' id='line_1_59' title="bbox 652 5658 3874 5735; baseline -0.001 -16"><span class='ocrx_word' id='word_1_785' title='bbox 652 5665 746 5727; x_wconf 82' lang='lat'><strong>(90)</strong></span> <span class='ocrx_word' id='word_1_786' title='bbox 776 5667 1054 5735; x_wconf 77' lang='lat' dir='ltr'><strong>Graeatos.</strong></span> <span class='ocrx_word' id='word_1_787' title='bbox 1076 5669 1159 5717; x_wconf 82' lang='lat' dir='ltr'><strong>In.</strong></span> <span class='ocrx_word' id='word_1_788' title='bbox 2316 5658 2483 5724; x_wconf 75' lang='lat' dir='ltr'><strong>ratus.</strong></span> <span class='ocrx_word' id='word_1_789' title='bbox 2513 5658 2666 5724; x_wconf 78' lang='lat' dir='ltr'><strong>Idem</strong></span> <span class='ocrx_word' id='word_1_790' title='bbox 2695 5658 2890 5724; x_wconf 73' lang='lat' dir='ltr'><strong>auctor</strong></span> <span class='ocrx_word' id='word_1_791' title='bbox 2918 5671 3265 5733; x_wconf 88' lang='lat' dir='ltr'><strong>Ambrosius,</strong></span> <span class='ocrx_word' id='word_1_792' title='bbox 3296 5670 3448 5735; x_wconf 88' lang='lat' dir='ltr'><strong>epist.</strong></span> <span class='ocrx_word' id='word_1_793' title='bbox 3479 5667 3540 5719; x_wconf 81' lang='grc'><strong>43</strong></span> <span class='ocrx_word' id='word_1_794' title='bbox 3563 5663 3626 5715; x_wconf 88' lang='lat' dir='ltr'><strong>ad</strong></span> <span class='ocrx_word' id='word_1_795' title='bbox 3662 5658 3874 5735; x_wconf 63' lang='grc' dir='ltr'><strong>ῌοΐοξιίςι</strong></span> 
     </span>
    </p>
   </div>
   <div class='ocr_carea' id='block_1_60' title="bbox 651 5726 3872 5810">
    <p class='ocr_par' dir='ltr' id='par_1_60' title="bbox 651 5726 3872 5810">
     <span class='ocr_line' id='line_1_60' title="bbox 651 5726 3872 5810; baseline -0.007 -12"><span class='ocrx_word' id='word_1_796' title='bbox 651 5735 748 5810; x_wconf 56' lang='grc' dir='ltr'><strong>(ἓξ)</strong></span> <span class='ocrx_word' id='word_1_797' title='bbox 778 5734 976 5810; x_wconf 55' lang='grc' dir='ltr'><strong>ρπφννθ</strong></span> <span class='ocrx_word' id='word_1_798' title='bbox 998 5750 1138 5810; x_wconf 63' lang='lat' dir='ltr'><strong>(tunc</strong></span> <span class='ocrx_word' id='word_1_799' title='bbox 1167 5753 1279 5789; x_wconf 77' lang='lat' dir='ltr'><strong>cum</strong></span> <span class='ocrx_word' id='word_1_800' title='bbox 1306 5739 1570 5805; x_wconf 78' lang='lat' dir='ltr'><strong>supplicia</strong></span> <span class='ocrx_word' id='word_1_801' title='bbox 1599 5753 1716 5792; x_wconf 84' lang='lat' dir='ltr'><strong>sua.</strong></span> <span class='ocrx_word' id='word_1_802' title='bbox 1748 5741 1825 5790; x_wconf 81' lang='lat' dir='ltr'><strong>In.</strong></span> <span class='ocrx_word' id='word_1_803' title='bbox 2314 5759 2368 5795; x_wconf 94' lang='lat' dir='ltr'><strong>n.</strong></span> <span class='ocrx_word' id='word_1_804' title='bbox 2412 5745 2444 5795; x_wconf 80' lang='lat'><strong>5</strong></span> <span class='ocrx_word' id='word_1_805' title='bbox 2479 5759 2490 5793; x_wconf 91' lang='lat'>:</span> <span class='ocrx_word' id='word_1_806' title='bbox 2540 5746 2725 5797; x_wconf 76' lang='lat' dir='ltr'><strong>Omnes</strong></span> <span class='ocrx_word' id='word_1_807' title='bbox 2768 5743 3037 5810; x_wconf 70' lang='lat' dir='ltr'><strong>spiritales</strong></span> <span class='ocrx_word' id='word_1_808' title='bbox 3085 5726 3445 5810; x_wconf 48' lang='lat' dir='ltr'><strong>nequitias”...</strong></span> <span class='ocrx_word' id='word_1_809' title='bbox 3497 5726 3872 5787; x_wconf 76' lang='lat' dir='ltr'><strong>convulnerabal.</strong></span> 
     </span>
    </p>
   </div>
   <div class='ocr_carea' id='block_1_61' title="bbox 653 5803 2576 5876">
    <p class='ocr_par' dir='ltr' id='par_1_61' title="bbox 653 5803 2576 5876">
     <span class='ocr_line' id='line_1_61' title="bbox 653 5803 2576 5876; baseline 0.01 -27"><span class='ocrx_word' id='word_1_810' title='bbox 653 5803 747 5862; x_wconf 69' lang='lat'><strong>(93)</strong></span> <span class='ocrx_word' id='word_1_811' title='bbox 778 5803 900 5853; x_wconf 84' lang='lat' dir='ltr'><strong>Vet.</strong></span> <span class='ocrx_word' id='word_1_812' title='bbox 925 5806 1067 5867; x_wconf 89' lang='lat' dir='ltr'><strong>cod.,</strong></span> <span class='ocrx_word' id='word_1_813' title='bbox 1097 5803 1650 5876; x_wconf 43' lang='lat' dir='ltr'><strong>testamemo&#39;scripsit.</strong></span> <span class='ocrx_word' id='word_1_814' title='bbox 1683 5812 1762 5861; x_wconf 82' lang='lat' dir='ltr'><strong>lo.</strong></span> <span class='ocrx_word' id='word_1_815' title='bbox 2315 5817 2576 5868; x_wconf 61' lang='lat' dir='ltr'><strong>Mazaca.</strong></span> 
     </span>
    </p>
   </div>
  </div>
