4072 6192
253 277 389 328 2133

1292 276 1377 329 Dl'.
1422 276 1692 332 EXCIDIO
1731 272 1930 330 URBlS
1972 270 2323 326 lllEItUSUL.
2371 273 2492 326 LIB.
2538 273 2578 326 l.

3481 277 3616 331 2l3i

251 398 604 468 doctoribus,
635 397 733 473 qui
775 400 1023 472 cognitis
1049 400 1162 472 (95)
1193 406 1252 456 et
1287 401 1751 474 conspirantibus
1780 399 1883 455 sibi
1910 412 1966 483 Α
1989 397 2362 452 omniludaa
2377 399 3069 470 congregarijamdudum
3097 401 3430 472 praecipiens
3451 416 3616 474 quos-

252 492 478 549 venisse
522 497 750 566 tempus
790 493 1036 559 aiebant.
1079 511 1191 567 quo
1235 493 1456 551 violata
1490 496 1635 567 legis
1679 495 1887 566 injuria

255 585 637 643 vindicaretur
670 605 682 642 :
719 589 864 643 Dare
898 605 1089 660 parias
1127 590 1494 660 sacrilegum,
1525 589 1622 661 qui
1657 592 1888 660 putaret

247 680 331 735 fas
376 697 496 736 esse
540 681 824 753 quidquid
872 683 1136 754 potestati
1187 683 1400 749 liceret,
1457 700 1562 737 nec
1608 682 1883 754 religione

250 775 613 843 inclinatum,
656 775 754 830 sed
798 776 1019 832 elatura
1066 776 1336 848 superbia
1391 777 1450 832 in
1495 775 1884 848 penetralibus

251 869 453 940 templi
472 869 716 925 faciendi
742 871 899 942 quod
929 871 1114 939 vellet,
1138 870 1436 926 libidinem
1458 888 1560 943 pro
1574 871 1706 941 jure
1727 887 1883 926 exer-

246 963 478 1018 cuisset.
507 964 576 1017 Et
601 963 863 1035 quamvis
893 964 1084 1020 divina
1121 965 1258 1020 ultio
1295 968 1541 1022 mortem
1581 964 1630 1020 ei
1671 964 1882 1020 accele-

250 1061 431 1124 raret,
488 1061 680 1112 tamen
736 1058 1038 1128 pulchrum
1097 1059 1306 1126 videri,
1364 1059 1409 1112 si
1458 1058 1628 1113 etiam
1683 1058 1880 1130 templi

245 1150 451 1205 sacrati
501 1151 612 1221 (96)
657 1150 982 1207 libertatem
1029 1169 1216 1219 suam,
1264 1153 1320 1206 in
1365 1153 1739 1208 defendendis
1780 1169 1876 1224 pa-

247 1243 398 1298 terni
441 1243 583 1298 ritus
627 1243 1120 1301 observationibus
1165 1246 1593 1318 approbarent:
1642 1263 1744 1301 nec
1777 1263 1877 1319 pe-

246 1337 415 1392 riculi
470 1341 626 1393 metu
686 1355 1035 1412 quemquam
1085 1340 1337 1396 revocari
1392 1343 1696 1412 oportere,
1752 1357 1881 1396 cum

244 1431 427 1486 etiam
461 1432 606 1486 mori
637 1448 742 1503 pro
774 1433 900 1505 lege
943 1433 1123 1504 patria
1164 1433 1393 1506 insigne
1433 1434 1883 1490 immortalitatis

242 1525 320 1579 sit
387 1542 401 1581 :
469 1525 756 1598 primique
827 1526 1017 1582 adorsi
1081 1544 1312 1582 auream
1391 1528 1640 1600 aquilam
1714 1545 1881 1600 supra

243 1619 540 1691 fastigium
589 1625 772 1691 portae
828 1621 1055 1676 afﬁxam
1107 1622 1407 1678 detrahere
1455 1623 1878 1693 comprehensi.

242 1716 421 1784 ablue
477 1713 549 1768 ad
601 1730 801 1785 regem
859 1715 1138 1786 perducti,
1183 1733 1312 1771 cum
1365 1716 1876 1788 interrogarentur,

1989 507 2097 563 que
2136 492 2461 562 nobiliores,
2506 499 2566 548 ut
2595 509 2666 548 ex
2707 493 2949 566 singulis
2983 494 3116 550 vicis
3162 495 3220 549 in
3264 511 3440 551 unum
3479 512 3610 552 con-

1990 585 2268 654 venirent,
2314 587 2412 641 ubi
2469 587 2712 659 imperio
2759 587 3212 660 obtemperatum
3253 595 3373 656 .est,
3427 590 3615 646 claudi

1987 697 2079 736 eos
2109 681 2256 735 intra
2298 680 2745 753 hippodromum
2769 682 2960 753 jussit,
2997 685 3056 737 et
3089 685 3354 738 accersita
3393 684 3614 742 Salome

1986 780 2156 846 atque
2222 775 2347 846 ejus
2395 776 2566 831 Alexa
2623 779 2731 846 (99)
2785 776 2936 844 viro,
2996 777 3254 848 legatum
3317 778 3615 848 sanguinis

1987 869 2301 936 mandavit,
2340 886 2594 925 asserens
2643 870 2854 925 latitia
2901 870 3130 944 populis
3175 871 3364 943 gentis
3405 872 3616 930 ludam

1984 979 2146 1018 suam
2169 968 2412 1019 mortem
2438 963 2716 1031 futuram,
2745 967 2802 1019 et
2824 964 2950 1020 ideo
2971 970 3366 1020 commentum
3393 982 3476 1033 se,
3494 981 3614 1039 quo

1985 1056 2414 1127 praeclarissime
2451 1074 2620 1114 suum
2660 1058 3018 1130 epitaphium
3055 1057 3466 1125 celebraretur,
3508 1061 3610 1115 de-

1985 1167 2213 1223 poscere
2249 1166 2282 1205 a
2321 1151 2456 1216 suis,
2499 1156 2562 1205 ut
2598 1168 2727 1206 cum
2769 1152 3037 1208 ultimum
3077 1152 3404 1209 exhalasset
3441 1153 3611 1227 spiri-

1983 1250 2124 1312 tum,
2151 1262 2246 1301 eos
2265 1245 2454 1300 statim
2487 1262 2685 1301 omnes
2709 1247 2809 1318 qui
2833 1246 3009 1302 clausi
3037 1247 3613 1316 tenebantur,”

1976 1340 2264 1410 juberent,
2293 1340 2370 1394 ita
2409 1339 2704 1395 neminem
2733 1340 2993 1396 futurum
3031 1341 3088 1396 in
3130 1341 3389 1398 universa
3420 1343 3613 1400 Judaa

1983 1438 2155 1506 atque
2195 1434 2250 1488 in
2289 1435 2443 1489 omni
2473 1433 2666 1501 domo,
2707 1435 2797 1489 cui
2840 1451 2993 1490 mors
3034 1435 3156 1506 ejus
3201 1439 3349 1492 esset
3386 1437 3607 1509 illacry-

1985 1527 2226 1595 mabilis,
2254 1544 2383 1582 cum
2425 1527 2701 1583 universis
2742 1528 3070 1584 domesticis
3097 1528 3169 1601 (t)
3209 1529 3392 1584 luctus
3425 1531 3609 1587 hare-

1985 1621 2217 1676 ditatem
2259 1621 2678 1694 dereliquisset,
2717 1622 2814 1693 qui
2853 1621 2991 1676 dum
3033 1638 3270 1678 suorum
3311 1623 3612 1696 deplorant

1986 1731 2204 1784 necem,
2229 1715 2386 1787 justa
2420 1715 2543 1787 regi
2581 1714 2908 1771 viderentur
2949 1716 3287 1788 persolvere,
3327 1721 3501 1790 atque
3530 1718 3610 1773 ita

243 1782 343 1861 cui
421 1807 652 1863 obedire
675 1782 694 1785 ν
721 1782 1016 1880 cupientes
1037 1851 1050 1877 ,
1122 1782 1344 1865 tantum
1409 1782 1629 1866 facinus
1691 1782 1878 1866 adorsi
1903 1782 1958 1855 Β
1983 1782 2342 1881 publicorum
2371 1782 2567 1864 latitia
2591 1813 2784 1864 votum
2821 1782 3147 1866 domesticis
3181 1782 3471 1867 doloribus
3495 1813 3606 1867 im-

243 1901 461 1969 forent,
511 1901 932 1973 responderunt
972 1903 1090 1975 legi
1137 1909 1410 1975 paterna.
1458 1907 1670 1960 lterum
1717 1922 1875 1976 qua-

241 1996 423 2061 renti,
472 2011 584 2067 quo
634 1995 768 2051 freti
812 1996 1064 2052 latiores
1105 1998 1389 2066 adessent,
1429 2015 1559 2053 cum
1609 1999 1680 2054 ad
1725 2017 1874 2054 mor-

241 2090 316 2142 tis
386 2094 726 2144 vocarentur
791 2089 1130 2161 periculum,
1197 2093 1623 2163 responderunt
1673 2111 1685 2147 :
1750 2094 1875 2148 Pie-

242 2182 384 2237 tatis
445 2189 503 2237 et
566 2182 876 2238 devotionis
943 2185 1223 2256 pramiis,
1290 2201 1536 2258 quorum
1607 2202 1874 2242 remune-

241 2276 395 2331 ratio
436 2293 538 2348 pro
567 2277 678 2332 ritu
723 2277 908 2348 patrio
952 2282 1198 2334 mortem
1229 2279 1629 2351 expetentibus
1672 2281 1880 2352 persol-

243 2376 495 2427 veretur.
563 2371 678 2425 Nec
744 2370 955 2426 diutius
1029 2372 1180 2427 ferre
1248 2373 1434 2444 potuit
1498 2374 1879 2446 responsionis

238 2463 654 2531 constantiam,
686 2465 783 2520 sed
825 2465 1223 2537 indignatione
1266 2483 1440 2538 super
1476 2467 1878 2538 agritudinem

240 2557 426 2622 facta,
485 2564 542 2611 ut
605 2558 998 2615 inﬁrmitatem
1067 2561 1353 2628 vinceret,
1407 2561 1464 2614 in
1534 2567 1878 2618 conventum

241 2651 442 2722 populi
497 2653 790 2723 processit,
840 2652 1031 2726 ibique
1089 2662 1359 2726 tanquam
1413 2655 1696 2726 sacrilegii
1750 2671 1878 2711 reos

241 2745 320 2798 ad
363 2744 591 2816 plebem
641 2745 907 2801 deferens
942 2763 1204 2803 accusare
1239 2749 1429 2819 coepit,
1467 2748 1621 2820 quod
1658 2749 1879 2819 majora

241 2838 316 2894 de
346 2839 510 2894 factis
540 2839 748 2895 talibus
785 2845 1270 2912 suspectareutur.
1305 2843 1438 2907 Qua
1477 2843 1647 2898 etiam
1690 2843 1736 2898 si
1762 2860 1876 2898 non

239 2932 652 3003 probarentur,
698 2938 899 2989 tamen
944 2935 1135 2991 cuncti
1179 2935 1287 2991 sibi
1335 2936 1577 3008 quisque
1625 2940 1878 2997 metuen-

243 3030 363 3092 tes,
416 3029 714 3082 auctorum
776 3028 873 3100 qui
941 3029 1339 3100 comprehensi
1397 3030 1617 3098 forent,
1667 3031 1879 3086 luenda

1980 1903 2294 1977 pediretur.
2345 1909 2421 1958 Ac
2463 1920 2535 1958 ne
2579 1903 2726 1959 forte
2768 1905 3008 1959 scelesta
3052 1903 3297 1976 imperia
3337 1906 3608 1962 mandata

1980 1999 2268 2054 exsecutio
2291 1997 2650 2066 destitueret,
2673 1999 3108 2070 quinquagenas
3129 1998 3430 2055 drachmas
3442 1999 3611 2071 jussit

1983 2092 2251 2148 militibus
2293 2092 2439 2160 dari,
2489 2098 2548 2146 ut
2593 2091 2688 2146 tali
2737 2091 2967 2147 sceleris
3015 2092 3278 2164 imposita
3320 2093 3605 2162 mercede,

1980 2186 2155 2243 ferale
2202 2185 2587 2241 ministerium
2629 2185 2840 2242 milites
2880 2201 2993 2240 non
3038 2190 3366 2242 recusarent
3408 2204 3425 2242 :
3462 2203 3612 2244 com-

1982 2280 2273 2352 pensaturi
2335 2278 2706 2334 exsecutionis
2767 2279 3068 2334 horrorem
3127 2280 3611 2337 remunerationis

1980 2374 2399 2430 emolumento.
2422 2373 2671 2430 Cedebat
2697 2389 2875 2445 prope
2895 2373 3016 2445 jam
3040 2377 3218 2428 tanta
3239 2373 3611 2430 incommodi-

1981 2467 2109 2522 tatis
2138 2467 2321 2538 gratia
2353 2465 2666 2538 suppliciis,
2709 2466 2810 2521 sed
2851 2466 3215 2538 exspectabat
3249 2467 3473 2522 funesta
3498 2482 3611 2523 res-

1979 2578 2160 2633 ponsa
2198 2560 2512 2632 legationis,
2546 2577 2678 2633 qua
2719 2560 2912 2615 retulit
2937 2560 3010 2615 de
3053 2563 3224 2615 Acme
3264 2560 3607 2632 supplicium

1980 2659 2273 2726 sumptum
2315 2654 2382 2709 ad
2422 2653 2657 2710 Herodis
2693 2655 3029 2726 querelam:
3071 2653 3435 2725 Antipatrum
3474 2671 3608 2726 quo~

1979 2765 2091 2821 que
2118 2749 2439 2804 convictum
2462 2748 2757 2820 parricidii
2783 2749 2953 2803 morti
2979 2747 3385 2820 adjudicatum,
3412 2752 3610 2805 tamen

1980 2844 2205 2914 repulso
2255 2842 2442 2914 patria
2497 2847 2557 2897 et
2606 2830 2805 2914 regno,
2851 2848 3013 2914 pater
3060 2841 3214 2914 fuga
3267 2847 3609 2914 potestatem

1982 2937 2253 3003 tribuere,
2288 2937 2334 2990 si
2376 2935 2565 3004 vellet,
2596 2938 2786 2992 Casar
2812 2935 3068 3006 juberet,
3103 2935 3446 2991 sententiam
3489 2953 3606 2991 sce-

1977 3030 2084 3086 leri
2118 3030 2331 3098 ferens,
2367 3029 2667 3084 consilium
2711 3030 2910 3100 pietati
2954 3029 3310 3101 relinquens.
3351 3030 3610 3086 Solverat

240 3119 525 3190 supplicia
566 3120 1038 3192 deprecabantur.
1080 3123 1190 3177 Nec
1228 3123 1590 3195 pergendum
1624 3123 1680 3179 in
1716 3131 1878 3180 cate—
1900 3151 1954 3225 C
1980 3127 2184 3180 natura
2211 3122 2501 3196 parricidii
2529 3122 2945 3189 necessitatem,
2980 3139 3115 3178 nam
3148 3128 3437 3181 recreatus
3465 3140 3606 3196 pau-

241 3229 365 3279 ros,
415 3230 486 3269 ne
535 3214 770 3285 quastio
811 3215 1001 3286 plures
1038 3219 1211 3288 atque
1260 3217 1476 3272 alienos
1517 3221 1574 3273 et
1616 3217 1880 3274 innoxios
1911 3214 1954 3225 “”
1981 3218 2179 3290 lisper,
2211 3216 2489 3288 permissa
2527 3216 2629 3272 sibi
2673 3215 2966 3288 puniendi,
2998 3219 3060 3271 ut
3100 3217 3268 3272 vellet
3308 3221 3608 3288 potestate,

240 3307 617 3377 perturbaret
651 3331 660 3360 :
693 3312 924 3380 rogatus
953 3307 1144 3380 itaque
1189 3309 1261 3364 ad
1299 3314 1610 3381 prasentes
1646 3317 1874 3368 senten-

237 3399 382 3454 tiam
424 3400 576 3468 tulit,
617 3406 678 3456 ut
718 3401 824 3456 vivi
875 3407 1252 3458 exurerentur
1295 3420 1306 3458 :
1359 3403 1510 3459 unde
1558 3404 1874 3461 incommo-

239 3493 395 3548 ditas
439 3499 625 3563 aucta,
672 3500 730 3551 et
773 3495 1047 3568 gravioris
1093 3495 1455 3568 agritudinis
1498 3499 1600 3565 vis,
1643 3499 1880 3554 diversis

241 3590 428 3641 totum
461 3603 668 3660 corpus
694 3589 817 3660 ejus
842 3588 1202 3662 passionibus
1229 3589 1662 3662 depascebatur.
1692 3592 1882 3648 Febris

240 3686 366 3735 erat
411 3681 737 3751 vehemens,
780 3683 1017 3754 prurigo
1069 3683 1460 3753 intolerabilis,
1505 3683 1767 3739 continui
1815 3701 1879 3740 ac

237 3775 368 3830 sine
385 3774 498 3829 ulla
524 3775 943 3832 intermissione
966 3777 1306 3833 interiorum
1334 3777 1555 3833 dolores
1579 3778 1875 3849 viscerum,

239 3869 386 3923 collo
415 3868 638 3924 medius
672 3869 1001 3938 vexabatur,
1032 3870 1291 3943 hydropa
1332 3871 1722 3943 gravabantur
1751 3889 1877 3928 ves—

237 3961 415 4034 tigia,
479 3963 813 4018 abscondita
879 3964 1130 4036 corporis
1205 3964 1494 4020 scatebant
1556 3966 1878 4035 vermibus,

239 4056 485 4127 sparsim
531 4056 642 4127 (97)
696 4057 868 4112 totius
918 4059 1194 4130 corporis,
1241 4058 1529 4114 anhelitus
1581 4061 1768 4132 gravis
1825 4064 1882 4116 et

240 4149 492 4222 suspiria
530 4151 864 4223 perniciosa,
908 4167 1000 4206 res
1047 4151 1254 4206 indicio
1303 4158 1444 4220 erat,
1482 4153 1637 4225 quod
1684 4153 1882 4224 injusti

239 4243 537 4315 parricidii
573 4249 630 4300 et
665 4245 956 4316 sacrilega.
993 4245 1383 4302 damnationis
1421 4263 1590 4318 poena
1614 4263 1878 4320 reposce-

237 4341 422 4393 retur.
462 4337 582 4393 Non
620 4338 859 4394 cedebat
890 4345 1081 4394 tamen
1121 4339 1333 4410 animo,
1363 4346 1419 4396 et
1455 4340 1679 4396 vivendi
1720 4341 1878 4413 cupi-

238 4431 420 4487 ditate
464 4432 823 4503 passionibus
861 4432 1266 4489 reluctabatur.
1309 4433 1454 4490 Petit
1488 4440 1646 4490 trans
1678 4433 1880 4490 Jorda-

1980 3312 2117 3367 dum
2169 3311 2240 3366 de
2285 3327 2492 3383 genere
2536 3309 2695 3365 necis
2737 3313 2960 3377 tractat,
3001 3310 3281 3366 distentus
3321 3310 3613 3367 doloribus

1979 3421 2228 3477 propere
2271 3404 2346 3475 ('2)
2386 3403 2536 3459 diem
2582 3403 2781 3458 mortis
2824 3403 3122 3475 pervenire
3167 3403 3609 3461 desideraverat.

1981 3497 2242 3570 Poposcit
2278 3499 2467 3569 itaque
2499 3497 2738 3564 malum,
2770 3497 3110 3569 pariterque
3149 3497 3423 3569 gladium,
3454 3503 3514 3554 ut
3541 3515 3611 3555 eo

1977 3606 2212 3664 pomum
2239 3591 2438 3646 solitus
2464 3589 2714 3645 incidere
2747 3589 3072 3645 refectionis
3108 3590 3324 3662 aliquid
3357 3608 3608 3649 assume-

1983 3689 2089 3749 ret,
2127 3689 2185 3740 et
2223 3684 2513 3756 paulisper
2548 3700 2665 3738 sese
2708 3683 2972 3739 attollens
3005 3683 3310 3756 cubitoque
3346 3685 3610 3753 adnixus,

1980 3778 2188 3836 levavit
2212 3777 2532 3844 dexteram,
2573 3775 2810 3848 cupiens
2836 3792 2960 3830 sese
3000 3775 3197 3844 ferire,
3235 3777 3335 3832 sed
3366 3779 3614 3833 occurrit

1984 3871 2283 3939 Achiabus,
2325 3876 2382 3927 et
2416 3869 2709 3942 impedivit
2753 3869 2954 3936 ictum,
2999 3870 3267 3942 luctuque
3313 3874 3428 3926 tota
3461 3887 3607 3950 {con-

1983 3966 2204 4038 crepuit
2237 3965 2460 4032 domus,
2494 3966 2557 4018 ut
2595 3963 2804 4019 obiisse
2842 3962 3092 4019 Herodes
3123 3963 3260 4019 foris
3299 3964 3612 4020 astimare~

1984 4064 2094 4116 tur.
2126 4058 2436 4117 Exsultavit
2474 4057 2766 4129 Antipater
2812 4057 2886 4112 ad
2924 4073 3130 4112 sonum
3172 4056 3447 4130 planctus,
3487 4062 3544 4113 et
3581 4076 3616 4114 a

1983 4153 2313 4210 custodibus
2349 4151 2617 4208 adhibitis
2653 4150 2980 4223 postulavit,
3013 4157 3074 4206 ut
3103 4151 3346 4206 vinculis
3374 4153 3617 4208 resolve-

1981 4254 2176 4316 retur;
2207 4247 2300 4302 sed
2335 4245 2675 4319 praepositus
2714 4245 2766 4299 ei
2801 4245 3023 4300 muneri
3056 4261 3171 4301 non
3208 4245 3392 4302 solum
3417 4245 3616 4303 abnuit

1983 4341 2139 4416 quod
2170 4341 2493 4414 rogabatur,
2531 4340 2624 4396 sed
2658 4339 2834 4396 etiam
2867 4338 2987 4411 regi
3019 4340 3396 4396 annuntiavit.
3427 4340 3618 4397 Excla-

1987 4453 2149 4491 mans
2182 4437 2273 4491 ille
2313 4434 2569 4490 insultari
2615 4434 2799 4489 adhuc
2841 4433 2948 4487 sibi
2988 4433 3218 4502 viventi,
3258 4449 3617 4506 percussores

239 4541 377 4582 nem
427 4526 642 4582 calores
687 4543 853 4598 aqua
897 4527 1114 4595 calida,
1162 4527 1259 4582 sed
1320 4527 1463 4583 nihil
1519 4518 2211 4600 j‘ii'ofuerunt.Ddirexit,
2256 4529 2356 4600 qui
2411 4529 2769 4600 Antipatrum
2824 4525 3234 4594 interﬁcerent,
3286 4541 3614 4600 casumque

242 4619 592 4691 Asphaltites
632 4620 804 4688 lacus,
846 4620 1133 4693 plerisque
1186 4621 1556 4690 medicabilis,
1599 4621 1719 4677 sine
1763 4623 1881 4678 ullo

243 4713 505 4784 profectu
552 4730 773 4786 agrum
819 4714 1067 4770 tenebat.
1116 4714 1218 4770 Ubi
1270 4715 1406 4770 dum
1456 4716 1580 4771 oleo
1631 4715 1884 4787 plurimo

241 4808 570 4878 foveretur,
627 4810 812 4863 laxato
867 4809 1142 4864 resolutus
1191 4825 1459 4881 corpore,
1513 4809 1885 4865 morientium

245 4902 435 4974 specie
469 4902 661 4958 oculos
697 4903 946 4970 invertit,
979 4906 1036 4958 et
1065 4919 1166 4958 vox
1209 4903 1506 4973 defecerat,
1545 4919 1648 4958 nec
1686 4919 1884 4960 sensus

244 4995 542 5064 manebat,
580 4996 679 5052 sed
715 4997 1058 5052 exercitatus
1093 4997 1206 5067 (98)
1239 4997 1478 5069 strepitu
1520 4997 1882 5052 conclaman-

246 5090 395 5144 tium
445 5090 774 5162 resumpsit,
821 5095 877 5145 et
925 5090 999 5145 ad
1046 5107 1149 5145 sua
1196 5090 1422 5163 regredi
1475 5091 1731 5162 cupiens,
1787 5089 1886 5145 ubi

248 5184 319 5238 ad
351 5184 644 5255 regionem
681 5185 792 5239 loci
827 5185 923 5257 qui
957 5184 1359 5257 appellabatur
1393 5184 1678 5253 Hiericho,
1708 5183 1888 5247 adveq'

249 5277 366 5347 nit,
423 5283 545 5333 atro
598 5278 732 5335 felle
784 5278 1138 5351 exagitatus,
1195 5281 1253 5332 et
1303 5277 1407 5350 ipsi
1459 5278 1884 5350 quodammodo

253 5372 425 5428 morti
468 5373 742 5428 minitans
792 5373 1048 5427 immane
1100 5372 1318 5428 facinus
1363 5373 1721 5444 excogitavit,
1769 5389 1885 5445 quo

252 5467 410 5521 velut
449 5467 670 5522 inferia
711 5466 816 5521 sibi
861 5467 1057 5539 pOpuli
1102 5467 1484 5524 mitterentur.
1527 5467 1780 5539 Namque
1816 5483 1885 5522 ex

315 5634 409 5695 (93)
439 5633 706 5697 Cognatis.
733 5634 910 5684 Basia.

316 5706 414 5765 (96)
447 5705 575 5770 Leg.
603 5704 793 5766 templo
821 5705 1040 5753 sacrati.
1072 5706 1151 5753 ιυ.

316 5778 409 5838 g9?)
443 5776 672 5842 Spasmi.
704 5775 787 5825 In.

320 5851 411 5910 98)
449 5852 528 5898 Au
557 5849 816 5897 ησίίηιιις
838 5845 866 5900 ."
891 5846 1188 5899 GALLASD.

1988 4623 2226 4695 sepelire
2259 4622 2431 4693 jussit
2469 4623 2525 4676 in
2565 4619 2863 4692 Hyrcania,
2903 4623 3075 4691 atque
3122 4620 3331 4676 iterum
3376 4621 3617 4677 mutavit

1987 4721 2413 4785 testamentum,
2467 4731 2778 4787 regemque
2831 4714 3169 4770 Archelaum
3225 4714 3472 4770 instituit
3527 4733 3612 4770 se-

1989 4811 2212 4866 niorem
2246 4826 2310 4864 ex
2341 4809 2648 4864 fratribus:
2684 4809 2907 4882 Antipa
2951 4808 3317 4864 tetrarchiam
3361 4809 3614 4881 reliquit.

1989 4905 2256 4975 Quinque
2282 4903 2469 4976 itaque
2493 4903 2692 4959 diebus
2718 4903 3019 4976 Antipatro
3057 4906 3349 4975 superstes
3380 4901 3613 4970 defecit,

1986 4998 2220 5069 triginta
2246 5000 2304 5052 et
2327 5002 2548 5069 septem
2575 4997 2742 5053 annis
2768 5013 2836 5053 ex
2870 5014 2984 5070 quo
3011 5013 3044 5051 a
3070 4996 3340 5052 Romanis
3379 4996 3613 5069 imperi-

1987 5096 2108 5146 tare
2149 5091 2344 5162 jussus
2399 5095 2514 5160 est,
2573 5107 2752 5164 regno
2803 5091 3015 5163 potitus
3071 5107 3083 5145 :
3137 5107 3203 5145 ex
3254 5105 3370 5162 quo
3424 5094 3617 5146 autem

1986 5185 2338 5258 Antigonum
2371 5185 2599 5240 sustulit
2633 5184 2796 5257 regni
2826 5184 3124 5251 amulum,
3164 5199 3346 5239 annos
3382 5183 3619 5255 triginta

1987 5283 2231 5352 quatuor
2255 5279 2498 5351 imperio
2527 5277 2736 5351 exegit,
2770 5277 2993 5333 utinam
3022 5282 3140 5333 tam
3174 5275 3484 5332 domestico
3512 5293 3620 5333 usu

1987 5389 2163 5445 quam
2201 5372 2441 5445 publicis
2476 5373 2640 5428 latus
2678 5372 3044 5426 successibus.
3085 5371 3337 5443 Namque
3369 5370 3446 5425 ita
3481 5371 3621 5426 foris

1989 5466 2254 5521 secunda
2283 5466 2336 5521 ei
2365 5483 2453 5522 res
2478 5467 2898 5538 aspiraverunt,
2925 5467 2986 5519 ut
3011 5464 3261 5536 privatus
3290 5463 3344 5518 in
3373 5480 3620 5536 regnum

2050 5635 2150 5696 (99)
2182 5633 2511 5686 Alexandro.
2541 5634 2716 5684 Buta.

2055 5707 2119 5768 (t)
2153 5706 2446 5758 Domutioi.
2482 5705 2562 5754 In.

2056 5778 2117 5838 (Ξ)
2153 5777 2236 5827 Al.
2269 5777 2516 5842 propria.
2552 5775 2616 5828 Et
2651 5789 2779 5827 mox
2805 5777 3110 5840 praevenire.
3146 5776 3224 5825 In.
