4000 6166
514 258 647 310 2135

1985 251 2041 307 S.
2081 249 2399 308 AMBROSII

3681 266 3786 318 2136

511 375 921 444 ascisceretur,
993 392 1177 448 eoque
1245 391 1348 447 per
1412 375 1591 431 multa
1652 390 1789 430 usus
1855 390 2140 430 annorum
2167 375 2429 460 ACaesar
2483 377 2770 446 probasset
2811 395 2824 432 :
2879 377 3102 450 reliqua
3158 379 3456 434 secundum
3505 380 3672 451 priora
3713 401 3792 438 sua

509 469 816 538 curricula,
847 471 1003 543 quod
1044 469 1277 526 difﬁcile
1322 470 1472 524 salvo
1503 469 1797 541 potestatis
1826 485 1932 524 usu
1975 470 2137 524 dece-

514 564 709 631 deret,
762 565 1091 638 relinquens
1154 564 1348 619 liberis
1409 562 1635 635 imperii
1701 563 2140 628 successionem,

512 676 692 733 quam
722 659 844 731 ipse
880 675 912 713 a
937 659 1053 714 suis
1081 674 1198 713 non
1234 662 1550 730 acceperat.
1581 656 1690 712 Sed
1717 656 1867 712 intra
1907 656 2144 711 domum

513 753 957 819 infelicissimus,
1005 768 1179 822 quam
1227 751 1432 807 acerbo
1480 766 1716 805 suorum
1763 750 2043 821 sanguine
2089 752 2148 802 et

513 851 670 904 luctu
718 847 986 918 replevit,
1040 862 1144 901 nec
1201 851 1397 901 tamen
1452 844 1876 900 exsecutionem
1932 843 2146 898 invenit

517 942 732 998 ultimm
778 941 1152 1006 crudelitatis,
1198 941 1304 995 hoc
1347 956 1464 995 uno
1507 939 1734 995 Salome
1779 938 2146 993 oblitterante

517 1037 824 1092 criminum
883 1050 1117 1090 suorum
1180 1033 1422 1090 ludibria
1480 1033 1791 1104 superiora,
1848 1031 2005 1102 quod
2055 1047 2149 1086 eos

518 1145 665 1201 quos
710 1129 929 1200 percuti
977 1144 1076 1183 rex
1121 1128 1370 1198 jusserat
1423 1143 1622 1181 omnes
1665 1125 1908 1192 dimisit,
1956 1124 2149 1180 dicens

518 1230 722 1296 regem
751 1222 1026 1294 praecepti
1060 1220 1253 1276 feralis
1288 1225 1480 1292 postea
1518 1219 1846 1292 paenituisse
1880 1236 1893 1274 :
1926 1234 2150 1274 revoca-

519 1318 705 1390 tisque
731 1315 1012 1372 mandatis
1042 1315 1450 1386 superioribus,
1474 1313 1828 1386 praecepisse,
1854 1316 1920 1367 ut
1946 1312 2019 1368 ad
2046 1329 2149 1366 sua

523 1427 724 1470 omnes
749 1409 1194 1466 dimitterentur.

1115 1502 1335 1558 CAPUT
1382 1501 1560 1557 XLVI.

528 1613 534 1616 '
593 1599 736 1656 Dein
776 1601 975 1669 postea
1023 1597 1172 1653 facta
1218 1596 1276 1650 in
1327 1594 1748 1668 amphitheatro
1798 1593 2046 1649 militum
2097 1597 2154 1649 et

521 1693 726 1764 reliqui
761 1690 957 1764 populi
997 1690 1459 1762 congregatione,
1507 1689 1577 1742 de
1619 1687 1777 1743 obitu
1823 1688 1974 1758 regis
2003 1687 2153 1758 judi-

2243 474 2584 526 testamenta
2609 470 2882 526 custodiri
2907 472 3181 542 praecipit.
3221 471 3492 528 Continuo
3519 475 3792 532 acclamatio

2245 565 2395 619 facta
2431 563 2673 619 militum
2707 565 2980 620 Archelao
3015 564 3406 636 plaudentium
3433 581 3445 619 :
3477 567 3797 624 circumvalla-

2245 659 2415 713 batur
2450 658 2598 713 illico
2639 659 2981 730 stipatorum
3022 658 3241 712 ambitu
3273 675 3285 711 :
3315 659 3635 730 promittunt
3660 661 3796 717 bene-

2247 753 2571 820 volentiam,
2601 753 2882 823 spondent
2918 752 3112 807 ﬁdem.
3154 753 3285 807 Post
3317 753 3433 807 haec
3469 758 3800 825 competenter

2249 851 2424 918 atque
2465 846 2771 918 magnifice
2802 847 2972 900 funus
3011 852 3295 913 curatum,
3329 847 3479 901 omni
3519 848 3710 903 ambitu
3734 867 3800 904 re—

2251 942 2462 1012 galium
2505 940 2835 995 divitiarum
2880 940 3178 1011 praemisso
3222 941 3290 995 ad
3343 957 3553 1012 pompae
3599 942 3805 998 funebris

2249 1035 2639 1090 celebritatem
2689 1052 2700 1088 :
2747 1035 2927 1089 lectus
2979 1038 3104 1089 erat
3153 1050 3293 1090 auro
3335 1039 3479 1089 totus
3523 1039 3576 1089 et
3611 1039 3806 1105 gemmis

2251 1129 2578 1200 insignitus,
2613 1133 2855 1184 stratum
2890 1129 3180 1200 refulgens
3219 1129 3451 1194 murice,
3485 1145 3671 1201 corpus
3703 1130 3805 1184 ado-

2253 1229 2476 1294 pertum
2514 1239 2802 1294 purpurea
2843 1223 3113 1294 diploide,
3146 1239 3318 1293 quam
3354 1222 3732 1278 internectebat
3761 1224 3806 1277 li-

2250 1317 2384 1372 bula
2415 1315 2690 1388 lapidibus
2728 1315 2991 1387 pretiosis
3029 1332 3354 1383 coruscans,
3382 1315 3631 1370 diadema
3667 1315 3809 1370 adhes.

2252 1411 2414 1465 rehat
2440 1409 2660 1478 vertici,
2695 1426 2981 1482 supraque
3023 1426 3228 1465 corona
3262 1426 3458 1475 aurea,
3489 1415 3742 1482 sceptrum
3773 1410 3812 1464 in

2252 1505 2509 1573 dextera,
2533 1508 2596 1558 ut
2621 1504 2908 1559 viventem
2938 1508 3188 1575 putares.
3211 1504 3454 1559 Praeibat
3477 1519 3668 1574 agmen
3688 1504 3815 1558 Thra-

2252 1598 2456 1666 cicum,
2485 1597 2868 1670 Germanique
2897 1601 2952 1652 et
2986 1598 3126 1654 Galli
3163 1597 3460 1668 stipatores
3495 1598 3630 1668 regii
3661 1597 3817 1652 milita-

2257 1708 2374 1746 rem
2399 1691 2700 1746 servabant
2729 1692 3016 1759 ordinem,
3040 1691 3161 1762 pari
3184 1691 3361 1747 modo
3387 1691 3643 1745 succincti
3666 1691 3814 1752 armis,

521 1763 672 1844 cium
715 1763 952 1852 factum,
986 1784 1263 1856 processit
1292 1783 1645 1848 Ptolemaeus,
1685 1782 1783 1853 qui
1825 1782 1972 1852 regis
2008 1781 2148 1836 ami-
2174 1763 2228 1833 B
2253 1802 2316 1839 ac
2346 1785 2390 1839 si
2421 1785 2478 1839 in
2502 1785 2714 1840 bellum
2743 1785 3055 1856 prodirent,
3078 1785 3176 1838 sed
3205 1800 3306 1839 ora
3333 1783 3589 1839 maestitia
3610 1785 3766 1855 plena,
3780 1789 3817 1837 et

434 1877 436 1880 ’
523 1880 670 1937 citie
699 1880 852 1935 inter
884 1878 1245 1934 ﬁdelissimos
1264 1893 1526 1948 quosque
1547 1893 1726 1948 usque
1749 1875 1805 1929 in
1831 1882 2149 1930 extremum

527 1974 867 2041 adhaeserat,
917 1977 976 2027 et
1029 1973 1308 2026 annulum
1370 1970 1634 2026 deferens
1679 1985 1852 2040 quem
1901 1969 2154 2024 defuncti

525 2067 706 2139 digito
746 2066 1017 2132 detraxit,
1061 2065 1347 2120 collaudat
1387 2080 1606 2134 regem,
1641 2067 1695 2117 et
1738 2063 2012 2134 populum
2053 2063 2150 2118 ad-

526 2163 722 2218 monet
755 2159 1202 2231 tranquillitatis,
1245 2158 1546 2229 aperitque
1587 2159 1636 2211 ei
1682 2158 2002 2229 epistolam,
2045 2173 2155 2228 qua

527 2257 790 2327 precatus
838 2253 1194 2308 ﬁdelissimos
1260 2251 1362 2306 sibi
1415 2251 1624 2306 milites
1683 2252 2042 2315 hortabatur,
2098 2257 2158 2306 ut

527 2349 832 2405 successori
883 2363 986 2404 suo
1033 2346 1483 2402 benevolentiam
1538 2345 1881 2401 exhiberent
1924 2349 1981 2400 et
2032 2361 2160 2417 gra-

527 2443 684 2499 tiam.
717 2443 788 2498 Et
811 2441 1024 2513 apertis
1053 2440 1226 2495 etiam
1265 2438 1472 2495 tabulis
1514 2444 1919 2495 testamentum
1960 2439 2158 2493 recita-

527 2543 620 2592 tur
653 2553 666 2590 :
695 2535 987 2607 Philippus
1010 2533 1387 2590 Traconitidis
1415 2533 1666 2606 regionis
1695 2537 1755 2588 et
1781 2532 2160 2588 ﬁnitimorum

526 2633 783 2686 locorum
829 2629 1016 2684 haeres
1057 2631 1452 2699 nuncupatus;
1502 2627 1844 2694 tetrarches,
1885 2626 2155 2698 Antipas;

529 2740 648 2788 rex,
676 2723 1006 2790 Archelaus,
1048 2720 1126 2776 ita
1168 2726 1359 2776 tamen
1401 2727 1462 2774 ut
1502 2720 1573 2775 ad
1615 2720 1899 2775 Caesarem
1947 2718 2160 2774 deferri

532 2818 814 2873 annulum
860 2831 1053 2882 suum,
1081 2817 1254 2887 atque
1293 2813 1344 2868 ei
1387 2812 1690 2868 arbitrium
1730 2816 1788 2867 et
1826 2812 2156 2868 ﬁrmamen-

530 2917 652 2966 tum
699 2909 960 2966 omnium
1011 2907 1448 2979 dispositionum
1500 2923 1731 2962 suarum
1786 2911 2157 2962 reservarent.

529 3008 605 3061 Ac
629 3007 756 3059 tum
785 3003 1023 3060 demum
1051 3005 1240 3057 ratum
1277 3004 1425 3057 esset
1447 3005 1857 3056 testamentum
1901 3016 2086 3067 suum,
2114 3000 2161 3056 si

595 3126 664 3188 (3)
694 3125 793 3177 Sed
818 3138 918 3176 ora
947 3123 1115 3174 minati
1138 3136 1202 3174 ac
1230 3121 1526 3174 dolentibus
1554 3122 1766 3172 similes.
1793 3122 1969 3173 ΒΑΜ.

2256 1879 2585 1933 dolentibus
2615 1879 2686 1949 (3)
2716 1878 2931 1932 similes
2956 1879 3480 1950 prosequebantur.
3503 1878 3715 1948 Reliqua
3734 1893 3818 1932 ma-

2256 1989 2361 2026 nus
2409 1973 2861 2044 prosequebatur
2902 1978 3108 2028 ornatu
3150 1971 3341 2039 solito,
3374 1975 3432 2026 et
3471 1971 3618 2026 cultu
3650 1976 3820 2026 assueto

2256 2066 2662 2122 comitantibus
2680 2066 2894 2138 pariter
2911 2066 3146 2121 ducibus
3167 2073 3224 2121 et
3242 2066 3677 2122 centurionibus.
3694 2065 3822 2128 Quin-

2259 2162 2416 2233 genti
2445 2161 2620 2216 etiam
2661 2177 2957 2216 servorum
3003 2164 3061 2216 et
3093 2161 3433 2216 libertorum
3469 2160 3635 2232 regia:
3668 2159 3823 2214 domus

2258 2255 2639 2326 aspergebant
2665 2257 2944 2324 aromata,
2975 2261 3035 2310 ut
3061 2255 3220 2308 suavi
3246 2254 3428 2310 odore
3458 2259 3572 2308 tota
3602 2253 3824 2323 fragm-el

2259 2350 2365 2417 via,
2395 2350 2599 2403 lectum
2633 2347 2735 2403 ﬁlii
2765 2348 2934 2420 regis,
2963 2354 3021 2403 et
3048 2347 3507 2420 propinquorum
3532 2347 3608 2402 vis
3631 2346 3826 2402 maxima

2259 2442 2770 2498 circumfundebat.
2811 2442 3075 2513 Sepultus
3113 2449 3196 2498 est
3236 2442 3298 2497 in
3343 2441 3587 2497 Herodio
3627 2442 3703 2510 (ut
3742 2440 3826 2510 ipse
3936 2443 3937 2458 ‘

2263 2537 2572 2604 mandavit)
2605 2536 2754 2607 quod
2793 2537 2989 2591 aberat
3015 2537 3272 2592 ducentis
3311 2535 3511 2591 stadiis
3549 2534 3614 2588 ab
3638 2550 3698 2588 eo
3723 2533 3829 2596 loco,
3936 2517 3937 2544 ¹

2259 2632 2315 2685 in
2363 2647 2477 2702 quo
2517 2630 2695 2685 linem
2743 2631 2872 2685 vita).
2911 2631 3168 2686 invenit:
3217 2646 3439 2701 magno
3481 2627 3731 2700 obsequio
3761 2642 3832 2696 per

2259 2729 2484 2780 tantum
2526 2725 2695 2795 spatii
2726 2724 3002 2780 deductus
3035 2724 3458 2794 universorum,
3486 2723 3585 2779 sed
3610 2739 3709 2778 non
3741 2737 3829 2774 om-

2261 2819 2424 2873 nium
2455 2817 2576 2890 pari
2602 2818 2833 2886 affectu;
2860 2822 3044 2873 metus
3068 2818 3221 2873 enim
3245 2818 3526 2885 cilicium,
3556 2833 3662 2872 non
3683 2822 3830 2868 votum

2261 2917 2610 2980 extorserat;
2641 2911 2804 2967 dolor
2843 2913 2995 2968 intra
3025 2929 3085 2967 se
3131 2914 3339 2967 saltem
3374 2912 3612 2967 liberam
3642 2907 3833 2966 habebat
3936 2917 3937 2956 ἰ

2260 3007 2622 3062 sententiam.
2654 3007 2810 3061 Hunc
2837 3006 3008 3061 finem
3036 3005 3238 3061 habuit
3264 3005 3536 3062 Herodes.
3936 3005 3937 3062 ἲ

544 3344 892 3356 -υοο-ρσ-ο-υ--τ
899 3345 964 3351 -..-
975 3346 982 3349 -
991 3344 1248 3351 -ο-ω-ο
1255 3344 1286 3350 _
1295 3339 2288 3350 .—..—.——.————..—-—.—-—.*—_————.——_-——————

1700 3574 2037 3666 LIBER
2106 3572 2715 3666 SECUNDUS.

1085 4002 1305 4058 CAPUT
1343 4001 1626 4058 PRIMUM.

611 4098 839 4168 Sepulto
883 4095 1124 4162 Herode,
1169 4094 1366 4162 libera,
1412 4100 1474 4149 ut
1514 4094 1571 4148 in
1621 4094 1918 4150 defunctos
1964 4095 2169 4162 solent,

539 4189 748 4260 judicia
779 4188 977 4260 populi
1009 4187 1518 4260 depromebantur,
1548 4204 1780 4258 gravem
1811 4188 1977 4243 fuisse
2006 4189 2169 4244 illum

545 4288 603 4339 et
627 4281 1068 4350 intolerabilem,
1092 4281 1304 4352 injuste
1331 4281 1571 4353 imperia
1593 4281 1650 4334 in
1670 4281 1818 4336 cives
1837 4282 2169 4349 exercuisse,

546 4380 858 4448 tyrannum
891 4391 1006 4430 non
1033 4390 1232 4446 regem
1274 4391 1527 4442 suorum,
1561 4374 1900 4445 parricidam
1945 4376 2169 4432 domes-

533 4470 741 4540 ticum,
793 4468 1169 4541 expilatorem
1225 4468 1536 4540 publicum,
1592 4468 1808 4523 nemini
1860 4469 2170 4541 quidquam

545 4564 934 4636 dereliquisse,
964 4563 1193 4618 tributis
1233 4563 1506 4618 exhausta
1549 4562 1766 4631 omnia,
1796 4563 2174 4634 locupletatos

545 4657 917 4728 alienigenas,
939 4657 1165 4713 Judeeos
1191 4656 1524 4725 exinanitos,
1549 4657 1684 4728 quia
1711 4657 1924 4728 templo
1954 4657 2176 4712 hostem

545 4751 852 4818 induxerit,
884 4755 1098 4804 sacrata
1143 4750 1219 4818 (4)
1251 4755 1444 4805 omnia
1483 4750 1780 4821 sacrilegio
1818 4750 2176 4804 contamina-

550 4847 620 4900 rit
667 4863 679 4898 :
724 4845 918 4899 beatos
969 4843 1088 4896 illos
1142 4843 1239 4913 qui
1294 4843 1658 4909 defecissent,
1708 4860 1837 4898 cum
1890 4849 2178 4899 tormenta

545 4938 862 4994 viventibus
908 4952 1021 4990 non
1065 4936 1348 5001 deessent,
1393 4937 1558 5007 plura
1600 4937 1876 4992 malorum
1920 4938 2176 4993 Judaeam

549 5036 674 5102 post
715 5031 1015 5103 depulsam
1068 5029 1456 5101 captivitatem
1514 5031 1568 5083 in
1623 5031 1812 5100 paucis
1863 5031 2026 5085 annis
2077 5031 2178 5086 sub

2193 4014 2248 4088 ρ
2275 3999 2487 4067 exsilio,
2520 4001 2565 4055 si
2606 4000 2754 4056 diem
2786 4001 3113 4069 clauderet;
3149 4003 3249 4056 sed
3289 4003 3592 4058 accessisse
3625 4000 3688 4054 ad
3713 3996 3841 4052 servi-
3936 4039 3937 4070 ξ

2274 4094 2410 4148 tutis
2465 4093 2748 4150 miseriam
2798 4095 3137 4150 Archelaum
3195 4102 3577 4167 spontaneum
3628 4106 3846 4149 successo-

2275 4204 2417 4254 rem,
2457 4189 2555 4259 qui
2599 4191 2656 4242 et
2703 4189 2985 4244 Herodem
3037 4191 3300 4258 referret,
3345 4195 3404 4245 et
3447 4207 3591 4244 nova
3624 4187 3842 4243 adderet:
3936 4261 3937 4264 η

2276 4283 2544 4337 miserum
2579 4282 2687 4336 hoc
2726 4282 2785 4337 in
2826 4283 3019 4354 regnis
3057 4301 3203 4349 esse,
3233 4285 3392 4355 quod
3435 4284 3687 4340 dominus
3714 4279 3845 4348 elige-

2278 4379 2452 4443 retur,
2483 4376 2744 4431 miserius
2773 4377 2924 4448 quod
2964 4378 3156 4432 invitis
3179 4378 3594 4450 imponeretur.
3624 4373 3847 4431 Solatium

2278 4470 2560 4525 servitutis
2603 4469 2803 4540 videri,
2839 4471 2884 4524 si
2927 4471 3032 4542 ipsi
3079 4472 3183 4527 sibi
3225 4473 3527 4529 dominum
3566 4471 3772 4542 eligant,
3801 4479 3849 4516 eo
3936 4457 3937 4520 ξ

2277 4563 2426 4635 quod
2477 4564 2570 4618 ﬁat
2616 4563 2934 4636 benignior,
2983 4564 3026 4619 si
3077 4565 3377 4622 deferatur
3423 4566 3738 4638 imperium;
3777 4574 3847 4609 ευ·
3936 4553 3937 4564 “

2281 4658 2533 4730 perbior,
2592 4659 2635 4713 si
2688 4665 3012 4730 usurpetur.
3065 4661 3258 4734 Longe
3312 4662 3512 4733 itaque
3566 4656 3847 4715 Archelaum

2282 4753 2498 4807 Herode
2529 4752 3028 4808 intolerabiliorem
3058 4755 3340 4822 futurum,
3366 4772 3498 4810 cum
3524 4756 3620 4808 iste
3641 4761 3847 4814 usuum-

2280 4846 2411 4899 serit
2444 4862 2714 4918 regnum,
2751 4847 2844 4901 ille
2881 4848 3180 4919 acceperit.
3213 4850 3291 4902 Ea
3337 4866 3454 4905 non
3491 4849 3658 4903 solum
3693 4841 3848 4898 crebro

2285 4939 2336 4993 in
2382 4939 2574 4994 .ludsea
2611 4940 3073 5005 conferebantur,
3109 4957 3307 4996 verum
3343 4943 3515 4996 etiam
3546 4944 3718 4996 Roma:
3747 4952 3757 4987 :
3782 4949 3845 4985 as-

2269 5033 2517 5106 :sistente
2558 5035 2629 5102 (5)
2673 5035 2967 5102 Archelao,
3019 5035 3419 5106 perorantibus
3465 5029 3844 5092 accusatoribus.

551 5125 792 5182 Herodis
831 5125 1075 5196 imperio
1116 5123 1434 5195 pertulisse,
1475 5140 1647 5194 quam
1694 5125 1754 5178 in
1796 5125 1918 5196 ipsa
1959 5124 2182 5196 captivi-
2246 5127 2340 5201 .311
2379 5144 2439 5181 os
2476 5128 2694 5199 objecta
2733 5128 2887 5199 apud
2926 5129 3208 5184 Caesarem
3253 5137 3647 5201 senatumque,
3682 5122 3760 5179 ubi
3795 5120 3843 5172 de

554 5221 663 5276 tate
693 5219 796 5274 sub
831 5219 991 5273 hoste
1035 5218 1277 5273 barbaro
1310 5215 1641 5272 sustinuerit
1670 5235 1681 5271 :
1717 5234 1846 5272 cum
1875 5219 1980 5272 sibi
2011 5219 2182 5288 Baby-
2286 5237 2462 5293 regno
2529 5222 2788 5276 Archelai
2851 5223 3242 5278 conﬁrmando
3304 5222 3723 5296 abrogandoquc
3775 5213 3840 5267 diu

552 5314 838 5370 loniorum
868 5327 1033 5383 reges
1065 5311 1478 5384 imperitarent,
1516 5311 1620 5366 sub
1658 5312 1768 5366 illis
1805 5313 2239 5388 tolerabiliora‘
2285 5315 2653 5370 decertatum.
2706 5316 2957 5388 Denique
3011 5334 3142 5372 cum
3207 5318 3262 5370 in
3329 5319 3546 5388 templo
3594 5307 3838 5384 Apollinis,

552 5408 772 5477 exsilia,
801 5423 972 5478 quam
1006 5406 1109 5460 sub
1141 5405 1355 5461 Herode
1382 5406 1757 5460 domesticum
1779 5407 2130 5462 domicilium
2165 5383 2260 5462 :D
2284 5411 2431 5481 quod
2465 5411 2651 5464 Caesar
2677 5411 3016 5466 condiderat
3049 5412 3357 5484 multisque
3389 5409 3662 5466 ornatibus
3691 5414 3841 5458 venus

551 5499 618 5552 ab
645 5500 754 5555 illis
793 5500 862 5555 ad
904 5516 1007 5554 sua
1045 5499 1332 5566 remissos,
1362 5499 1432 5552 ab
1472 5499 1576 5553 hoc
1602 5499 1830 5570 fugatos
1865 5517 1877 5552 :
1912 5500 2181 5555 immitio-
2285 5507 2446 5571 tarat,
2489 5505 2646 5559 locus
2692 5511 2841 5560 esset
2887 5506 3203 5578 cognitioni
3246 5507 3430 5576 datus,
3468 5505 3697 5560 Salomes
3729 5494 3840 5550 ﬁlius

553 5607 669 5646 rem
708 5594 895 5659 Dario,
928 5598 1233 5648 Artaxerxe
1265 5593 1688 5664 superbiorem,
1715 5593 1892 5648 Medis
1923 5593 2175 5664 rapacio-
2282 5597 2596 5668 Antipater,
2644 5598 2736 5652 illa
2778 5616 2904 5670 qum
2953 5616 3125 5672 supra
3168 5600 3430 5669 diximus,
3479 5603 3533 5653 et
3569 5592 3730 5650 multa
3757 5585 3839 5642 alia

553 5700 689 5739 rem.
722 5685 986 5756 Sperasse
1028 5687 1204 5742 ﬁnem
1233 5688 1534 5754 malorum,
1568 5693 1631 5742 ut
1667 5687 1770 5742 sibi
1801 5688 1956 5742 exire
1983 5687 2180 5743 liceret
2283 5690 2507 5746 dicendi
2561 5691 2780 5746 validus
2824 5695 3279 5765 prosequebatur
3326 5711 3337 5748 :
3386 5690 3569 5747 mirari
3613 5703 3679 5744 se.
3723 5678 3837 5754 quod

609 5825 676 5888 (4)
705 5826 922 5885 Sancta,
948 5827 1066 5876 sive
1093 5839 1269 5877 sacra.
1303 5829 1475 5880 ΒΑΜ.
2346 5832 2406 5896 (5)
2435 5830 2707 5885 Assistemi
2732 5834 2882 5886 Arch.
2915 5835 2995 5889 In.
