4072 6192
276 290 411 344 2137

1305 295 1392 352 DE
1431 296 1703 353 EXCIDIO
1740 290 2340 354 URBIS'HIEROSOL.
2385 299 2509 354 LIB.
2555 299 2619 353 ll.’

3508 298 3646 356 ‘2l38

269 392 575 472 Archelaus
609 418 769 489 quasi
813 420 1121 491 petendum
1148 438 1181 475 ει
1216 424 1436 478 Ctesare
1474 439 1720 495 regnum
1759 440 1905 495 prae-
1931 425 2187 510 AJudte,
2226 425 2371 480 sicut
2425 427 2512 480 lex
2556 425 2783 480 diceret.
2830 429 2898 481 At
2937 443 3069 481 vero
3112 425 3281 482 istum
3329 427 3641 487 ldummum

270 510 558 580 tenderet,
605 529 733 566 cum
784 514 1154 586 usurpatione
1185 517 1493 572 temeraria
1530 519 1653 589 jam
1686 518 1904 573 dudum

268 603 421 658 intra
446 604 701 660 Judaaam
731 606 1050 663 inconsulto
1072 611 1293 665 Cmsare
1319 627 1516 683 regem
1546 613 1909 667 exercuisset.

266 697 418 761 Quid
466 699 623 754 enim
662 700 801 755 sella
844 717 1038 768 aurea,
1071 703 1422 777 allatumque
1475 704 1763 773 diadema,
1804 706 1911 761 nisi

267 791 435 863 regni
462 792 651 848 forent
676 793 962 866 insignia?
988 796 1114 861 Quo
1146 797 1347 868 spiritu
1365 800 1793 870 presumpserit
1822 815 1908 854 se-

269 885 407 941 dere
433 900 607 958 super
631 888 905 943 thronum
933 890 1159 961 regium
1192 909 1203 944 :
1235 891 1306 946 de
1333 892 1562 947 sublimi
1592 893 1730 948 solio
1758 893 1907 948 salu-

270 982 389 1034 tare
414 980 638 1052 plebem
668 979 1096 1053 circumfusam,
1126 984 1471 1057 stipantibus
1499 986 1673 1041 armis
1702 986 1778 1055 (6)
1810 987 1911 1041 mi-

266 1064 546 1140 litaribus,
576 1090 735 1131 more
760 1075 1011 1147 quodam
1039 1083 1095 1133 et
1123 1095 1226 1133 usu
1267 1078 1683 1151 imperatorum
1721 1080 1909 1150 promi

267 1166 550 1236 diadema,
580 1170 732 1240 quod
759 1171 996 1227 Caesaris
1014 1172 1236 1242 judicio
1261 1172 1530 1227 reservari
1559 1178 1904 1245 oportuerat,

264 1277 380 1316 non
399 1263 581 1317 solum
612 1278 717 1335 pro
740 1269 1016 1335 potestate
1046 1266 1288 1321 Romani
1324 1266 1575 1339 imperii,
1606 1268 1704 1323 sed
1730 1268 1904 1323 etiam

266 1368 372 1425 pro
394 1354 527 1425 jure
558 1357 931 1412 testamenti?
961 1359 1236 1414 Herodem
1278 1360 1432 1415 enim
1468 1377 1570 1416 nec
1597 1362 1905 1432 praeripere

265 1448 521 1519 potuisse
547 1451 749 1505 Caesari
778 1452 863 1507 vel
901 1453 1143 1521 senatui,
1176 1453 1330 1525 quod
1367 1454 1485 1526 ipse
1513 1455 1597 1509 vel
1633 1472 1665 1509 a
1705 1460 1902 1511 senatu

264 1543 594 1613 accepisset,
623 1548 681 1598 et
709 1545 1002 1615 superiore
1030 1550 1371 1603 testamento
1402 1548 1742 1620 expressisse
1768 1548 1902 1603 satis

266 1636 512 1707 propria:
534 1637 815 1709 judicium
834 1639 1161 1709 voluntatis,
1190 1656 1303 1711 quo
1322 1642 1593 1713 Antipam
1619 1641 1695 1712 (7)
1714 1657 1901 1697 succe-

264 1731 404 1784 dere
430 1730 537 1786 sibi
561 1731 621 1785 in
651 1748 895 1804 regnum
926 1749 1091 1789 sensu
1108 1733 1337 1806 integro
1361 1752 1428 1790 ac
1451 1751 1734 1807 perpenso
1759 1752 1894 1791 con-

266 1824 401 1879 silio
430 1824 823 1894 declaraverit,
856 1834 911 1882 et
943 1834 1233 1899 postremo
1263 1830 1459 1884 omnia
1484 1829 1721 1886 Cesaris
1739 1829 1892 1899 judi-
1920 1807 1975 1878 Β

262 1918 353 1973 cio
381 1936 693 1976 reservasse
724 1938 737 1975 :
773 1922 1033 1992 quamvis
1061 1923 1246 1978 soluto
1267 1923 1388 1994 jam
1418 1938 1673 1994 corpore,
1700 1923 1896 1978 anxius

263 2029 534 2083 supremo
558 2014 828 2085 periculo,
855 2031 960 2071 nec
988 2015 1156 2071 ullius
1175 2018 1300 2087 jam
1329 2034 1525 2072 sensus
1553 2024 1650 2071 aut
1674 2017 1898 2073 consilii

261 2123 457 2178 capax,
497 2108 792 2165 dictaverit
832 2127 944 2164 non
983 2110 1135 2183 quod
1182 2111 1583 2179 arbitrabatur,
1615 2110 1714 2167 sed
1743 2111 1896 2182 quod

260 2201 649 2271 ingerebatur.
693 2205 1106 2276 Praeceptorem
1146 2205 1322 2275 igitur
1348 2204 1576 2276 imperii
1605 2204 1677 2260 de
1703 2205 1892 2275 seipse

264 2296 688 2366 pronuntiasse,
714 2299 867 2368 quod
894 2314 1008 2353 non
1037 2303 1494 2364 merereturtuo,
1515 2300 1717 2367 Caesar,
1740 2299 1894 2368 judi-

257 2389 348 2444 cio
376 2388 435 2444 in
465 2406 709 2461 regnum
738 2390 1019 2447 substitui.
1054 2392 1193 2447 Nam
1221 2392 1264 2446 si
1296 2392 1631 2447 meritorum
1658 2408 1895 2448 suorum

259 2484 523 2538 conscius
552 2484 715 2551 foret,
749 2489 941 2556 petere
968 2486 1152 2557 potius
1166 2502 1337 2557 quam
1364 2501 1644 2556 usurpare
1675 2488 1747 2557 (8)
1781 2503 1896 2540 ma-

260 2576 575 2632 turavisset.
603 2578 724 2633 Non
756 2579 1003 2650 petendo
1032 2584 1226 2634 autem
1263 2580 1359 2635 sed
1389 2580 1736 2650 usurpando,
1768 2595 1897 2651 qua:

261 2670 319 2725 in
351 2670 624 2741 petitione
650 2673 1027 2728 consisterent
1071 2673 1248 2728 etiam
1274 2673 1332 2727 in
1360 2672 1706 2743 pecuniariis
1730 2689 1900 2744 uego-

263 2764 358 2818 tiis
384 2764 620 2833 (nedum
646 2765 990 2821 divitiarum.
1025 2767 1275 2839 Denique
1305 2767 1572 2821 Fabatum
1597 2767 1762 2821 illum
1785 2768 1891 2822 lto-

260 2874 449 2913 manes
467 2858 548 2913 rei
567 2860 986 2915 moderatorem
1011 2865 1066 2916 et
1085 2860 1353 2915 intimum
1374 2859 1610 2915 Caesaris
1628 2860 1730 2914 tibi
1751 2861 1896 2931 cepi,

260 2957 319 3007 et
340 2968 372 3005 a
400 2952 577 3023 Sylaao
597 2953 819 3025 ingenti
838 2953 1086 3009 ambitus
1099 2953 1358 3026 pecunia,
1383 2957 1445 3008 ut
1464 2954 1894 3025 impugnarent)

262 3046 643 3118 prmjudicare
669 3048 872 3115 solere,
901 3052 964 3103 ut
983 3048 1321 3120 prteposteri
1345 3047 1667 3118 litigatores
1691 3048 1900 3102 cadant

259 3155 465 3195 causa:
514 3140 607 3195 hic
651 3156 783 3198 vero
826 3157 939 3196 non
980 3141 1351 3214 pecuniarum
1385 3146 1673 3214 quaestum
1705 3140 1766 3196 in
1794 3142 1897 3197 cri-

262 3250 403 3290 men
453 3236 667 3303 vocari,
707 3235 803 3291 sed
863 3234 1090 3308 imperii
1141 3235 1391 3291 Romani
1459 3235 1733 3291 violatum
1780 3236 1895 3308 jus,

261 3327 641 3384 reverentiam
669 3328 1013 3401 despectam,
1042 3331 1295 3400 spretam
1324 3332 1689 3400 potestatem,
1718 3329 1899 3401 indig-

263 3438 407 3477 num
457 3422 839 3477 aastimantem
897 3423 1170 3478 Romanae
1222 3421 1395 3477 curia
1451 3425 1745 3491 senatum,
1800 3419 1897 3494 qui

264 3516 477 3571 soleret
502 3532 749 3589 regnum
782 3517 917 3572 dare
949 3519 1121 3588 atque
1146 3516 1391 3587 eripere,
1421 3520 1481 3571 et
1518 3532 1648 3570 cum
1678 3517 1897 3571 Caesare

263 3613 550 3665 vetustam
570 3609 904 3666 conferendi
930 3609 1160 3683 imperii
1191 3625 1417 3664 servare
1437 3610 1893 3681 prmrogativam.

262 3703 413 3768 Quid
438 3704 720 3759 facturum
761 3720 905 3771 esse,
946 3719 1075 3760 cum
1116 3703 1373 3776 legitime
1416 3719 1657 3775 regnare
1695 3704 1895 3775 coepis-

266 3803 372 3865 set,
401 3798 497 3870 qui
528 3801 663 3853 ante
684 3814 932 3871 regnum
972 3797 1452 3854 insolentissimus
1504 3801 1754 3854 necasset
1777 3797 1898 3869 plu-

264 3893 463 3960 rimos,
495 3892 595 3964 qui
620 3909 792 3965 opem
817 3891 975 3948 fessis
1005 3892 1176 3948 rebus
1222 3895 1282 3946 et
1319 3891 1665 3947 tributorum
1693 3892 1897 3947 alleva-

266 3991 529 4041 mentum
600 3991 977 4058 paposcerant
1031 4003 1044 4041 :
1104 3985 1427 4042 remedium
1477 3984 1896 4058 postulantibus

266 4080 481 4135 bellum
510 4081 852 4152 irrogatum,
885 4080 1183 4137 interfecta
1214 4094 1418 4135 novem
1469 4078 1643 4134 millia
1669 4079 1894 4135 Iudaeo-

268 4191 401 4228 rum
430 4174 487 4229 in
519 4174 641 4246 ipsa
686 4173 997 4230 venerabili
1040 4174 1192 4246 apud
1232 4190 1365 4229 suos
1409 4174 1631 4228 Pascha:
1666 4173 1899 4228 celebri-

267 4271 406 4335 tate,
436 4283 541 4340 pro
560 4266 873 4340 pecudibus
888 4267 1088 4323 homin
1097 4283 1156 4322 es
1169 4268 1518 4335 immolatos,
1542 4271 1897 4322 sacratorum

265 4362 365 4435 qui
416 4361 487 4416 ad
536 4361 739 4433 templi
786 4361 932 4417 festa
966 4367 1374 4429 convenerant,
1418 4361 1759 4432 sanguinem
1813 4361 1896 4415 fu-

266 4472 428 4523 sum,
478 4455 861 4527 spectaculum
921 4455 1286 4522 miserabile;
1338 4455 1385 4510 si
1439 4456 1566 4527 quis
1616 4470 1895 4510 caesorum

2015 536 2245 589 genere,
2274 535 2447 591 quem
2477 520 2633 574 nulla
2661 519 2941 592 prosapiae
2978 520 3186 589 regalis
3215 521 3377 592 origo
3423 520 3647 576 continv

2014 619 2192 681 geret,
2241 613 2507 684 irrepisse
2553 613 2609 667 in
2649 613 2927 668 honorem
2957 612 3299 668 indebitum.
3347 614 3643 685 Siquidem

2012 722 2139 761 cum
2166 707 2461 778 Antipater
2485 706 2592 761 sibi
2617 711 2787 779 atque
2813 706 3092 762 Archelao
3119 706 3290 761 fuerit
3318 723 3473 774 avus,
3503 723 3645 778 pra:-

2010 804 2159 854 stans
2185 799 2417 865 divitiis,
2451 800 2781 873 casterisque
2820 800 3036 855 artibus
3062 807 3285 872 potens,
3309 807 3367 853 et
3394 800 3643 856 maxime

2012 894 2400 949 Romanorum
2482 893 2762 962 amicitia,
2829 895 3148 966 Ctesarique
3219 894 3433 949 seniori
3499 894 3644 949 bello

2012 987 2303 1057 probatus,
2330 1003 2459 1041 cum
2494 990 2685 1058 posset
2710 987 2815 1042 sibi
2855 1003 3108 1059 regnum
3147 988 3440 1054 asciscere,
3492 1004 3643 1042 nun-

2009 1095 2183 1151 quam
2244 1085 2436 1136 tamen
2494 1080 2868 1149 atl‘ectaverit;
2918 1081 3058 1153 quin
3115 1081 3284 1137 etiam
3335 1081 3641 1137 defendere

2006 1173 2134 1228 aliis
2164 1175 2433 1229 maluerit
2472 1191 2649 1245 quam
2695 1174 2802 1230 sibi
2846 1191 3073 1247 parare,
3118 1176 3439 1247 meritoque
3481 1175 3639 1229 illum

2006 1267 2264 1322 habitum
2291 1273 2354 1323 ut
2383 1273 2681 1339 parentem
2727 1269 3034 1340 optimum,
3063 1270 3161 1341 qui
3183 1268 3442 1324 Judteam
3482 1268 3542 1323 in
3572 1268 3639 1321 li-

2004 1360 2286 1417 bertatem
2329 1361 2700 1417 vindicaverit
2739 1362 3068 1418 vulneribus
3118 1362 3250 1429 suis,
3292 1378 3397 1417 nec
3434 1362 3489 1417 in
3520 1378 3638 1418 ser-

2002 1454 2238 1510 vitutem
2264 1455 2577 1511 deduxerit.
2606 1456 2887 1511 Herodem
2912 1456 3145 1512 Antonii
3178 1456 3505 1511 testimonio
3538 1458 3634 1527 qui

2002 1551 2276 1619 paternus
2306 1548 2408 1603 sibi
2437 1549 2641 1621 hospes
2663 1549 2879 1615 fuisset,
2900 1549 2959 1605 in
2976 1565 3218 1622 regnum
3257 1549 3590 1620 aspiravisse
3622 1567 3631 1596 :

2003 1657 2073 1696 ex
2099 1642 2197 1696 illo
2220 1642 2549 1697 Iudaeorum
2580 1659 2670 1698 res
2694 1644 3050 1710 imminutas,
3078 1643 3260 1714 egisse
3289 1647 3354 1698 ut
3387 1644 3633 1709 hostem,

2001 1751 2118 1791 non
2167 1742 2228 1791 ut
2271 1741 2568 1792 rectorem.
2616 1739 2755 1791 Cum
2799 1737 2977 1807 igitur
3037 1738 3158 1808 ipse
3211 1737 3380 1793 etiam
3414 1735 3638 1792 adulter

2002 1831 2164 1900 regni
2195 1831 2385 1898 fuerit,
2408 1831 2694 1901 quomodo
2721 1831 2974 1902 potuisse
3000 1831 3073 1885 ab
3101 1847 3169 1886 eo
3200 1830 3518 1902 legitimum
3548 1846 3632 1886 re-

2000 1940 2131 1995 gem
2180 1923 2401 1979 creari?
2445 1941 2559 1979 non
2601 1924 2888 1996 deprecari
2923 1928 3135 1991 tamen,
3186 1924 3495 1995 quominus
3530 1925 3634 1978 sub

2002 2034 2180 2088 regno
2207 2018 2341 2084 sint,
2371 2019 2468 2073 sed
2503 2034 2733 2088 poscere
2779 2018 2881 2072 sub
2925 2019 3189 2072 Romano
3231 2033 3424 2089 agere,
3474 2018 3637 2088 cujus

2000 2111 2104 2165 sibi
2126 2112 2371 2181 gratiam
2400 2112 2521 2182 jam
2545 2112 2679 2166 inde
2712 2129 2744 2165 ει
2768 2111 3104 2167 Machabaeis
3148 2115 3370 2181 partam
3410 2114 3636 2166 tantum

2000 2208 2107 2274 (l0)
2136 2222 2236 2275 per
2258 2205 2686 2277 usurpationem
2710 2206 2873 2276 regni
2896 2212 3091 2277 postea
3114 2206 3633 2277 degeneraverunt,

2000 2302 2063 2353 ut
2093 2298 2271 2353 multo
2300 2298 2598 2354 inferiores
2623 2299 2735 2353 sint
2776 2299 2881 2367 his,
2926 2300 3228 2354 adversum
3256 2315 3399 2369 quos
3438 2300 3635 2354 Roma-

2000 2406 2137 2446 nam
2165 2391 2456 2462 petierunt
2491 2392 2842 2447 societatem.
2892 2393 3143 2464 Denique
3186 2409 3347 2447 orare
3391 2408 3536 2458 sese,
3575 2394 3638 2446 ut

1998 2485 2201 2541 eadem
2230 2484 2559 2541 conditione
2587 2485 2779 2541 Judaaa
2805 2501 2917 2556 qua
2944 2485 3104 2556 Syria
3141 2484 3459 2556 praesidiale
3481 2484 3636 2555 judi-

1998 2579 2153 2634 cium
2206 2596 2239 2632 a
2289 2578 2449 2635 vobis
2495 2579 2862 2650 adipiscatur,
2909 2594 3026 2650 quo
3071 2578 3387 2635 devotionis
3428 2581 3635 2633 nostra

1998 2673 2167 2728 detur
2191 2672 2676 2744 experimentum,
2694 2675 2890 2728 utrum
2922 2672 3024 2745 qui
3039 2672 3289 2728 seditiosi
3304 2688 3368 2727 ac
3385 2671 3633 2727 rebelles

2002 2781 2291 2833 vocamur,
2336 2764 2620 2838 possimus
2666 2764 2980 2821 moderatis
3000 2765 3290 2838 judicibus
3339 2765 3632 2838 obtempe-

1999 2875 2152 2914 rare.
2183 2859 2471 2914 Adversus
2521 2875 2589 2914 ea
2634 2860 2895 2915 Nicolaus
2946 2876 3050 2931 pro
3098 2859 3375 2915 Archelao
3403 2874 3637 2931 respon-

2001 2953 2162 3022 dens,
2240 2952 2718 3025 inquietissimam
2789 2954 3076 3009 nationem
3143 2953 3460 3009 insolentiae
3521 2969 3638 3008 suae

1999 3046 2242 3101 asseruit
2266 3062 2466 3119 pinnas
2489 3046 2708 3102 dedisse
2740 3063 2753 3101 :
2785 3063 2859 3102 ne
2884 3047 3019 3103 hinc
3045 3047 3404 3119 potissimum
3428 3047 3636 3102 Arche-

1998 3140 2118 3195 laus
2154 3139 2370 3195 invidia
2412 3139 2804 3196 inexcusabilis
2846 3141 3107 3197 crimims
3143 3144 3558 3209 accerseretur,
3586 3139 3631 3193 si

1999 3250 2107 3306 per
2122 3233 2465 3289 seditionem
2496 3250 2699 3306 pacem
2726 3234 3048 3303 turbarent,
3099 3239 3273 3307 atque
3294 3250 3331 3289 a
3354 3235 3635 3291 Romano-

1999 3343 2129 3382 rum
2157 3328 2430 3384 societate
2453 3327 2661 3383 animis
2704 3330 2877 3403 atque
2912 3328 3092 3384 armis
3132 3328 3491 3385 discederent
3520 3344 3534 3381 :
3563 3328 3634 3383 de

1998 3421 2322 3477 testamenti
2347 3426 2539 3477 autem
2560 3422 2894 3494 prelatione
2924 3421 3050 3494 quis
3077 3421 3385 3489 dubitaret,
3415 3437 3547 3477 cum
3574 3426 3635 3475 et

1999 3515 2277 3587 posterius
2301 3515 2564 3587 praeferri
2592 3516 2776 3570 soleat
2798 3515 3204 3586 superioribus,
3232 3520 3291 3570 et
3318 3516 3425 3571 hoc
3453 3517 3632 3570 multo

2000 3608 2234 3665 validius
2259 3609 2482 3663 caeteris
2535 3608 2716 3663 videri
2757 3608 2978 3675 debeat,
3008 3609 3066 3663 in
3104 3625 3218 3679 quo
3255 3609 3459 3664 Cmsari
3502 3625 3635 3664 con-

1997 3702 2263 3757 firmandi
2290 3701 2501 3774 regalis
2518 3701 2721 3773 judicii
2747 3707 2969 3757 servata
2996 3703 3071 3756 sit
3086 3703 3486 3774 prearogativa,
3517 3718 3631 3774 quo

1999 3796 2284 3851 cumulata
2309 3796 2496 3868 potius
2531 3812 2704 3868 quam
2755 3795 3058 3851 imminuta
3100 3796 3337 3851 Romani
3386 3795 3634 3851 nominis

2000 3890 2310 3945 reverentia
2336 3890 2429 3959 sit,
2462 3890 2507 3943 si
2557 3892 2614 3944 et
2641 3906 2675 3944 a
2700 3888 2880 3958 vobis,
2923 3889 3134 3957 Caesar,
3166 3905 3280 3943 non
3326 3889 3630 3960 praeripia-

1998 3990 2090 4039 tnr
2115 3984 2365 4056 regibus,
2409 3983 2562 4055 quod
2614 3982 2848 4055 privatis
2884 3982 3037 4051 licet,
3072 3986 3134 4038 ut
3166 3998 3367 4038 eorum
3407 3982 3635 4037 valeant

1998 4082 2355 4145 testamenta,
2378 4082 2433 4132 et
2459 4093 2633 4149 quem
2670 4076 3029 4149 potissimum
3074 4076 3177 4132 sibi
3219 4077 3458 4149 cupiant
3502 4093 3630 4131 suc-

1997 4170 2215 4236 cedere,
2244 4171 2446 4225 ultimo
2472 4171 2726 4226 scribant
2770 4171 2935 4242 stylo,
2966 4174 3137 4244 atque
3186 4170 3257 4225 ab
3285 4170 3398 4226 illis
3421 4170 3633 4226 iterum

1996 4280 2064 4320 ea
2114 4264 2267 4319 vobis
2322 4264 2758 4320 honoriﬁcentia
2800 4269 3124 4321 reservetur
3168 4266 3273 4336 (ll)
3325 4270 3386 4319 ut
3437 4264 3635 4319 contir-

1997 4359 2172 4413 matio
2189 4357 2387 4430 judicii
2412 4377 2446 4414 a
2487 4357 2645 4412 vobis
2692 4361 2941 4429 petatur,
2972 4361 3031 4413 et
3068 4358 3115 4413 is
3155 4358 3423 4414 succedat
3459 4375 3631 4430 quem

1998 4457 2161 4523 pater
2184 4451 2443 4524 elegerit,
2473 4467 2569 4506 vos
2605 4451 2999 4523 probaveritis.
3027 4451 3266 4516 Quando
3304 4452 3482 4522 igitur
3519 4469 3634 4506 ma-

266 4554 521 4620 stragem
566 4554 876 4616 recenseat,
926 4549 1294 4621 Babylonicos
1329 4549 1620 4605 revertisse
1659 4547 1895 4603 arbitra-
1919 4548 1979 4622 Ι)
2002 4545 2088 4616 gis
2115 4545 2305 4617 sapuit
2331 4545 2601 4615 Herodes,
2623 4561 2752 4599 cum
2785 4544 2887 4598 tibi
2915 4546 3120 4612 Cmsar,
3151 4543 3460 4600 servaverit
3486 4561 3631 4615 pras~

269 4644 473 4699 retur?
500 4648 716 4714 quanto
755 4642 1042 4698 crudelius
1076 4659 1110 4698 a
1159 4642 1276 4698 cive
1313 4642 1638 4710 commissa,
1682 4657 1809 4713 quae
1838 4641 1899 4696 in

270 4739 434 4792 hoste
460 4736 705 4791 barbaro
736 4738 905 4808 plena
934 4736 1203 4792 immanis
1228 4736 1457 4791 saevitiae
1486 4739 1657 4808 atque
1688 4735 1896 4806 impie-

270 4831 401 4886 tatis
428 4830 887 4887 mstimarentur?
918 4831 1069 4885 Hanc
1097 4831 1411 4902 sportulam
1437 4829 1651 4884 civibus
1685 4830 1896 4897 datam,

268 4926 381 4981 hoc
408 4924 745 4981 sacriﬁcium
765 4923 1103 4980 Archelaum
1126 4924 1292 4995 regni
1311 4923 1397 4978 sui
1415 4923 1735 4995 primordia
1747 4939 1901 4978 com-

269 5018 645 5074 mendavisse.
673 5018 881 5073 Deberi
906 5016 1164 5074 misereri
1190 5017 1474 5073 Cassarem
1524 5018 1901 5088 senatumque

266 5112 645 5185 reliquiarum
665 5111 894 5177 Iudaeas,
925 5127 1052 5183 quas
1080 5110 1371 5183 quondam
1401 5109 1595 5165 liberis
1624 5109 1768 5164 fulta
1796 5125 1897 5181 po-

271 5206 424 5277 pulis
447 5205 780 5260 servitutem
802 5207 1042 5276 optaret,
1084 5203 1134 5258 si
1177 5203 1352 5260 modo
1380 5202 1734 5259 tolerabilem
1774 5203 1901 5259 lice-

273 5306 359 5356 ret
383 5298 607 5372 perpeti
636 5298 739 5354 sub
785 5314 917 5369 rege
957 5298 1112 5370 justo
1155 5297 1252 5370 (9),
1287 5297 1460 5368 longe
1506 5297 1665 5352 illum
1703 5297 1901 5352 abesse

271 5411 305 5448 a
339 5394 471 5465 jure
521 5390 909 5465 imperitandi.
952 5391 1247 5464 Siquidem
1294 5390 1448 5463 apud
1481 5390 1710 5446 Judasos
1758 5390 1903 5445 nulli

273 5503 520 5559 regnum
547 5489 896 5558 competere,
928 5486 1034 5541 nisi
1061 5485 1113 5541 ei
1140 5485 1238 5558 qui
1272 5489 1421 5541 esset
1446 5501 1511 5540 ex
1533 5484 1902 5557 generatione

339 5655 403 5718 (6)
430 5655 755 5713 Numeris,...
785 5655 928 5718 poni.
961 5654 1140 5705 ΒΑΜ.

338 5728 403 5789 (1)
426 5724 537 5777 Alii
559 5723 741 5786 codd.,
771 5726 1137 5790 Antipatrum.
1166 5724 1248 5774 In.

336 5798 401 5858 (8)
440 5796 674 5865 Eripere.
719 5796 861 5867 Qua
899 5809 1029 5849 vero
1079 5795 1393 5859 parenthesi
1439 5807 1566 5847 mox
1606 5793 1904 5847 interclusa

276 5852 449 5933 vides,
474 5852 596 5921 no'u'
615 5852 895 5921 babantur
919 5869 976 5920 in
1004 5852 1104 5921 ms.
1135 5867 1215 5918 In.

2001 4638 2315 4711 rogativam
2341 4680 2354 4704 ,
2419 4653 2492 4693 an
2557 4637 2787 4709 quando
2848 4636 3167 4709 praeteriit?
3232 4637 3336 4694 Ubi
3400 4638 3633 4709 Antipas

2000 4731 2378 4800 substituitur,
2458 4732 2647 4788 Caesar
2721 4731 3067 4802 praeteritur.
3147 4731 3250 4786 Ubi
3328 4732 3634 4788 Archelaus

2002 4826 2362 4896 subrogatur.
2660 4824 2951 4881 asciscitur
3004 4843 3016 4879 :
3075 4825 3198 4880 sine
3266 4827 3632 4881 firmamento

2003 4920 2155 4974 nulla
2191 4935 2280 4974 res
2319 4918 2554 4975 stabilis.
2591 4919 2787 4974 Divino
2821 4919 3013 4990 itaque
3047 4919 3262 4990 judicio
3300 4919 3393 4974 ubi
3415 4919 3634 4990 justitia

2001 5013 2214 5080 deerat,
2248 5014 2334 5067 vel
2362 5011 2708 5068 simulationi
2758 5013 2841 5068 vel
2879 5013 3156 5068 voluntati
3198 5014 3631 5069 ﬁrmamentum

2004 5106 2207 5161 defuit.
2238 5106 2342 5161 Ubi
2369 5110 2565 5161 autem
2604 5107 2845 5179 aequitas
2878 5106 3131 5161 examini
3169 5106 3526 5178 suppetebat,
3553 5123 3638 5161 ro.

2002 5199 2111 5254 bur
2157 5199 2483 5271 quassitum,
2529 5202 2595 5256 ut
2620 5199 2904 5271 judicium
2942 5199 3400 5255 conﬁrmaretur.
3445 5200 3637 5257 Consi-

2003 5292 2139 5349 dera
2184 5293 2363 5365 igitur
2404 5296 2596 5349 utrum
2637 5294 2835 5349 fecerit
2875 5292 3147 5364 injuriam
3197 5293 3295 5365 qui
3342 5297 3398 5348 te
3437 5294 3635 5366 elegit,

2003 5386 2166 5443 autsi
2192 5387 2433 5443 rescindi
2465 5387 2689 5455 debeat,
2720 5386 2874 5459 quod
2914 5389 2969 5441 te
3014 5387 3228 5442 arbitro
3267 5387 3637 5443 sanciendum

2008 5480 2237 5554 reliquit
2275 5497 2470 5538 rerum
2521 5480 2777 5537 omnium
2825 5479 3058 5536 domino
3094 5481 3223 5535 :cui
3275 5480 3408 5551 jure
3464 5482 3638 5538 etiam

2069 5651 2133 5712 (9)
2161 5651 2377 5715 Injusto.
2411 5651 2490 5700 in.

2070 5720 2168 5783 (10)
2200 5722 2287 5771 ΔΙ.
2317 5727 2509 5772 tamen.
2542 5720 2622 5770 In.

2051 5792 2166 5913 ’ἕῳ
2200 5791 2463 5840 Servetur.
2497 5789 2566 5839 Et
2598 5790 2764 5862 paulo
2798 5794 2940 5861 post,
2971 5792 3225 5853 servavit,
3255 5804 3353 5863 pro
3392 5805 3640 5845 servave-

2008 5875 2097 5913 re.
2153 5873 2204 5913 D.
