4072 6192
530 247 662 301 2l39

2004 248 2056 300 S.
2101 244 2420 302 AMBRUSH

3713 251 3824 305 21ἱῦ

526 384 689 439 reges
727 368 942 424 cedunt
975 373 1271 440 potestate.
1304 369 1408 434 Qui
1451 370 1605 425 enim
1643 371 1802 426 scivit
1846 387 2020 442 quem
2065 369 2164 424 eli-
2187 369 2414 452 Atrem
2454 368 2667 435 mariti,
2710 368 2954 424 ﬁliorum
2997 364 3286 439 patruum,
3320 367 3723 440 haudquaquam
3758 377 3832 444 pie

524 467 686 533 geret
715 462 785 517 ad
813 462 1289 529 conﬁrmandum,
1320 463 1482 516 scivit
1500 463 1702 535 utique
1725 481 1897 535 quem
1923 464 2162 535 eligeret

525 555 599 611 ad
625 555 1050 626 imperandum,
1084 573 1189 612 nec
1214 557 1272 611 in
1303 574 1622 612 successore
1656 558 1776 612 falli
1820 558 2028 630 potuit,
2060 558 2162 629 qui

495 674 498 678 -
529 665 642 704 non
671 653 758 704 est
784 651 958 706 falsus
995 651 1054 704 in
1095 651 1517 706 conﬁrmatore.
1550 651 1688 705 Nam
1735 651 1835 721 qui
1881 651 2161 708 arbitrum

525 743 818 799 constituit
859 748 936 811 te,
991 745 1254 815 cognovit
1302 745 1496 816 itaque
1556 746 1726 800 talem
1781 762 2160 802 successorem

523 837 631 892 sibi
656 837 1146 905 constituendum,
1180 839 1278 908 qui
1308 838 1410 892 tibi
1443 855 1613 910 quem
1641 840 2014 895 constitueres
2043 856 2157 895 non

521 932 861 1003 displiceret.
890 933 1110 989 Auditis
1139 933 1394 1003 partibus
1430 937 1612 988 Caesar
1649 935 1992 988 sententiam
2039 934 2154 988 dis-

526 1025 694 1092 tulit;
745 1026 952 1082 deinde
989 1027 1192 1082 collato
1242 1043 1372 1081 cum
1412 1032 1611 1082 senatu
1667 1027 1918 1095 consilio,
1961 1029 2159 1085 Arche-

524 1119 682 1175 laum
699 1119 853 1190 genti
869 1121 1200 1192 praeposuit,
1222 1126 1279 1175 ut
1301 1121 1635 1192 fungeretur
1649 1121 1876 1176 rectoris
1899 1138 2156 1188 munere,

528 1231 638 1268 non
665 1213 832 1284 regni
863 1214 1098 1269 honore.
1128 1214 1444 1286 Spopondit
1475 1222 1668 1270 tamen
1697 1219 1755 1269 et
1782 1231 2022 1286 regnum
2055 1216 2155 1269 da-

525 1312 741 1376 turum,
789 1308 834 1362 si
872 1325 931 1362 se
969 1307 1044 1362 ita
1085 1313 1311 1380 gereret
1356 1313 1416 1363 ut
1456 1309 1812 1380 probaretur.
1840 1312 1960 1365 lani
2005 1310 2158 1365 enim

525 1403 881 1455 tcntamenta
928 1401 1300 1456 dissensionis
1341 1402 1633 1458 lsraelitici
1682 1403 1880 1474 populi
1925 1404 2158 1458 nuntia-

523 1495 746 1548 bantur.
802 1496 1133 1550 Tetrarchas
1179 1496 1318 1550 duos
1367 1496 1660 1551 constituit
1712 1497 1944 1551 Herodis
1991 1497 2155 1563 ﬁlios,

518 1588 845 1660 Philippum
873 1595 928 1643 et
961 1589 1250 1660 Antipam,
1281 1590 1380 1660 qui
1407 1606 1536 1644 cum
1565 1590 1842 1646 Archelao
1877 1590 1945 1644 de
1978 1608 2158 1662 regno

519 1685 878 1737 certaverat:
912 1683 1143 1737 Herodis
1173 1683 1353 1738 sorori
1394 1684 1486 1739 cui
1527 1699 1737 1740 nomen
1771 1685 2010 1751 Salome,
2054 1684 2156 1739 de-

2263 461 2665 534 refugiendum
2717 461 3113 531 arbitraretur,
3161 463 3236 516 ita
3283 461 3530 533 deperire
3571 467 3735 535 erepit,
3783 474 3832 522 ut

2263 571 2499 612 uxorem
2526 555 2799 627 dejiceret
2825 555 3218 625 Mariamuem,
3251 560 3307 610 et
3333 556 3653 627 Glaphyram
3691 559 3742 614 in
3767 560 3832 614 lo-

2261 665 2390 705 cum
2417 649 2567 705 illius
2590 650 2976 705 substitueret.
3009 649 3129 704 Non
3159 649 3337 704 multo
3376 652 3513 721 post,
3542 649 3628 705 ubi
3666 653 3837 707 mulier

2261 743 2317 799 in
2344 744 2598 799 Judaeum
2634 743 2822 810 rediit,
2851 742 2993 797 vidit
3025 742 3085 798 in
3127 743 3364 798 somniis
3401 743 3770 812 Alexandrum,
3794 751 3840 801 et

2259 837 2560 909 complecti
2602 837 2961 892 desideravit.
3001 839 3070 892 At
3109 835 3203 892 ille
3244 835 3556 908 indignanti
3590 837 3781 906 similis,
3814 858 3839 892 a

2261 931 2560 1002 complexu
2588 931 2846 1002 refugus,
2876 931 3024 985 visus
3053 934 3137 985 est
3171 929 3359 986 dicere
3400 947 3412 984 :
3446 931 3566 985 Haec
3600 935 3696 998 est,
3733 933 3840 987 Gla-

2261 1025 2457 1096 phyra,
2486 1025 2757 1097 promissi
2796 1025 2979 1080 ﬁdes?
3012 1027 3087 1079 lta
3128 1039 3350 1080 amores
3389 1040 3519 1095 erga
3557 1028 3605 1078 te
3644 1027 3842 1082 servasti

2259 1135 2438 1187 meos,
2498 1135 2743 1191 quorum
2793 1135 3112 1175 memorem
3165 1123 3220 1173 te
3278 1134 3398 1174 esse
3446 1118 3715 1188 oportuit?
3751 1119 3844 1175 Sed

2259 1216 2397 1280 esto,
2427 1213 2849 1268 adolescentula
2877 1213 3152 1268 secundas
3175 1212 3402 1284 nuptias
3430 1229 3536 1267 non
3566 1212 3844 1284 refugeras,

2259 1307 2511 1363 etiamne
2555 1303 2770 1374 tertias,
2806 1307 3056 1362 etiamne
3099 1307 3340 1362 fratrem
3389 1305 3574 1361 mariti
3609 1312 3845 1379 appetere

2260 1400 2543 1456 debueras
2562 1401 2589 1455 ?
2613 1401 2693 1457 lta
2722 1406 2777 1457 te
2806 1417 2932 1456 mea
2957 1400 3254 1456 delectavit
3280 1400 3490 1472 injuria
3519 1405 3578 1454 ut
3599 1399 3654 1455 in
3684 1415 3845 1455 meam

2261 1495 2496 1550 domum
2520 1494 2688 1550 tertio
2716 1501 2896 1566 nupta
2923 1495 3153 1567 conjugi
3185 1510 3438 1551 remeare
3461 1510 3568 1549 non
3597 1492 3846 1550 erubesce-

2260 1587 2394 1644 res?
2426 1589 2540 1644 Sed
2565 1589 2707 1660 mihi
2737 1605 2912 1658 curaz,
2942 1606 3014 1643 nc
3041 1588 3254 1643 diutius
3285 1594 3516 1644 maneat
3540 1587 3847 1644 contumelia

2261 1699 2407 1752 mea,
2437 1683 2820 1755 contagioque
2848 1688 2946 1738 tua
2977 1700 2990 1738 :
3023 1699 3130 1738 nec
3165 1683 3408 1755 longum
3456 1681 3722 1738 imitabitur
3753 1681 3845 1736 fra-

521 1776 767 1846 legatum
825 1776 937 1847 (t2)
989 1777 1246 1845 servavit,
1300 1777 1478 1832 etiam
1541 1777 1654 1832 alia
1707 1778 1824 1850 ipse
1871 1777 2154 1848 adjunxit.
2180 1752 2235 1826 B
2261 1776 2410 1834 terni
2437 1752 2679 1833 incestus
2707 1752 3080 1833 matrimonii.
3111 1752 3430 1832 Exsul-rexit
3461 1776 3679 1842 mulier,
3702 1778 3752 1828 et
3779 1775 3846 1829 fa-

520 1868 742 1925 Duabus
778 1886 1005 1942 quoque
1049 1870 1274 1926 ﬁliabus
1316 1871 1550 1926 l-lerodis
1590 1873 1743 1930 mille
1779 1873 1990 1928 talenta
2031 1889 2159 1945 qua:

2260 1870 2578 1926 miliaribus
2604 1871 2852 1927 narravit
2875 1871 3190 1940 somnium,
3215 1874 3388 1943 atque
3418 1870 3537 1942 ipsa
3561 1869 3722 1926 biduo
3747 1873 3848 1940 post

519 1963 622 2016 sibi
673 1963 868 2019 relicta
911 1970 1092 2034 erant,
1136 1964 1520 2036 dispertienda
1563 1966 1896 2035 arbitratus;
1941 1966 2160 2022 addidit
2259 1965 2543 2032 defuncta,
2591 1964 2766 2020 ﬁdem
2811 1964 2962 2033 fecit,
3015 1965 3167 2038 quod
3215 1964 3550 2035 hujusmodi
3601 1962 3846 2035 conjugis,

519 2056 690 2112 etiam
733 2056 842 2112 alia
879 2063 1145 2114 sexcenta
1191 2058 1394 2128 millia,
1447 2065 1502 2114 et
1545 2076 1614 2115 ea
1659 2060 1922 2115 Pheroraa
1961 2059 2157 2115 liberis

519 2150 720 2205 sociari
745 2152 986 2207 censuit.

1179 2246 1397 2302 CAPUT
1435 2248 1502 2302 ll.

588 2340 800 2394 Interea
831 2339 1068 2410 quidam
1107 2356 1172 2396 ex
1194 2340 1501 2410 juvenibus
1522 2340 1796 2396 simulans
1823 2357 1880 2396 se
1912 2342 2152 2398 Alexan-

519 2432 708 2498 drum,
739 2438 798 2488 et
819 2439 1056 2506 propter
1096 2433 1537 2490 misericordiam
1573 2434 1644 2490 ab
1679 2434 1770 2490 his
1807 2434 2014 2508 quibus
2053 2451 2152 2491 ne-

517 2525 681 2582 candi
733 2543 944 2582 munus
994 2526 1064 2582 ab
1119 2527 1338 2584 Herode
1386 2533 1543 2600 patre
1595 2528 1930 2584 mandatum
1985 2528 2150 2598 foret,

517 2619 839 2692 subrogatis
887 2620 1014 2676 aliis
1063 2622 1123 2676 in
1168 2621 1356 2676 locum
1404 2638 1594 2689 suum,
1645 2638 1776 2678 cum
1823 2623 1994 2678 fratre
2053 2639 2153 2678 suo

517 2713 841 2769 Aristobulo
885 2714 1205 2783 dimissum,
1250 2715 1501 2772 Miletum
1545 2716 1728 2788 petiit,
1761 2720 1818 2772 et.
1862 2717 1992 2772 inde
2036 2717 2149 2772 Ro-

518 2824 694 2876 mam,
720 2824 834 2879 quo
857 2807 1144 2865 difﬁcilius
1167 2810 1320 2882 apud
1338 2809 1663 2881 incognitus
1691 2818 2148 2882 cognosceretur.

518 2901 618 2957 Ubi
660 2901 824 2957 facile
863 2903 1090 2958 Judaeos
1137 2904 1206 2958 ad
1253 2919 1446 2958 rerum
1491 2903 1796 2959 novitatem
1842 2905 2148 2976 promptis-

516 2994 695 3051 simas
731 2997 1106 3053 excitaverat:
1139 2997 1248 3052 nisi
1287 3002 1581 3068 comperto
1623 3014 1714 3064 eo,
1743 2999 1930 3054 Caesar
1977 2998 2046 3053 ad
2089 3017 2148 3053 se

2255 2074 2362 2113 nec
2388 2058 2648 2114 vivorum
2673 2058 2899 2130 legibus
2939 2058 3131 2130 punita
3162 2059 3268 2128 (14)
3301 2062 3456 2124 sunt,
3486 2074 3588 2113 nec
3627 2060 3846 2112 mortuo-

2258 2168 2387 2208 rum
2413 2145 2820 2208 Voluntatibus.

2894 2247 3114 2304 CAPUT
3153 2248 3243 2303 lll.

2328 2343 2453 2412 Ipse
2502 2357 2728 2413 quoque
2769 2339 3075 2397 Archelaus
3118 2339 3259 2396 vidit
3310 2340 3367 2396 in
3421 2340 3650 2395 somniis
3700 2338 3850 2412 spicas

2256 2450 2484 2502 novem,
2514 2435 2715 2506 plenas
2741 2438 2798 2490 et
2830 2450 3074 2506 magnas
3103 2451 3137 2489 a
3163 2433 3342 2490 bobus
3372 2435 3580 2490 vorari.
3605 2432 3700 2490 Cui
3726 2448 3851 2504 qua-

2256 2529 2426 2597 renti,
2477 2528 2774 2601 respondit
2821 2529 3104 2600 interpres
3154 2545 3166 2584 :
3218 2529 3432 2584 Novem
3479 2527 3640 2600 spicis
3680 2541 3849 2582 novem

2254 2638 2434 2677 annos
2455 2622 2688 2694 signari,
2713 2622 2918 2695 quibus
2960 2625 3237 2694 potestate
3268 2640 3404 2678 usus
3444 2623 3516 2678 sit
3551 2621 3777 2678 maxima
3808 2625 3851 2674 et

2252 2717 2624 2789 amplissima.
2671 2718 2834 2773 Nono
2877 2716 3071 2789 itaque
3111 2733 3264 2772 anno
3304 2717 3535 2790 imperii
3572 2717 3656 2772 sui
3693 2719 3850 2770 muta-

2255 2809 2472 2864 tionem
2501 2808 2689 2864 eidem
2718 2809 2858 2876 fore,
2899 2826 2966 2866 eo
2995 2810 3150 2882 quod
3174 2810 3350 2866 boves
3392 2810 3496 2883 qui
3535 2826 3659 2866 arva
3691 2811 3851 2863 aratro

2253 2904 2468 2958 soleant
2509 2903 2901 2972 intervertere,
2953 2904 3332 2960 mutationem
3375 2905 3606 2978 signent
3638 2901 3849 2958 laborio-

2252 3014 2390 3065 sam,
2440 3014 2569 3069 qum
2611 2997 2843 3054 devoret
2894 3001 3066 3070 atque
3112 2998 3419 3054 absorbeat
3468 2998 3660 3053 merita
3705 3011 3848 3066 supe-

516 3105 646 3143 eum
701 3090 935 3161 perduci
985 3091 1140 3146 ocius
1196 3106 1299 3162 per
1345 3090 1619 3148 Celadum
1663 3091 1994 3164 quemdam,
2053 3093 2146 3165 qui
2171 3124 2225 3195 Ο
2250 3091 2422 3148 riora.
2459 3091 2554 3148 His
2586 3091 2778 3165 itaque
2821 3091 3084 3164 cognitis,
3114 3091 3317 3164 quinto
3355 3091 3451 3147 die
3494 3092 3646 3147 venit
3683 3107 3712 3143 a
3749 3090 3848 3144 Ca:-

512 3182 900 3238 Alexandrum
947 3185 1118 3256 plene
1167 3190 1426 3251 noverat,
1480 3187 1858 3256 praecepisset.
1910 3185 2150 3242 Celadus

516 3274 610 3329 ubi
635 3276 909 3346 juvenem
941 3276 1103 3344 vidit,
1133 3276 1505 3332 similitudine
1533 3277 1800 3350 deceptus
1843 3279 2143 3335 haesitavit.

515 3368 622 3424 Sed
678 3369 898 3441 reliqua
963 3370 1315 3442 perspiciens
1379 3370 1590 3426 indicia
1651 3388 1767 3428 non
1825 3374 2147 3443 convenire,

515 3463 776 3534 quaesivit
827 3463 917 3518 ubi
977 3470 1125 3520 esset
1169 3463 1560 3535 Aristobulus;
1609 3471 1667 3521 at
1720 3466 1810 3522 ille
1854 3467 1912 3521 in
1963 3468 2148 3539 Cypro

513 3556 696 3612 insula
737 3557 948 3629 degere
992 3558 1247 3628 asseruit,
1277 3563 1569 3615 caventem
1610 3560 1859 3629 insidias,
1887 3578 1956 3617 eo
1995 3561 2149 3633 quod

514 3651 802 3722 conjuncti
832 3652 984 3708 inter
1018 3669 1076 3707 se
1116 3651 1324 3708 fratres
1362 3652 1588 3709 facilius
1626 3655 2146 3726 exstinguerentur.

519 3744 727 3800 Deinde
752 3745 829 3801 ad
852 3748 1130 3804 Cmsarem
1163 3747 1458 3818 deductus,
1487 3749 1713 3819 aperuit
1755 3748 1905 3804 illico
1954 3750 2145 3820 impu-

512 3840 687 3895 nitate
750 3839 1050 3912 promissa,
1109 3841 1320 3898 fretum
1377 3858 1435 3897 se
1497 3842 1683 3913 specie
1733 3843 2144 3912 similitudinis,

511 3933 851 4005 quodesset
897 3935 1220 3991 Alexander
1261 3935 1575 4006 simulasse,
1609 3940 1670 3990 ut
1711 3936 2149 3993 innumerabilia

513 4043 750 4083 munera
781 4029 858 4083 ibi
885 4029 1046 4100 quasi
1076 4029 1229 4101 regis
1265 4029 1411 4084 ﬁlius
1449 4047 1482 4084 a
1520 4030 1726 4084 Judaais
1768 4047 2142 4103 consequere-

511 4130 620 4175 tur.
669 4123 853 4177 Caesar
904 4122 1097 4178 dolum
1154 4123 1297 4192 risit,
1344 4123 1445 4178 sed
1489 4129 1546 4178 et
1589 4123 1776 4196 ipsum
1824 4126 2145 4180 immunem

509 4215 718 4270 dimitti
757 4215 940 4288 jubet,
985 4220 1040 4271 et
1094 4233 1193 4272 eos
1239 4218 1338 4289 qui
1384 4218 1532 4272 ultra
1581 4218 1863 4289 privatum
1906 4218 2144 4274 modum

508 4309 670 4380 quasi
725 4310 876 4382 regis
929 4310 1046 4365 ﬁlio
1094 4310 1442 4379 detulerant,
1485 4311 1621 4366 satis
1670 4313 1968 4368 mulctatos
2023 4329 2145 4369 esse

512 4404 930 4475 pronuntiavit,
985 4405 1136 4476 quod
1190 4405 1493 4477 superﬁuis
1547 4405 1866 4477 sumptibus
1917 4405 2146 4462 inﬁnita

2252 3201 2396 3253 sare,
2424 3187 2521 3257 qui
2549 3202 2679 3242 eum
2719 3185 2789 3240 ad
2823 3185 3109 3258 judicium
3162 3186 3404 3242 Romam
3451 3185 3760 3241 deduceret.
3805 3183 3850 3236 lu

2251 3296 2364 3351 quo
2383 3280 2798 3335 condemnatus
2819 3283 2878 3333 et
2899 3283 3057 3336 actus
3084 3280 3144 3335 in
3175 3279 3468 3350 exsilium,
3499 3280 3665 3336 etiam
3693 3280 3852 3332 morte

2251 3373 2503 3444 implevit
2533 3373 2820 3429 somnium
2852 3390 3042 3430 suum.
3070 3373 3430 3446 Principatus
3458 3373 3644 3446 gentis
3677 3371 3764 3444 qui
3797 3370 3850 3423 ad

2250 3467 2589 3523 Archelaum
2650 3467 3010 3539 pertinebat,
3059 3485 3364 3524 conversus
3419 3474 3506 3524 est
3563 3468 3618 3523 in
3669 3480 3850 3522 nomen

2251 3561 2592 3632 provinciae;
2625 3578 2739 3633 quo
2770 3561 3005 3617 nomine
3034 3563 3299 3632 Romani,
3330 3580 3466 3618 cum
3501 3562 3564 3618 in
3592 3563 3685 3633 jus
3709 3575 3847 3614 suum

2252 3655 2525 3711 vincendo
2562 3655 2896 3727 redigerent
2931 3657 3129 3727 procul
3171 3655 3388 3728 positas
3436 3657 3714 3728 regiones,
3743 3668 3845 3725 pro-

2250 3750 2461 3804 vincias
2485 3749 2944 3820 appellaverunt.
2974 3751 3304 3806 Manserunt
3332 3753 3528 3805 tamen
3560 3747 3847 3811 tetrarchae,

2252 3846 2310 3897 ut
2356 3849 2523 3899 erant
2570 3842 2865 3915 Philippus
2913 3847 2967 3897 et
3015 3842 3284 3910 Herodes,
3329 3846 3552 3899 mutato
3594 3841 3847 3906 vocabulo,

2249 3937 2382 4008 quia
2435 3937 2676 4009 Antipas
2729 3938 2888 4009 prius
2941 3937 3402 4009 nuncupabatur.
3459 3940 3601 3995 Nam
3659 3936 3848 3992 Salome

2248 4031 2521 4098 moriens,
2571 4031 2692 4086 loca
2749 4047 2878 4103 quae
2932 4033 3227 4098 tenuerat,
3277 4035 3334 4087 et
3375 4033 3712 4104 potestatem
3755 4043 3849 4082 suae.

2246 4125 2433 4196 gentis
2482 4123 2670 4197 Libya:
2726 4125 2836 4195 (t5)
2884 4125 3046 4180 uxori
3093 4125 3328 4180 Caesaris
3377 4124 3765 4197 dereliquerat.
3811 4121 3848 4173 ιε

2246 4222 2427 4274 status
2464 4221 2589 4274 erat
2619 4219 2850 4286 ludam,
2881 4219 3114 4290 quando
3158 4219 3344 4275 Cmsar
3389 4219 3687 4275 defunctus
3723 4219 3797 4270 est
3837 4229 3845 4264 :

2247 4313 2573 4384 relinquens
2609 4311 2899 4368 Tiberium
2941 4312 3274 4385 privignum
3313 4329 3485 4368 suum
3522 4311 3702 4384 Libys:
3737 4324 3848 4364 uxo-

2246 4407 2324 4460 ris
2350 4406 2531 4461 ﬁlium
2573 4422 2642 4461 ex
2683 4406 2978 4478 superiore
3015 4407 3272 4478 genitum
3310 4407 3557 4480 conjuge
3594 4417 3844 4461 successo-

510 4498 806 4570 dispendia
833 4498 1243 4554 toleravissent.
1287 4499 1594 4554 Archelaus
1620 4504 1814 4554 autem
1854 4494 2220 4571 profectusD
2244 4517 2367 4554 rem
2414 4499 2656 4557 Romani
2697 4500 2926 4572 imperii
2959 4517 2971 4555 :
3003 4501 3164 4572 cujus
3206 4501 3263 4556 in
3308 4501 3593 4557 honorem
3633 4497 3846 4556 Tiberia-

507 4593 563 4646 in
606 4593 866 4648 Judseam
911 4598 1140 4664 propter
1180 4592 1589 4648 obscenitatem
1630 4611 1855 4650 morum
1899 4600 1952 4650 et
1989 4595 2139 4650 inso-

505 4686 744 4742 lentiam
769 4691 1058 4741 accusatus
1078 4687 1230 4758 apud
1257 4688 1564 4755 Caesarem,
1587 4688 1819 4759 cognita
1841 4688 1993 4744 inter
2017 4705 2143 4760 par-

504 4783 590 4834 tes
633 4797 820 4848 causa,
866 4779 1138 4834 Viennam
1193 4781 1501 4852 relegatur,
1552 4797 1806 4853 opesque
1858 4782 1978 4852 ejus
2027 4782 2145 4837 the-

505 4875 688 4929 sauris
719 4873 957 4930 Ciesaris
985 4874 1273 4928 associataa
1308 4891 1320 4928 :
1352 4875 1457 4929 hoc
1486 4875 1690 4930 merito
1729 4875 1975 4947 pretium
2014 4875 2138 4945 luit,

505 4969 600 5041 qui
643 4985 748 5023 nec
789 4986 823 5023 a
865 4967 1054 5023 fratris
1089 4967 1177 5022 sui
1226 4970 1490 5040 germani
1529 4969 1776 5040 conjuge
1819 4985 1948 5024 suas
1992 4985 2143 5025 com-

505 5068 787 5134 presserat
811 5062 1168 5134 cupiditates.
1198 5063 1340 5118 Nam
1371 5061 1465 5116 ubi
1497 5063 1817 5118 Alexander
1849 5063 2007 5132 obiit,
2043 5080 2140 5134 pa-

504 5158 603 5212 tris
632 5157 880 5230 imperio
911 5158 1035 5212 neci
1077 5157 1334 5224 traditus,
1377 5157 1665 5229 Claphyra
1702 5174 1838 5212 uxor
1868 5157 1992 5229 ejus
2038 5162 2138 5213 Ar-

506 5252 701 5308 chelao
730 5269 863 5324 rege
885 5251 1284 5325 Cappadocum
1309 5251 1522 5323 genita,
1546 5251 2035 5323 quemadmodum
2055 5270 2143 5308 su-

508 5364 610 5416 pra
633 5346 1096 5415 memoravimus,
1120 5346 1322 5417 Libyes
1339 5345 1459 5416 regi
1478 5345 1629 5400 Tibm
1647 5344 1758 5416 (l3)
1775 5346 2038 5402 secundis
2059 5350 2143 5401 est

505 5441 764 5510 copulata
808 5441 1038 5513 nuptiis.
1086 5440 1209 5504 Quo
1253 5440 1541 5509 defuncto,
1589 5439 1891 5495 revertitur
1928 5440 2001 5495 ad
2041 5457 2138 5512 pa-

511 5538 656 5587 trem
689 5551 702 5586 :
733 5533 847 5588 illic
877 5551 1000 5589 eam
1028 5535 1452 5606 contemplatus
1479 5533 1810 5600 Archelaus,
1841 5533 1995 5604 quod
2021 5534 2136 5588 fra-

569 5665 664 5724 (12)
695 5665 966 5727 Legatum.
994 5668 1071 5717 Bs
1080 5681 1169 5719 an.

575 5734 820 5806 (t_3)_Vet.
861 5737 982 5806 cod.
1021 5738 1181 5787 Tabas.
1222 5740 1504 5803 Josephus
1534 5741 1630 5792 lib.
1668 5753 1704 5789 ιι
1739 5741 1816 5790 De
1852 5737 1993 5798 butt,
2019 5753 2138 5806 cap.

508 5807 556 5852 ﬂ.
593 5802 739 5851 Juba;
766 5804 873 5862 regi
908 5805 1104 5866 Libyas;
1135 5811 1184 5855 et
1218 5809 1308 5857 lib.
1346 5802 1465 5859 ivn
1497 5811 1693 5876 Ατιρίαι..
1727 5823 1846 5878 cup.
1888 5811 1964 5874 is,
1995 5802 2143 5862 1qu

2245 4593 2378 4650 dem
2425 4594 2671 4650 Herodes
2719 4594 2990 4650 condidit.
3037 4594 3328 4668 Philippus
3373 4611 3600 4668 quoque
3644 4592 3845 4663 Libyam

2246 4689 2447 4744 urbem
2483 4688 2679 4743 matris
2705 4688 2831 4759 ejus
2859 4687 3132 4744 vocabulo
3166 4689 3608 4761 nuncupandam
3633 4682 3842 4760 putavit.

2246 4784 2312 4840 Et
2354 4781 2490 4853 quia
2529 4782 2884 4854 propositum
2922 4781 3086 4837 nobis
3132 4785 3217 4836 est
3255 4782 3478 4854 aperire
3515 4795 3704 4836 causas
3744 4775 3843 4848 qui-

2242 4877 2348 4932 bus
2379 4875 2622 4947 populus
2645 4875 2974 4931 Judaeorum
3005 4893 3039 4930 a
3063 4877 3320 4932 Romano
3349 4874 3594 4947 imperio
3630 4871 3844 4930 descive-

2247 4971 2334 5038 rit,
2368 4970 2586 5042 sibique
2619 4970 2856 5025 exitium
2900 4969 3319 5036 acceleraverit,
3351 4969 3594 5025 Pilatum
3640 4964 3837 5040 provin-

2243 5065 2341 5120 ciae
2379 5063 2685 5136 praesidem
2724 5063 2956 5118 initium
3000 5063 3180 5118 ruinis
3221 5062 3444 5119 dedisse
3489 5080 3573 5118 res
3609 5060 3838 5116 indicat:

2243 5157 2704 5231 quandoquidem
2745 5157 2985 5211 Cresaris
3029 5156 3310 5228 imagines
3354 5148 3840 5228 Hierosolymitanis

2244 5251 2462 5308 atdibus
2501 5251 2705 5308 inferri
2761 5251 2980 5322 primus
3033 5251 3294 5306 omnium
3341 5267 3456 5306 non
3511 5244 3834 5305 dubitaverit.

2242 5349 2364 5412 Quo
2388 5350 2580 5400 motus
2616 5345 2856 5417 populus
2891 5361 3022 5400 cum
3052 5345 3360 5412 resisteret,
3387 5350 3559 5417 atque
3595 5342 3681 5398 ille
3719 5337 3835 5394 reci-

2208 5438 2482 5511 piendas
2539 5437 2820 5510 imagines
2876 5445 3147 5506 censeret,
3197 5439 3469 5511 plurimos
3519 5437 3576 5492 in
3623 5435 3833 5491 mortem

2244 5532 2446 5604 coegit.
2507 5533 2644 5588 Dum
2700 5533 2820 5587 hac
2874 5533 2928 5586 in
3001 5531 3195 5587 Judaza
3262 5537 3565 5603 geruntur,
3615 5525 3834 5598 Agrippa

2244 5668 2739 5787 reg‘i‘fpuritartis.
2750 5667 2790 5787 ιι
2797 5679 2849 5716 n.

2305 5746 2318 5787 (
2457 5752 2636 5787 mnum
2665 5753 2716 5787 a.
2775 5750 2830 5787 ι).

2305 5741 2400 5803 (tt)
2432 5741 2716 5804 Impunita.
2750 5741 2830 5787 In.

2307 5812 2404 5874 (t5)
2437 5811 2693 5878 tntelligit
2719 5815 2952 5864 matrem
2983 5810 3209 5872 Tiberii,
3234 5809 3456 5862 Liviam.
3493 5806 3572 5859 In.
