4072 6192
371 231 497 284 2141

1399 233 1483 286 DE
1526 233 1792 288 EXCIDIU
1831 231 2029 287 URBIS
2071 232 2426 286 HIEHUSUL.
2471 234 2596 288 LIB.
2637 235 2703 288 ll.

3594 234 3751 310 2142¹

366 355 672 412 Aristobuli
706 357 852 413 ﬁlius
895 361 1140 414 Romam
1177 361 1422 421 advenit,
1456 360 1691 432 cupiens
1727 358 1999 414 adversus
2020 370 2078 441 Α
2101 358 2270 413 Beata
2301 358 2531 413 Paulina
2557 359 2934 414 concubinatu
2962 359 3053 414 dei
3087 378 3097 413 ;
3133 375 3373 429 magnus
3401 359 3541 414 deus
3566 363 3721 413 Anu-

366 451 654 507 Herodem
695 453 1040 508 tetrarcham
1081 455 1235 526 apud
1274 455 1564 510 Tiberium
1597 453 1815 526 judicio
1858 470 1993 507 con-

364 545 636 615 tendere;
667 547 761 602 sed
791 547 1092 618 despectus
1119 565 1152 603 a
1177 548 1397 604 Tiberio
1433 565 1561 604 cum
1603 549 1794 603 Roma:
1824 549 1992 618 dege-

369 643 476 708 ret,
515 641 791 712 plurimos
831 641 936 697 sibi
969 642 1163 698 ascivit
1189 643 1257 697 ad
1287 643 1614 710 amicitiam,
1653 647 1711 698 et
1743 642 1995 698 maxime

365 735 691 789 Germanici
733 736 916 790 lilium
952 736 1172 804 Caium,
1205 754 1378 808 quem
1410 737 1525 792 sive
1554 737 1776 808 paterni
1810 735 1994 791 uomi~

367 828 458 882 nis
484 828 668 900 gratia
691 829 998 885 amabilem
1028 831 1262 902 populo,
1293 848 1391 885 seu
1426 831 1571 902 regii
1602 831 1831 902 generis
1862 847 1991 901 pro-

2098 451 2201 519 bis,
2232 453 2393 523 cujus
2431 457 2488 507 tu
2524 453 2791 524 accepisti
2822 454 3112 524 mysteria.
3145 453 3255 508 Sed
3299 453 3452 508 disce
3494 457 3547 508 te
3579 453 3724 507 sicut

2098 545 2222 612 diis,
2268 545 2345 601 ita
2383 551 2438 600 et
2475 546 2798 601 hominibus
2839 564 2952 602 non
2996 563 3226 618 negare,
3271 547 3474 618 quibus
3516 548 3594 602 dii
3631 546 3724 602 tri-

2097 640 2302 709 buunt,
2348 640 2500 712 quod
2540 644 2598 696 tu
2640 658 2980 713 negaveras,
3022 641 3156 713 quia
3200 657 3305 696 nec
3344 641 3557 696 formas
3593 657 3724 696 suas

2098 735 2231 790 dare
2270 735 2450 804 nobis,
2495 751 2598 790 nec
2626 735 2865 791 nomina
2905 735 3313 806 dedignantur.
3346 737 3484 790 Ecce
3520 735 3593 790 ad
3631 752 3719 788 sa-

2098 846 2192 884 cra
2237 846 2333 884 sua
2378 830 2515 885 deus
2550 829 2766 885 Anubis
2811 829 3028 884 vocavit
3069 834 3124 883 et
3167 828 3470 894 Mundum,
3514 835 3576 883 ut
3621 829 3722 884 tibi

363 921 685 994 pinquitate
740 923 1063 994 proximum
1115 924 1356 995 imperio
1402 931 1579 993 ratus,
1627 942 1701 979 an
1747 925 1994 997 quodam
2090 924 2380 996 jungeret.
2427 923 2575 989 Quid
2619 924 2719 979 tibi
2765 923 2977 995 profuit
3019 923 3226 978 duritia
3268 927 3384 990 tua,
3423 922 3532 978 nisi
3567 925 3632 977 ut
3669 925 3723 977 te

363 1015 645 1089 praesagio
678 1016 982 1072 studiosius
1007 1018 1317 1087 excolebat,
1350 1035 1522 1092 quam
1556 1019 1638 1074 vel
1675 1019 1873 1084 aetatis,
1909 1018 1996 1073 vel
2100 1017 2300 1088 viginti
2332 1018 2576 1074 millium
2614 1035 2743 1090 qua:
2780 1019 3118 1085 obtuleram,
3164 1017 3532 1073 defraudares
3572 1027 3722 1071 com-

366 1108 601 1164 honoris
643 1111 764 1182 ejus
805 1111 948 1166 ratio
987 1112 1346 1182 patiebatur;
1389 1113 1470 1167 ita
1509 1119 1572 1167 ut
1610 1113 1858 1186 quodam
1903 1112 1995 1167 die
2099 1112 2345 1182 pendio?
2373 1113 2593 1166 Imitare
2624 1112 2758 1166 deos
2789 1111 3256 1183 indulgentiores,
3287 1111 3383 1183 qui
3411 1110 3570 1165 nobis
3600 1110 3722 1165 sine

365 1218 574 1258 manus
611 1205 842 1260 elevans
882 1205 1288 1276 deprecaretur
1328 1212 1406 1276 ut,
1453 1207 1730 1263 maturius
1772 1206 1995 1262 Tiberio
2100 1206 2285 1276 pretio
2315 1206 2592 1275 tribuunt,
2621 1205 2778 1278 quod
2807 1205 2876 1261 ab
2905 1209 2958 1261 te
2985 1222 3198 1277 magno
3223 1205 3403 1277 pretio
3427 1204 3722 1276 impetrari

366 1302 615 1367 mortuo,
653 1298 852 1354 Caium
893 1297 1113 1354 videret
1153 1300 1582 1372 imperatorem.
1615 1304 1735 1366 Quo
1775 1300 1995 1372 prodito
2102 1299 2396 1372 uequitum
2429 1303 2534 1354 est.
2574 1299 2734 1364 Quod
2764 1300 2809 1354 si
2841 1305 2896 1354 te
2932 1300 3189 1354 humana
3227 1298 3530 1354 oﬂ‘endunt
3566 1314 3725 1353 voca—
3818 1305 3828 1319 ‘

2098 1392 2248 1461 bula,
2282 1393 2538 1449 Anubem
2571 1410 2662 1449 me
2699 1394 2882 1448 vocari
2912 1393 3144 1465 placuit,
3177 1398 3234 1448 et
3269 1392 3518 1448 nominis
3554 1391 3722 1462 hujus

362 1407 472 1463 per
494 1392 813 1464 Eutychum
833 1392 1103 1448 libertum
1130 1411 1318 1462 suum,
1340 1395 1590 1466 Agrippa
1604 1395 1764 1466 jussu
1790 1393 1996 1450 Tiberii

365 1485 428 1539 in
466 1485 689 1540 vincula
725 1486 970 1555 ducitur,
1003 1490 1058 1541 et
1094 1487 1363 1558 gravibus
1403 1488 1584 1542 modis
1622 1487 1994 1558 excruciatur,

293 1641 295 1643 1
364 1595 484 1634 non
526 1587 658 1634 ante
689 1580 973 1650 dimissus,
1001 1598 1177 1652 quam
1210 1581 1464 1637 Tiberius
1495 1581 1645 1638 diem
1677 1581 1992 1637 clauderet.

365 1673 543 1744 Cujus
593 1676 853 1745 tempora
907 1675 1056 1730 foeda
1106 1675 1367 1730 ludibriis
1423 1692 1834 1748 caprarumque
1884 1677 1994 1747 (l6)

2100 1487 2281 1558 gratia
2318 1487 2582 1543 affectum
2605 1488 2775 1559 juvit.
2809 1489 2918 1542 Iloc
2954 1487 3250 1559 perstricta
3286 1502 3553 1542 sermone
3593 1502 3722 1541 mn-

2098 1580 2220 1646 lier,
2257 1581 2478 1636 illusam
2511 1599 2568 1636 se
2599 1582 2894 1650 intellexit,
2925 1588 2981 1637 et
3022 1582 3222 1638 dolens
3252 1581 3520 1651 injuriam
3559 1579 3719 1651 pudi-

2099 1674 2246 1729 citia:
2294 1676 2554 1730 confessa
2600 1676 2863 1730 fraudem
2908 1677 3130 1731 marito.
3182 1676 3276 1729 Ille
3321 1673 3463 1730 nihil
3509 1673 3722 1728 habens

364 1783 642 1833 secessus,
689 1767 912 1839 ignavia
946 1769 1336 1838 intolerabilis,
1383 1771 1600 1826 nullum
1639 1774 1830 1826 tamen
1869 1770 1992 1825 efﬁ-
2017 1738 2074 1810 B
2099 1769 2248 1840 quod
2293 1770 2455 1824 uxori
2487 1769 2900 1840 indignaretur,
2929 1771 3020 1824 cui
3053 1770 3169 1840 ipse
3209 1767 3456 1824 cubandi
3493 1767 3549 1822 in
3589 1771 3722 1822 tem-

363 1861 514 1916 cacis
564 1861 747 1917 virum
801 1863 989 1934 operis
1038 1863 1096 1918 in
1152 1880 1348 1919 necem
1403 1864 1524 1935 ejus
1577 1864 1993 1931 excitaverunt,

365 1955 630 2022 recentis,
673 1961 738 2011 ut
778 1956 1045 2024 arbitror,
1092 1958 1332 2012 Romani
1378 1958 1605 2030 imperii
1651 1958 1993 2024 reverentia,

364 2049 480 2105 sive
529 2055 742 2106 terrore
789 2050 1107 2106 suavissimas
1155 2052 1523 2120 crudelitatis,
1568 2052 1704 2124 quia
1745 2053 1993 2123 plerum-

363 2159 478 2214 que
507 2144 780 2214 asperitas
810 2161 923 2215 quo
955 2145 1202 2216 gravior,
1235 2161 1304 2201 eo
1331 2145 1510 2201 tutior
1539 2151 1644 2200 est.

1002 2239 1222 2294 CAPUT
1261 2241 1324 2293 IV
1339 2282 1351 2294 .

440 2333 515 2385 Eo
571 2332 967 2403 imperitante,
1026 2333 1308 2388 famosum
1370 2333 1681 2389 ludibrium
1745 2336 1995 2389 Paulinae

363 2425 764 2496 spectatissimi
791 2428 1015 2498 generis
1044 2428 1271 2483 feminae
1309 2429 1501 2484 Roma:
1539 2428 1995 2499 percelebratum

363 2525 470 2574 est.
503 2521 640 2586 Quae
667 2537 796 2576 cum
830 2522 1124 2594 egregiam
1153 2522 1420 2577 castitatis
1450 2523 1662 2577 famam
1691 2523 1842 2594 apud
1873 2540 1990 2577 om-

363 2631 467 2670 nes
503 2615 762 2682 haberet,
797 2619 946 2671 esset
978 2617 1152 2670 etiam
1189 2616 1641 2688 praestantissimi
1683 2617 1904 2673 decoris
1939 2620 1996 2672 et

363 2708 670 2765 eminentis
710 2709 927 2780 gratiae,
969 2713 1181 2766 tentata
1222 2709 1414 2765 Mundi
1456 2711 1735 2782 equestris
1780 2710 1993 2766 militiae

365 2803 529 2857 ducis
574 2803 1148 2874 interpellationibus,
1197 2821 1298 2859 nec
1342 2805 1575 2871 inllexa,
1627 2805 1759 2858 vitio
1803 2805 1995 2860 nimia:

363 2897 782 2967 superstitionis
814 2899 998 2969 patuit
1024 2898 1205 2953 errori
1237 2915 1249 2952 :
1280 2899 1519 2954 Mundus
1555 2915 1826 2972 namque,
1859 2899 1991 2954 sub-

363 2991 578 3045 ornatis
607 2990 782 3045 lsidiis
807 2991 1210 3059 sacerdotibus,
1234 2992 1332 3063 qui
1360 2991 1513 3048 velut
1537 2992 1751 3048 Anubis
1777 2993 1846 3049 ad
1869 3010 1994 3049 eam

2099 1864 2192 1934 plo
2235 1867 2575 1935 potestatem
2617 1865 2968 1935 permiserat,
3014 1867 3072 1920 et
3116 1862 3369 1918 conscius
3411 1861 3724 1933 conjugalis
3806 1891 3808 1900 ι

2098 1957 2471 2027 castimoniae,
2512 1957 2752 2030 principi
2787 1958 3079 2029 querelam
3126 1957 3348 2012 detulit.
3394 1956 3499 2020 Qui
3539 1959 3725 2010 motus

2101 2052 2347 2123 potentis
2372 2051 2478 2106 viri
2514 2052 2875 2117 contumelia,
2903 2058 3074 2123 atque
3101 2050 3306 2106 atrocis
3344 2049 3548 2122 ﬂagitii
3573 2065 3727 2104 com-

2099 2150 2313 2212 mento,
2355 2145 2672 2201 sacerdotes
2714 2163 2744 2200 e
2786 2146 3003 2218 templo
3041 2146 3210 2216 rapit,
3253 2144 3558 2216 quaestioni
3599 2143 3727 2197 sub-

2091 2240 2244 2310 jicit,
2306 2239 2596 2295 confessos
2645 2243 2841 2307 necat,
2897 2239 3263 2294 simulacrum
3323 2238 3487 2294 Isidis
3541 2236 3722 2292 Tiberi

2099 2333 2407 2404 demergit,
2458 2335 2662 2389 Mundo
2711 2333 2968 2404 fugiendi
3016 2337 3266 2405 potestas
3310 2348 3604 2398 concessa,
3657 2347 3722 2384 eo

2099 2427 2251 2499 quod
2289 2427 2340 2481 vi
2381 2428 2592 2483 amoris
2628 2430 2686 2482 et
2723 2428 2924 2482 formae
2969 2432 3267 2498 superatus
3311 2425 3516 2496 gratia,
3558 2424 3728 2479 levio-

2099 2521 2253 2576 ribus
2286 2522 2714 2577 commissorum
2754 2538 2986 2577 suorum
3018 2520 3210 2592 pretiis
3241 2519 3542 2574 mulctatus
3571 2518 3720 2572 aesti-

2099 2621 2370 2671 maretur.
3816 2608 3818 2610 ’

2755 2687 2975 2740 CAPUT
3011 2687 3073 2738 V.

2167 2806 2323 2871 Quod
2373 2805 2546 2877 igitur
2589 2804 2905 2860 ludibrium
2955 2798 3340 2875 imperitante
3367 2801 3587 2858 Tiberio
3639 2819 3724 2856 ac-

2097 2899 2316 2967 ciderit,
2344 2915 2457 2954 non
2490 2898 2676 2971 putavi
2707 2897 3196 2969 praetereundum,
3237 2899 3298 2952 ut
3323 2914 3390 2952 ex
3433 2912 3499 2952 eo
3536 2895 3722 2951 defor-

2098 2995 2268 3049 initas
2293 2993 2597 3065 colligatur
2626 2992 3005 3065 imperatoris.
3038 2991 3190 3048 Sicut
3221 2991 3375 3046 enim
3401 2989 3536 3046 boni
3564 2990 3720 3061 priu—

364 3085 638 3140 mandata
668 3085 1006 3156 perferrent,
1035 3086 1186 3157 quod
1212 3101 1340 3142 eam
1378 3085 1451 3140 ad
1478 3087 1756 3159 templum
1795 3087 2070 3182 invita-C
2096 3089 2237 3161 cipis
2275 3087 2410 3157 vita,
2459 3087 2756 3158 probitatis
2796 3087 3059 3160 qua-dam
3109 3087 3481 3158 praescriptio,
3528 3091 3584 3140 et
3622 3101 3725 3155 per

365 3185 474 3245 ret,
506 3179 846 3234 delectatum
875 3195 932 3234 se
959 3180 1080 3250 ejus
1109 3180 1408 3236 sedulitate
1437 3186 1492 3236 et
1520 3181 1789 3252 pudicitia
1818 3199 1831 3236 :
1866 3197 1996 3237 noc-

365 3279 481 3328 tem
528 3279 811 3344 posceret,
854 3273 1064 3328 habere
1108 3291 1187 3341 se,
1220 3275 1372 3346 quod
1408 3274 1595 3330 eidem
1631 3281 1846 3331 secreto
1885 3277 1996 3331 vel-

361 3368 443 3422 let
483 3367 862 3422 committere.
905 3367 1065 3432 Quod
1107 3367 1201 3422 illa
1236 3368 1516 3440 accipiens
1549 3369 1674 3423 laeta
1705 3370 1775 3424 ad
1817 3370 1991 3426 mari-

362 3463 487 3514 tum
532 3459 754 3526 detulit,
796 3460 965 3514 deum
1005 3460 1122 3515 suis
1165 3460 1362 3515 adesse
1401 3460 1565 3529 votis,
1610 3463 1680 3517 ab
1725 3479 1790 3518 eo
1831 3479 1992 3518 suam

362 3554 515 3626 posci
560 3554 958 3625 praesentiam,
1002 3571 1217 3626 negare
1258 3572 1314 3610 se
1359 3573 1471 3611 non
1515 3573 1674 3627 posse
1719 3557 1990 3613 obedien-

362 3650 520 3704 tiam.
555 3651 746 3720 Itaque
771 3654 827 3704 et
854 3664 924 3704 ex
953 3664 1056 3704 sua
1082 3654 1138 3704 et
1165 3664 1230 3703 ex
1261 3649 1452 3704 mariti
1493 3651 1769 3705 sententia
1803 3653 1994 3723 pergit

360 3742 437 3798 ad
463 3743 738 3814 templum
765 3742 940 3810 Isidis,
979 3748 1205 3797 noctem
1240 3744 1436 3816 exigit,
1477 3744 1820 3816 remotisque
1857 3762 1988 3817 pro-

362 3838 454 3892 cul
478 3837 727 3904 arbitris,
764 3837 925 3908 quasi
960 3837 1106 3892 sacri
1139 3837 1534 3910 cognitionem
1574 3839 1829 3911 mysterii
1872 3856 1993 3912 per-

360 3936 612 4002 ceptura,
639 3948 762 3986 sese
783 3931 972 3986 stratis
999 3931 1320 4002 composuit
1344 3933 1481 3999 suis,
1504 3933 1810 4003 aestimans,
1835 3935 1992 4006 quod

359 4023 433 4079 ad
464 4041 591 4080 eam
628 4025 770 4079 deus
807 4041 943 4079 suus
971 4025 1032 4079 in
1061 4025 1297 4080 somniis
1328 4025 1562 4094 veniret,
1594 4032 1650 4081 et
1681 4043 1784 4098 per
1822 4027 1988 4083 visio-

358 4135 496 4174 nem
524 4135 648 4174 sese
677 4119 728 4172 ei
748 4118 1182 4174 demonstraret.
1216 4120 1420 4174 Verum
1449 4119 1544 4175 ubi
1573 4120 1784 4193 aliquid
1810 4122 1991 4177 noctis

356 4213 656 4286 processit,
678 4229 790 4286 quo
817 4213 1034 4268 facilius
1054 4213 1259 4269 mulier
1283 4214 1454 4286 plena
1473 4215 1680 4269 somnii
1705 4215 1816 4286 (l7)
1844 4215 1990 4272 deci-

358 4312 613 4379 peretur,
636 4307 898 4376 Mundus,
922 4311 1214 4379 assumpto
1235 4309 1390 4363 vultu
1416 4308 1631 4364 Anubis
1657 4309 1987 4382 habituque,

358 4402 610 4467 advenit,
650 4401 986 4456 vestimenta
1027 4402 1248 4470 allevat,
1279 4402 1339 4457 in
1382 4403 1573 4458 oscula
1607 4404 1741 4458 ruit.
1782 4406 1991 4476 Exper-

2095 3183 2392 3238 universos
2427 3181 2652 3236 vivendi
2688 3183 2875 3237 forma
2901 3185 3005 3247 est,
3038 3181 3120 3236 ita
3158 3180 3522 3252 imperatoris
3558 3179 3726 3234 collu-

2094 3277 2206 3344 vio,
2237 3278 2326 3331 lex
2351 3275 2700 3347 ﬂagitiorum
2729 3279 2834 3331 est.
2861 3275 2946 3330 Ab
2977 3292 3047 3330 eo
3074 3275 3279 3330 missus
3313 3275 3521 3330 Pilatus
3550 3277 3636 3329 est
3665 3273 3722 3328 in

2094 3370 2352 3425 Iudaeam
2398 3369 2483 3424 vir
2526 3369 2851 3442 improbus;
2905 3373 3080 3440 atque
3131 3369 3190 3423 in
3243 3368 3448 3440 exiguo
3501 3384 3724 3439 ponens

2099 3464 2484 3532 mendacium,
2512 3464 2886 3520 circumvenit
2923 3463 3330 3528 Samaritanus,
3367 3466 3433 3517 ut
3468 3468 3721 3518 montem

2095 3559 2185 3612 cui
2224 3573 2434 3613 nomen
2471 3557 2666 3625 Gadir,
2707 3562 3008 3629 peterent:
3038 3561 3161 3612 erat
3199 3556 3356 3611 enim
3397 3556 3506 3611 illis
3550 3572 3724 3611 sacra-

2093 3656 2204 3718 tus,
2247 3667 2315 3706 eo
2366 3651 2523 3723 quod
2569 3651 2736 3707 vellet
2785 3667 2982 3706 eorum
3034 3650 3305 3721 mysteria
3353 3666 3720 3722 cognoscere.

2093 3746 2163 3799 Et
2198 3744 2534 3813 ascendens,
2573 3745 2851 3817 populum
2883 3745 3157 3816 praevenit
3191 3743 3471 3816 equitatu,
3519 3744 3720 3813 pedes-

2093 3839 2282 3910 trique
2333 3839 2585 3894 exercitu
2638 3826 2856 3908 stravit,
2913 3838 3225 3909 afﬁctoque
3277 3837 3516 3892 crimine
3571 3838 3721 3908 quod

2091 3950 2124 3986 a
2172 3933 2444 3988 Romanis
2485 3931 2794 3998 discedere,
2840 3936 2896 3986 et
2937 3930 3376 3987 conciliabulum
3418 3929 3524 3984 sibi
3563 3946 3718 4002 quas-

2091 4042 2216 4082 rere
2266 4029 2703 4099 praeparassent.
2751 4026 2893 4091 Quid
2949 4025 3101 4081 enim
3158 4042 3271 4080 non
3317 4025 3572 4092 auderet,
3620 4025 3718 4096 qui

2091 4120 2260 4176 etiam
2290 4120 2578 4176 Christum
2618 4119 2928 4176 Dominum
2969 4120 3038 4175 ad
3075 4121 3315 4176 salutem
3346 4119 3586 4174 humani
3617 4135 3718 4190 ge-

2090 4214 2246 4269 neris
2274 4214 2692 4283 advenientem,
2725 4214 2919 4270 multis
2945 4220 3001 4270 et
3037 4213 3241 4270 divinis
3282 4213 3552 4286 operibus
3584 4230 3719 4287 pro-

2091 4308 2431 4364 fundentem
2470 4308 2529 4364 in
2567 4309 2826 4364 homines
2859 4309 3266 4365 misericordia:
3301 4325 3419 4364 suae
3459 4308 3720 4379 gratiam,

2091 4402 2352 4475 nihilque
2394 4403 2549 4458 aliud
2591 4403 2911 4470 docentem,
2947 4403 3056 4458 nisi
3091 4402 3246 4474 quod
3292 4402 3543 4473 primum
3589 4402 3719 4467 Deo,

361 4496 601 4569 gefactze
631 4495 859 4550 mulieri
882 4495 1142 4550 Anubem
1171 4512 1230 4550 se
1262 4513 1384 4551 esse
1411 4497 1566 4564 dicit,
1593 4499 1811 4552 vultum
1841 4481 2070 4553 Anu-D
2094 4496 2301 4552 deinde
2344 4496 2782 4568 imperatoribus
2826 4497 3040 4551 faceret
3082 4496 3319 4567 populos
3361 4495 3685 4551 obedientrs
3706 4539 3718 4562 ,

358 4590 447 4645 bis
485 4589 831 4661 praetendit:
864 4588 962 4644 illa
999 4589 1167 4644 deum
1206 4590 1466 4659 credidit,
1497 4591 1720 4648 beatam
1761 4609 1820 4646 se
1868 4609 1988 4648 esse

359 4684 583 4751 asserit,
633 4684 780 4754 quod
821 4700 950 4738 eam
989 4683 1258 4755 dignatus
1291 4685 1363 4740 sit
1403 4685 1623 4742 visitare
1657 4687 1798 4741 deus
1833 4705 1986 4743 suus.

355 4777 702 4849 Amplexum
730 4776 944 4849 petenti
972 4794 1086 4832 non
1116 4781 1290 4849 negat
1315 4795 1326 4832 :
1349 4779 1528 4834 refert
1552 4785 1763 4847 tamen,
1797 4786 1986 4836 utrum

355 4873 501 4926 deus
540 4871 717 4943 possit
752 4871 974 4926 homini
1023 4871 1269 4926 misceri.
1318 4872 1416 4928 Ille
1457 4873 1670 4944 promit
1705 4877 1984 4946 exempla,

356 4966 511 5037 quod
541 4971 598 5020 et
621 4967 820 5022 Jovem
847 4982 1139 5021 summum
1166 4966 1404 5021 deorum
1430 4966 1704 5023 Alcmena
1730 4984 1989 5040 suscepe-

356 5059 451 5126 rit,
497 5064 552 5114 et
594 5059 746 5113 Leda
779 5059 1031 5130 ejusdem
1069 5058 1373 5114 concubitu
1399 5060 1599 5131 potita,
1627 5063 1686 5116 et
1726 5060 1988 5132 plurimas

354 5153 486 5210 alia:
515 5169 644 5225 quae
670 5153 957 5208 ediderint
985 5152 1119 5209 deos
1146 5157 1336 5226 partu,
1365 5155 1434 5209 de
1458 5171 1517 5209 se
1546 5171 1772 5227 quoque
1803 5172 1868 5210 ex
1897 5155 1988 5212 illa

354 5248 536 5303 deum
562 5263 685 5302 esse
712 5248 1109 5318 generandum
1137 5248 1439 5320 persuadet
1467 5264 1480 5302 :
1511 5248 1738 5304 mulieri
1777 5265 1953 5306 concu
1977 5283 1986 5291 -

355 5341 478 5396 bitu
501 5340 792 5405 miscetur,
825 5341 967 5396 redit
986 5341 1059 5395 ad
1089 5341 1356 5396 maritum
1383 5341 1569 5397 laetior
1592 5342 1806 5410 dicens,
1835 5345 1988 5415 quod

357 5435 524 5490 mista
561 5435 672 5490 deo
703 5435 777 5489 sit
811 5435 1036 5502 mulier,
1065 5442 1121 5490 et
1157 5436 1280 5506 ejus
1318 5435 1600 5506 promisso
1639 5437 1812 5491 deum
1843 5443 1991 5492 esset

355 5532 718 5601 generatum.
753 5528 839 5584 Fit
869 5528 1076 5601 ingens
1105 5529 1166 5585 in
1193 5533 1391 5602 stupro
1424 5529 1681 5585 mulieris
1709 5536 1768 5585 et
1796 5532 1988 5586 mariti

356 5623 650 5695 gaudium.
679 5625 877 5678 Postea
921 5623 1166 5678 occurrit
1207 5623 1465 5691 Mundus,
1493 5628 1550 5678 et
1588 5623 1667 5678 ait
1705 5625 1930 5680 mulieri
1971 5643 1984 5679 :

416 5740 512 5799 (ιϐ)
570 5740 645 5789 Ita
705 5738 855 5789 editi.
913 5742 980 5789 At
1035 5740 1399 5804 Capuamque
1441 5752 1638 5789 secessu
1683 5739 1984 5803 legendum

355 5810 588 5860 videtur
623 5810 923 5861 GALLAND.

2091 4590 2246 4645 cruci
2278 4589 2595 4644 suffixerit?
2634 4591 3015 4661 Demensque,
3045 4590 3141 4662 qui
3175 4588 3434 4646 minister
3465 4592 3614 4646 esset
3643 4607 3722 4644 sa-

2090 4683 2284 4754 crilegi
2319 4683 2548 4752 furoris,
2584 4687 2649 4738 ut
2675 4682 3025 4739 interﬁceret
3058 4687 3356 4740 auctorem
3395 4684 3611 4740 salutis.
3642 4685 3721 4738 Ex

2094 4777 2189 4832 illo
2230 4777 2422 4850 itaque
2456 4778 2784 4833 Judasorum
2825 4794 2912 4832 res
2950 4778 3213 4849 proditae,
3242 4795 3306 4834 ex
3343 4779 3442 4834 illo
3482 4778 3721 4833 exitium

2092 4872 2266 4943 genti,
2297 4872 2623 4944 temploque
2651 4875 3002 4928 maturatum
3033 4873 3336 4928 excidium.
3369 4873 3507 4927 Nam
3545 4872 3592 4927 si
3619 4873 3723 4927 He-

2090 4965 2253 5020 rodes
2278 4965 2379 5038 qui
2398 4966 2674 5021 Joannem
2699 4967 2828 5022 neci
2853 4966 3109 5034 tradidit,
3133 4965 3386 5037 perfidiae
3407 4971 3464 5021 et
3489 4966 3722 5022 crudeli-

2090 5060 2221 5114 tatis
2246 5076 2362 5114 suas
2390 5060 2636 5130 pretium
2665 5061 2790 5126 luit,
2821 5061 3074 5131 dejectus
3109 5076 3288 5131 regno
3315 5064 3488 5132 atque
3525 5061 3721 5115 exsilio

2089 5153 2275 5220 datus,
2303 5158 2519 5224 quanto
2545 5154 2728 5226 magis
2752 5153 3138 5226 praecipitibus
3157 5153 3318 5208 furiis
3344 5156 3533 5210 actum
3560 5154 3719 5209 intel-

2090 5246 2191 5318 ligi
2228 5246 2398 5302 datur
2428 5264 2582 5314 eum,
2613 5249 2712 5319 qui
2737 5247 3026 5304 Christum
3064 5247 3370 5303 occiderit?
3393 5250 3529 5312 Quae
3554 5264 3720 5302 causa

2092 5342 2289 5396 autem
2337 5340 2515 5396 fuerit
2565 5342 2768 5397 mortis
2813 5342 3074 5408 Ioannis,
3124 5341 3372 5397 breviter
3421 5341 3718 5413 expediam

2089 5432 2416 5504 Philippum
2445 5437 2503 5488 et
2531 5435 2809 5490 Herodem
2839 5434 2937 5506 qui
2969 5434 3128 5506 prius
3153 5435 3389 5506 Antipas
3424 5435 3606 5490 dictus
3636 5442 3723 5490 est

2091 5543 2398 5598 germanos
2417 5527 2591 5584 fuisse
2613 5545 2789 5600 supra
2811 5528 3184 5584 ostendimus.
3207 5529 3454 5585 Uxorem
3475 5529 3719 5601 Philippi

2092 5621 2492 5690 Herodiadem,
2522 5639 2697 5694 quam
2731 5623 2980 5678 Herodes
3006 5623 3201 5678 illicito
3231 5640 3296 5678 ac
3327 5623 3572 5679 nefando
3611 5624 3718 5678 sibi

2152 5744 2250 5803 (t7)
2281 5743 2480 5793 Somni.
2521 5745 2701 5798 BABR.
