4000 6166
365 521 371 527 ,
437 466 519 522 ait
566 466 647 522 illi
698 490 707 520 :

442 249 577 302 2143

1921 250 1972 303 S.
2018 248 2333 306 AMBROSII

3612 262 3718 316 illi

434 374 665 429 sociavit
692 375 823 445 jure
852 374 1222 430 matrimonii.
1255 376 1375 430 Non
1408 376 1535 430 tulit
1575 376 1681 430 hoc
1714 378 1979 443 Joannes,
2012 380 2069 429 et
2091 376 2300 459 Abat;
2340 380 2689 449 praepostero
2730 376 2927 432 ordine
2961 393 3142 447 gener
3178 376 3291 431 lilio
3329 379 3580 447 przrlatus,
3617 386 3725 454 quia

762 471 881 525 Non
928 469 1027 523 tibi
1067 469 1190 523 licet
1238 485 1458 524 umorem
1503 469 1698 524 habere
1740 470 1938 536 fratris
1986 471 2073 524 tui

431 560 677 632 (Matth.,
713 564 922 629 vr,18).
961 563 1103 618 Tum
1149 563 1241 617 ille
1285 567 1627 629 commotus,
1680 563 1736 616 in
1779 577 2064 619 carcerem

437 652 678 709 detrusit
719 656 1018 710 Joannem.
1061 656 1171 710 Nec
1215 656 1397 710 multo
1444 663 1569 727 post
1619 657 1839 710 necavit
1885 656 2067 711 virum

428 749 671 817 justum,
717 754 772 803 et
816 751 1169 804 constantem
1217 750 1422 805 divinae
1468 751 1613 821 legis
1658 755 2063 805 exsecutorem.

439 843 557 896 Non
587 842 768 896 solum
808 843 961 897 enim
1003 844 1160 914 quasi
1206 843 1548 915 praedicator
1588 844 1906 915 Evangelii,
1954 845 2065 898 fra-

434 934 585 989 terni
614 935 812 990 cubilis
842 936 1118 991 incestum
1149 937 1631 1008 reprehendebat,
1664 954 1861 992 verum
1894 938 2067 992 etiam

435 1028 597 1098 quasi
644 1029 785 1100 legis
828 1036 1151 1096 exsecutor,
1196 1031 1690 1101 praevaricatorem
1741 1030 1883 1100 legis
1932 1047 2066 1085 cou-

437 1120 759 1190 demuavit,
806 1124 903 1194 qui
951 1124 1142 1178 fratris
1185 1132 1422 1178 uxorem
1466 1124 1704 1179 viventis
1748 1125 2063 1194 eripuerat,

438 1216 755 1284 praesertim
809 1216 1116 1271 habentem
1167 1233 1363 1272 semen
1418 1218 1489 1272 de
1539 1233 1819 1288 germano
1870 1218 2064 1288 ipsius.

440 1308 576 1362 Hine
604 1310 838 1365 excitata
875 1310 1198 1365 Judaeorum
1238 1312 1356 1366 fere
1394 1312 1650 1365 omnium
1687 1311 1741 1365 in
1788 1312 2067 1367 Herodem

436 1401 570 1457 odia
601 1409 660 1457 et
685 1419 847 1474 poena
875 1406 1186 1459 accelerate
1219 1422 1230 1459 :
1263 1405 1425 1475 cujus
1452 1407 1651 1459 auctor
1682 1405 1950 1459 Herodius
1986 1407 2066 1459 vi-

436 1496 575 1550 dens
601 1498 914 1569 Agrippam
954 1498 1264 1569 plurimum
1306 1499 1663 1570 praevaluisse
1700 1499 1852 1569 apud
1887 1502 2066 1554 (lavsu-

437 1606 581 1656 rem,
624 1592 901 1661 compulit
934 1608 1063 1646 eum
1103 1594 1339 1647 Romam
1368 1608 1630 1663 pergere,
1674 1609 1789 1664 quo
1826 1593 1931 1647 sibi
1968 1593 2069 1647 im-

2170 470 2316 525 mala
2368 470 2695 542 reipublicm
2750 469 3288 542 praeponderabant,
3339 471 3421 525 cui
3476 473 3728 531 debebatur

2169 564 2467 635 parricida,
2513 564 2843 637 sacrilegus,
2879 565 3129 618 incestus
3169 581 3182 617 :
3219 570 3279 618 ut
3318 563 3369 617 in
3416 582 3477 620 eo
3515 568 3729 633 crimina,

2168 674 2282 712 non
2331 658 2445 713 ulla
2494 658 2660 713 bona:
2705 658 2845 713 artis
2894 658 3101 712 merita
3147 662 3464 729 regnarent.
3504 660 3607 715 Tali
3644 662 3731 717 im-

2169 755 2427 823 peratore
2473 768 2574 806 seu
2626 767 2850 806 morum
2897 751 3022 821 ejus
3072 750 3284 806 intuitu
3336 755 3493 823 atque
3538 753 3736 824 ignavia:

2167 848 2515 917 contemptu.
2556 845 2671 901 sive
2712 845 2843 916 quia
2883 844 3092 900 Judaeis
3133 844 3207 899 ob
3250 844 3435 915 gravia
3472 847 3738 919 sacrilegia,

2170 954 2363 993 averso
2390 938 2655 1011 praesidio
2685 939 2779 993 Dei
2813 938 3023 993 summi
3053 938 3324 993 ultimum
3355 938 3606 993 excidium
3632 956 3741 1011 prte-

2169 1032 2490 1102 parabatur.
2539 1033 2728 1103 erupit
2769 1032 2827 1087 in
2870 1031 3177 1087 seditiones
3228 1047 3423 1103 graves
3467 1032 3744 1102 latrocinia,

2170 1125 2546 1181 dissensiones
2591 1128 2728 1197 (t8),
2779 1142 2979 1180 eorum
3027 1125 3357 1191 insolentia,
3397 1141 3529 1196 quos
3570 1143 3658 1196 per
3689 1128 3747 1180 vi-

2171 1219 2314 1291 ginti
2362 1236 2541 1276 annos
2598 1220 2892 1275 Eleazarus
2944 1219 3211 1291 princeps
3261 1219 3542 1274 latronum
3585 1222 3753 1290 gravis-

2168 1314 2310 1368 sime
2360 1314 2739 1386 depOpulatus
2774 1332 2783 1361 :
2820 1313 3126 1386 aliquando
3171 1317 3364 1367 tamen
3403 1317 3588 1385 captus
3618 1331 3646 1368 a
3678 1314 3751 1368 Fe-

2170 1408 2295 1474 lice,
2318 1407 2417 1478 qui
2436 1407 2645 1462 indaga!
2672 1413 2940 1479 praeerat,
2968 1410 3025 1462 et
3046 1410 3284 1463 Romam
3311 1406 3571 1472 directus,
3593 1423 3755 1478 graves

2170 1516 2362 1570 poenas
2400 1501 2573 1556 dedit.
2617 1502 2727 1556 Nec
2775 1501 2852 1555 sic
2899 1500 3132 1573 quidem
3172 1500 3334 1572 gravi
3378 1516 3635 1555 caesorum
3668 1516 3753 1554 nn-

2171 1610 2331 1649 mero
2357 1594 2628 1649 infractus
2652 1601 2738 1650 est
2759 1596 3002 1665 populus
3028 1594 3286 1648 Judream
3314 1578 3755 1660 inhabitantium;

437 1684 715 1752 peratoris
771 1686 1014 1755 gratiam
1069 1686 1432 1753 conciliaret,
1494 1686 1785 1758 objectans
1837 1686 2068 1742 desidiae
2091 1757 2125 1759 _
2167 1686 2267 1742 sed
2294 1687 2350 1742 in
2382 1687 2517 1759 ipsis
2556 1687 2964 1759 Hierosolymis
2990 1688 3146 1743 aliud
3182 1688 3471 1742 latronum
3508 1687 3759 1758 pullulavit

433 1779 867 1846 contumeliam,
906 1780 1059 1850 quod
1089 1779 1341 1852 fugitans
1371 1779 1608 1846 labores,
1641 1780 1780 1835 dum
1813 1757 2144 1835 moraturB
2169 1796 2380 1851 genus,
2433 1781 2533 1853 qui
2582 1781 2933 1836 vocabantur
2982 1781 3199 1849 sicarii,
3250 1798 3365 1835 non
3404 1781 3524 1850 jam
3571 1779 3763 1835 secretis

434 1870 611 1936 domi,
642 1871 917 1942 indignos
954 1873 1060 1927 sibi
1102 1877 1397 1945 pateretur
1434 1874 1726 1928 anteferri.
1760 1874 1900 1928 Nam
1932 1890 2065 1929 cum

435 1965 689 2035 Agrippa
726 1982 795 2020 ex
837 1966 1059 2037 privato
1101 1983 1197 2021 rex
1243 1967 1429 2022 factus
1474 1967 1580 2034 sit,
1626 1970 1839 2038 quanto
1881 1969 2067 2038 magis

435 2058 545 2127 ipsi
576 2059 929 2128 jamdudum
972 2062 1295 2130 tetrarcbm,
1339 2076 1454 2132 quo
1497 2076 1746 2133 regnum
1789 2062 2066 2128 conferat,

435 2152 715 2207 Cursarem
747 2169 859 2207 non
890 2152 1327 2209 dubitaturum?
1355 2156 1549 2225 Itaque
1582 2154 1833 2210 mulieris
1865 2170 2068 2227 oppro-

435 2244 558 2299 bria
593 2261 956 2318 nequaquam
995 2247 1295 2314 sustinens,
1324 2249 1563 2303 Romam
1590 2249 1897 2319 profectus,
1929 2249 2068 2303 dum

436 2338 549 2392 Caii
588 2339 899 2395 amicitiam
943 2342 1100 2411 petit,
1138 2342 1210 2395 ab
1245 2341 1504 2413 Agrippa
1536 2348 1850 2410 accusatus,
1893 2342 2067 2398 etiam

434 2433 804 2488 tetrarchiam
831 2434 1039 2503 amisit,
1080 2451 1252 2506 quam
1287 2452 1319 2489 a
1352 2436 1500 2491 Julio
1538 2438 1790 2506 Augusto
1829 2452 2063 2508 accepe-

437 2530 553 2593 rat;
587 2532 644 2581 et
672 2526 925 2598 fugitans
953 2530 1010 2583 in
1043 2529 1370 2600 Hispaniam
1396 2546 1513 2584 una
1540 2545 1668 2584 cum
1703 2545 1871 2585 uxore
1900 2532 2068 2585 Hero-

436 2619 599 2675 diade
631 2637 872 2676 maerore
903 2623 1080 2677 animi
1123 2627 1493 2694 consumptus
1532 2629 1636 2678 est.
1676 2624 1892 2679 Mortuo
1923 2641 2064 2696 quo-

436 2730 547 2784 que
585 2714 838 2782 Tiberio,
879 2716 1045 2773 Caius
1088 2718 1374 2783 successit,
1417 2718 1518 2788 qui
1563 2717 1862 2773 dominum
1908 2734 1966 2772 se
2009 2722 2066 2773 et

434 2808 602 2861 deum
646 2807 823 2863 videri
870 2814 1041 2881 atque
1080 2810 1354 2882 appellari
1398 2811 1624 2873 volens,
1669 2826 1867 2866 causas
1909 2812 2069 2866 dedit

433 2900 641 2956 Jndreis
696 2902 1040 2973 gravissimae
1098 2903 1422 2971 seditionis,
1476 2920 1541 2959 ac
1591 2905 1699 2959 nisi
1758 2910 2065 2977 properato

436 2996 547 3050 line
598 2995 905 3068 imperium
960 2996 1269 3067 clausisset,
1313 2999 1639 3053 Judreorum
1690 3000 1843 3070 genti
1893 3000 2065 3053 tinem

432 3089 643 3145 fecerat
684 3091 1078 3147 maturiorem.
1128 3092 1247 3147 Non
1295 3093 1478 3147 solum
1529 3092 1684 3148 enim
1737 3093 1807 3149 ab
1856 3093 2142 3195 illicitisC

437 3199 549 3237 non
596 3184 896 3239 revocabat
948 3201 1101 3254 suos,
1148 3202 1343 3243 verum
1395 3187 1571 3242 etiam
1627 3185 1813 3241 missis
1867 3188 1924 3242 in
1976 3189 2068 3243 Ju-

434 3276 637 3344 dazam,
690 3277 889 3333 ultima
936 3280 1217 3350 supplicia
1267 3280 1671 3347 minitabatur,
1719 3281 1827 3336 nisi
1872 3281 2066 3337 om'nia

432 3370 734 3425 adversum
779 3372 875 3443 jus
930 3379 985 3427 et
1044 3373 1127 3427 fas
1178 3373 1471 3445 religionis
1524 3375 1697 3430 armis
1749 3378 2063 3446 patrarent.

437 3464 749 3520 Plurimum
786 3465 939 3521 enim
974 3468 1156 3538 potuit
1187 3467 1431 3538 imperio
1463 3469 1747 3540 Agrippa;
1782 3469 1879 3524 sed
1925 3469 2064 3523 dum

434 3558 605 3614 vellet
630 3575 795 3614 muro
823 3560 1045 3615 ambire
1076 3561 1322 3617 maximo
1349 3563 1827 3634 Hierosolymam,
1861 3569 1924 3617 ut
1950 3564 2062 3617 Ro-

433 3651 614 3707 manis
650 3652 815 3708 eret
857 3655 1314 3726 inexpugnabilis
1359 3656 1719 3727 (praevidebat
1757 3656 1914 3712 enim
1954 3657 2062 3711 im-

432 3745 737 3803 minantem
777 3749 1044 3819 ruinam),
1078 3752 1264 3804 morte
1298 3755 1642 3821 praeventus,
1674 3767 1817 3822 opus
1844 3751 2062 3821 imper-

428 3840 640 3894 fectum
682 3841 931 3913 reliquit.
981 3842 1092 3896 Nec
1133 3842 1418 3897 minorem
1461 3844 1775 3914 potentiam
1815 3848 2067 3904 exercuit

433 3931 798 4004 imperitante
841 3934 1101 4001 Claudio,
1145 3935 1275 4006 quia
1316 3936 1492 4006 ipsius
1529 3952 1757 4008 quoque
1793 3937 2066 4008 primitiis

430 4026 703 4094 interfuit,
741 4043 870 4082 cum
910 4028 1045 4084 Caio
1087 4032 1405 4100 perempto,
1449 4029 1569 4100 ipse
1597 4046 1631 4084 a
1660 4031 1939 4086 militibus
1972 4050 2062 4087 as-

432 4122 712 4189 sumptus,
746 4120 802 4174 in
834 4121 1142 4192 imperium
1180 4123 1481 4177 resistente
1512 4123 1616 4177 sibi
1644 4128 1866 4194 senatu,
1897 4126 2065 4197 regni

433 4212 603 4268 taedio
638 4212 952 4286 Agrippam
995 4215 1243 4287 legatum
1286 4215 1494 4271 direxit
1537 4235 1549 4269 :
1596 4234 1708 4288 quo
1750 4219 2065 4290 interprete

435 4310 716 4378 promissa
744 4307 1121 4364 moderatoris
1146 4310 1373 4382 imperii
1398 4311 1560 4377 des,
1589 4310 1831 4367 difuita
1855 4313 2061 4384 gratia,

436 4420 536 4474 pax
578 4404 839 4459 convenit
882 4420 894 4458 :
942 4404 1000 4458 in
1044 4403 1231 4459 locum
1278 4405 1542 4477 Agrippa:
1592 4407 1767 4477 patris
1814 4406 2065 4478 Agrippa

432 4498 579 4551 lius
604 4498 727 4568 ejus
752 4515 785 4551 a
808 4497 1041 4553 Claudio
1066 4498 1289 4555 Cresare
1321 4515 1422 4553 rex
1449 4499 1791 4571 subrogatus
1821 4505 1925 4555 est.

1076 4592 1302 4649 CAPUT
1340 4594 1404 4647 VI
1416 4634 1428 4647 .

503 4687 624 4757 ipse
674 4701 902 4757 quoque
948 4686 1213 4741 Claudius
1260 4687 1470 4741 exactis
1518 4687 1701 4741 tribus
1754 4690 1813 4741 et
1865 4687 2061 4743 decem

430 4779 595 4834 annis
642 4795 773 4834 cum
827 4778 1115 4846 deceret,
1170 4780 1453 4835 Neronem
1510 4781 1772 4836 Romano
1823 4780 2064 4851 imperio

434 4874 750 4946 principem
790 4871 948 4929 dedit
978 4890 991 4926 :
1020 4876 1280 4944 captatus
1324 4874 1519 4929 uxoris
1562 4873 1895 4945 Agrippinae
1937 4889 2063 4947 per-

430 4967 812 5034 suasionibus,
840 4983 969 5038 ques
995 4970 1220 5023 tantum
1248 4966 1548 5022 fraudibus
1568 4968 1766 5035 valuit,
1796 4972 1859 5022 ut
1884 4967 2063 5022 tilium

434 5060 798 5133 imperatoris
841 5059 1232 5115 Britannicum
1276 5060 1637 5131 designatum
1680 5077 2062 5117 successorem

429 5156 552 5227 ipso
583 5155 713 5226 jure
757 5159 999 5218 naturae,
1045 5154 1396 5225 principatus
1441 5158 1724 5209 exsortem
1771 5154 2059 5210 redderet.

430 5250 601 5320 Cujus
632 5249 768 5304 artis
806 5264 932 5303 mox
965 5248 1234 5319 paenituit
1259 5264 1409 5315 eam,
1443 5247 1578 5319 quia
1604 5248 1741 5302 dum
1772 5264 1838 5303 ex
1869 5265 1929 5302 se
1967 5265 2065 5321 ge-

436 5343 554 5397 nito
579 5343 867 5398 consuluit
884 5342 1156 5415 principi,
1178 5358 1349 5397 suum
1380 5342 1631 5412 negavit,
1660 5342 1865 5414 ignara
1889 5342 2064 5415 quod,

437 5437 616 5491 elatus
658 5437 924 5508 imperio,
967 5453 1074 5492 nec
1116 5442 1358 5492 matrem
1388 5439 1746 5507 agnosceret,
1791 5438 1965 5508 atque
2008 5438 2066 5491 in

436 5530 670 5584 exitium
709 5531 829 5601 ejus
867 5531 1125 5586 benecii
1169 5530 1495 5586 mercedem
1524 5529 1836 5585 inverteret
1871 5545 1885 5583 :
1914 5529 2064 5585 idem

432 5628 627 5676 tamen
658 5624 939 5679 Octaviam
975 5624 1193 5686 Claudii
1232 5624 1408 5680 liam
1449 5624 1705 5696 conjugii
1743 5623 1867 5678 loco
1908 5626 2068 5678 tene-

506 5808 598 5872 (18;
622 5807 744 5858 Vet.
780 5808 923 5871 cod.,
954 5810 1313 5863 Discessioncs.
1349 5811 1525 5865 .

2084 4488 2143 4561 D

2166 1873 2380 1940 additi,
2441 1891 2542 1929 nec
2602 1874 2851 1930 tenebris
2910 1874 3203 1929 nocturnis
3257 1873 3619 1940 insidiantes,
3667 1873 3760 1927 sine

2168 1968 2356 2039 aliquo
2383 1968 2645 2040 praesidio
2671 1967 3144 2034 commeantibus,
3183 1967 3286 2023 sed
3310 1968 3439 2023 luee
3479 1966 3592 2022 diei
3628 1971 3766 2037 atque

2168 2062 2226 2115 in
2274 2062 2467 2117 medio
2506 2061 2664 2116 urbis
2711 2067 2767 2117 et
2814 2061 3002 2116 turbae
3051 2061 3365 2131 stipamine
3417 2059 3767 2132 pereutiebant

2167 2171 2538 2227 quoscunque
2579 2154 2809 2226 propius
2834 2162 3214 2221 accesserant;
3245 2155 3452 2210 breves
3488 2169 3656 2209 manu
3682 2152 3771 2223 gla-

2168 2248 2289 2303 dios
2321 2253 2586 2320 gerentes
2637 2249 2898 2303 conferto
2927 2249 3142 2320 populo
3172 2247 3462 2320 permisti,
3490 2246 3586 2302 ubi
3609 2246 3767 2301 adluc-

2169 2347 2391 2397 rentem
2427 2341 2684 2407 xerant,
2713 2341 2951 2397 cadebat
2992 2341 3327 2412 imprudens
3371 2356 3520 2396 caeco
3547 2341 3773 2403 vulnere,

2171 2440 2232 2490 ut
2258 2437 2552 2508 querelam
2597 2452 2747 2490 mors
2784 2435 3123 2506 praeveniret
3156 2452 3169 2489 :
3202 2435 3381 2490 funus
3412 2435 3474 2489 in
3511 2438 3770 2505 promptu,

2168 2530 2267 2585 sed
2310 2544 2611 2600 percussor
2646 2528 2894 2598 latebat;
2928 2535 2988 2584 et
3011 2529 3057 2583 si
3088 2529 3215 2600 quis
3244 2533 3578 2584 commotus
3609 2526 3775 2581 fuisset

2165 2623 2350 2679 alieno
2392 2624 2650 2689 vulnere,
2702 2622 2936 2694 propior
2979 2638 3082 2678 suo
3124 2622 3308 2677 factus
3355 2628 3486 2677 erat
3528 2634 3773 2676 caesorum

2168 2719 2373 2788 portio.
2429 2719 2511 2772 Ita
2555 2717 2643 2771 vel
2689 2716 2924 2787 periculi
2976 2719 3160 2784 metu,
3206 2716 3297 2770 vel
3352 2712 3777 2771 dissimulatione

2168 2811 2454 2879 facinoris,
2484 2809 2714 2865 sicarius
2748 2826 2867 2865 non
2900 2809 3466 2881 deprehendebatnr,
3497 2813 3651 2863 tanta
3681 2811 3777 2860 erat

2168 2905 2558 2960 insidiantium
2608 2905 2903 2971 velocitas,
2959 2910 3016 2959 et
3066 2903 3293 2959 celandi
3356 2920 3475 2957 ars.
3529 2900 3779 2957 Occiditur

2168 2998 2429 3053 sacerdos
2476 2997 2746 3053 Jonatbas
2807 3014 2819 3052 :
2876 2996 3234 3053 addebantur
3288 2997 3463 3052 multi
3520 2993 3779 3067 quotidie.

2168 3093 2504 3164 graviorque
2532 3098 2722 3147 metus
2755 3090 3086 3159 viventium,
3115 3107 3291 3162 quam
3329 3106 3605 3146 aerumna
3639 3088 3781 3142 inter-

2166 3187 2469 3242 fectorum.
2518 3185 2693 3250 Quasi
2743 3184 2817 3240 ad
2868 3201 3145 3257 pugnam,
3198 3185 3277 3239 sic
3328 3184 3601 3256 quotidie
3637 3195 3782 3235 unus-

2166 3281 2404 3353 quisque
2456 3279 2938 3351 progrediebatur
2991 3295 3003 3333 :
3051 3279 3314 3349 graviore
3369 3282 3569 3333 tamen
3617 3272 3781 3330 condi-

2166 3375 2347 3441 tione,
2373 3374 2506 3445 quia
2541 3373 2717 3427 hostis
2745 3372 3105 3444 praevidetur,
3139 3372 3389 3427 sicarius
3418 3369 3785 3429 delitescebat,

2168 3485 2322 3524 mors
2363 3468 2419 3522 in
2455 3467 2654 3535 oculis,
2688 3466 2747 3519 in
2787 3466 2995 3520 animis
3026 3466 3217 3520 timor.
3261 3466 3454 3520 Nemo
3501 3481 3561 3519 se
3604 3475 3787 3532 regres-

2167 3577 2365 3617 surum
2394 3560 2676 3627 credebat,
2711 3575 2815 3613 nec
2841 3558 3036 3613 amicis
3071 3558 3212 3613 des
3242 3558 3647 3621 deferebatur,
3676 3555 3788 3609 dum

2166 3655 2400 3711 sicarius
2429 3657 2800 3709 metueretur.
2825 3654 2947 3717 Quo
2988 3652 3251 3725 plerique
3292 3651 3600 3723 perterriti
3632 3650 3788 3703 inson-

2165 3755 2253 3805 tes
2294 3748 2524 3820 quidem
2565 3764 2597 3801 a
2637 3746 2853 3819 agitio
2900 3745 3294 3816 latrocinandi,
3343 3746 3435 3801 vel
3483 3743 3789 3800 sicariorum

2166 3842 2573 3908 contubernio,
2627 3841 2731 3896 etsi
2791 3856 2960 3895 manu
3011 3839 3268 3905 innoxii,
3320 3838 3572 3894 consilio
3623 3840 3788 3890 tamen

2165 3936 2513 3993 infirmiores
2554 3935 2849 3990 desertum
2895 3933 3129 4004 petiere.
3177 3933 3291 3988 Sed
3341 3933 3495 3988 dum
3542 3930 3645 3986 sibi
3687 3942 3796 3982 con-

2166 4031 2394 4095 sulunt,
2449 4035 2725 4085 terrorem
2784 4028 3047 4082 fecerunt
3102 4026 3527 4091 discessiones;
3585 4040 3650 4079 ex
3699 4034 3791 4092 quo

2164 4124 2296 4181 belli
2323 4124 2591 4178 adversus
2629 4124 2916 4178 Romanos
2953 4120 3201 4192 suspicio
3238 4121 3467 4191 primo,
3500 4117 3705 4174 deinde
3731 4114 3796 4168 in

2167 4217 2314 4272 vidia
2353 4216 2568 4273 exarsit
2613 4232 2626 4270 :
2671 4232 2786 4287 quo
2831 4222 2989 4271 metu
3032 4213 3345 4286 provincias
3404 4219 3600 4270 rector
3651 4209 3794 4264 misso

2166 4312 2426 4385 equitatu
2452 4313 2510 4367 et
2535 4309 2789 4382 pedestri
2829 4309 3085 4381 agmine,
3130 4309 3460 4364 maximam
3505 4302 3798 4362 multitudi-

2164 4407 2253 4461 nis
2280 4411 2534 4476 stragem
2565 4404 2764 4460 edidit.

2809 4497 3028 4552 CAPUT
3059 4497 3168 4552 Vll.

2237 4592 2533 4665 .Egyptins
2569 4606 2797 4664 quoque
2828 4589 3332 4662 pseudOpropbeta
3377 4588 3711 4651 adveniens,
3751 4588 3797 4637 et

2166 4686 2402 4758 magicis
2428 4686 2683 4741 imbutus
2718 4684 2936 4740 artibus
2966 4683 3105 4739 dum
3135 4684 3323 4755 jactat
3366 4701 3434 4739 se
3484 4678 3799 4756 prophetico

2164 4781 2367 4852 spiritu
2412 4778 2659 4835 emlestia
2702 4778 3048 4832 annuntiare
3091 4779 3349 4847 oracula,
3405 4778 3652 4848 triginta
3699 4772 3797 4827 fere

2166 4873 2347 4928 millia
2387 4873 2720 4928 Judreorum
2769 4870 3057 4926 associavit
3104 4870 3232 4936 sibi,
3275 4887 3512 4944 eosque
3555 4870 3626 4925 ad
3669 4882 3801 4922 mon-

2167 4973 2281 5022 tem
2325 4966 2527 5021 Oliveti
2577 4980 2964 5037 congregans,
3015 4963 3305 5036 frequenti
3355 4964 3686 5035 irruptione
3726 4974 3799 5029 pe-

2165 5060 2431 5116 netrabat
2486 5060 2963 5130 Hierosolymam;
3036 5059 3110 5112 ita
3173 5065 3233 5112 ut
3289 5057 3482 5113 etiam
3546 5058 3802 5112 Romanas

2166 5156 2487 5209 incursaret
2531 5153 2812 5208 custodias
2861 5167 2993 5223 quae
3046 5168 3117 5206 ne
3163 5149 3294 5222 quid
3348 5168 3390 5206 a
3430 5151 3647 5223 papqu
3692 5160 3796 5200 mo-

2167 5254 2423 5315 veretur,
2483 5247 2899 5318 Hierosolymas
2950 5245 3421 5317 praetendebant.
3486 5244 3596 5300 Ubi
3647 5242 3796 5297 etiam

2170 5345 2290 5399 hinc
2324 5357 2649 5413 compressa
2684 5347 2768 5397 est
2809 5339 3137 5407 insolentia,
3179 5340 3352 5411 quasi
3399 5340 3465 5394 in
3511 5352 3667 5409 aegro
3702 5346 3797 5387 cor-

2171 5452 2307 5506 pore
2367 5435 2479 5489 alia
2542 5451 2670 5505 pars
2733 5435 2960 5504 gravius
3020 5433 3531 5490 intlammabatur.
3592 5422 3794 5487 Plurimi

2170 5529 2322 5584 enim
2380 5528 2561 5599 palam
2607 5528 3014 5583 discedendum
3059 5545 3093 5581 a
3137 5528 3440 5597 Romanis,
3496 5527 3791 5581 libertatem

2170 5622 2399 5680 servitio
2486 5621 2905 5695 praeferendam
2989 5620 3488 5686 vociferabantur,
3567 5627 3798 5691 progres-

3935 1408 3937 1487 l

3935 1586 3937 1701 1

3935 1766 3937 1879 1

3935 1948 3937 2089 1

3935 3496 3937 3597 1

3935 3682 3937 3775 1

3935 3864 3937 4009 1
