4072 6192
307 296 448 350 2145

1336 297 1423 352 DE
1467 297 1738 353 EXCIDIO
1782 297 1980 353 URBIS
2022 296 2374 352 IIIEROSOL
2420 298 2547 353 LIB.
2591 298 2659 352 II.

3541 303 3675 356 2146

305 421 496 491 sisque
539 419 593 473 in
643 436 811 489 agros
856 419 1060 491 quibus
1101 421 1369 476 alimonia
1418 423 1631 486 deerat,
1678 424 1725 476 vi
1779 439 1941 493 expe-
1967 435 2018 506 Α
2045 439 2156 493 que
2201 423 2524 493 impatiens,
2569 423 2734 477 dolor
2777 424 3040 494 gravibus
3075 425 3295 497 aliquos
3329 427 3500 481 faciat
3535 428 3670 482 inas-

307 514 558 567 tebatur.

930 586 1151 642 CAPUT
1191 587 1326 642 Vlll.

379 704 667 758 Postremo
710 703 767 757 in
812 703 952 758 urbe
989 705 1246 758 Caesarea
1290 703 1476 773 gravis
1523 704 1673 759 inter
1721 705 1940 759 Iudaeos

305 805 364 849 et
413 796 658 867 gentiles
702 797 903 852 seditio
946 797 1194 864 incessit,
1235 797 1658 852 vindicantibus
1702 798 1809 852 sibi
1853 799 1942 852 Ju-

307 890 447 944 daeis
493 890 643 945 urbis
681 891 854 946 totius
883 891 1044 962 quasi
1086 891 1156 946 ab
1199 892 1419 946 Herode
1460 892 1654 946 Iudaeo
1699 891 1941 946 condita:

304 985 748 1054 possessionem,
800 985 1181 1039 renitentibus
1230 986 1559 1056 gentilibus,
1607 987 1759 1058 quod
1805 1001 1938 1040 con-

303 1079 456 1132 ditor
496 1079 728 1150 quidem
763 1079 994 1133 Iudaeus
1033 1079 1225 1148 fuerit,
1260 1080 1356 1134 sed
1398 1080 1630 1134 Caesaris
1673 1096 1799 1134 eam
1837 1096 1937 1134 no-

303 1172 466 1226 mine
497 1172 885 1228 declaraverit.
926 1173 1180 1244 Denique
1219 1179 1274 1228 et
1303 1174 1582 1244 templum
1630 1175 1780 1228 intra
1815 1190 1940 1228 eam

304 1267 601 1334 struxerit,
635 1269 692 1319 et
717 1270 932 1322 statuas
960 1267 1309 1338 apposuerit,
1339 1283 1518 1339 eoque
1545 1267 1724 1321 videri
1749 1269 1937 1338 genti-

300 1360 455 1413 libus
493 1359 687 1414 usibus
730 1361 917 1431 magis
956 1377 1084 1415 eam
1125 1360 1532 1431 mancipatam.
1566 1363 1773 1416 Harum
1802 1377 1938 1416 con-

304 1453 630 1508 tentionum
668 1454 870 1509 seditio
917 1455 976 1508 in
1012 1470 1214 1508 manus
1257 1454 1521 1522 vertitur,
1558 1455 1689 1526 quia
1730 1471 1938 1526 nempe

302 1547 479 1618 primi
503 1548 830 1602 Judmorum
855 1565 983 1602 suos
1011 1547 1278 1603 seditioni
1311 1549 1529 1604 deditos
1555 1550 1939 1620 comprimere

301 1643 598 1710 poterant,
632 1648 689 1696 et
721 1642 966 1712 gentiles
993 1642 1300 1714 opprobrio
1332 1642 1632 1708 ducebant,
1663 1643 1706 1696 si
1732 1642 1942 1696 Judaais

304 1735 415 1788 sibi
460 1735 779 1790 cedendum
820 1735 1278 1791 arbitrarentur:
1324 1737 1512 1808 itaque
1555 1737 1944 1792 excitaverunt

306 1827 572 1898 Felicem,
614 1832 675 1882 ut
720 1828 855 1883 dum
902 1829 1199 1900 utriusque
1246 1831 1424 1900 partis
1471 1830 1641 1902 gestit
1690 1808 2249 1902 compri-Bquibus
2312 1830 2398 1882 vel
2465 1845 2674 1882 nomen
2728 1829 3005 1883 libertatis
3057 1837 3413 1885 remanserat
3469 1848 3480 1884 :

305 1939 464 1977 mere
507 1923 934 1978 multitudinem
971 1940 1085 1978 non
1122 1925 1596 1994 acquiescentem,
1627 1924 1941 1994 prmsertim

304 2018 502 2086 armis,
554 2016 786 2088 quando
835 2016 999 2072 aliter
1047 2017 1336 2088 nequibat,
1387 2017 1801 2072 consuleretur.
1842 2019 1939 2073 Cui

301 2111 575 2166 successit
613 2112 827 2177 Festus,
873 2111 994 2181 qui,
1033 2111 1349 2165 latronibus
1381 2112 1639 2182 plurimis
1676 2127 1935 2182 compre-

305 2206 521 2269 hensis,
561 2205 714 2260 haud
755 2205 992 2275 exiguos
1033 2205 1236 2259 ultimo
1279 2204 1453 2260 exitio
1490 2205 1664 2260 dedit.
1705 2205 1943 2259 Albinus

304 2315 538 2370 quoque
591 2299 788 2352 eadem
836 2315 867 2351 a
916 2299 1182 2353 Romanis
1231 2302 1506 2369 potestate
1550 2299 1652 2353 sibi
1703 2298 1939 2365 credita,

306 2393 530 2447 nullum
591 2393 862 2463 nequitiae
919 2409 1101 2463 genus
1153 2391 1553 2463 praetermisit,
1611 2392 1939 2463 rapinarum

305 2487 600 2558 improbus
646 2487 860 2557 praedo,
903 2490 970 2540 ut
1013 2487 1109 2558 qui
1156 2502 1272 2541 non
1323 2486 1569 2541 dedisset
1614 2487 1938 2556 pecuniam,

310 2583 367 2634 in
395 2581 618 2635 vincula
652 2585 974 2652 raperetur,
1006 2581 1266 2652 quamvis
1300 2580 1592 2648 innoxius;
1623 2581 1719 2651 qui
1752 2580 1936 2634 dedis-

307 2681 414 2740 set,
449 2674 623 2729 etiam
652 2691 782 2728 reus
815 2674 1204 2730 absolveretur
1232 2693 1243 2729 :
1280 2674 1511 2729 avaritia
1540 2673 1813 2745 gignebat
1845 2690 1936 2727 su-

306 2768 589 2838 perbiam,
624 2774 686 2822 ut
723 2769 1161 2840 pauperioribus
1201 2785 1261 2822 se
1294 2773 1604 2838 tyrannum
1633 2767 1936 2839 przeberet,

306 2861 659 2932 mancipium
689 2861 1010 2927 ditioribus,
1036 2861 1191 2916 idem
1224 2868 1416 2916 tamen
1449 2862 1552 2915 etsi
1580 2865 1938 2931 praetergres-

302 2973 398 3008 sus
446 2957 556 3024 (19)
600 2955 916 3027 nequitiam
961 2957 1355 3027 superiorum;
1409 2958 1485 3010 ita
1529 2973 1563 3008 a
1610 2971 1935 3010 successore

304 3050 491 3115 Floro,
522 3050 681 3121 quasi
729 3050 889 3104 deses
928 3066 994 3104 ac
1025 3051 1214 3104 lentus
1253 3049 1310 3102 in
1348 3049 1596 3118 ﬂagitiis,
1626 3051 1799 3120 longo
1841 3048 1937 3103 sed

305 3142 569 3213 proximo
637 3142 934 3197 intervallo
989 3143 1309 3214 praeteritus
1371 3159 1434 3196 ac
1496 3142 1822 3208 derelictus,
1877 3147 1939 3196 ut
1959 3181 2014 3253 Ο

303 3237 734 3308 comparatione
785 3237 1079 3291 deterioris
1128 3236 1354 3306 integer
1411 3237 1812 3290 aastimaretur.
1873 3237 1938 3290 Et

304 3331 405 3401 qui
442 3330 628 3401 primo
657 3331 841 3402 questi
877 3331 1108 3384 fuerunt
1142 3333 1207 3383 ut
1236 3329 1452 3397 afﬂicti,
1488 3335 1678 3400 postea
1711 3330 1937 3384 Festum

303 3424 470 3495 quasi
497 3425 714 3479 bonum
742 3424 994 3494 judicem
1036 3424 1454 3478 desiderabant.
1494 3425 1588 3477 Hic
1619 3424 1775 3477 enim
1817 3424 1933 3477 sin-

304 3520 468 3588 gulos
505 3523 759 3572 exuerat.
806 3519 998 3572 Florus
1036 3517 1204 3572 urbes
1238 3517 1562 3588 diripiebat,
1594 3516 1934 3588 inquinatis—

303 3613 481 3666 simus
517 3612 575 3666 in
617 3611 1096 3679 obscenitatibus;
1133 3611 1191 3666 in
1232 3612 1448 3666 saevitia
1487 3610 1933 3672 crudelissimus,

307 3706 488 3777 armis
513 3707 704 3760 omnia
733 3712 902 3761 contu
913 3706 1099 3771 rbans,
1121 3708 1179 3760 et
1199 3706 1397 3776 praelia
1417 3705 1488 3759 de
1511 3705 1722 3775 praeliis
1743 3721 1937 3759 serens

305 3817 404 3871 qui
437 3816 541 3854 nec
567 3800 893 3855 obsecratus
920 3800 1260 3871 ignosceret,
1295 3816 1400 3854 nec
1432 3804 1788 3853 exsaturatus
1815 3815 1937 3870 par-

304 3899 480 3963 ceret,
517 3896 572 3947 in
613 3899 920 3964 conspectu
959 3892 1273 3961 Berenices,
1309 3909 1438 3964 quae
1477 3909 1637 3948 soror
1669 3893 1936 3964 Agrippas

307 3989 482 4059 regis,
525 3988 598 4042 ad
637 3988 915 4058 templum
954 3986 1252 4057 religionis
1290 4003 1454 4041 causa
1499 3992 1750 4052 venerat,
1778 4002 1932 4041 acer-

301 4081 542 4136 bissima
582 4081 737 4135 cmde
772 4081 830 4135 in
869 4081 1141 4152 populum
1185 4080 1530 4135 desaeviebat
1568 4098 1580 4134 :
1627 4097 1730 4134 nec
1770 4080 1934 4135 obse-

303 4176 487 4230 cranti
539 4174 912 4230 deferendum
967 4174 1294 4238 arbitratus,
1345 4191 1474 4229 cum
1529 4175 1935 4229 inservientem

303 4269 572 4339 religioni
601 4268 768 4323 nudis
793 4267 1034 4339 pedibus
1063 4274 1340 4323 astantem
1371 4272 1650 4333 cerneret,
1685 4271 1742 4322 et
1766 4284 1932 4322 oran—

304 4370 422 4418 tem
453 4363 682 4417 fastidio
709 4362 944 4417 haberet
981 4379 992 4416 :
1032 4362 1180 4416 unde
1207 4362 1274 4415 ad
1309 4363 1620 4433 Agrippam
1651 4378 1850 4432 regem
1881 4367 1938 4415 et

302 4459 426 4528 ipsa
467 4457 711 4527 scripsit,
753 4462 807 4511 et
847 4456 1088 4528 pOpulus
1127 4456 1454 4510 Iudaeorum
1497 4455 1700 4510 direxit
1739 4472 1931 4527 preca-

2045 522 2228 571 stuare
2266 517 2660 588 querimoniis,
2691 523 2882 570 tamen
2928 518 3024 571 ubi
3068 520 3366 574 consilium
3405 523 3670 587 sumitur,

2043 615 2438 680 sequestratur
2475 609 2712 664 affectus
2750 610 2979 665 doloris.
3024 611 3162 665 Nam
3203 612 3246 666 si
3281 621 3571 685 promptos
3601 617 3672 669 ad

2042 703 2393 758 ulciscendas
2441 704 2676 774 injurias
2731 710 2787 757 et
2841 704 2912 758 ad
2969 704 3340 760 inferendum
3408 708 3664 762 Romam.

2043 799 2250 853 bellum
2295 798 2560 868 imperio,
2601 799 2892 852 universos
2928 816 2998 853 ex
3039 800 3146 854 hoc
3181 801 3396 870 populo
3433 818 3672 873 compe-

2045 893 2276 958 rissem,
2331 909 2393 945 ac
2446 909 2563 946 non
2615 892 2869 946 melioris
2919 893 3094 963 partis
3155 901 3210 946 et
3264 894 3676 964 tranquillioris

2043 986 2363 1051 sententiae,
2395 986 2550 1056 quod
2579 987 2730 1056 pacis
2770 990 2854 1039 est
2890 990 3211 1058 pramptare
3241 992 3299 1042 et
3328 987 3478 1058 quod
3508 989 3674 1059 quie-

2045 1080 2114 1133 tis
2145 1079 2434 1150 praeferre,
2477 1095 2579 1133 nec
2620 1080 2689 1133 ad
2733 1096 2826 1132 vos
2869 1080 3065 1134 venire
3105 1097 3275 1134 ausus
3317 1081 3524 1148 forem,
3571 1099 3672 1136 nec

2042 1173 2340 1227 consilium
2367 1173 2522 1227 dare.
2557 1174 2922 1244 Superﬂuum
2957 1178 3042 1227 est
3068 1174 3221 1228 enim
3261 1174 3504 1228 suadere
3533 1176 3670 1246 quid

2043 1266 2164 1320 ﬁeri
2208 1272 2492 1337 oporteat,
2534 1283 2662 1320 cum
2707 1266 3063 1321 audientium
3113 1283 3378 1321 assensus
3423 1269 3480 1322 in
3523 1269 3676 1323 dete-

2044 1361 2196 1415 riora
2224 1361 2313 1414 sit.
2349 1360 2455 1414 Sed
2489 1361 2623 1431 quia
2649 1360 2774 1414 aliis
2814 1361 3142 1431 inexpertus
3169 1361 3500 1417 bellicorum
3539 1380 3674 1418 usus

2044 1455 2354 1519 malorum,
2384 1455 2509 1508 aliis
2541 1453 2920 1525 perfunctoria
2949 1471 3077 1525 spes
3105 1455 3384 1509 libertatis
3422 1457 3671 1526 praedul-

2042 1549 2122 1602 cis
2161 1548 2230 1602 ad
2270 1548 2682 1619 expetendum,
2715 1548 2808 1603 sed
2852 1549 3191 1619 plerumque
3236 1550 3422 1619 gravis
3453 1550 3524 1604 ad
3553 1551 3671 1604 adi-

2043 1642 2377 1712 piscendum
2412 1658 2425 1695 :
2461 1641 2650 1696 multis
2674 1642 2830 1696 enim
2872 1642 3004 1696 dum
3035 1642 3264 1696 libertas
3297 1644 3530 1712 petitur,
3560 1661 3675 1698 ser~

2041 1735 2188 1789 vitus
2231 1735 2641 1801 accumulatur,
2693 1741 2749 1789 et
2793 1736 3128 1807 frequenter
3171 1739 3355 1790 totum
3408 1738 3668 1807 eripitur,

3538 1831 3673 1884 alios

2044 1923 2250 1995 quibus
2300 1923 2598 1994 praesentia
2653 1923 2898 1977 utilitate
2957 1923 3040 1976 sui
3090 1922 3419 1993 displicent,
3479 1941 3670 1979 rerum

2046 2018 2264 2072 novitas
2310 2017 2528 2083 invitat,
2574 2033 2638 2070 ac
2687 2018 2730 2070 si
2783 2016 3092 2071 turbentur
3143 2018 3400 2086 negotia,
3451 2020 3671 2073 lucrum

2045 2117 2294 2182 putatur,
2324 2111 2453 2164 ideo
2483 2110 2774 2164 vobiscum
2809 2111 3106 2164 consilium
3136 2112 3545 2166 conferendum
3576 2130 3673 2183 pii-

2043 2205 2176 2272 tavi,
2229 2221 2298 2258 ne
2348 2209 2448 2258 aut
2491 2202 2930 2275 prudentiorum
2985 2204 3268 2260 sobrietas
3312 2205 3674 2276 praeripietur

2045 2297 2478 2353 insolentiorum
2528 2297 2766 2352 audacia
2799 2317 2811 2351 :
2850 2302 2950 2352 aut
2991 2299 3089 2370 qui
3128 2304 3282 2353 recte
3323 2315 3522 2369 sapere
3569 2317 3669 2355 ne-

2043 2393 2250 2460 sciunt,
2276 2397 2469 2445 nostro
2496 2392 2691 2445 saltem
2717 2392 2997 2445 admoniti
3022 2408 3287 2446 sermone
3309 2399 3669 2464 cognoscant,

2043 2486 2517 2556 acquieseendum
2551 2501 2673 2538 esse
2705 2485 3140 2540 consultoribus.
3164 2485 3466 2541 Silentium
3496 2489 3672 2558 igitur

2041 2579 2413 2634 deferendum
2443 2595 2666 2646 censeo,
2698 2584 2758 2633 ut
2784 2583 2840 2633 et
2878 2596 2982 2634 nos
3012 2595 3140 2650 quae
3167 2579 3486 2634 conducere
3513 2581 3672 2635 vobis

2041 2673 2385 2727 arbitramur
2411 2673 2754 2743 aperiamus,
2785 2679 2842 2726 et
2867 2677 3122 2726 vestrum
3155 2689 3327 2728 nemo
3364 2674 3667 2743 perturbe-

2043 2772 2154 2832 tur,
2207 2767 2251 2819 si
2301 2767 2491 2837 aliqua
2538 2772 2746 2836 praeter
2801 2783 2962 2821 suam
3032 2768 3382 2822 voluntatem
3451 2768 3666 2823 audiat.

2042 2861 2220 2915 Nemo
2261 2861 2414 2914 enim
2457 2861 2663 2931 poterit
2693 2861 2999 2925 aastimare,
3037 2862 3202 2932 quale
3243 2861 3316 2914 sit
3344 2863 3494 2932 quod
3525 2862 3663 2916 dici-

2042 2957 2150 3021 tur,
2185 2953 2292 3007 nisi
2336 2953 2583 3008 audierit
2621 2954 2796 3024 prius,
2831 2955 2990 3024 cujus
3039 2954 3158 3024 ipse
3203 2953 3426 3009 futurus
3455 2955 3670 3009 arbiter

2038 3048 2107 3102 sit
2142 3065 2154 3102 :
2190 3048 2390 3120 probet
2417 3065 2488 3101 ne
2531 3063 2602 3101 an
2649 3055 2895 3118 respuat,
2935 3049 3142 3102 frustra
3173 3048 3563 3116 conturbatur,
3595 3067 3667 3104 ne

2039 3141 2258 3209 audiat;
2293 3142 2424 3195 licet
2461 3141 2613 3196 enim
2643 3148 2698 3196 et
2727 3146 2851 3212 post
2879 3143 3325 3196 consolationem
3360 3143 3667 3215 unicuique

2039 3236 2267 3302 sentire,
2311 3235 2464 3306 quod
2507 3236 2708 3300 sentit;
2755 3242 2810 3290 et
2857 3237 2901 3289 si
2952 3236 3216 3290 discessio
3265 3237 3452 3308 placet
3493 3239 3662 3293 etiam

2041 3336 2164 3401 post
2192 3329 2408 3385 sobrios
2440 3330 2710 3398 monitus,
2742 3346 2970 3384 servare
3001 3329 3337 3385 inconsultae
3367 3332 3666 3387 voluntatis

2039 3425 2404 3479 sententiam.
2443 3424 2547 3478 Sed
2592 3423 2741 3478 dicet
2779 3423 2981 3495 aliquis
3021 3440 3034 3477 :
3077 3425 3189 3480 Cur
3227 3424 3437 3479 frustra
3478 3426 3664 3481 audiri

2040 3517 2235 3583 velint,
2282 3518 2326 3570 si
2379 3533 2495 3570 non
2547 3518 2912 3587 acquiescant
2955 3517 3052 3588 qui
3109 3518 3386 3573 audiunt?
3433 3519 3578 3582 Quia
3623 3521 3668 3573 si

2038 3610 2222 3664 nolint
2247 3611 2600 3681 acquiescere
2632 3627 2760 3664 cum
2791 3610 3102 3677 audierint,
3135 3613 3318 3680 portio
3349 3612 3486 3667 mibi
3523 3629 3658 3669 con-

2039 3703 2236 3773 cionis,
2266 3719 2382 3757 non
2413 3703 2601 3757 omnis
2643 3704 2887 3774 populus
2928 3704 3362 3774 periclitabitur,
3392 3705 3437 3759 si
3472 3711 3663 3762 autem

2037 3796 2233 3852 audire
2291 3797 2492 3864 nolint,
2547 3798 2717 3850 etiam
2770 3814 2900 3851 cum
2956 3814 3087 3868 pars
3136 3797 3320 3852 audiri
3367 3801 3664 3854 conturbat

2037 3893 2303 3946 universo
2339 3891 2547 3962 popqu
2584 3891 2864 3962 eripiatur
2907 3891 3011 3960 (20)
3057 3891 3324 3945 audiendi
3362 3892 3662 3962 profectus.

2038 3985 2235 4056 Itaque
2265 3986 2415 4056 apud
2449 4001 2544 4040 eos
2572 3983 2710 4038 mihi
2742 3984 2960 4040 orietur
2984 4001 3194 4052 sermo,
3222 3985 3321 4056 qui
3350 3987 3546 4040 audire
3579 4005 3665 4041 vo-

2038 4079 2268 4146 luerint,
2303 4079 2348 4133 si
2382 4079 2468 4132 vel
2500 4095 2567 4132 ex
2607 4082 2770 4150 parte
2803 4079 2994 4150 aliqua
3021 4079 3162 4132 mihi
3187 4080 3476 4135 silentium
3507 4081 3661 4136 defe-

2037 4178 2200 4229 ratur
2239 4191 2250 4226 :
2299 4172 2696 4244 intercipietur
2739 4173 2894 4227 enim
2939 4189 3130 4229 sermo
3175 4175 3359 4229 omnis
3405 4182 3460 4229 et
3504 4177 3664 4248 quasi

2039 4272 2190 4323 totus
2239 4266 2477 4335 desidet,
2526 4267 2570 4320 si
2616 4267 2962 4322 concionalis
3013 4268 3272 4339 fragoris,
3318 4275 3375 4323 et
3424 4270 3665 4341 inquieti

2039 4362 2305 4433 strepitus
2346 4363 2700 4416 examinetur
2740 4361 3171 4432 impedimento.
3221 4364 3336 4417 Duo
3378 4369 3510 4419 sunt
3562 4366 3661 4419 ita-

2040 4473 2170 4527 que,
2203 4455 2408 4526 quibus
2436 4455 2619 4524 primo
2659 4455 3120 4526 respondendum
3149 4455 3411 4522 arbitror,
3447 4475 3573 4528 quia
3605 4460 3666 4514 in

303 4556 428 4605 tum
478 4550 682 4604 auxilia
729 4549 995 4605 libertati.
1041 4550 1141 4604 Cui
1201 4550 1520 4619 egredienti
1581 4566 1646 4603 ex
1695 4548 2016 4621 EgyptoD
2041 4549 2287 4604 maximo
2315 4555 2446 4603 sunt
2480 4549 2846 4620 querelarum
2880 4548 3136 4618 pondere
3170 4566 3180 4602 :
3222 4551 3375 4620 quod
3406 4552 3664 4624 plerique

303 4648 682 4699 occurrerunt
711 4643 969 4714 plerique
1013 4644 1161 4698 ultra
1197 4642 1492 4713 sexaginta
1525 4642 1710 4697 stadia
1750 4643 1939 4698 Hiero-

305 4737 665 4810 solymitanaa
695 4737 850 4792 urbis
879 4737 1099 4791 obviam
1136 4737 1571 4808 progredientes
1611 4743 1667 4791 et
1693 4736 1934 4792 circum-

302 4833 477 4887 ducto
506 4847 609 4903 per
637 4830 854 4898 urbem,
884 4847 1014 4885 cum
1045 4831 1219 4885 ﬁdem
1251 4831 1615 4902 querelarum
1644 4831 1936 4902 probaret,

304 4924 573 5004 insistere
602 4930 917 4996 coeperunt,
959 4928 1020 4978 ut
1061 4926 1276 4995 legatos
1306 4924 1377 4978 ad
1416 4924 1703 4979 Neronem
1744 4924 1932 4980 mitte-

303 5022 458 5074 rent.
496 5020 705 5073 Verum
731 5018 826 5073 ille
870 5018 1143 5084 dolorem,
1183 5025 1240 5072 ut
1269 5018 1500 5087 civium,
1530 5023 1588 5072 et
1617 5018 1738 5089 ipse
1767 5018 1933 5073 mise-

303 5119 487 5183 ratus,
521 5118 877 5169 tentamenta
915 5117 1110 5168 tamen
1152 5112 1280 5168 belli
1314 5113 1616 5168 adversum
1659 5115 1939 5169 Romanos

304 5207 424 5262 alta
449 5207 760 5279 prudentia
799 5223 1039 5262 cernens
1075 5205 1315 5274 mo‘veri,
1351 5223 1421 5262 ne
1460 5209 1517 5262 et
1557 5206 1660 5262 sibi
1701 5206 1934 5273 invidia,

305 5301 634 5374 populoque
677 5300 946 5356 ultimum
987 5300 1325 5372 gigneretur
1368 5300 1710 5371 periculum,
1748 5304 1939 5355 coacto

304 5394 366 5450 in
395 5409 576 5448 unum
618 5393 852 5465 populo,
894 5393 951 5448 in
992 5394 1118 5448 loco
1161 5394 1260 5465 qui
1305 5395 1522 5466 templo
1561 5394 1856 5466 proximus
1884 5399 1940 5448 et

304 5494 487 5561 ponte
515 5487 745 5558 divisus,
783 5489 982 5559 Xystus
1013 5487 1426 5559 appellabatur,
1461 5487 1788 5558 hujusmodi
1817 5505 1939 5543 ora-

307 5580 526 5638 tionem
556 5580 755 5636 habuit
785 5599 796 5636 :

952 5673 1173 5731 CAPUT
1211 5674 1295 5730 IX.

381 5769 494 5823 Etsi
523 5769 809 5840 plerisque
837 5768 1192 5841 improvidus
1221 5768 1552 5824 consulendi
1587 5768 1940 5824 moderandi-

373 5876 473 5940 {l9,
503 5875 578 5925 Ita
611 5880 784 5924 tamen
815 5881 867 5924 ut
898 5888 1283 5940 supergressus.
1315 5875 1486 5926 BARB.

2040 4644 2422 4698 vociferantur
2458 4642 2529 4696 de
2569 4641 2789 4713 injuriis
2831 4641 3159 4713 praesidum,
3200 4648 3256 4697 et
3294 4645 3450 4715 quod
3493 4647 3661 4716 pleri-

2040 4755 2150 4809 que
2183 4737 2412 4808 periisse
2452 4735 2554 4789 sibi
2590 4736 2912 4790 libertatem
2947 4743 3209 4806 gemunt.
3246 4737 3497 4802 Quarum
3541 4758 3665 4812 prn-

2042 4831 2386 4901 positionum
2430 4828 2751 4900 separanda
2785 4829 2928 4884 mihi
2969 4831 3286 4902 complexio
3324 4833 3566 4888 videtur.
3607 4835 3660 4890 Si

2041 4923 2194 4979 enim
2236 4923 2508 4995 praesides
2543 4922 2817 4995 improbi,
2854 4923 2995 4995 quid
3031 4941 3176 4996 opus
3221 4929 3306 4978 est
3349 4925 3662 4983 libertatem

2041 5018 2335 5072 attollere?
2382 5033 2452 5072 ne
2507 5017 2813 5072 videamini
2875 5035 2983 5072 non
3037 5035 3229 5072 eorum
3287 5020 3511 5080 merito,
3568 5021 3664 5076 sed

2041 5110 2324 5166 servitutis
2371 5111 2599 5165 fastidio
2639 5127 2908 5165 accusare
2957 5112 3242 5182 przesides,
3291 5113 3451 5182 quasi
3494 5114 3665 5168 donii-

2039 5204 2285 5260 natiouis
2337 5205 2645 5259 ministros.
2701 5208 2813 5258 Aut
2868 5205 2913 5258 si
2969 5205 3337 5260 intolerabilis
3397 5208 3666 5270 servitus,

2041 5297 2330 5370 superﬂua
2361 5315 2498 5369 ergo
2525 5298 2594 5352 de
2626 5298 2960 5369 praesidibus
2988 5301 3364 5370 querimonia.
3395 5302 3536 5356 Nam
3566 5304 3664 5358 etsi

2040 5392 2097 5448 in
2141 5392 2249 5447 illis
2298 5391 2650 5447 moderatior
2695 5391 2786 5459 sit,
2833 5391 3210 5447 nihilominus
3253 5400 3446 5450 tamen
3487 5399 3667 5468 turpis

2040 5486 2280 5542 servitus
2307 5491 2410 5541 est.
2439 5484 2878 5540 Consideremus
2906 5501 3067 5554 ergo,
3100 5503 3171 5540 ne
3202 5487 3259 5540 in
3293 5495 3532 5560 utroque
3571 5507 3662 5542 e0-

2042 5596 2167 5635 rum
2207 5596 2321 5634 non
2367 5578 2750 5650 perfunctoria
2795 5578 3079 5633 bellorum
3122 5581 3356 5635 materia
3394 5583 3500 5650 sit;
3534 5584 3669 5654 quid

2041 5673 2196 5729 enim
2242 5673 2510 5744 ineptius,
2540 5688 2714 5743 quam
2760 5671 2831 5726 de
2874 5671 3102 5742 injuriis
3132 5676 3317 5744 queri.
3352 5682 3406 5729 et
3450 5676 3664 5730 bellum

2041 5767 2357 5834 subtexere,
2401 5782 2464 5820 ac
2509 5765 2781 5835 periculis
2821 5769 3042 5821 mutare
3079 5769 3490 5824 contumelias?
3529 5771 3668 5826 Dum

2105 5873 2203 5936 (20)
2233 5873 2476 5938 Eripitur
2505 5889 2520 5922 :
2550 5877 2604 5924 et
2633 5885 2766 5925 mox
2787 5885 2910 5925 non.
