4072 6192
1681 93 1695 134 t

284 275 424 327 2H9

1311 276 1396 332 DE
1441 279 1708 334 EXtZlDlO
1752 281 1951 336 URBIS
1991 280 2345 338 HIEROSOI..
2393 284 2514 339 LIB.
2562 286 2621 339 il.

3512 294 3649 344 2150

278 396 408 466 ipsi,
446 396 566 467 qui,
601 397 739 468 quid
769 405 912 454 esset
946 400 1209 467 servitus,
1242 401 1589 472 ignorabant
1622 422 1632 456 :
1668 403 1770 457 soli
1810 403 1912 458 sibi
1935 417 1990 489 Α
2015 404 2197 473 videt;
2232 423 2337 460 nec
2372 406 2616 461 miratur
2643 409 2812 463 Indus
2841 427 3129 479 gemmam
3158 429 3338 479 suam,
3360 419 3458 468 aut
3483 413 3647 468 Seres

275 489 418 556 nati,
459 498 516 544 et
556 506 791 563 semper
824 493 930 548 sibi
965 493 1154 562 liberi,
1185 495 1320 566 quia
1352 496 1462 567 (26)
1491 513 1523 550 a
1554 497 1912 568 superiorum

276 583 553 654 potentia,
582 584 858 641 interfuso
893 603 1107 642 oceano
1142 589 1343 644 secreti
1372 594 1626 645 metuere
1659 606 1774 646 non
1804 606 1909 662 po-

276 680 488 744 terant,
530 694 674 749 quos
715 679 1055 736 nesciebant.
1091 683 1219 737 Plus
1260 682 1454 754 itaque
1499 683 1606 739 fuit
1642 684 1912 740 transisse

272 771 342 824 ad
403 771 734 840 Britannos,
789 790 960 845 quam
1028 776 1412 847 triumphasse
1477 778 1546 832 de
1605 777 1907 832 Britannis.

275 863 425 926 Quid
478 866 632 920 enim
685 867 960 936 facerent,
1008 869 1306 925 elementis
1344 871 1465 941 jam
1520 872 1908 927 Romanorum

273 957 523 1028 imperio
567 960 876 1031 subjectis?
924 963 1122 1018 Docuit
1168 964 1297 1019 illos
1341 980 1587 1020 oceanus
1631 965 1911 1020 servitutis

273 1052 634 1124 patientiam,
669 1059 970 1127 postquam
1016 1058 1515 1113 transfretantibus
1552 1062 1610 1113 et
1649 1058 1754 1130 ipsi
1795 1059 1906 1113 Ro-

274 1161 582 1202 manorum
618 1149 876 1221 navigiis,
908 1149 1197 1207 insuetam
1230 1151 1336 1206 sibi
1373 1152 1702 1208 servitutem
1729 1168 1906 1225 agno-

273 1244 472 1295 verant
510 1241 642 1313 (27).
689 1245 828 1298 Nam
871 1243 942 1299 de
988 1244 1264 1300 Annibale
1309 1246 1446 1318 quid
1491 1253 1770 1316 retexam,
1809 1247 1906 1318 qui

273 1339 360 1388 tot
387 1335 693 1406 regionum
719 1337 897 1392 victor
922 1339 1192 1394 Romanis
1217 1343 1275 1393 et
1307 1340 1424 1411 ipse
1449 1339 1686 1395 militavi
1714 1340 1910 1395 trium-

273 1427 424 1499 phis,
479 1429 682 1501 quibus
737 1431 902 1502 Alpes
957 1433 1202 1504 aperuit,
1258 1433 1406 1488 viam
1463 1435 1680 1501 stravit,
1736 1433 1908 1488 urbes

267 1522 519 1595 subegit,
553 1540 682 1596 qua:
721 1525 1024 1581 victoribus
1053 1527 1530 1598 acquirerentur?
1557 1529 1626 1582 Et
1663 1527 1760 1598 qui
1791 1528 1903 1581 fre-

267 1620 522 1688 quenter
570 1618 948 1690 superiorem,
996 1637 1157 1692 spem
1204 1623 1401 1676 tamen
1446 1621 1697 1676 victoriae
1747 1621 1908 1676 victis

269 1727 570 1783 nunquam
611 1713 950 1782 interclusit,
991 1714 1166 1769 semel
1209 1715 1386 1770 victus
1416 1731 1680 1786 reparare
1715 1732 1774 1770 se
1804 1732 1902 1770 ne-

2014 499 2203 554 lanam
2237 517 2419 556 suam.
2453 502 2529 555 Ad
2567 518 2734 556 usum
2769 503 3134 560 dominorum
3172 513 3503 562 exercentur
3526 507 3643 573 illa,

2015 610 2128 647 non
2173 595 2353 665 pretio
2397 596 2698 662 mercium,
2739 596 2837 650 sed
2881 598 3234 654 functionum
3279 601 3475 655 munia
3517 603 3644 671 (3i),

2014 687 2311 742 Persarum
2337 689 2583 760 superba
2609 689 2874 744 audimus
2895 692 3003 760 (3'2)
3027 692 3298 762 imperia;
3321 693 3419 748 sed
3443 711 3641 749 eorum

2013 797 2240 852 quoque
2272 782 2491 837 obsides
2518 782 2781 848 vidimus,
2812 791 2869 838 et
2900 800 3030 840 cum
3071 786 3178 856 ipsi
3209 787 3498 856 imperent
3527 787 3643 858 plu-

2012 874 2168 928 ribus
2214 876 2558 944 nationibus,
2602 881 2795 933 tamen
2839 878 3086 933 offerunt
3134 879 3338 935 liberos
3387 897 3540 948 suos,
3587 888 3644 937 et

2013 969 2372 1024 nobilitatem
2423 988 2608 1026 suam.
2652 972 2874 1028 Servire
2922 974 3192 1028 Romanis
3239 973 3494 1045 gaudent
3540 992 3642 1046 pro

2011 1061 2122 1117 ﬁde
2148 1063 2319 1134 pacis,
2343 1064 2512 1119 simul
2544 1070 2603 1120 ut
2631 1066 2925 1120 serviendo
2953 1067 3172 1122 discant
3194 1067 3310 1122 suis
3331 1067 3638 1139 imperare;

2013 1155 2263 1211 offerunt
2290 1163 2494 1226 vestes,
2529 1160 2782 1226 monilia,
2815 1160 3149 1232 elephantos
3173 1178 3399 1234 quoque
3427 1163 3637 1217 Roma-

2012 1251 2120 1316 nis,
2172 1267 2352 1306 unum
2404 1253 2681 1308 tributum
2729 1270 2896 1326 reges
2945 1255 3265 1326 imponere.
3310 1258 3640 1312 Attexamus

2011 1346 2312 1416 Egyptum
2358 1345 2751 1402 abundantem
2798 1348 3004 1419 opibus
3043 1349 3179 1418 suis,
3221 1366 3328 1404 nec
3371 1350 3635 1422 indigen-

2011 1440 2124 1491 tem
2156 1439 2357 1510 pluviae
2387 1440 2644 1507 caelestis,
2674 1457 2800 1512 quae
2831 1442 2936 1496 sibi
2975 1442 3095 1514 ipsa
3129 1443 3347 1498 imbres
3379 1451 3634 1514 generat,

2010 1535 2067 1584 et
2093 1532 2414 1602 pluviarum
2457 1533 2744 1589 ubertates
2779 1542 2950 1591 creat.
2985 1537 3233 1609 Denique
3259 1554 3389 1592 cum
3423 1539 3494 1592 sit
3520 1539 3634 1592 fer-

2007 1626 2230 1680 ventior
2274 1627 2546 1682 omnibus
2576 1628 2927 1700 regionibus,
2965 1630 3082 1684 sola
3112 1646 3228 1685 non
3269 1632 3529 1702 queritur
3568 1633 3636 1686 de

2009 1717 2282 1784 siccitate,
2307 1724 2364 1775 et
2390 1721 2538 1791 quod
2569 1721 2709 1775 nulli
2737 1722 2828 1776 alii
2859 1723 2980 1777 loco
3001 1724 3272 1794 suppetit,
3296 1724 3396 1778 alit
3420 1725 3637 1796 irriguo

269 1806 471 1876 quivit.
522 1806 704 1862 Cessit
754 1813 956 1879 sponte
1008 1808 1331 1876 victoribus,
1381 1825 1522 1880 quos
1573 1810 1754 1864 victor
1798 1795 2137 1879 (28)Bsuas
2186 1829 2417 1868 messes.
2468 1816 2775 1886 Navigatur
2819 1817 2876 1870 in
2930 1817 3139 1886 arenis,
3189 1818 3492 1890 navigatur
3535 1795 3638 1890 per

269 1915 391 1954 non
442 1900 780 1968 sustinebat;
827 1902 1174 1975 abjectisque
1223 1903 1398 1958 armis
1446 1903 1790 1970 victricibus,
1833 1903 1906 1957 ad

268 1995 530 2048 Prusiam
575 2011 696 2050 sese
738 1995 976 2051 contulit
1018 2012 1215 2068 regem
1261 2013 1274 2050 :
1314 2013 1384 2051 ex
1429 1997 1569 2052 duce
1609 2013 1902 2052 mercena-

267 2088 409 2157 rius,
449 2105 516 2143 ex
547 2089 965 2161 triumphatore
1000 2090 1293 2162 fugitivus.
1329 2091 1634 2146 Veniamus
1673 2092 1744 2146 ad
1779 2091 1900 2146 Gal-

269 2182 476 2237 liarum
517 2183 746 2251 incolas,
779 2184 1022 2256 populos
1056 2191 1266 2240 natura
1301 2185 1533 2252 feroces,
1572 2189 1630 2239 et
1669 2191 1900 2241 natura-

267 2275 417 2331 libus
461 2279 638 2332 muris
676 2279 1005 2344 ferociores,
1051 2295 1194 2351 quos
1231 2296 1347 2335 non
1390 2285 1673 2335 caementa
1712 2280 1900 2352 parie-

269 2374 419 2438 tum,
461 2371 560 2426 sed
603 2373 748 2444 juga
790 2373 1016 2445 Alpium
1062 2373 1133 2428 ab
1177 2379 1304 2429 ortu
1355 2374 1487 2428 solis
1533 2377 1783 2440 tuentur,
1832 2373 1904 2426 ab

264 2480 471 2520 occasu
503 2481 751 2522 oceanus
784 2467 1042 2535 includit,
1069 2484 1102 2522 a
1130 2468 1368 2522 meridie
1406 2473 1696 2538 prterupta
1735 2469 1900 2538 Pyre-

269 2559 403 2625 nei,
453 2577 484 2613 a
539 2561 924 2631 septentrione
981 2561 1164 2617 Rheni
1219 2561 1455 2630 fluenta,
1511 2561 1902 2631 immanesque

267 2655 536 2708 Germani
569 2655 1001 2726 insuperabiles,
1033 2661 1090 2711 et
1125 2655 1536 2710 inaccessibiles
1561 2655 1899 2714 reddidisse:

269 2764 327 2801 se
372 2748 749 2803 claustrorum
792 2749 1082 2804 beneﬁciis
1123 2749 1554 2803 aestimabantur
1585 2772 1595 2802 :
1631 2751 1904 2805 Romanis

269 2847 465 2896 tamen
516 2858 687 2913 supra
734 2843 914 2898 nubes
961 2843 1266 2909 viantibus,
1313 2848 1370 2897 et
1416 2843 1560 2898 ultra
1607 2844 1904 2898 columnas

271 2935 526 2990 Herculis
583 2936 890 3009 imperium
956 2936 1434 3009 propagantibus,
1487 2937 1630 2991 nihil
1685 2937 1901 2992 invium

264 3029 402 3098 fuit;
457 3035 608 3084 tanta
669 3030 935 3086 felicitate
985 3032 1095 3101 (29)
1152 3031 1358 3097 hostis,
1413 3037 1467 3084 et
1530 3032 1627 3102 qui
1692 3031 1905 3085 latebat

2008 1913 2147 1973 sata,
2179 1907 2270 1961 ubi
2312 1908 2502 1978 pluvia
2531 1909 2796 1964 nescitur.
2834 1910 3005 1981 Cujus
3042 1918 3235 1966 tamen
3272 1928 3418 1967 nova
3455 1913 3636 1982 gratia

2009 2007 2065 2054 et
2095 2001 2372 2055 naturalis
2401 2002 2716 2058 fecunditas
2742 2004 3016 2058 Romanis
3049 2004 3274 2068 militat,
3308 2012 3365 2060 ut
3392 2013 3638 2077 quatuor

2007 2094 2296 2150 mensibus
2339 2094 2598 2150 dominos
2635 2097 2768 2153 alat.
2798 2097 2944 2162 Quid
2979 2098 3161 2169 ipsam
3198 2097 3401 2153 urbem
3436 2099 3638 2171 loquar

2007 2189 2344 2259 cognomine
2398 2191 2552 2261 regis
2604 2191 2934 2258 fortissimi,
2989 2207 3118 2263 qute
3169 2197 3333 2263 septa
3384 2192 3637 2249 ﬂuminis

2006 2299 2194 2346 muro,
2238 2283 2414 2337 nescit
2450 2283 2851 2340 obsidionem?
2890 2285 3042 2355 quod
3084 2285 3479 2341 universorum
3523 2302 3639 2342 am-

2005 2375 2162 2430 nium
2191 2377 2494 2443 maximus,
2516 2377 2720 2432 diffuso
2748 2393 2849 2448 per
2871 2379 3052 2450 spatia
3074 2385 3351 2434 terrarum
3379 2380 3558 2446 alveo,
3581 2387 3638 2435 et

2005 2469 2312 2524 obsidionis
2339 2470 2672 2525 submoveat
2713 2471 3148 2542 impedimenta,
3179 2476 3237 2527 et
3267 2474 3322 2526 in
3361 2473 3637 2528 vehendis

2006 2580 2133 2635 quae
2162 2564 2477 2618 necessaria
2505 2571 2638 2619 sunt
2662 2565 2731 2620 ad
2763 2582 2932 2620 usum
2954 2566 3062 2637 (33)
3089 2582 3280 2620 rerum
3311 2567 3635 2621 ministret?

2005 2658 2138 2721 Quae
2171 2657 2354 2727 magis
2378 2662 2606 2729 poterat
2633 2659 2702 2713 ad
2735 2659 3127 2714 rebellandum
3157 2676 3332 2731 quam
3361 2662 3636 2732 Egyptus

2006 2751 2254 2813 excitari,
2295 2767 2423 2822 qua:
2469 2751 2661 2806 decies
2705 2753 3072 2824 septingenta
3117 2759 3172 2808 et
3215 2755 3636 2826 quinquaginta

2007 2845 2186 2899 millia
2213 2845 2542 2912 hominum,
2576 2850 2784 2916 praeter
2816 2846 3180 2901 Alexandria:
3219 2848 3428 2902 incolas
3454 2864 3645 2919 popu»

2004 2938 2088 2992 los
2131 2939 2403 2994 Romanis
2449 2940 2694 2994 fascibus
2738 2946 3004 2996 numerat
3044 2941 3356 3012 ascriptos?
3400 2944 3465 2998 Et
3500 2958 3633 2997 cum

2001 3032 2208 3087 habeat
2227 3036 2446 3087 tantam
2471 3033 2920 3101 multitudinem,
2945 3035 3160 3090 mavult
3180 3042 3372 3090 tamen
3396 3037 3636 3091 Romani

269 3129 559 3195 repertus,
615 3129 673 3178 et
727 3125 825 3196 qui
882 3125 1202 3192 resistebat,
1259 3125 1436 3179 victus
1488 3129 1606 3193 est;
1657 3141 1900 3228 quorum
1924 3165 1976 3240 (η
2005 3125 2227 3197 imperii
2258 3127 2483 3181 tributis
2507 3143 2567 3181 se
2607 3143 2892 3196 exercere,
2921 3144 3097 3199 quam
3123 3129 3238 3184 suis
3265 3129 3508 3185 militare
3535 3131 3631 3185 sti-

269 3217 577 3240 :__..-_:-_
638 3217 882 3240 -.ἲ--..ιη
949 3217 1261 3240 --___.12-_-
1332 3225 1548 3240 ..λ-ι--
1603 3219 1898 3240 D___-__:_
1959 3213 1979 3238 Α
2006 3220 2225 3240 -____‘L':_
2280 3221 2390 3240 "__
2437 3224 2556 3240 1___,A
2573 3221 2742 3240 -2It_,_,
2786 3224 2918 3240 1‘,,,,-
2953 3239 2958 3240 ,
2984 3238 3036 3240 κη
3057 3238 3100 3240 κ-
3172 3223 3190 3240 1*
3259 3239 3266 3240 ,
3291 3239 3300 3240 κ
3327 3223 3342 3240 1
3423 3239 3447 3240 η
3550 3225 3560 3234 ι

267 3217 582 3289 improviso
636 3217 885 3273 adventu
943 3217 1266 3273 consedisse
1332 3225 1551 3273 montes
1603 3213 1904 3275 Germania
1926 3213 1979 3240 υ
2005 3220 2249 3290 pendiis.
2280 3221 2398 3275 Non
2437 3221 2749 3276 transiliam
2785 3224 3137 3293 Cyrenenses
3172 3223 3632 3279 Lacedaemonio-

267 3311 527 3378 credidit,
562 3313 825 3367 Rhenum
864 3312 1168 3379 exaruisse,
1212 3313 1311 3383 qui
1349 3312 1743 3384 magnitudine
1780 3329 1900 3367 cor-

267 3419 475 3477 porum
507 3408 566 3459 et
597 3411 925 3478 contemptu
969 3406 1167 3461 mortis
1205 3407 1426 3461 ceteris
1452 3406 1774 3473 validiores,
1803 3407 1902 3476 qui

268 3498 650 3554 retinaculum
699 3503 831 3554 ante
879 3515 1045 3554 suum
1095 3500 1361 3555 Rhenum
1409 3500 1707 3572 putabant,
1754 3517 1904 3554 nunc

266 3593 463 3647 salutis
513 3592 926 3648 defensionem.
979 3595 1177 3665 itaque
1224 3595 1344 3665 jam
1398 3611 1510 3648 non
1565 3593 1741 3665 copiis
1791 3594 1901 3664 (30)

265 3685 688 3741 Germanorum.
720 3688 1032 3758 replentur,
1069 3687 1168 3742 sed
1213 3688 1601 3743 Romanorum
1641 3687 1900 3754 liburnis,

265 3797 399 3853 quia
429 3784 784 3852 pererrantes
817 3785 905 3836 tot
931 3797 1113 3854 usque
1151 3783 1222 3836 ad
1260 3797 1417 3854 mare
1446 3781 1694 3836 bicornis
1719 3781 1903 3835 amnis

269 3873 484 3928 ﬂuenta
521 3875 814 3946 quondam
856 3876 1066 3930 liberas
1103 3881 1306 3946 gentes
1341 3876 1567 3930 servitio
1609 3881 1900 3947 premunt,

267 3971 332 4023 ut
354 3983 483 4040 qua
515 3969 622 4022 sibi
653 3975 786 4024 ante
812 3971 987 4025 totius
1014 3969 1166 4024 orbis
1195 3969 1500 4040 imperium
1529 3985 1903 4040 praesumpse-

267 4066 414 4130 rant,
447 4079 601 4117 nunc
631 4063 914 4118 servitutis
952 4064 1204 4136 propriae
1237 4063 1558 4118 mercedem
1589 4063 1898 4118 exsolvant.

267 4155 415 4220 Quid
444 4157 642 4228 Illyriis
669 4163 897 4212 erutum
926 4156 1083 4212 venis
1119 4163 1403 4212 terrarum
1436 4173 1667 4212 suarum
1698 4173 1899 4211 aurum

264 4249 502 4322 profuit,
550 4251 756 4322 quibus
802 4268 913 4306 non
962 4251 1272 4307 abundavit
1316 4252 1386 4305 ad
1431 4251 1702 4306 libertatis
1753 4267 1899 4322 prm-

2007 3329 2134 3368 rum
2181 3330 2379 3385 genus,
2422 3315 2520 3386 qui
2565 3315 2851 3385 quondam
2899 3332 3030 3370 cum
3069 3316 3636 3388 Carthaginiensibus

2006 3407 2075 3460 de
2103 3407 2308 3462 ﬁnibus
2341 3413 2509 3479 atque
2546 3409 2790 3480 imperio
2826 3415 3134 3477 certarunt,
3165 3411 3339 3466 finem
3370 3410 3633 3466 certami-

2003 3501 2092 3554 nis
2119 3506 2358 3574 mortem
2398 3501 2723 3556 offerentes.
2757 3502 2882 3567 Qua
2914 3503 3196 3558 oblatione
3225 3503 3375 3571 victi,
3403 3504 3501 3560 sed
3532 3505 3636 3560 ulti

2004 3598 2196 3648 tamen
2242 3595 2509 3664 injuriam
2554 3595 2825 3650 fratribus
2869 3597 3142 3650 Philineis
3188 3598 3294 3666 (34)
3339 3598 3634 3653 victoriam

2005 3703 2364 3754 concessere;
2409 3705 2509 3742 nec
2548 3689 2736 3759 Syrtes
2777 3690 3080 3760 praeteribo
3122 3691 3427 3757 terribiles,
3459 3691 3635 3747 etiam

2005 3781 2122 3837 solo
2146 3781 2364 3850 auditu,
2393 3783 2540 3853 quod
2568 3783 2756 3836 omnia
2788 3783 2856 3837 ad
2887 3799 2946 3837 se
2976 3784 3224 3852 trahant,
3253 3788 3311 3839 et
3337 3787 3637 3855 appropin-

2004 3877 2240 3946 quantia
2265 3875 2470 3931 vadoso
2497 3877 2639 3930 mari
2670 3877 2944 3946 haereant,
2976 3878 3202 3932 tertiam
3235 3881 3453 3949 partem
3485 3879 3637 3934 orbis

2004 3970 2179 4024 totius
2204 3969 2276 4024 ab
2300 3971 2579 4026 Atlantico
2605 3971 2748 4025 mari
2778 3974 2837 4025 et
2866 3971 3144 4026 columnis
3172 3971 3424 4026 Herculis
3454 3987 3646 4043 usque.

2004 4063 2076 4118 ad
2123 4080 2278 4118 mare
2324 4064 2578 4119 Rubrum
2625 4070 2798 4135 atque
2846 4065 3134 4136 Ethiopas
3177 4065 3393 4121 deﬁniti
3443 4081 3634 4120 rerum

2005 4157 2170 4228 periti
2200 4173 2514 4212 asseruere.
2541 4157 2675 4222 Quis
2701 4161 2786 4212 tot
2823 4159 3084 4229 gentium
3123 4161 3362 4230 populos
3391 4175 3634 4214 numero

2007 4253 2318 4316 recenseat,
2348 4251 2556 4321 quibus
2593 4251 2737 4305 fulta
2761 4251 3041 4323 Carthago
3065 4252 3340 4324 Scipionis
3370 4252 3630 4308 dextram

265 4343 492 4399 mium?
525 4343 750 4409 Quanto
787 4345 1086 4416 pretiosius
1116 4347 1502 4400 Romanorum
1544 4345 1782 4414 ferrum,
1811 4345 1900 4398 cui
2004 4361 2121 4399 non
2160 4344 2307 4414 tulit,
2337 4345 2649 4417 maluitque
2686 4347 2925 4400 Romam
2964 4346 3187 4401 duabus
3215 4347 3350 4402 anni
3382 4347 3634 4418 partibus

266 4439 444 4493 servit
477 4455 681 4492 aurum
712 4439 1180 4494 Pannoniorum?
1214 4439 1318 4493 Dat
1355 4439 1548 4509 itaque
1587 4438 1902 4493 Pannonias
2003 4439 2301 4493 adversum
2346 4455 2406 4493 se
2455 4455 2710 4510 pascere,
2756 4455 2926 4510 quam
2975 4440 3214 4494 aliorum
3261 4440 3462 4510 opibus
3508 4440 3636 4495 nixa

265 4533 388 4586 auri
429 4531 731 4600 tributum,
763 4539 817 4588 et
847 4549 985 4603 opes
1014 4549 1138 4587 suas
1165 4531 1235 4586 ad
1275 4533 1600 4587 Romanum
1632 4531 1899 4587 aerarium
1922 4537 1982 4608 Ι)
2004 4532 2306 4587 adversum
2351 4533 2635 4587 Romanos
2674 4533 2995 4587 rebellare?
3034 4532 3198 4587 Creta
3237 4547 3465 4603 quoque
3501 4548 3630 4587 cen-

265 4625 468 4681 volens
505 4626 792 4693 transfert,
824 4630 885 4681 ut
927 4627 995 4681 sit
1023 4627 1201 4682 tutior
1237 4626 1295 4680 in
1336 4626 1628 4680 servitute.
1660 4626 1770 4680 Nec
1813 4626 1898 4679 in-

266 4719 456 4775 colam
497 4735 664 4774 suum
715 4736 852 4775 auro
896 4720 1122 4774 turbida
1165 4719 1373 4775 Pactoli
1413 4720 1569 4774 unda
1610 4720 1804 4775 extulit
1845 4720 1900 4773 in

270 4813 601 4885 superbiam
637 4831 649 4868 :
684 4815 850 4869 servit
891 4814 1152 4881 libenter,
1183 4813 1388 4886 quibus
1417 4814 1625 4868 servire
1667 4812 1901 4884 imperia

269 5002 335 5052 t5
366 5016 379 5049 :
412 5000 550 5063 Quid
591 5001 840 5052 adtowam
886 5001 1196 5052 Britannias
1238 4997 1494 5064 interfusa
1538 5002 1680 5050 mari
1719 5014 1755 5050 α
1799 5004 1904 5051 toto

266 5071 394 5123 orbe
421 5073 640 5132 divisas,
667 5079 714 5123 et
741 5087 778 5124 α
801 5074 1044 5125 Romanis
1081 5075 1141 5122 in
1179 5071 1357 5124 orbem
1403 5079 1670 5124 terrarum
1709 5071 1902 5122 redac-

264 5139 397 5262 ωῗν
423 5143 696 5194 Nimirum
726 5144 1019 5209 Virgilium
1052 5145 1303 5195 imitatur
1328 5148 1535 5202 auctor,
1570 5145 1730 5206 cujus
1767 5141 1900 5192 illud

264 5227 330 5264 es
386 5228 397 5261 :

539 5352 548 5362 .
576 5321 600 5361 '.
643 5351 653 5362 .
697 5352 704 5362 .
749 5353 758 5361 .
792 5318 905 5364 toto
932 5314 1139 5365 divisos
1162 5315 1298 5364 orbe
1328 5313 1637 5364 Britannos.

1512 5403 1773 5457 Mszocu.

328 5505 426 5568 (‘26)
456 5503 570 5565 Qui.
600 5503 779 5556 Baaa.

329 5575 428 5637 (τι)
461 5575 578 5637 Ipse
599 5577 882 5638 (oceanus)
913 5580 1223 5640 agnoverat.
1255 5576 1331 5626 in.

329 5645 435 5707 (ﬂ)
473 5645 656 5696 Victus.
684 5646 766 5696 ID.

329 5717 427 5779 (29)
454 5715 748 5767 Facilitate.
783 5719 862 5768 in.

331 5787 431 5845 (30)
480 5786 606 5838 Cor.
654 5788 817 5840 Gual.
874 5789 1170 5853 legendum
1213 5793 1368 5855 putat
1413 5787 1657 5853 cauputis
1699 5803 1713 5836 :
1754 5787 1902 5852 quod

271 5871 444 5924 genus
488 5860 692 5927 navigii
743 5865 1067 5912 excavat-um
1112 5863 1284 5911 fuisse
1333 5859 1624 5912 Germanis
1673 5860 1726 5907 in
1775 5870 1898 5916 usu,

2003 4634 2124 4680 tum
2179 4625 2411 4680 urbibus
2454 4625 2679 4692 nobilis,
2725 4624 3022 4680 uberrima
3076 4626 3389 4697 pmferens
3438 4643 3634 4698 regna,

2004 4719 2344 4773 circumfusa
2403 4719 2656 4791 undique
2722 4719 2869 4774 mari
2930 4727 2986 4774 et
3047 4720 3311 4774 ﬂuctibus
3364 4726 3634 4792 tanquam

2006 4811 2288 4868 mcenibns
2312 4811 2476 4867 solita
2502 4813 2720 4866 hostem
2751 4813 3048 4882 repellere,
3075 4830 3250 4868 unum
3278 4813 3632 4869 consularem

2004 5000 2257 5052 scribunt
2288 5000 2516 5051 Tacitus
2546 5004 2603 5050 et
2632 4999 3002 5051 Marcellinus.
3035 5001 3209 5052 Baaa.

2068 5073 2169 5132 (3i)
2221 5070 2363 5121 Malo
2422 5078 2723 5136 utrumque
2779 5073 3065 5123 auferendi
3115 5085 3246 5122 casu
3296 5071 3366 5122 ab
3412 5078 3634 5122 auctore»,

2005 5144 2292 5206 scriptum,
2335 5143 2451 5192 Non
2493 5143 2664 5207 pretio
2705 5143 2971 5200 mercium,
3013 5142 3102 5192 sed
3139 5143 3471 5206 [unctionem
3513 5156 3634 5192 mu»

2003 5214 2111 5264 nio.
2137 5213 2255 5264 Vox
2283 5213 2616 5276 [auctionum
2639 5215 2844 5278 passim
2875 5215 2929 5263 in
2961 5219 3198 5278 utroque
3229 5213 3422 5265 codice
3449 5216 3633 5279 pensi—

2006 5286 2243 5336 tationes
2285 5285 2622 5335 tributorum
2668 5289 2841 5334 notat.
2873 5285 3040 5335 Porro
3079 5286 3262 5336 munia
3301 5284 3532 5346 dictum,
3573 5293 3632 5336 ut

2005 5354 2202 5407 altario
2230 5361 2284 5408 et
2307 5356 2578 5421 ejusmodi
2605 5355 2783 5420 plura,
2810 5356 3014 5420 quibus
3041 5359 3176 5406 mtas
3200 5356 3426 5421 sequior
3449 5355 3634 5407 delec-

2003 5426 2239 5478 tabatur.
2277 5427 2344 5477 Et
2377 5431 2526 5478 certe
2568 5426 2849 5490 singulare
2891 5426 3130 5476 manium
3168 5426 3237 5477 ab
3278 5431 3383 5476 vet.
3425 5426 3636 5478 Glossia

2005 5501 2325 5565 agnoscitur
2361 5501 2626 5562 tanquam
2656 5496 2946 5559 [unctionis
2980 5510 3352 5561 synonymum
3379 5513 3393 5557 ;
3429 5503 3635 5548 utrum-

2005 5583 2116 5634 que
2139 5570 2288 5621 enim
2311 5569 2562 5620 redditur
2598 5567 2860 5631 λιτουργία,
2885 5581 2993 5619 vox
3033 5567 3102 5617 ad
3137 5567 3471 5618 tributorum
3516 5570 3635 5619 ille-

2005 5643 2183 5692 tiones
2215 5641 2514 5706 pertinens.
2543 5640 2811 5691 Mazaca.

2069 5713 2164 5775 (32)
2195 5712 2524 5763 Audiuimus.
2554 5711 2730 5764 BARR.

2068 5783 2162 5846 (33)
2195 5782 2453 5833 Remedia.
2487 5780 2568 5830 In.

2069 5854 2163 5917 (34)
2192 5852 2460 5903 primum.
2493 5851 2570 5903 in.
