4000 6166
514 266 640 318 2151

1997 260 2052 314 S.
2095 257 2413 316 AMBROSII

3677 269 3777 324 215?

510 389 763 453 veretur,
788 391 846 441 et
871 386 1102 457 plurimi
1131 386 1327 457 populi
1355 402 1444 440 sex
1474 385 1710 440 fascium
1736 383 1966 456 virgulis
1989 387 2143 438 metu
2169 398 2227 467 Α
2249 400 2350 438 nos
2379 385 2500 453 jam
2533 385 2751 440 dudum
2789 384 2990 456 religio
3027 384 3292 450 deseruit,
3324 383 3448 454 quia
3476 401 3562 440 nos
3591 387 3783 443 deserui-

507 480 874 535 inclinantur.
907 480 1053 547 Asia,
1095 482 1328 547 Pontus,
1373 471 1628 546 Euiochi,
1670 480 1896 550 Scytha:
1939 480 2144 532 Noma-

510 574 632 640 des,
673 573 892 628 'l‘aurici
937 574 1182 645 Scythas,
1214 573 1544 643 Maeotiaque
1589 589 1785 643 regna,
1831 573 2146 643 Bosphora-

508 668 686 739 nique
711 684 912 722 omnes
939 669 1192 722 Romano
1220 667 1464 739 imperio
1494 666 1893 736 subjiciuntur,
1925 672 1980 720 et
2010 667 2149 722 illud

513 765 649 816 ante
697 760 1080 830 innavigabile
1132 761 1390 831 pelagus,
1436 759 1817 830 quadraginta
1862 775 2035 813 naves
2077 759 2147 812 ad

510 871 709 926 pacem
740 858 1027 908 exercent.
1060 855 1200 908 Nam
1230 854 1299 908 de
1327 853 1599 907 Armenia
1624 835 1760 924 quid
1789 852 1997 920 dicam,
2020 869 2149 924 quas

513 966 628 1003 non
658 949 842 1003 solum
873 947 1073 1002 limitis
1101 947 1188 1001 sui
1219 950 1406 1002 servat
1429 947 1709 1018 quietem,
1739 963 1939 1000 verum
1972 948 2144 1000 etiam

513 1046 808 1113 portarum
851 1043 1069 1096 intenta
1107 1040 1377 1095 custodiae
1417 1040 1724 1110 diligenter
1763 1041 2043 1111 explorat,
2075 1057 2146 1094 ne

513 1153 710 1208 pacem
745 1135 1076 1189 turbaturus
1103 1133 1308 1205 aliquis
1349 1133 1580 1204 irrepat.
1617 1136 1826 1188 Omnes
1868 1150 2005 1204 ergo
2035 1134 2143 1188 Ro-

514 1231 700 1284 manis
741 1229 951 1284 servire
998 1228 1248 1298 gestiunt
1288 1247 1300 1282 :
1348 1244 1442 1282 vos
1485 1229 1591 1281 soli
1631 1227 2021 1298 dedignamini
2059 1228 2148 1281 his

511 1341 632 1378 esse
669 1324 932 1394 subjecti,
963 1322 1168 1394 quibus
1206 1322 1589 1392 subjiciuntur
1631 1322 1911 1376 universi?
1936 1321 2148 1385 Quibus

511 1419 646 1472 freti
698 1417 909 1472 armis?
964 1433 1080 1487 quo
1136 1415 1361 1486 superbi
1422 1416 1640 1470 milite?
1689 1415 1784 1469 ubi
1837 1421 1923 1470 est
1976 1417 2150 1470 stolus

514 1513 742 1566 navium
799 1516 1141 1575 vestrarum,
1189 1511 1285 1581 qui
1337 1509 1595 1564 obsideat
1636 1509 1803 1575 freta,
1853 1517 2149 1580 percurrat

512 1606 691 1660 maria
736 1605 1166 1660 Romanorum?
1199 1606 1260 1658 In
1302 1603 1558 1674 ipsorum
1595 1603 1748 1657 enim
1788 1619 2001 1657 nomen
2033 1604 2143 1658 ele-

2254 495 2377 532 mus
2419 480 2616 547 tidem,
2657 485 2712 533 et
2752 480 3083 550 frequenter
3109 478 3411 533 interdicta
3444 481 3679 535 mandatis
3708 502 3784 537 ωε-

2250 572 2485 626 lestibus
2523 572 2910 643 repetivimus.
2943 572 3103 628 Unde
3132 573 3191 627 in
3230 588 3334 627 nos
3367 573 3507 627 venit
3527 575 3786 646 :Egyptius?

2251 667 2738 737 quemadmodum
2792 666 2996 738 captivi
3054 668 3186 721 facti
3238 682 3430 720 sumus
3467 668 3791 737 Assyriorum?

2249 761 2444 814 Nonne
2479 760 2768 831 Scriptura
2797 760 2940 814 dixit
2973 761 3093 814 haec
3130 761 3438 814 eventura?
3464 761 3632 815 Nonne
3663 764 3790 833 scrip-

2248 859 2370 908 tum
2397 858 2482 908 est
2511 854 2859 924 profanauda
2890 854 3084 908 omnia
3111 853 3307 924 templi
3334 855 3793 927 sacramentalqus:

2243 946 2362 1016 jam
2426 948 2632 1018 saepius
2685 948 2980 1019 profanata
3037 947 3149 1001 vim
3205 963 3366 1002 suam
3419 953 3567 1018 atque
3613 965 3792 1003 omnem

2249 1041 2565 1096 divinorum
2627 1042 3026 1111 mysteriorum
3077 1041 3322 1112 gratiam
3390 1056 3491 1094 non
3541 1057 3796 1112 repraesen-

2253 1139 2374 1188 tant
2416 1153 2428 1188 :
2473 1135 2940 1192 Coutaminatum
2985 1139 3068 1189 est
3118 1136 3400 1205 templum
3445 1135 3665 1189 humano
3707 1153 3798 1190 san-

2249 1229 2446 1299 guine,
2477 1230 2688 1300 repleta
2715 1237 2845 1284 sunt
2874 1228 3187 1299 pulvinaria
3213 1228 3584 1294 cadaveribus,
3611 1230 3799 1299 perfusa

2250 1339 2363 1376 arae
2398 1323 2650 1377 Romano
2689 1339 2910 1388 cruore,
2943 1327 3264 1393 pugnatum
3307 1328 3394 1376 est
3423 1321 3671 1390 Sabbato;
3699 1339 3799 1393 pra:-

2249 1415 2513 1470 varicatio
2539 1417 2687 1470 facta
2712 1421 2813 1482 est,
2849 1415 2987 1470 dum
3023 1417 3304 1486 templum
3335 1432 3444 1469 non
3478 1432 3567 1469 sua
3595 1415 3799 1470 observa-

2250 1510 2399 1564 tione
2428 1514 2483 1564 et
2509 1510 2779 1564 feriarum
2811 1511 3194 1576 solemnitate,
3225 1509 3326 1563 sed
3357 1512 3576 1563 cruento
3607 1509 3804 1563 defendi-

2247 1609 2341 1657 tur
2365 1604 2580 1674 praelio.
2605 1605 2673 1658 Et
2700 1604 2804 1658 hoc
2825 1604 3023 1674 utique
3044 1604 3256 1657 iterum
3283 1603 3397 1656 fiet.
3424 1603 3561 1673 Ergo
3579 1603 3805 1672 quomodo

513 1705 710 1754 menta
756 1699 927 1754 etiam
973 1699 1340 1764 transierunt,
1385 1697 1439 1751 in
1486 1714 1626 1768 quos
1672 1697 1845 1752 etiam
1893 1697 2205 1769 transivit_
2247 1713 2552 1769 possumus
2603 1705 2874 1769 tanquam
2923 1697 3225 1751 adversum
3273 1697 3461 1750 hostes
3506 1699 3557 1750 et
3595 1695 3802 1765 religioni

513 1795 665 1848 orbis
705 1800 1010 1859 terrarum,
1051 1791 1148 1863 qui
1194 1793 1448 1845 Romano
1491 1791 1734 1862 imperio
1777 1790 2056 1846 clauditur
2094 1767 2599 1846 etBadversarios
2657 1791 2912 1846 divinum
2964 1790 3237 1846 auxilium
3287 1790 3523 1854 mereri,
3571 1806 3686 1845 cum
3728 1790 3805 1860 ipsi

511 1887 809 1952 definitur;
833 1885 1082 1956 denique
1107 1902 1140 1938 a
1162 1885 1445 1955 plerisque
1469 1884 1620 1938 orbis
1649 1885 1934 1938 Romanus
1956 1887 2147 1955 appel-

513 1983 682 2036 latur.
715 1982 852 2034 Nam
890 1980 937 2033 si
964 1995 1162 2033 verum
1198 1994 1542 2049 quaeramus,
1571 1981 1636 2032 ut
1667 1994 1840 2049 supra
1878 1978 2142 2042 diximus,

510 2082 667 2128 terra
718 2075 836 2144 ipsa
891 2073 1041 2126 infra
1091 2073 1416 2126 Romanum
1467 2071 1772 2142 imperium
1826 2075 1930 2138 est,
1979 2087 2146 2141 supra

515 2183 685 2240 quam
745 2182 1042 2238 progressa
1096 2167 1356 2221 Romana
1416 2165 1591 2219 virtus
1646 2166 1795 2218 ultra
1846 2181 2143 2232 oceanum,

511 2263 755 2316 alterum
795 2260 900 2314 sibi
939 2260 1134 2314 orbem
1181 2259 1460 2329 quaesivit,
1502 2262 1558 2313 et
1607 2258 1664 2312 in
1712 2258 2000 2313 Britannia
2039 2258 2144 2312 sibi

511 2359 736 2410 remota
765 2371 797 2408 a
825 2354 1070 2408 confinio
1110 2361 1391 2407 terrarum
1431 2367 1634 2407 novam
1673 2353 1888 2408 invenit
1924 2368 2141 2424 posses-

509 2449 752 2504 sionem.
806 2448 1058 2518 Denique
1108 2445 1315 2517 quibus
1357 2446 1453 2516 jus
1501 2463 1613 2500 non
1668 2445 1854 2500 solum
1907 2446 2145 2501 civitatis

514 2544 804 2609 Romanas,
831 2541 928 2596 sed
956 2541 1126 2596 etiam
1154 2539 1330 2611 ipsius
1355 2557 1528 2611 prope
1557 2541 1824 2595 humanae
1855 2557 2146 2595 conversa-

513 2637 684 2692 tionis
738 2640 997 2707 negatur,
1045 2635 1140 2688 illo
1188 2634 1536 2704 diriguntur,
1587 2639 1648 2688 ut
1698 2633 1812 2688 illic
1867 2634 2141 2699 habitent,

508 2731 669 2802 quasi
713 2731 912 2785 mundi
958 2729 1200 2784 exsules.
1241 2729 1420 2785 Cessit
1464 2745 1706 2783 oceanus
1752 2727 1961 2782 finibus
2005 2729 2140 2794 suis,

510 2825 668 2879 novit
699 2825 989 2878 Romanus
1018 2823 1297 2878 interiora
1336 2822 1458 2892 ejus
1496 2827 1696 2893 petere
1737 2824 1981 2888 secreta;
2013 2839 2143 2876 cum

511 2919 647 2990 ipsis
679 2918 831 2972 vobis
861 2917 970 2973 erit
1002 2916 1241 2985 bellum,
1276 2916 1576 2970 adversum
1618 2932 1763 2988 quos
1801 2932 1904 2970 nec
1939 2920 2143 2971 natura

511 3029 677 3068 suum
701 3011 796 3082 jus
820 3010 1092 3082 possidet.
1117 3010 1433 3081 Euphrates
1460 3010 1551 3064 ille
1575 3009 1968 3064 inaccessibilis
1989 3014 2140 3077 ante,

2252 1885 2768 1955 praevaricationem
2801 1885 3114 1940 inferamus
3142 1888 3354 1939 nostra;
3385 1883 3664 1954 religioni?
3683 1883 3802 1946 Quod

2249 1979 2426 2049 igitur
2449 1977 2794 2044 remedium,
2825 1994 2955 2032 cum
2980 1981 3038 2032 et
3062 1978 3334 2032 humanas
3365 1994 3500 2049 opes
3527 1993 3632 2032 non
3655 1976 3806 2031 suifra-

2250 2078 2476 2142 gentur,
2496 2088 2597 2126 nec
2619 2071 2809 2126 divina
2827 2071 3138 2142 opituletur
3161 2071 3341 2142 gratia
3354 2072 3381 2125 ?
3395 2072 3634 2126 Alterum
3652 2070 3806 2124 horum

2247 2165 2467 2237 aliquos
2508 2165 2744 2221 invitare
2786 2167 2926 2220 solet
2967 2165 3037 2219 ad
3079 2164 3326 2232 bellum;
3376 2164 3526 2220 vobis
3563 2168 3810 2234 utrumque

2247 2261 2422 2314 deest.
2463 2259 2606 2324 Quid
2655 2276 2792 2330 ergo
2835 2265 3113 2330 superest,
3162 2259 3270 2314 nisi
3317 2259 3666 2314 manifestum
3704 2257 3809 2311 exci-

2249 2354 2448 2407 dium?
2478 2353 2634 2424 quod
2667 2369 2783 2408 non
2812 2353 3104 2409 declinatis
3145 2353 3285 2408 dum
3318 2369 3511 2408 cavere
3544 2351 3680 2419 licet,
3707 2349 3812 2404 nihil

2245 2447 2398 2501 aliud
2428 2447 2535 2501 nisi
2574 2464 2668 2502 vos
2702 2447 2807 2518 ipsi
2848 2451 3097 2502 vestram
3135 2447 3382 2518 patriam
3421 2444 3812 2504 concremabitis.

2247 2541 2642 2612 templumque
2683 2542 2966 2610 exuretis;
3005 2541 3277 2612 conjuges
3315 2557 3544 2612 quoque
3573 2545 3624 2594 et
3654 2537 3816 2592 liberos

2245 2635 2446 2689 dabitis
2487 2635 2631 2702 neci,
2660 2635 2866 2706 quibus
2901 2639 3160 2690 auctores
3190 2635 3350 2690 eritis
3388 2649 3655 2706 supremas.
3681 2631 3818 2686 amisi

2244 2729 2420 2784 siouis
2450 2745 2461 2783 :
2493 2746 2622 2783 cum
2653 2729 2933 2784 malorum
2959 2729 3213 2784 omnium
3241 2728 3648 2783 incrementum
3673 2728 3816 2780 incon-

2244 2822 2477 2878 solabile
2513 2823 2604 2891 sit,
2638 2826 2848 2878 nostra;
2885 2824 3067 2894 culpae
3105 2821 3312 2877 ascribi
3351 2839 3478 2894 qua:
3510 2821 3816 2876 sustinemus.

2243 2916 2478 2970 Accedit
2518 2917 2626 2972 huc
2670 2917 2818 2988 quod
2867 2917 3104 2971 aliarum
3149 2917 3382 2971 urbium
3425 2915 3588 2983 bella,
3631 2926 3818 2968 suorum

2247 3010 2557 3065 incolarum
2600 3010 2834 3064 excidiis
2871 3009 3336 3064 determinantur
3368 3027 3380 3065 :
3425 3015 3601 3064 vestra
3639 3006 3819 3062 rebellio

510 3106 618 3161 nisi
650 3106 766 3160 suis
793 3104 1011 3170 incolis,
1040 3120 1108 3157 ex
1149 3108 1384 3174 utraque
1414 3103 1536 3172 jam
1568 3103 1692 3173 ripa
1719 3104 2009 3158 Romanus
2038 3109 2140 3171 est,
2164 3135 2219 3209 Ο
2244 3106 2418 3159 totius
2443 3104 2554 3159 erit
2579 3103 2864 3158 excidium
2892 3104 3183 3174 religionis
3211 3105 3345 3173 (37),
3373 3119 3499 3175 quae
3530 3106 3640 3157 toto
3663 3099 3820 3154 diffusa

515 3205 572 3254 et
592 3199 695 3253 sub
722 3198 966 3268 imperio
998 3197 1252 3251 Romano
1283 3202 1466 3251 totum
1498 3196 1779 3267 significat
1809 3213 1930 3251 esse
1957 3196 2144 3250 orien-

513 3303 650 3348 tem.
682 3294 818 3346 lster
849 3293 906 3345 in
934 3289 1475 3360 septentrionalibus
1503 3289 1757 3360 partibus
1792 3291 1944 3345 inter
1969 3307 2144 3344 saavas

513 3391 571 3441 et
626 3387 954 3440 innumeras
1011 3384 1300 3454 profluens
1347 3387 1564 3454 gentes,
1614 3383 1835 3438 obsides
1886 3383 2139 3455 suscipit,

512 3482 702 3535 hostes
731 3483 974 3533 coercet.
1002 3477 1306 3532 Meridiana
1343 3478 1508 3548 plaga
1537 3493 1833 3548 quousque
1866 3477 2142 3531 habitabi-

507 3575 575 3628 lis
608 3589 730 3628 esse
773 3576 979 3644 potest,
1009 3577 1133 3626 arat
1176 3571 1462 3638 Romanis,
1502 3574 1673 3642 atque
1717 3571 1853 3642 ipsis
1893 3588 2138 3625 messem

508 3683 668 3722 suam
707 3666 943 3735 colligit.
991 3667 1044 3718 In
1088 3681 1283 3718 occasu
1326 3664 1577 3736 quodam
1617 3663 1819 3718 ultima
1860 3670 2137 3719 terrarum

507 3761 782 3818 Gaditana
814 3776 935 3826 ora,
968 3775 1144 3814 novos
1181 3758 1413 3829 suscipit
1448 3757 1721 3829 hospites,
1756 3758 1854 3828 qui
1883 3759 2139 3812 Romano

508 3856 751 3927 imperio
805 3855 1018 3908 tributa
1062 3869 1164 3907 sua
1209 3852 1486 3907 deferant.
1537 3851 1716 3906 Habet
1758 3858 1814 3906 et
1858 3852 1978 3922 ipsa
2028 3869 2140 3924 quo

508 3952 718 4021 dirigat
757 3965 976 4003 merces
1021 3963 1178 4012 suas;
1219 3947 1318 4001 ubi
1364 3949 1496 4001 ante
1548 3946 1732 4000 solum
1779 3946 2136 4016 naufragium

505 4045 762 4117 putabat,
793 4042 866 4096 ibi
902 4059 1054 4096 nunc
1086 4046 1378 4095 mutuatur
1405 4039 1832 4095 commercium.
1860 4041 1999 4094 Cum
2033 4041 2135 4111 igi~

507 4142 602 4191 tur
637 4139 1024 4192 Romanorum
1067 4134 1261 4188 omnia
1295 4134 1428 4201 sint,
1465 4134 1613 4188 unde
1653 4132 1810 4188 vobis
1839 4133 2136 4188 adversum

506 4233 796 4286 Romanos
832 4227 1092 4300 praesidia
1124 4228 1434 4298 qureretis?
1460 4228 1537 4280 Ex
1574 4243 1687 4297 qua
1720 4227 1881 4280 vobis
1919 4227 2142 4281 inhabi-

506 4323 667 4380 tnbili
692 4329 848 4394 parte
888 4321 1065 4375 socios
1097 4320 1494 4392 postnlabitis?
1525 4320 1859 4390 Quicunque
1893 4320 2043 4375 enim
2078 4324 2134 4375 in

505 4419 641 4474 orbe
681 4424 963 4470 terrarum
1001 4421 1155 4484 sunt,
1186 4414 1431 4469 Romani
1463 4430 1663 4468 omnes
1690 4417 1843 4468 sunt.
1872 4417 1952 4469 An
1988 4415 2136 4468 ultra

2243 3199 2400 3266 orbe,
2435 3198 2678 3269 populos
2716 3197 2926 3268 ubique
2969 3197 3389 3265 disseminabit,
3422 3201 3480 3252 et
3518 3197 3576 3251 in
3611 3193 3822 3250 omnibus

2247 3291 2477 3346 urbibus
2503 3292 2680 3347 nostri
2711 3291 2898 3362 portio
2925 3295 3028 3345 est.
3055 3292 3246 3346 Vestro
3271 3291 3457 3363 igitur
3481 3289 3664 3361 proelio
3685 3285 3820 3342 ludat

2245 3401 2442 3440 omnes
2498 3384 2963 3456 implicabuntur,
3011 3401 3116 3439 nec
3166 3386 3275 3439 erit
3327 3386 3443 3440 ulla
3491 3383 3644 3455 regio
3685 3379 3821 3435 nostri

2243 3495 2446 3550 expers
2473 3479 2708 3534 cruoris.
2737 3482 2848 3532 Aut
2875 3479 2916 3532 si
2951 3479 3084 3533 tales
3111 3484 3244 3533 sunt
3270 3479 3542 3545 Romani,
3567 3483 3626 3531 ut
3645 3474 3821 3531 Judaei

2246 3589 2358 3627 non
2392 3579 2827 3644 persequantur.
2865 3589 2965 3627 nec
2994 3572 3146 3627 bello
3175 3573 3446 3638 lacessiti,
3484 3586 3649 3643 quam
3683 3568 3821 3637 injus-

2245 3674 2366 3721 tum
2408 3672 2492 3721 est
2533 3667 2744 3721 bellum
2789 3667 2874 3720 his
2911 3666 3130 3733 inferri,
3162 3682 3415 3736 quorum
3457 3663 3818 3719 humanitatem

2243 3761 2498 3831 speratis.
2543 3760 2758 3814 Bonum
2799 3764 2903 3828 est,
2942 3759 3283 3825 charissimi,
3330 3760 3550 3815 bonum
3591 3763 3685 3822 est,
3721 3753 3820 3807 dum

2240 3854 2425 3909 adhuc
2465 3854 2522 3908 in
2572 3857 2742 3926 portu
2783 3854 2938 3909 navis
2977 3858 3078 3920 est,
3120 3854 3434 3924 prazvidere
3474 3854 3819 3924 tempestatem

2239 3948 2514 4015 futuram,
2545 3964 2646 4002 nec
2685 3947 3118 4003 imminentibus
3149 3963 3505 4018 quemquam
3535 3961 3649 4002 sese
3674 3943 3822 4012 objec-

2242 4049 2359 4096 tare
2404 4042 2689 4113 periculis,
2734 4057 2804 4096 ne
2845 4058 2974 4096 cum
3016 4042 3076 4096 in
3120 4042 3299 4096 altum
3353 4040 3699 4112 processeris,
3727 4035 3820 4105 jam

2238 4135 2599 4207 naufragium
2642 4151 2758 4190 non
2799 4135 2978 4206 possis
3015 4151 3232 4192 cavere.
3275 4137 3344 4190 Et
3385 4136 3708 4206 plerumque
3733 4127 3824 4199 qui-

2239 4231 2367 4285 dem
2389 4231 2686 4299 repentina
2706 4231 2960 4300 exsurgit
2979 4230 3248 4300 procella,
3268 4236 3326 4284 et
3344 4229 3558 4284 bellum
3577 4223 3820 4295 excipitur.

2239 4323 2462 4378 etiamsi
2492 4338 2606 4394 non
2633 4323 2935 4391 inferatur;
2959 4323 3056 4377 sed
3085 4323 3320 4379 interest.
3345 4324 3621 4378 lacessere
3647 4321 3823 4374 hostem

2237 4432 2308 4470 an
2347 4415 2648 4488 excipere?
2674 4416 2848 4486 Magis
2874 4417 3056 4487 parcit
3089 4433 3204 4471 non
3244 4416 3556 4480 lacessitus,
3585 4421 3640 4468 et
3671 4422 3822 4464 neces-

505 4513 850 4584 Euphratem
877 4510 945 4564 ad
974 4508 1298 4564 Adiabenos
1327 4507 1590 4578 dirigetis
1623 4507 2010 4579 legationem?
2035 4509 2133 4562 sed
2154 4507 2214 4578 D
2237 4510 2370 4564 sitas
2405 4512 2632 4565 excusat
2668 4509 3064 4578 insolentiam;
3100 4509 3198 4563 ubi
3241 4526 3376 4564 vero
3420 4511 3476 4564 in
3518 4507 3821 4579 praeruptum

504 4623 607 4662 nec
656 4606 786 4675 ipsis
833 4609 988 4657 vacat
1031 4620 1129 4657 sua
1178 4603 1521 4673 relinquere,
1564 4618 1667 4655 nec
1714 4602 1950 4655 Parthus
1998 4602 2136 4656 sinit

500 4700 740 4774 petitam
768 4697 871 4751 sibi
904 4713 1104 4766 pacem
1137 4695 1507 4766 interpellari,
1537 4713 1606 4750 ne
1637 4696 1755 4766 ipse
1787 4695 1841 4748 in
1877 4695 2134 4749 finitimis

502 4809 634 4848 reus
659 4792 731 4845 sit
759 4789 1099 4844 rebellionis.
1124 4790 1201 4842 Ne
1231 4787 1367 4843 illud
1397 4789 1506 4860 (35)
1529 4789 1738 4842 bellum
1763 4787 1946 4841 simile
1977 4793 2133 4858 pute-

504 4889 591 4952 tis,
625 4902 690 4940 ac
735 4885 780 4938 si
812 4883 1115 4937 adversum
1156 4883 1368 4938 Arabas
1406 4888 1460 4936 et
1503 4883 1795 4953 .Egyptios
1833 4881 1993 4935 vobis
2036 4899 2128 4952 ge-

500 4980 682 5038 renda
712 4977 905 5050 praelia
937 4977 1078 5044 sint;
1104 4975 1213 5030 alia
1247 4977 1496 5030 Romana
1527 4991 1705 5042 arma,
1739 4974 1865 5030 alim
1899 4991 2038 5046 opes
2064 4993 2129 5029 ex

499 5079 622 5131 toto
652 5073 902 5145 quaesitae
929 5070 1095 5138 orbe;
1123 5085 1228 5124 nec
1258 5067 1769 5139 Hierosolymitana
1791 5068 1950 5123 vobis
1977 5069 2132 5123 blan-

502 5172 734 5226 diantur
791 5166 1050 5239 praesidia
1109 5181 1446 5230 murorum;
1499 5164 1833 5220 validiorem
1893 5164 2128 5218 Romani

503 5279 733 5319 murum
773 5260 970 5316 oceani
1003 5265 1314 5330 ruperunt;
1349 5259 1442 5313 sed
1484 5258 1550 5312 de
1593 5259 1882 5328 religionis
1925 5257 2132 5312 auxilio

500 5355 862 5430 praesumitis,
891 5370 1019 5408 cum
1061 5353 1259 5407 orbem
1291 5352 1410 5421 jam
1448 5354 1770 5406 Romanum
1799 5353 1928 5405 Jesu
1974 5351 2129 5406 disci-

501 5452 618 5522 puli
660 5447 1035 5520 repleveriut?
1061 5449 1172 5501 Aut
1201 5447 1318 5500 sine
1358 5449 1497 5499 nutu
1534 5445 1632 5499 Dei
1676 5448 1940 5515 putamus
1971 5443 2126 5500 illam

499 5559 750 5597 crescere
772 5541 1124 5611 religionem,
1149 5539 1460 5609 urbemque
1486 5539 1718 5592 Romam
1744 5554 1912 5608 supra
1933 5552 2131 5593 omnes

502 5637 806 5704 religiones
831 5635 1081 5703 proferre
1115 5633 1415 5703 imperium
1441 5647 1628 5686 suum.
1657 5631 1782 5684 Haec.
1805 5632 1913 5701 (36)
1943 5636 2127 5686 nostra

567 5755 659 5814 {33)
691 5754 850 5801 Istud.
881 5754 1053 5802 BARR.

570 5822 660 5884 :36‘
691 5823 779 5871 N8!
829 5823 906 5869 ιυ.

2235 4604 2533 4674 quisquam
2561 4619 2680 4657 sese
2707 4603 3003 4673 immergit
3027 4603 3369 4673 periculum,
3399 4605 3659 4657 oneratur
3681 4595 3821 4650 etiam

2235 4695 2556 4766 opprobrio.
2606 4697 2721 4750 Non
2773 4696 2820 4750 is
2866 4696 3044 4751 hostis
3088 4701 3193 4763 est,
3239 4713 3418 4767 quem
3473 4696 3601 4765 fuga
3639 4687 3822 4763 possitis

2237 4789 2427 4844 vitare.
2463 4789 2818 4861 Quocunque
2859 4789 3029 4855 ibitis,
3063 4793 3337 4861 sequetur
3368 4787 3700 4861 periculum;
3727 4782 3817 4834 imi)

2237 4882 2443 4954 ubique
2486 4883 2711 4938 hostem
2757 4883 3067 4954 reperietis.
3103 4883 3317 4938 Omnes
3358 4883 3514 4938 enim
3551 4878 3698 4934 amici
3731 4875 3817 4928 lto-

2234 4993 2539 5031 manorum
2580 4980 2743 5043 sunt;
2777 4980 2833 5032 et
2861 4977 3182 5049 quicunque
3224 4983 3437 5048 praeter
3474 4976 3814 5030 Romanorum

2234 5070 2542 5125 amicitiam
2582 5074 2686 5139 est,
2727 5070 2903 5125 hostis
2945 5071 3340 5126 universorum
3385 5075 3490 5124 est.
3528 5065 3719 5123 Subest
3743 5072 3816 5113 νοῦ

2235 5164 2432 5233 patrias
2481 5180 2671 5232 amor;
2725 5164 2769 5217 si
2822 5181 2935 5219 non
2994 5166 3299 5236 pignorum
3356 5166 3679 5222 vestrorum,
3724 5165 3810 5208 non

2233 5258 2541 5328 oonjugum
2576 5274 2668 5312 vos
2699 5258 3104 5330 contemplatio
3141 5262 3385 5324 revocat,
3415 5259 3628 5312 revocet
3652 5242 3808 5316 templi

2231 5353 2516 5405 contuitus
2570 5351 2965 5425 sacratissimi;
3021 5353 3232 5424 parcite
3295 5351 3502 5405 saltem
3555 5338 3803 5415 religioni;

2232 5444 2447 5514 parcite
2485 5443 2876 5498 sacratissimis
2910 5445 3316 5509 sacerdotibus,
3349 5442 3554 5515 quibus
3576 5440 3684 5510 jam
3716 5445 3804 5488 non

2230 5541 2475 5609 parcunt
2513 5538 2782 5604 Romani,
2822 5555 3008 5610 neque
3049 5539 3156 5610 ipsi
3201 5539 3436 5609 templo,
3480 5550 3614 5607 quos
3647 5539 3805 5601 βουσί·

2231 5632 2369 5684 cisse
2403 5631 2635 5700 poenitet
2663 5649 2675 5686 :
2707 5633 2976 5704 quoniam
3010 5633 3133 5703 jam
3169 5631 3386 5687 dudum
3427 5629 3610 5684 volunt
3639 5633 3802 5680 omnes

2294 5754 2385 5816 {37)
2413 5754 2496 5802 Al.
2530 5755 2778 5818 regionis.
2807 5756 2890 5806 ID.
