4072 6192
249 312 389 364 2153
1288 310 1373 363 DE
1412 307 1683 363 EXCIDIO
1723 308 1900 362 URBIE

2008 308 2310 362 IEROSOL.
2353 309 2478 363 LIB.
2525 311 2588 362 ll.
3484 315 3619 368 2154

250 439 452 503 gentes
496 436 751 488 nostram
791 431 1154 503 exstinguere
1182 432 1552 504 religionem,
1582 434 1673 486 cui
1714 433 1882 486 Pom-
1910 444 2052 516 Aex
2103 431 2402 488 collatione
2467 433 2758 504 gentium,
2811 434 3089 507 donisque
3156 437 3506 492 diversarum
3558 446 3615 492 et

252 529 416 598 peius
441 531 637 583 tamen
664 543 795 582 cum
823 526 1184 598 exstinguere
1212 530 1426 599 posset,
1449 525 1726 598 pepercit.
1768 527 1886 595 Ego
1989 525 2501 582 innumerabilium
2541 527 2843 583 nationum
2873 546 2885 583 :
2917 527 3234 583 oblitterari
3259 538 3452 586 sancta
3490 548 3612 586 ma-

247 621 395 676 nihil
439 621 804 693 praetermisi,
849 620 1043 676 omnia
1089 621 1313 687 monui,
1355 637 1480 691 qua:
1528 620 1602 674 ad
1639 622 1886 674 vestram
1983 619 2201 690 jorum,
2240 636 2427 675 sacros
2472 621 2612 675 ritus
2654 622 2852 676 novari
2895 622 3028 691 (42).
3060 622 3206 687 Quid
3247 624 3507 680 futurum
3548 627 3617 682 de

248 719 509 787 spectant
553 716 797 770 salutem
849 735 861 770 :
912 715 1020 770 hoc
1067 714 1225 768 vobis
1269 713 1505 782 suadeo,
1549 714 1704 784 quod
1747 713 1888 768 mihi

249 811 408 880 eligo
440 829 451 863 :
483 827 578 863 vos
605 809 983 876 considerate,
1013 808 1153 880 quid
1175 807 1329 862 vobis
1357 812 1415 862 et
1440 807 1582 862 mihi
1610 806 1748 863 utile
1776 807 1882 862 sit:

246 908 388 974 opto
429 903 586 958 vobis
631 906 688 957 et
731 903 874 957 mihi
919 919 1121 974 pacem
1169 918 1289 957 esse
1346 919 1475 955 cum
1519 902 1729 973 populo
1777 903 1885 955 Ro-

255 1014 434 1052 mano
465 1018 476 1051 :
511 998 555 1051 si
596 998 890 1063 recusatis,
922 996 1028 1067 ipsi
1058 1013 1241 1051 meam
1275 996 1433 1050 vobis
1461 996 1680 1066 eripitis
1710 996 1886 1050 socie-

251 1096 434 1146 tatem
466 1110 479 1145 :
510 1098 606 1146 aut
638 1091 956 1146 communis
984 1091 1091 1145 erit
1121 1091 1325 1160 gratia,
1353 1097 1444 1144 aut
1480 1090 1599 1144 sine
1631 1107 1719 1144 me
1748 1089 1889 1160 peri-

249 1187 470 1240 culum.
513 1187 640 1240 Haec
683 1185 897 1253 dicens,
929 1185 1324 1256 illacrymavit,
1367 1184 1631 1239 Berenice
1659 1200 1887 1255 quoque

251 1296 418 1334 soror
446 1280 568 1350 ejus
603 1297 615 1333 :
643 1296 780 1333 nam
813 1285 870 1334 et
897 1280 1019 1349 ipsa
1048 1286 1166 1333 erat
1207 1279 1266 1332 in
1295 1279 1448 1349 Xysti
1477 1277 1887 1348 superioribus,

252 1381 309 1429 et
336 1375 587 1428 multum
617 1391 715 1428 eos
741 1373 991 1444 Agrippa
1019 1373 1134 1427 suis
1160 1372 1431 1444 lacrymis
1461 1372 1784 1439 inflexerat,
1811 1373 1890 1426 ita

253 1472 317 1522 ut
349 1467 612 1522 dicerent
633 1466 811 1521 Judaei
846 1486 858 1521 :
887 1468 1008 1532 Non
1033 1465 1302 1521 Romanis
1328 1466 1611 1520 bellamus
1639 1466 1770 1535 (38),
1794 1465 1890 1520 sed

253 1563 422 1618 Floro
453 1562 550 1634 qui
577 1561 728 1616 bello
755 1561 926 1632 digna
954 1561 1258 1628 commisit,
1285 1561 1499 1616 bellum
1525 1559 1889 1614 inferendum

252 1657 625 1711 arbitramur.
653 1655 966 1726 Respondit
993 1655 1241 1726 Agrippa
1272 1674 1283 1709 :
1308 1655 1406 1710 sed
1434 1655 1538 1709 hoc
1570 1659 1653 1709 est
1680 1655 1886 1708 Roma-

255 1767 401 1806 num
473 1751 688 1804 bellum
740 1750 988 1815 inferre;
1045 1749 1190 1803 facta
1246 1753 1433 1804 vestra
1496 1750 1886 1805 Romanorum

256 1843 534 1914 injuriam
579 1847 801 1914 petunt.
852 1843 976 1897 Non
1021 1842 1206 1910 Floro,
1249 1842 1349 1897 sed
1393 1842 1665 1897 Romanis

259 1940 452 2005 Floro,
475 1937 576 1992 sed
606 1937 812 1991 Cmsari
835 1936 1114 1991 tributum
1135 1941 1381 2007 negatur
1407 1953 1420 1990 :
1458 1953 1572 1990 non
1604 1936 1771 2003 Flori,
1794 1934 1894 1991 sed

255 2035 664 2086 Romanorum
708 2029 874 2084 miles
907 2030 967 2083 in
1009 2034 1194 2085 castro
1229 2035 1334 2098 est,
1375 2029 1534 2100 quod
1574 2029 1896 2100 appellatur

255 2125 533 2193 Antonia,
574 2143 607 2179 a
647 2141 758 2196 quo
802 2124 1004 2179 dirutis
1041 2124 1348 2195 divisisque
1395 2124 1705 2194 porticibus
1744 2126 1892 2176 tem-

258 2221 423 2291 plum
459 2219 784 2290 separastis,
815 2225 879 2272 ut
907 2218 1162 2273 custodia
1201 2220 1681 2290 sequestraretnr.
1714 2218 1890 2271 Resti-

259 2314 410 2368 tuite
461 2316 736 2368 statutum
783 2312 1146 2383 superiorum
1191 2312 1301 2382 (39)
1355 2329 1367 2365 :
1418 2311 1698 2366 tributum
1743 2310 1896 2381 quod

258 2408 468 2462 Caesari
525 2407 784 2476 debetur,
830 2406 1031 2462 Casari
1071 2406 1366 2472 solvatur;
1411 2421 1481 2460 ne
1547 2406 1742 2460 Florus
1789 2405 1897 2458 hoc

262 2502 497 2569 referat,
520 2517 633 2555 non
664 2518 723 2555 se
755 2517 788 2554 a
813 2500 990 2567 vobis,
1019 2499 1122 2554 sed
1147 2499 1376 2555 Caesaris
1395 2498 1706 2570 imperium
1737 2514 1897 2569 repu-

262 2595 510 2650 diatum.
543 2595 917 2667 Acquieverat
957 2595 1201 2665 populus
1235 2593 1323 2648 his
1351 2593 1532 2662 dictis,
1564 2594 1641 2646 ita
1677 2597 1740 2647 ut
1768 2608 1896 2646 cum

260 2689 519 2761 Agrippa
558 2690 615 2743 in
650 2690 932 2760 templum
967 2689 1338 2743 escenderent
1373 2687 1625 2758 porticus
1671 2691 1730 2740 ut
1773 2687 1893 2740 fue-

264 2789 396 2838 rant
423 2783 743 2854 inciperent
767 2781 1071 2850 aadiﬁcare,
1100 2781 1380 2836 tributum
1417 2785 1706 2852 cogerent.
1739 2781 1898 2835 Deni-

265 2893 382 2949 que
425 2877 584 2932 brevi
630 2877 811 2931 missis
855 2876 912 2930 in
946 2875 1275 2946 hujusmodi
1305 2875 1515 2930 muniis
1545 2876 1655 2946 (40)
1699 2875 1891 2928 indus-

263 2972 394 3025 triis
438 2970 891 3038 exsecutoribus,
936 2975 1282 3041 congregata
1331 2975 1462 3023 sunt
1503 2970 1720 3023 talenta
1761 2985 1897 3040 qua-

265 3065 555 3134 draginta,
597 3081 724 3136 quae
766 3064 1003 3119 deerant
1048 3063 1359 3117 tributariae
1399 3062 1682 3117 solutioni.
1726 3062 1896 3117 Com-

1990 713 2076 767 his
2118 730 2246 785 quae
2279 722 2411 769 ante
2451 714 2657 770 collata
2695 722 2849 783 sunt,
2878 715 2922 770 si
2955 716 3129 771 simili
3159 718 3334 772 modo
3376 720 3621 774 conferri

1993 808 2050 862 in
2092 812 2386 878 posterum
2432 809 2578 863 dona
2625 811 2880 881 gentium
2926 811 3386 882 prohibeantur?
3433 817 3539 869 Aut
3577 815 3622 868 si

1991 902 2123 955 solis
2157 903 2426 958 Romanis
2457 904 2530 958 sit
2564 904 2932 960 interdictum
2961 906 3115 977 quod
3141 907 3402 960 omnibus
3437 907 3622 973 liceat,

1991 996 2149 1068 quod
2195 997 2550 1053 incentivum
2591 999 2723 1053 belli
2763 999 3069 1054 futurum?
3106 1002 3484 1070 Postremum,
3513 1001 3623 1055 im-

1992 1091 2172 1162 pium,
2207 1090 2251 1144 si
2292 1091 2441 1162 apud
2470 1093 2692 1147 Judteos
2736 1095 2962 1147 tantum
3007 1109 3108 1149 nec
3151 1093 3486 1163 sacriﬁcare,
3518 1111 3622 1149 nec

1990 1185 2204 1240 inferre
2247 1202 2486 1240 munera
2525 1187 2726 1240 alienis
2759 1187 3209 1257 permitteretur.
3252 1189 3620 1244 Considerare

1993 1296 2087 1333 eos
2132 1285 2414 1351 oportere,
2461 1281 2590 1350 quia
2639 1281 2874 1335 Caesaris
2918 1298 3025 1352 pax
3067 1282 3420 1346 solveretur;
3449 1299 3623 1355 quem

1993 1373 2315 1444 hujusmodi
2341 1378 2557 1428 motum
2584 1373 2918 1443 offensione,
2943 1375 3094 1428 haud
3121 1376 3291 1430 dubie
3317 1376 3623 1445 facturum,

1991 1474 2054 1521 ut
2093 1468 2339 1538 eriperet
2374 1468 2582 1522 Judaeis
2619 1484 2849 1522 omnem
2883 1485 3049 1522 usum
3089 1469 3533 1536 sacriﬁciorum;
3566 1477 3628 1525 ut

1993 1577 2096 1615 nec
2143 1578 2245 1632 pro
2303 1578 2360 1618 se
2419 1561 2820 1628 sacriﬁcarent,
2865 1562 2962 1632 qui
3005 1563 3343 1618 sacriﬁcium
3399 1566 3630 1620 Caesaris

1992 1656 2389 1710 refutavissent
2416 1657 2548 1726 (43),
2573 1655 3036 1726 prazveniendum
3064 1663 3306 1712 mature.
3329 1659 3470 1713 Nam
3492 1659 3628 1714 talia

1993 1750 2249 1804 consulta
2289 1751 2334 1803 si
2382 1749 2453 1802 ad
2496 1750 2741 1817 Florum,
2770 1754 2941 1822 atque
2989 1750 3121 1805 inde
3165 1752 3320 1806 haud
3361 1753 3529 1808 dubie
3557 1755 3629 1808 ad

1714 1859 1726 1896 :
1777 1817 2270 1900 nonBCaesarem
2340 1844 2733 1915 pervenirent,
2783 1817 3110 1899 Ju—daeorum
3182 1847 3338 1916 genti
3412 1851 3629 1917 pestem

1995 1939 2211 1992 factura
2258 1939 2366 2006 (44)
2399 1957 2412 1992 :
2449 1937 2616 1991 simul
2646 1938 2766 1991 haec
2795 1945 3044 1993 astruere
3078 1940 3438 1996 sacerdotum
3470 1943 3629 1997 testi-

1996 2031 2202 2085 moniis
2253 2031 2661 2096 desiderantes,
2710 2026 3166 2110 interrogabant,
3213 2034 3256 2088 si
3303 2051 3553 2106 unquam
3601 2052 3634 2088 a

1996 2125 2308 2196 majoribus
2351 2130 2496 2180 esset
2531 2125 2819 2179 sacriﬁciis
2858 2126 3161 2197 gentilium
3197 2129 3588 2184 renuntiatum
3625 2147 3637 2183 :

1998 2219 2053 2273 id
2095 2220 2404 2290 quominus
2443 2220 2703 2290 liqueret,
2735 2220 3144 2290 obstrepebant
3181 2221 3255 2276 ad
3295 2223 3634 2279 seditionem

1999 2315 2184 2385 parati
2215 2333 2225 2367 :
2260 2330 2362 2368 nec
2399 2313 2640 2367 ministri
2673 2313 2910 2384 quidem
2950 2315 3145 2369 altaris
3186 2316 3478 2372 audebant
3515 2335 3634 2374 sese

1998 2413 2173 2462 tantae
2218 2407 2674 2461 discordantium
2712 2407 2970 2462 inserere
3009 2409 3360 2464 contentioni
3399 2428 3411 2465 :
3459 2429 3637 2468 unum

2001 2501 2314 2556 remedium
2365 2517 2660 2571 superesse
2715 2502 2899 2556 visum
2950 2508 3054 2570 est,
3105 2510 3163 2558 ut
3211 2504 3406 2559 Florus
3462 2509 3634 2576 atque

2000 2592 2249 2663 Agrippa
2278 2607 2377 2646 rex
2404 2607 2534 2644 cum
2564 2590 2794 2645 militari
2822 2607 2999 2646 manu
3029 2592 3315 2661 adessent,
3343 2598 3408 2649 ut
3437 2595 3635 2652 saltem

2001 2688 2157 2740 metu
2195 2684 2556 2752 desisterent,
2596 2685 2693 2755 qui
2732 2685 2965 2740 consilio
3010 2702 3375 2759 nequaquam
3412 2705 3635 2746 revoca-

2000 2782 2219 2833 rentur.
2264 2779 2378 2834 Sed
2418 2780 2631 2848 Florus,
2679 2779 2778 2851 qui
2817 2779 3017 2852 augeri
3059 2781 3228 2837 vellet
3267 2783 3634 2851 seditionem,

2000 2891 2068 2928 ne
2101 2874 2248 2930 ullus
2273 2874 2482 2928 Judaeis
2524 2877 2675 2927 esset
2709 2874 2888 2928 veniae
2916 2875 3073 2929 locus
3101 2877 3220 2946 (qui
3257 2877 3365 2931 nisi
3396 2878 3637 2934 involuti

2001 2968 2148 3023 bello
2179 2968 2388 3034 forent,
2419 2967 2662 3038 urgendi
2700 2967 2930 3038 rapinas
2965 2969 3069 3038 (45)
3104 2969 3244 3040 ejus,
3279 2975 3338 3025 et
3375 2973 3640 3042 graviora

2001 3061 2302 3116 commissa
2359 3062 2596 3116 facultas
2650 3061 2836 3115 omnis
2890 3063 3396 3135 exstingueretur),
3445 3082 3640 3136 passus

265 3175 497 3230 pressus
525 3158 714 3213 fuerat
739 3159 928 3212 omnis
965 3157 1096 3212 belli
1127 3157 1433 3223 tumultus;
1457 3157 1557 3211 sed
1586 3157 1901 3227 adjungere
1925 3189 1978 3262 Ο
2004 3159 2089 3211 est
2113 3172 2373 3210 crescere
2401 3155 2536 3209 belli
2559 3155 2838 3222 furorem,
2864 3156 3125 3227 nihilque
3153 3159 3358 3229 legatis
3384 3163 3640 3232 responsi

265 3253 359 3307 his
394 3253 642 3323 Agrippa
669 3252 878 3318 volens,
909 3255 970 3306 ut
1007 3251 1169 3306 Floro
1200 3251 1692 3323 obtemperarent,
1724 3251 1904 3304 donec

265 3348 317 3402 ei
363 3363 397 3399 a
438 3347 658 3402 Caesare
692 3362 978 3401 successor
1016 3344 1254 3409 veniret,
1286 3345 1365 3399 ita
1404 3345 1625 3415 plebem
1666 3360 1902 3415 exaspe-

266 3441 436 3507 ravit,
467 3447 527 3494 ut
555 3457 628 3494 ne
655 3439 724 3494 ab
753 3440 876 3511 ejus
911 3439 1148 3511 quidem
1178 3439 1527 3494 contumelia
1555 3442 1902 3510 temperare-

270 3540 387 3600 tur,
416 3534 515 3590 sed
559 3540 857 3590 extrusum
898 3533 1038 3588 urbe
1077 3533 1364 3587 nonnullis
1391 3533 1560 3604 jactis
1601 3532 1903 3602 lapidibus,

273 3630 559 3683 incertum
601 3645 672 3683 an
720 3629 1121 3700 percusserint.
1150 3630 1498 3699 Quamotus
1535 3626 1745 3696 injuria
1783 3642 1903 3691 rex,

272 3725 536 3776 auctores
581 3739 784 3777 eorum
827 3723 1264 3792 comprehensos
1303 3721 1371 3775 ad
1406 3721 1632 3774 Florum
1676 3719 1904 3773 direxit.

271 3819 404 3887 Ipse
431 3819 618 3871 autem
647 3816 702 3870 in
730 3832 972 3887 regnum
1000 3832 1170 3870 suum
1201 3815 1500 3870 concessit.

923 3911 1142 3967 CAPUT
1189 3910 1249 3963 X.

344 4007 423 4058 Eo
462 4004 786 4060 discedente
815 4004 1184 4059 concitatores
1219 4002 1372 4069 belli,
1403 4002 1732 4071 compositis
1770 4002 1906 4056 insi-

269 4099 412 4165 diis,
456 4099 702 4153 Massada
746 4099 1032 4153 castellum
1090 4100 1533 4168 occupaverunt,
1579 4096 1908 4167 necatisque

273 4195 670 4248 Romanorum
699 4192 1023 4247 custodibus
1049 4209 1177 4246 suos
1215 4191 1583 4246 constituere.
1614 4191 1910 4245 Eleazarus

272 4303 507 4358 quoque
553 4286 828 4358 principis
886 4286 1241 4341 sacerdotum
1286 4285 1440 4340 ﬁlius
1485 4290 1787 4356 praeruptae
1827 4285 1912 4339 vir

274 4379 530 4434 audaciae
590 4379 782 4447 suasit,
824 4397 895 4434 ne
945 4380 1106 4450 cujus
1162 4378 1499 4450 alienigena:
1560 4377 1774 4432 donum
1825 4379 1908 4432 vel

275 4473 624 4528 sacriﬁcium
664 4474 1018 4544 reciperetur
1050 4490 1062 4527 :
1093 4489 1217 4544 quae
1243 4473 1408 4528 turba
1445 4472 1579 4526 belli
1611 4473 1911 4527 adversum

2008 3249 2272 3305 reddidit.
2293 3249 2546 3320 Agrippa
2568 3265 2703 3303 vero
2730 3265 2900 3321 quam
2933 3251 3182 3306 maxime
3210 3253 3502 3308 ambiebat
3530 3257 3643 3327 (46)

2007 3344 2156 3414 Scyli
2199 3349 2254 3398 et
2293 3343 2514 3414 Antipae
2555 3343 2969 3416 Custobarique
3015 3347 3471 3418 propinquorum
3512 3366 3638 3403 suo-

2007 3454 2134 3492 rum
2163 3437 2532 3509 legationem,
2558 3438 2616 3492 in
2641 3453 2948 3493 commune
2979 3438 3214 3506 bonum,
3246 3447 3308 3495 ut
3345 3445 3402 3496 et
3425 3443 3644 3498 Iudaeos

2008 3532 2281 3587 Romanis
2336 3537 2609 3599 servaret,
2663 3534 2721 3585 et
2772 3531 2981 3586 Iudaeis
3029 3532 3390 3606 religionem,
3443 3541 3643 3608 patriae

2008 3627 2312 3697 templum,
2361 3625 2565 3679 urbem
2620 3624 2855 3693 civibus,
2904 3625 3127 3697 sibique
3175 3628 3399 3700 imperii
3447 3632 3640 3700 decus,

2010 3720 2172 3790 regni
2234 3718 2725 3789 tranquillitatem,
2773 3718 2928 3772 misit
2983 3721 3092 3774 tria
3151 3722 3330 3776 millia
3385 3726 3641 3794 equitum

2011 3814 2176 3868 Dario
2221 3819 2280 3869 et
2335 3812 2591 3883 Philippo
2649 3817 2968 3867 turmarum
3019 3814 3277 3881 ducibus,
3330 3824 3388 3870 ut
3433 3821 3644 3874 auxilio

2009 3908 2163 3977 freti,
2192 3908 2472 3961 bonarum
2502 3906 2854 3961 consultores
2890 3907 3142 3977 partium
3177 3911 3502 3981 promptius
3542 3915 3634 3967 ad-

2010 4002 2352 4057 niterentur.
2405 4000 2545 4056 Hinc
2582 4000 2791 4055 ﬁducia
2835 4001 2997 4056 bonis
3045 4008 3186 4072 orta,
3236 4004 3512 4074 improbis
3549 4008 3640 4060 in-

2011 4097 2293 4168 dignatio,
2341 4095 2560 4149 bellum
2591 4095 2860 4150 adolevit.
2905 4097 3044 4151 Cum
3079 4097 3184 4152 hos
3227 4114 3395 4153 causa
3415 4100 3644 4170 justior,

2011 4203 2138 4258 qum
2170 4186 2313 4240 nihil
2339 4189 2540 4240 tamen
2565 4201 2860 4240 armorum
2891 4187 3186 4242 conﬂictus
3218 4189 3449 4258 juvaret
3476 4207 3488 4254 ;
3516 4190 3642 4245 illos

2013 4278 2175 4332 furor
2217 4280 2276 4330 et
2314 4275 2698 4330 multitudinis
2743 4293 3020 4332 numerus
3059 4280 3416 4349 accenderet,
3453 4281 3645 4336 divisae

2012 4371 2162 4427 acies
2205 4371 2626 4442 praaliatorum.
2659 4371 2950 4442 Principes
2992 4373 3353 4428 sacerdotum
3391 4382 3446 4429 et
3488 4377 3646 4446 vulgi

2012 4467 2200 4537 portio
2241 4481 2370 4536 quae
2412 4480 2612 4535 pacem
2651 4465 2946 4535 optabant,
2979 4481 3109 4519 cum
3157 4467 3326 4536 regiis
3359 4469 3648 4538 equitibus

278 4569 572 4623 Romanos
599 4567 724 4634 fuit,
761 4568 1161 4638 universosque
1200 4567 1254 4620 in
1288 4567 1596 4621 tumultum
1634 4566 1912 4621 excitavit.
1934 4564 1994 4636 D
2018 4565 2239 4631 partem
2271 4558 2512 4612 civitatis
2540 4559 2895 4628 superiorem
2929 4574 3271 4629 occupavere
3305 4577 3317 4614 :
3350 4560 3430 4614 illi
3456 4562 3554 4616 alii
3589 4563 3646 4616 in

279 4661 551 4714 Videntes
578 4660 768 4732 itaque
808 4660 1084 4732 potissimi
1113 4660 1346 4732 quique,
1379 4661 1528 4732 quod
1555 4677 1623 4715 ea
1656 4678 1740 4715 res
1766 4678 1911 4732 pros-

276 4760 526 4826 sumptas
569 4755 678 4826 (41)
706 4771 871 4809 causa
908 4755 1053 4808 foret
1080 4754 1465 4822 dissensionis,
1500 4755 1748 4825 agebant
1782 4772 1914 4808 cum

279 4849 523 4920 populo,
575 4865 689 4903 non
750 4849 933 4902 solum
987 4848 1187 4902 Caesari
1244 4847 1459 4902 bellum
1503 4849 1770 4920 irrogari,
1821 4849 1917 4903 sed

278 4943 484 4997 violari
523 4942 693 4996 etiam
734 4942 991 4996 instituta
1031 4941 1347 5013 religionis,
1378 4942 1689 5013 templique
1727 4942 1914 4995 immi-

281 5036 385 5092 nui
414 5037 793 5090 reverentiam
825 5053 838 5089 :
870 5035 1035 5106 argui
1061 5039 1116 5090 et
1145 5035 1514 5090 condemnari
1543 5041 1772 5106 patrum
1802 5039 1916 5090 tra-

281 5130 551 5196 ditiones,
574 5130 672 5202 qui
704 5146 770 5184 ex
802 5129 1140 5184 muneribus
1165 5129 1618 5199 alienigenarum
1642 5130 1920 5200 templum

281 5223 634 5286 ornaverint,
669 5223 758 5277 cui
791 5224 970 5278 multo
1000 5223 1243 5294 amplius
1268 5225 1564 5280 accesserit
1592 5223 1918 5280 divitiarum

350 5393 452 5456 (38)
481 5391 821 5442 Rebellamus.
862 5393 1038 5442 BARR.

353 5465 460 5528 (39)
491 5465 848 5528 Superiorem.
877 5464 958 5512 ID.

354 5535 453 5599 (40)
483 5537 690 5584 Munus.
725 5535 808 5584 In.
839 5562 900 5571 —
951 5535 1154 5586 Recole
1199 5536 1276 5584 sis
1318 5549 1445 5599 quae
1490 5539 1770 5601 superius,
1814 5539 1918 5588 col.

285 5607 436 5664 2150,
469 5605 537 5655 ad
580 5604 911 5668 [auctionum
949 5607 1134 5656 munia
1177 5619 1245 5655 ex
1288 5605 1573 5657 Mazochio
1627 5609 1924 5659 annotavi-

286 5691 434 5729 mus.
469 5677 769 5728 GALLAND.

356 5751 456 5810 (41)
480 5751 784 5813 Praerupta.
813 5749 990 5800 BARR.

353 5821 458 5883 (42)
483 5818 617 5871 Cod.
651 5824 760 5870 vet.
790 5823 998 5883 negari.
1033 5822 1114 5871 ID.

357 5891 456 5954 (43)
507 5891 589 5942 Ita
636 5903 704 5943 ex
751 5891 994 5941 editione
1053 5892 1396 5943 Ascensiana
1444 5891 1723 5956 supplevit
1775 5891 1927 5941 hunc

621 5971 898 6038 Parma.
945 5972 1073 6039 XV.
1120 5971 1304 6054 (XIV,
1355 5990 1509 6038 rans
1554 5971 1660 6055 Il.)

2016 4652 2386 4708 inferioribus
2416 4651 2541 4718 sibi,
2572 4651 2851 4722 templum
2881 4654 2937 4706 et
2971 4651 3292 4724 propinqua
3316 4654 3436 4709 loca
3479 4659 3649 4712 sacris

2018 4747 2122 4802 sibi
2165 4745 2552 4800 vindicabant.
2583 4745 2773 4800 Primo
2812 4744 3099 4817 lapidibus
3142 4752 3199 4801 et
3237 4751 3385 4803 saxis
3417 4757 3474 4805 et
3493 4752 3650 4821 jactu

2020 4842 2264 4896 telorum
2300 4840 2578 4910 utrinque
2614 4839 2829 4894 bellum
2866 4841 3173 4910 lacessunt,
3204 4842 3519 4898 decernunt
3557 4864 3646 4901 sa-

2021 4934 2192 5007 gittis.
2223 4937 2416 4990 Postea
2445 4939 2510 4988 ut
2549 4950 2668 4988 sese
2693 4934 2841 4989 forte
2879 4934 3085 4991 obtulit
3113 4937 3406 5006 praeliandi
3449 4955 3646 4995 neces-

2020 5030 2174 5097 sitas,
2206 5034 2482 5084 consertze
2525 5046 2730 5084 manus
2762 5045 2774 5082 :
2812 5029 3022 5100 peritia
3061 5047 3278 5102 usuque
3313 5033 3460 5104 regii
3499 5051 3648 5106 prai-

2023 5124 2267 5192 stabant,
2306 5124 2561 5179 volentes
2605 5139 2797 5178 arcere
2849 5140 3073 5178 accessu
3119 5124 3254 5180 belli
3295 5128 3650 5194 excitatores,

2023 5235 2094 5273 ne
2140 5219 2422 5290 templum
2458 5217 2871 5272 intaminarent
2908 5235 2921 5272 :
2967 5221 3165 5273 contra
3207 5220 3473 5276 Eleazaro
3518 5238 3646 5277 cum

2025 5391 2209 5438 locum
2237 5386 2574 5438 Mazochius.
2608 5387 2692 5436 Al.
2727 5385 2880 5448 edit,
2908 5393 2965 5436 ut
2999 5401 3089 5437 nec
3126 5401 3225 5452 pro
3257 5402 3312 5436 se
3335 5390 3651 5452 sacriﬁcium

2026 5459 2252 5510 Cesaris
2282 5459 2667 5521 refutavissent.
2700 5459 3000 5511 GALLAND.

2085 5533 2184 5595 (44)
2213 5532 2492 5581 Futurum.
2524 5532 2702 5582 Buta.

2089 5604 2186 5667 (45)
2219 5602 2342 5652 Vet.
2380 5602 2524 5664 cod.,
2557 5601 2748 5667 quibus
2791 5605 2838 5652 si
2879 5602 3105 5653 involuti
3145 5603 3276 5654 bello
3315 5605 3506 5666 forent.
3553 5622 3656 5658 ar—

2025 5675 2221 5741 guendi
2249 5675 2495 5738 rapinas,
2527 5679 2632 5724 etc.
2667 5675 2750 5723 In.

2091 5746 2188 5809 (46)
2225 5744 2453 5809 Aliquid
2502 5744 2694 5795 deesse
2740 5745 2982 5807 videtur,
3041 5746 3339 5809 legendum
3392 5751 3663 5812 fortasse;

2027 5818 2259 5939 agrippa
2289 5830 2414 5865 vero
2461 5829 2555 5876 our
2602 5830 2763 5880 quam
2810 5818 3034 5867 maximn
3079 5817 3301 5869 amb.....
3349 5820 3511 5881 misit,
3554 5828 3664 5874 etc.

2082 5900 2330 5938 ALLAND.

2082 5900 2330 5938 ALLAND.

3268 5979 3345 6036 68
