  <div class='ocr_page' id='page_1' title='image "/cluster/home/n/w/nwhite01/storage/ocr_20150623/15/hvd.32044048207278/459.png"; bbox 0 0 4000 6166; ppageno 0'>
   <div class='ocr_carea' id='block_1_1' title="bbox 560 326 697 378">
    <p class='ocr_par' dir='ltr' id='par_1_1' title="bbox 560 326 697 378">
     <span class='ocr_line' id='line_1_1' title="bbox 560 326 697 378; baseline -0.015 0"><span class='ocrx_word' id='word_1_1' title='bbox 560 326 697 378; x_wconf 75' lang='grc'>2155</span> 
     </span>
    </p>
   </div>
   <div class='ocr_carea' id='block_1_2' title="bbox 2015 323 2426 379">
    <p class='ocr_par' dir='ltr' id='par_1_2' title="bbox 2015 323 2426 379">
     <span class='ocr_line' id='line_1_2' title="bbox 2015 323 2426 379; baseline -0.005 -2"><span class='ocrx_word' id='word_1_2' title='bbox 2015 326 2069 377; x_wconf 79' lang='lat' dir='ltr'>S.</span> <span class='ocrx_word' id='word_1_3' title='bbox 2113 323 2426 379; x_wconf 81' lang='lat' dir='ltr'>AMBROSH</span> 
     </span>
    </p>
   </div>
   <div class='ocr_carea' id='block_1_3' title="bbox 3720 338 3820 390">
    <p class='ocr_par' dir='ltr' id='par_1_3' title="bbox 3720 338 3820 390">
     <span class='ocr_line' id='line_1_3' title="bbox 3720 338 3820 390; baseline 0.03 -3"><span class='ocrx_word' id='word_1_4' title='bbox 3720 338 3820 390; x_wconf 72' lang='lat'>“2156</span> 
     </span>
    </p>
   </div>
   <div class='ocr_carea' id='block_1_4' title="bbox 563 446 3823 531">
    <p class='ocr_par' dir='ltr' id='par_1_4' title="bbox 563 446 3823 531">
     <span class='ocr_line' id='line_1_4' title="bbox 563 446 3823 531; baseline 0.004 -34"><span class='ocrx_word' id='word_1_5' title='bbox 563 448 697 511; x_wconf 82' lang='lat' dir='ltr'>suis,</span> <span class='ocrx_word' id='word_1_6' title='bbox 722 448 897 501; x_wconf 89' lang='lat' dir='ltr'>etiam</span> <span class='ocrx_word' id='word_1_7' title='bbox 930 447 1292 517; x_wconf 82' lang='lat' dir='ltr'>superiorem</span> <span class='ocrx_word' id='word_1_8' title='bbox 1320 447 1521 501; x_wconf 84' lang='lat' dir='ltr'>urbem</span> <span class='ocrx_word' id='word_1_9' title='bbox 1544 463 1672 517; x_wconf 71' lang='lat' dir='ltr'>quae</span> <span class='ocrx_word' id='word_1_10' title='bbox 1704 446 2009 502; x_wconf 79' lang='lat' dir='ltr'>vocabatur</span> <span class='ocrx_word' id='word_1_11' title='bbox 2036 447 2191 514; x_wconf 88' lang='lat' dir='ltr'>Sion,</span> <span class='ocrx_word' id='word_1_12' title='bbox 2218 462 2274 531; x_wconf 78' lang='grc' dir='ltr'><strong>Α</strong></span> <span class='ocrx_word' id='word_1_13' title='bbox 2298 454 2489 502; x_wconf 89' lang='lat' dir='ltr'>tamen</span> <span class='ocrx_word' id='word_1_14' title='bbox 2532 447 2715 502; x_wconf 88' lang='lat' dir='ltr'>adhuc</span> <span class='ocrx_word' id='word_1_15' title='bbox 2744 447 2847 501; x_wconf 85' lang='lat' dir='ltr'>sibi</span> <span class='ocrx_word' id='word_1_16' title='bbox 2884 447 3127 502; x_wconf 76' lang='lat' dir='ltr'>invicem</span> <span class='ocrx_word' id='word_1_17' title='bbox 3176 446 3578 504; x_wconf 74' lang='lat' dir='ltr'>minitabantur.</span> <span class='ocrx_word' id='word_1_18' title='bbox 3603 454 3711 507; x_wconf 81' lang='lat' dir='ltr'>Erat</span> <span class='ocrx_word' id='word_1_19' title='bbox 3744 458 3823 511; x_wconf 88' lang='lat' dir='ltr'>im-</span> 
     </span>
    </p>
   </div>
   <div class='ocr_carea' id='block_1_5' title="bbox 562 539 2195 611">
    <p class='ocr_par' dir='ltr' id='par_1_5' title="bbox 562 539 2195 611">
     <span class='ocr_line' id='line_1_5' title="bbox 562 539 2195 611; baseline 0.002 -19"><span class='ocrx_word' id='word_1_20' title='bbox 562 540 829 594; x_wconf 88' lang='lat' dir='ltr'>invadere</span> <span class='ocrx_word' id='word_1_21' title='bbox 867 539 1120 594; x_wconf 88' lang='lat' dir='ltr'>studium</span> <span class='ocrx_word' id='word_1_22' title='bbox 1160 542 1283 593; x_wconf 91' lang='lat' dir='ltr'>erat</span> <span class='ocrx_word' id='word_1_23' title='bbox 1321 557 1334 595; x_wconf 88' lang='lat'>:</span> <span class='ocrx_word' id='word_1_24' title='bbox 1367 545 1589 611; x_wconf 78' lang='lat' dir='ltr'>septem</span> <span class='ocrx_word' id='word_1_25' title='bbox 1629 541 1831 595; x_wconf 90' lang='lat' dir='ltr'>diebus</span> <span class='ocrx_word' id='word_1_26' title='bbox 1867 541 1989 595; x_wconf 84' lang='lat' dir='ltr'>sine</span> <span class='ocrx_word' id='word_1_27' title='bbox 2026 542 2195 596; x_wconf 84' lang='lat' dir='ltr'>inter-</span> 
     </span>
    </p>
   </div>
   <div class='ocr_carea' id='block_1_6' title="bbox 567 633 2196 705">
    <p class='ocr_par' dir='ltr' id='par_1_6' title="bbox 567 633 2196 705">
     <span class='ocr_line' id='line_1_6' title="bbox 567 633 2196 705; baseline 0 -17"><span class='ocrx_word' id='word_1_28' title='bbox 567 633 834 689; x_wconf 85' lang='lat' dir='ltr'>missione</span> <span class='ocrx_word' id='word_1_29' title='bbox 872 633 1062 705; x_wconf 86' lang='lat' dir='ltr'>aliqua</span> <span class='ocrx_word' id='word_1_30' title='bbox 1090 633 1366 689; x_wconf 80' lang='lat' dir='ltr'>bellatum</span> <span class='ocrx_word' id='word_1_31' title='bbox 1409 638 1512 689; x_wconf 86' lang='lat' dir='ltr'>est.</span> <span class='ocrx_word' id='word_1_32' title='bbox 1543 634 1784 691; x_wconf 85' lang='lat' dir='ltr'>Octavus</span> <span class='ocrx_word' id='word_1_33' title='bbox 1820 634 2196 690; x_wconf 89' lang='lat' dir='ltr'>solemnitatis</span> 
     </span>
    </p>
   </div>
   <div class='ocr_carea' id='block_1_7' title="bbox 560 726 2191 800">
    <p class='ocr_par' dir='ltr' id='par_1_7' title="bbox 560 726 2191 800">
     <span class='ocr_line' id='line_1_7' title="bbox 560 726 2191 800; baseline 0.001 -19"><span class='ocrx_word' id='word_1_34' title='bbox 560 726 705 795; x_wconf 84' lang='lat' dir='ltr'>dies,</span> <span class='ocrx_word' id='word_1_35' title='bbox 737 744 850 799; x_wconf 92' lang='lat' dir='ltr'>quo</span> <span class='ocrx_word' id='word_1_36' title='bbox 878 726 1038 798; x_wconf 88' lang='lat' dir='ltr'>ligna</span> <span class='ocrx_word' id='word_1_37' title='bbox 1064 744 1265 783; x_wconf 91' lang='lat' dir='ltr'>omnes</span> <span class='ocrx_word' id='word_1_38' title='bbox 1300 728 1567 783; x_wconf 77' lang='lat' dir='ltr'>altaribus</span> <span class='ocrx_word' id='word_1_39' title='bbox 1592 729 1849 785; x_wconf 80' lang='lat' dir='ltr'>solebant</span> <span class='ocrx_word' id='word_1_40' title='bbox 1874 729 2191 800; x_wconf 85' lang='lat' dir='ltr'>imponere,</span> 
     </span>
    </p>
   </div>
   <div class='ocr_carea' id='block_1_8' title="bbox 564 821 2195 894">
    <p class='ocr_par' dir='ltr' id='par_1_8' title="bbox 564 821 2195 894">
     <span class='ocr_line' id='line_1_8' title="bbox 564 821 2195 894; baseline 0.001 -19"><span class='ocrx_word' id='word_1_41' title='bbox 564 837 637 876; x_wconf 92' lang='lat' dir='ltr'>ne</span> <span class='ocrx_word' id='word_1_42' title='bbox 663 821 890 893; x_wconf 86' lang='lat' dir='ltr'>quando</span> <span class='ocrx_word' id='word_1_43' title='bbox 912 821 1063 893; x_wconf 85' lang='lat' dir='ltr'>ignis</span> <span class='ocrx_word' id='word_1_44' title='bbox 1096 821 1383 891; x_wconf 85' lang='lat' dir='ltr'>deﬁceret,</span> <span class='ocrx_word' id='word_1_45' title='bbox 1404 839 1577 894; x_wconf 86' lang='lat' dir='ltr'>quem</span> <span class='ocrx_word' id='word_1_46' title='bbox 1607 823 1903 893; x_wconf 84' lang='lat' dir='ltr'>oportebat</span> <span class='ocrx_word' id='word_1_47' title='bbox 1926 823 2195 878; x_wconf 85' lang='lat' dir='ltr'>inexstin-</span> 
     </span>
    </p>
   </div>
   <div class='ocr_carea' id='block_1_9' title="bbox 566 914 2195 987">
    <p class='ocr_par' dir='ltr' id='par_1_9' title="bbox 566 914 2195 987">
     <span class='ocr_line' id='line_1_9' title="bbox 566 914 2195 987; baseline 0.001 -18"><span class='ocrx_word' id='word_1_48' title='bbox 566 914 839 986; x_wconf 88' lang='lat' dir='ltr'>guibilem</span> <span class='ocrx_word' id='word_1_49' title='bbox 865 932 1251 987; x_wconf 84' lang='lat' dir='ltr'>perseverare,</span> <span class='ocrx_word' id='word_1_50' title='bbox 1279 916 1536 971; x_wconf 87' lang='lat' dir='ltr'>furorem</span> <span class='ocrx_word' id='word_1_51' title='bbox 1575 916 1813 983; x_wconf 87' lang='lat' dir='ltr'>addidit,</span> <span class='ocrx_word' id='word_1_52' title='bbox 1846 920 1907 971; x_wconf 92' lang='lat' dir='ltr'>ut</span> <span class='ocrx_word' id='word_1_53' title='bbox 1938 933 2136 971; x_wconf 87' lang='lat' dir='ltr'>omnes</span> <span class='ocrx_word' id='word_1_54' title='bbox 2162 933 2195 971; x_wconf 90' lang='lat' dir='ltr'>a</span> 
     </span>
    </p>
   </div>
   <div class='ocr_carea' id='block_1_10' title="bbox 566 1008 2193 1081">
    <p class='ocr_par' dir='ltr' id='par_1_10' title="bbox 566 1008 2193 1081">
     <span class='ocr_line' id='line_1_10' title="bbox 566 1008 2193 1081; baseline 0.002 -20"><span class='ocrx_word' id='word_1_55' title='bbox 566 1009 780 1081; x_wconf 90' lang='lat' dir='ltr'>templo</span> <span class='ocrx_word' id='word_1_56' title='bbox 850 1008 1095 1063; x_wconf 85' lang='lat' dir='ltr'>ministri</span> <span class='ocrx_word' id='word_1_57' title='bbox 1162 1010 1623 1065; x_wconf 83' lang='lat' dir='ltr'>excluderentur.</span> <span class='ocrx_word' id='word_1_58' title='bbox 1688 1011 1968 1066; x_wconf 86' lang='lat' dir='ltr'>Audacius</span> <span class='ocrx_word' id='word_1_59' title='bbox 2030 1009 2193 1065; x_wconf 90' lang='lat' dir='ltr'>solito</span> 
     </span>
    </p>
   </div>
   <div class='ocr_carea' id='block_1_11' title="bbox 567 1103 2193 1176">
    <p class='ocr_par' dir='ltr' id='par_1_11' title="bbox 567 1103 2193 1176">
     <span class='ocr_line' id='line_1_11' title="bbox 567 1103 2193 1176; baseline 0.002 -20"><span class='ocrx_word' id='word_1_60' title='bbox 567 1103 783 1158; x_wconf 83' lang='lat' dir='ltr'>sicariis</span> <span class='ocrx_word' id='word_1_61' title='bbox 831 1120 952 1158; x_wconf 90' lang='lat' dir='ltr'>sese</span> <span class='ocrx_word' id='word_1_62' title='bbox 999 1103 1446 1174; x_wconf 87' lang='lat' dir='ltr'>proripientibus</span> <span class='ocrx_word' id='word_1_63' title='bbox 1501 1121 1721 1161; x_wconf 89' lang='lat' dir='ltr'>cessere</span> <span class='ocrx_word' id='word_1_64' title='bbox 1767 1105 1936 1176; x_wconf 88' lang='lat' dir='ltr'>regii,</span> <span class='ocrx_word' id='word_1_65' title='bbox 1988 1121 2090 1160; x_wconf 89' lang='lat' dir='ltr'>nec</span> <span class='ocrx_word' id='word_1_66' title='bbox 2134 1104 2193 1159; x_wconf 92' lang='lat' dir='ltr'>in</span> 
     </span>
    </p>
   </div>
   <div class='ocr_carea' id='block_1_12' title="bbox 566 1197 2195 1268">
    <p class='ocr_par' dir='ltr' id='par_1_12' title="bbox 566 1197 2195 1268">
     <span class='ocr_line' id='line_1_12' title="bbox 566 1197 2195 1268; baseline 0.001 -17"><span class='ocrx_word' id='word_1_67' title='bbox 566 1197 954 1268; x_wconf 87' lang='lat' dir='ltr'>superioribus</span> <span class='ocrx_word' id='word_1_68' title='bbox 973 1197 1231 1268; x_wconf 90' lang='lat' dir='ltr'>partibus</span> <span class='ocrx_word' id='word_1_69' title='bbox 1261 1199 1567 1253; x_wconf 80' lang='lat' dir='ltr'>consistere</span> <span class='ocrx_word' id='word_1_70' title='bbox 1594 1200 1713 1254; x_wconf 89' lang='lat' dir='ltr'>ausi</span> <span class='ocrx_word' id='word_1_71' title='bbox 1740 1217 1754 1255; x_wconf 89' lang='lat'><strong>:</strong></span> <span class='ocrx_word' id='word_1_72' title='bbox 1777 1199 2021 1254; x_wconf 64' lang='lat' dir='ltr'>incensa:</span> <span class='ocrx_word' id='word_1_73' title='bbox 2048 1199 2195 1253; x_wconf 62' lang='lat' dir='ltr'>aedes</span> 
     </span>
    </p>
   </div>
   <div class='ocr_carea' id='block_1_13' title="bbox 564 1291 2195 1364">
    <p class='ocr_par' dir='ltr' id='par_1_13' title="bbox 564 1291 2195 1364">
     <span class='ocr_line' id='line_1_13' title="bbox 564 1291 2195 1364; baseline 0.001 -19"><span class='ocrx_word' id='word_1_74' title='bbox 564 1291 831 1362; x_wconf 71' lang='lat' dir='ltr'>Agrippae</span> <span class='ocrx_word' id='word_1_75' title='bbox 891 1296 948 1345; x_wconf 93' lang='lat' dir='ltr'>et</span> <span class='ocrx_word' id='word_1_76' title='bbox 1020 1291 1341 1360; x_wconf 88' lang='lat' dir='ltr'>Berenices,</span> <span class='ocrx_word' id='word_1_77' title='bbox 1391 1292 1685 1364; x_wconf 90' lang='lat' dir='ltr'>direptum</span> <span class='ocrx_word' id='word_1_78' title='bbox 1743 1310 1917 1348; x_wconf 91' lang='lat' dir='ltr'>omne</span> <span class='ocrx_word' id='word_1_79' title='bbox 1993 1294 2195 1347; x_wconf 86' lang='lat' dir='ltr'>instru-</span> 
     </span>
    </p>
   </div>
   <div class='ocr_carea' id='block_1_14' title="bbox 564 1384 2196 1457">
    <p class='ocr_par' dir='ltr' id='par_1_14' title="bbox 564 1384 2196 1457">
     <span class='ocr_line' id='line_1_14' title="bbox 564 1384 2196 1457; baseline 0.002 -18"><span class='ocrx_word' id='word_1_80' title='bbox 564 1388 825 1440; x_wconf 86' lang='lat' dir='ltr'>mentum</span> <span class='ocrx_word' id='word_1_81' title='bbox 860 1384 1085 1456; x_wconf 90' lang='lat' dir='ltr'>regium</span> <span class='ocrx_word' id='word_1_82' title='bbox 1118 1403 1132 1441; x_wconf 90' lang='lat'>:</span> <span class='ocrx_word' id='word_1_83' title='bbox 1164 1387 1318 1457; x_wconf 88' lang='lat' dir='ltr'>ignis</span> <span class='ocrx_word' id='word_1_84' title='bbox 1354 1386 1885 1455; x_wconf 87' lang='lat' dir='ltr'>circumferebatur,</span> <span class='ocrx_word' id='word_1_85' title='bbox 1916 1394 1981 1442; x_wconf 91' lang='lat' dir='ltr'>ut</span> <span class='ocrx_word' id='word_1_86' title='bbox 2013 1387 2196 1442; x_wconf 90' lang='lat' dir='ltr'>chiro-</span> 
     </span>
    </p>
   </div>
   <div class='ocr_carea' id='block_1_15' title="bbox 565 1478 2198 1550">
    <p class='ocr_par' dir='ltr' id='par_1_15' title="bbox 565 1478 2198 1550">
     <span class='ocr_line' id='line_1_15' title="bbox 565 1478 2198 1550; baseline 0.002 -19"><span class='ocrx_word' id='word_1_87' title='bbox 565 1478 784 1549; x_wconf 88' lang='lat' dir='ltr'>grapha</span> <span class='ocrx_word' id='word_1_88' title='bbox 799 1478 1145 1547; x_wconf 88' lang='lat' dir='ltr'>debitorum,</span> <span class='ocrx_word' id='word_1_89' title='bbox 1170 1496 1300 1550; x_wconf 68' lang='lat' dir='ltr'>quae</span> <span class='ocrx_word' id='word_1_90' title='bbox 1323 1480 1619 1537; x_wconf 90' lang='lat' dir='ltr'>recondita</span> <span class='ocrx_word' id='word_1_91' title='bbox 1639 1482 1698 1535; x_wconf 91' lang='lat' dir='ltr'>in</span> <span class='ocrx_word' id='word_1_92' title='bbox 1719 1481 2016 1536; x_wconf 89' lang='lat' dir='ltr'>tabulariis</span> <span class='ocrx_word' id='word_1_93' title='bbox 2032 1486 2198 1535; x_wconf 89' lang='lat' dir='ltr'>erant</span> 
     </span>
    </p>
   </div>
   <div class='ocr_carea' id='block_1_16' title="bbox 564 1571 2196 1643">
    <p class='ocr_par' dir='ltr' id='par_1_16' title="bbox 564 1571 2196 1643">
     <span class='ocr_line' id='line_1_16' title="bbox 564 1571 2196 1643; baseline 0.003 -19"><span class='ocrx_word' id='word_1_94' title='bbox 564 1571 803 1641; x_wconf 88' lang='lat' dir='ltr'>publicis</span> <span class='ocrx_word' id='word_1_95' title='bbox 846 1571 952 1643; x_wconf 81' lang='grc'>(47)</span> <span class='ocrx_word' id='word_1_96' title='bbox 998 1576 1389 1628; x_wconf 83' lang='lat' dir='ltr'>exurerentur.</span> <span class='ocrx_word' id='word_1_97' title='bbox 1445 1574 1568 1638; x_wconf 88' lang='lat' dir='ltr'>Quo</span> <span class='ocrx_word' id='word_1_98' title='bbox 1621 1574 2038 1630; x_wconf 89' lang='lat' dir='ltr'>feneratoribus</span> <span class='ocrx_word' id='word_1_99' title='bbox 2082 1574 2196 1629; x_wconf 84' lang='lat' dir='ltr'>suis</span> 
     </span>
    </p>
   </div>
   <div class='ocr_carea' id='block_1_17' title="bbox 560 1665 2194 1739">
    <p class='ocr_par' dir='ltr' id='par_1_17' title="bbox 560 1665 2194 1739">
     <span class='ocr_line' id='line_1_17' title="bbox 560 1665 2194 1739; baseline 0.002 -20"><span class='ocrx_word' id='word_1_100' title='bbox 560 1666 761 1736; x_wconf 88' lang='lat' dir='ltr'>inopes</span> <span class='ocrx_word' id='word_1_101' title='bbox 812 1665 1151 1722; x_wconf 89' lang='lat' dir='ltr'>insolentius</span> <span class='ocrx_word' id='word_1_102' title='bbox 1206 1668 1609 1739; x_wconf 86' lang='lat' dir='ltr'>insurgerent,</span> <span class='ocrx_word' id='word_1_103' title='bbox 1657 1670 1814 1723; x_wconf 90' lang='lat' dir='ltr'>omni</span> <span class='ocrx_word' id='word_1_104' title='bbox 1861 1685 2007 1724; x_wconf 82' lang='lat' dir='ltr'>nexu</span> <span class='ocrx_word' id='word_1_105' title='bbox 2073 1685 2194 1723; x_wconf 85' lang='lat' dir='ltr'>sese</span> 
     </span>
    </p>
   </div>
   <div class='ocr_carea' id='block_1_18' title="bbox 562 1758 2195 1829">
    <p class='ocr_par' dir='ltr' id='par_1_18' title="bbox 562 1758 2195 1829">
     <span class='ocr_line' id='line_1_18' title="bbox 562 1758 2195 1829; baseline 0.002 -16"><span class='ocrx_word' id='word_1_106' title='bbox 562 1758 849 1815; x_wconf 88' lang='lat' dir='ltr'>absolutos</span> <span class='ocrx_word' id='word_1_107' title='bbox 892 1760 1173 1829; x_wconf 85' lang='lat' dir='ltr'>arbitrati,</span> <span class='ocrx_word' id='word_1_108' title='bbox 1222 1761 1608 1817; x_wconf 89' lang='lat' dir='ltr'>incendebant</span> <span class='ocrx_word' id='word_1_109' title='bbox 1664 1763 1866 1818; x_wconf 88' lang='lat' dir='ltr'>urbem</span> <span class='ocrx_word' id='word_1_110' title='bbox 1925 1762 2195 1817; x_wconf 88' lang='lat' dir='ltr'>manibus</span> 
     </span>
    </p>
   </div>
   <div class='ocr_carea' id='block_1_19' title="bbox 559 1832 2270 1927">
    <p class='ocr_par' dir='ltr' id='par_1_19' title="bbox 559 1832 2270 1927">
     <span class='ocr_line' id='line_1_19' title="bbox 559 1832 2270 1927; baseline 0.002 -20"><span class='ocrx_word' id='word_1_111' title='bbox 559 1853 693 1919; x_wconf 90' lang='lat' dir='ltr'>suis,</span> <span class='ocrx_word' id='word_1_112' title='bbox 740 1854 1128 1909; x_wconf 86' lang='lat' dir='ltr'>exurebantur</span> <span class='ocrx_word' id='word_1_113' title='bbox 1165 1855 1329 1909; x_wconf 86' lang='lat' dir='ltr'>nervi</span> <span class='ocrx_word' id='word_1_114' title='bbox 1375 1856 1636 1924; x_wconf 87' lang='lat' dir='ltr'>civitatis,</span> <span class='ocrx_word' id='word_1_115' title='bbox 1665 1860 2059 1927; x_wconf 88' lang='lat' dir='ltr'>expugnatum</span> <span class='ocrx_word' id='word_1_116' title='bbox 2102 1832 2270 1912; x_wconf 84' lang='lat' dir='ltr'>estB</span> 
     </span>
    </p>
   </div>
   <div class='ocr_carea' id='block_1_20' title="bbox 560 1948 2193 2017">
    <p class='ocr_par' dir='ltr' id='par_1_20' title="bbox 560 1948 2193 2017">
     <span class='ocr_line' id='line_1_20' title="bbox 560 1948 2193 2017; baseline 0.003 -17"><span class='ocrx_word' id='word_1_117' title='bbox 560 1952 809 2001; x_wconf 90' lang='lat' dir='ltr'>castrum</span> <span class='ocrx_word' id='word_1_118' title='bbox 846 1948 938 2001; x_wconf 92' lang='lat' dir='ltr'>cui</span> <span class='ocrx_word' id='word_1_119' title='bbox 981 1964 1187 2003; x_wconf 90' lang='lat' dir='ltr'>nomen</span> <span class='ocrx_word' id='word_1_120' title='bbox 1220 1950 1487 2017; x_wconf 84' lang='lat' dir='ltr'>Antonia,</span> <span class='ocrx_word' id='word_1_121' title='bbox 1522 1950 1653 2005; x_wconf 66' lang='lat' dir='ltr'>caesi</span> <span class='ocrx_word' id='word_1_122' title='bbox 1690 1966 1889 2006; x_wconf 88' lang='lat' dir='ltr'>omnes</span> <span class='ocrx_word' id='word_1_123' title='bbox 1928 1951 2193 2005; x_wconf 87' lang='lat' dir='ltr'>custodes</span> 
     </span>
    </p>
   </div>
   <div class='ocr_carea' id='block_1_21' title="bbox 561 2040 2186 2116">
    <p class='ocr_par' dir='ltr' id='par_1_21' title="bbox 561 2040 2186 2116">
     <span class='ocr_line' id='line_1_21' title="bbox 561 2040 2186 2116; baseline 0.004 -23"><span class='ocrx_word' id='word_1_124' title='bbox 561 2041 789 2112; x_wconf 84' lang='lat' dir='ltr'>reperti,</span> <span class='ocrx_word' id='word_1_125' title='bbox 834 2040 1381 2113; x_wconf 85' lang='lat' dir='ltr'>incensum&#39;postea.</span> <span class='ocrx_word' id='word_1_126' title='bbox 1411 2043 1721 2099; x_wconf 84' lang='lat' dir='ltr'>Massadam</span> <span class='ocrx_word' id='word_1_127' title='bbox 1753 2061 1977 2115; x_wconf 90' lang='lat' dir='ltr'>quoque</span> <span class='ocrx_word' id='word_1_128' title='bbox 2005 2045 2186 2116; x_wconf 85' lang='lat' dir='ltr'>prori-</span> 
     </span>
    </p>
   </div>
   <div class='ocr_carea' id='block_1_22' title="bbox 565 2134 2195 2207">
    <p class='ocr_par' dir='ltr' id='par_1_22' title="bbox 565 2134 2195 2207">
     <span class='ocr_line' id='line_1_22' title="bbox 565 2134 2195 2207; baseline 0.004 -21"><span class='ocrx_word' id='word_1_129' title='bbox 565 2134 729 2205; x_wconf 88' lang='lat' dir='ltr'>piens</span> <span class='ocrx_word' id='word_1_130' title='bbox 773 2150 894 2188; x_wconf 88' lang='lat' dir='ltr'>sese</span> <span class='ocrx_word' id='word_1_131' title='bbox 938 2135 1267 2202; x_wconf 85' lang='lat' dir='ltr'>Mauaimus,</span> <span class='ocrx_word' id='word_1_132' title='bbox 1304 2135 1464 2191; x_wconf 76' lang='lat' dir='ltr'>ludar.</span> <span class='ocrx_word' id='word_1_133' title='bbox 1507 2137 1718 2191; x_wconf 64' lang='lat' dir='ltr'>Galilaai</span> <span class='ocrx_word' id='word_1_134' title='bbox 1756 2138 1924 2207; x_wconf 90' lang='lat' dir='ltr'>ﬁlius,</span> <span class='ocrx_word' id='word_1_135' title='bbox 1962 2154 2095 2193; x_wconf 88' lang='lat' dir='ltr'>acer</span> <span class='ocrx_word' id='word_1_136' title='bbox 2138 2142 2195 2193; x_wconf 91' lang='lat' dir='ltr'>et</span> 
     </span>
    </p>
   </div>
   <div class='ocr_carea' id='block_1_23' title="bbox 563 2227 2190 2299">
    <p class='ocr_par' dir='ltr' id='par_1_23' title="bbox 563 2227 2190 2299">
     <span class='ocr_line' id='line_1_23' title="bbox 563 2227 2190 2299; baseline 0.003 -18"><span class='ocrx_word' id='word_1_137' title='bbox 563 2227 776 2297; x_wconf 90' lang='lat' dir='ltr'>peritus</span> <span class='ocrx_word' id='word_1_138' title='bbox 831 2228 1105 2299; x_wconf 88' lang='lat' dir='ltr'>sophista,</span> <span class='ocrx_word' id='word_1_139' title='bbox 1150 2233 1208 2283; x_wconf 92' lang='lat' dir='ltr'>et</span> <span class='ocrx_word' id='word_1_140' title='bbox 1260 2230 1555 2285; x_wconf 86' lang='lat' dir='ltr'>turbandis</span> <span class='ocrx_word' id='word_1_141' title='bbox 1614 2230 1785 2285; x_wconf 89' lang='lat' dir='ltr'>rebus</span> <span class='ocrx_word' id='word_1_142' title='bbox 1830 2232 2190 2297; x_wconf 87' lang='lat' dir='ltr'>exercitatus,</span> 
     </span>
    </p>
   </div>
   <div class='ocr_carea' id='block_1_24' title="bbox 560 2322 2187 2391">
    <p class='ocr_par' dir='ltr' id='par_1_24' title="bbox 560 2322 2187 2391">
     <span class='ocr_line' id='line_1_24' title="bbox 560 2322 2187 2391; baseline 0.003 -16"><span class='ocrx_word' id='word_1_143' title='bbox 560 2337 858 2376; x_wconf 90' lang='lat' dir='ltr'>armorum</span> <span class='ocrx_word' id='word_1_144' title='bbox 882 2322 1088 2377; x_wconf 84' lang='lat' dir='ltr'>invasit</span> <span class='ocrx_word' id='word_1_145' title='bbox 1112 2323 1385 2391; x_wconf 87' lang='lat' dir='ltr'>ofﬁcinas,</span> <span class='ocrx_word' id='word_1_146' title='bbox 1408 2326 1464 2378; x_wconf 89' lang='lat' dir='ltr'>et</span> <span class='ocrx_word' id='word_1_147' title='bbox 1493 2324 1681 2380; x_wconf 89' lang='lat' dir='ltr'>induit</span> <span class='ocrx_word' id='word_1_148' title='bbox 1708 2327 1886 2380; x_wconf 90' lang='lat' dir='ltr'>armis</span> <span class='ocrx_word' id='word_1_149' title='bbox 1909 2327 2187 2381; x_wconf 81' lang='lat' dir='ltr'>inermes.</span> 
     </span>
    </p>
   </div>
   <div class='ocr_carea' id='block_1_25' title="bbox 557 2416 2188 2490">
    <p class='ocr_par' dir='ltr' id='par_1_25' title="bbox 557 2416 2188 2490">
     <span class='ocr_line' id='line_1_25' title="bbox 557 2416 2188 2490; baseline 0.002 -19"><span class='ocrx_word' id='word_1_150' title='bbox 557 2416 975 2488; x_wconf 81' lang='lat' dir='ltr'>Regressusque</span> <span class='ocrx_word' id='word_1_151' title='bbox 1023 2417 1082 2470; x_wconf 91' lang='lat' dir='ltr'>in</span> <span class='ocrx_word' id='word_1_152' title='bbox 1132 2418 1598 2489; x_wconf 86' lang='lat' dir='ltr'>Hierosolymam,</span> <span class='ocrx_word' id='word_1_153' title='bbox 1648 2419 2019 2490; x_wconf 85' lang='lat' dir='ltr'>stipatoribus</span> <span class='ocrx_word' id='word_1_154' title='bbox 2064 2425 2188 2474; x_wconf 88' lang='lat' dir='ltr'>tan-</span> 
     </span>
    </p>
   </div>
   <div class='ocr_carea' id='block_1_26' title="bbox 556 2510 2187 2585">
    <p class='ocr_par' dir='ltr' id='par_1_26' title="bbox 556 2510 2187 2585">
     <span class='ocr_line' id='line_1_26' title="bbox 556 2510 2187 2585; baseline 0.004 -23"><span class='ocrx_word' id='word_1_155' title='bbox 556 2525 731 2580; x_wconf 89' lang='lat' dir='ltr'>quam</span> <span class='ocrx_word' id='word_1_156' title='bbox 757 2510 921 2580; x_wconf 87' lang='lat' dir='ltr'>regio</span> <span class='ocrx_word' id='word_1_157' title='bbox 954 2527 1111 2564; x_wconf 90' lang='lat' dir='ltr'>more</span> <span class='ocrx_word' id='word_1_158' title='bbox 1157 2511 1581 2579; x_wconf 88' lang='lat' dir='ltr'>comitantibus,</span> <span class='ocrx_word' id='word_1_159' title='bbox 1613 2513 1867 2567; x_wconf 89' lang='lat' dir='ltr'>immane</span> <span class='ocrx_word' id='word_1_160' title='bbox 1902 2517 2187 2585; x_wconf 90' lang='lat' dir='ltr'>quantum</span> 
     </span>
    </p>
   </div>
   <div class='ocr_carea' id='block_1_27' title="bbox 557 2602 2193 2677">
    <p class='ocr_par' dir='ltr' id='par_1_27' title="bbox 557 2602 2193 2677">
     <span class='ocr_line' id='line_1_27' title="bbox 557 2602 2193 2677; baseline 0.004 -21"><span class='ocrx_word' id='word_1_161' title='bbox 557 2602 908 2673; x_wconf 88' lang='lat' dir='ltr'>insoleverat,</span> <span class='ocrx_word' id='word_1_162' title='bbox 944 2607 1006 2657; x_wconf 92' lang='lat' dir='ltr'>ut</span> <span class='ocrx_word' id='word_1_163' title='bbox 1043 2605 1485 2676; x_wconf 90' lang='lat' dir='ltr'>supergrediens</span> <span class='ocrx_word' id='word_1_164' title='bbox 1532 2622 1701 2660; x_wconf 90' lang='lat' dir='ltr'>usum</span> <span class='ocrx_word' id='word_1_165' title='bbox 1744 2607 2054 2677; x_wconf 90' lang='lat' dir='ltr'>privatum,</span> <span class='ocrx_word' id='word_1_166' title='bbox 2086 2624 2193 2663; x_wconf 90' lang='lat' dir='ltr'>nec</span> 
     </span>
    </p>
   </div>
   <div class='ocr_carea' id='block_1_28' title="bbox 557 2695 2189 2773">
    <p class='ocr_par' dir='ltr' id='par_1_28' title="bbox 557 2695 2189 2773">
     <span class='ocr_line' id='line_1_28' title="bbox 557 2695 2189 2773; baseline 0.004 -24"><span class='ocrx_word' id='word_1_167' title='bbox 557 2695 627 2750; x_wconf 89' lang='lat' dir='ltr'>ab</span> <span class='ocrx_word' id='word_1_168' title='bbox 660 2695 872 2751; x_wconf 89' lang='lat' dir='ltr'>illicitis</span> <span class='ocrx_word' id='word_1_169' title='bbox 902 2697 1132 2767; x_wconf 90' lang='lat' dir='ltr'>quidem</span> <span class='ocrx_word' id='word_1_170' title='bbox 1161 2715 1288 2769; x_wconf 84' lang='lat' dir='ltr'>quae</span> <span class='ocrx_word' id='word_1_171' title='bbox 1316 2699 1475 2753; x_wconf 91' lang='lat' dir='ltr'>liberi</span> <span class='ocrx_word' id='word_1_172' title='bbox 1502 2699 1697 2771; x_wconf 82' lang='lat' dir='ltr'>pOpuli</span> <span class='ocrx_word' id='word_1_173' title='bbox 1723 2699 1875 2755; x_wconf 85' lang='lat' dir='ltr'>ferre</span> <span class='ocrx_word' id='word_1_174' title='bbox 1917 2718 2035 2756; x_wconf 90' lang='lat' dir='ltr'>non</span> <span class='ocrx_word' id='word_1_175' title='bbox 2064 2718 2189 2773; x_wconf 90' lang='lat' dir='ltr'>pos-</span> 
     </span>
    </p>
   </div>
   <div class='ocr_carea' id='block_1_29' title="bbox 558 2790 2191 2865">
    <p class='ocr_par' dir='ltr' id='par_1_29' title="bbox 558 2790 2191 2865">
     <span class='ocr_line' id='line_1_29' title="bbox 558 2790 2191 2865; baseline 0.003 -21"><span class='ocrx_word' id='word_1_176' title='bbox 558 2796 705 2857; x_wconf 88' lang='lat' dir='ltr'>sent,</span> <span class='ocrx_word' id='word_1_177' title='bbox 744 2790 1183 2861; x_wconf 87' lang='lat' dir='ltr'>temperandum</span> <span class='ocrx_word' id='word_1_178' title='bbox 1220 2792 1597 2847; x_wconf 88' lang='lat' dir='ltr'>arbitraretur</span> <span class='ocrx_word' id='word_1_179' title='bbox 1629 2810 1642 2848; x_wconf 93' lang='lat'><strong>:</strong></span> <span class='ocrx_word' id='word_1_180' title='bbox 1672 2794 2106 2865; x_wconf 88' lang='lat' dir='ltr'>insurgentibus</span> <span class='ocrx_word' id='word_1_181' title='bbox 2134 2795 2191 2849; x_wconf 92' lang='lat' dir='ltr'>in</span> 
     </span>
    </p>
   </div>
   <div class='ocr_carea' id='block_1_30' title="bbox 558 2870 2189 2960">
    <p class='ocr_par' dir='ltr' id='par_1_30' title="bbox 558 2870 2189 2960">
     <span class='ocr_line' id='line_1_30' title="bbox 558 2870 2189 2960; baseline 0.004 -22"><span class='ocrx_word' id='word_1_182' title='bbox 558 2900 691 2939; x_wconf 90' lang='lat' dir='ltr'>eum</span> <span class='ocrx_word' id='word_1_183' title='bbox 728 2883 1002 2954; x_wconf 88' lang='lat' dir='ltr'>pluribus,</span> <span class='ocrx_word' id='word_1_184' title='bbox 1030 2885 1127 2956; x_wconf 89' lang='lat' dir='ltr'>qui</span> <span class='ocrx_word' id='word_1_185' title='bbox 1154 2870 1364 2940; x_wconf 82' lang='lat' dir='ltr'>fultum</span> <span class='ocrx_word' id='word_1_186' title='bbox 1396 2887 1570 2957; x_wconf 88' lang='lat' dir='ltr'>regali</span> <span class='ocrx_word' id='word_1_187' title='bbox 1599 2886 1960 2956; x_wconf 90' lang='lat' dir='ltr'>indumento,</span> <span class='ocrx_word' id='word_1_188' title='bbox 1990 2892 2189 2960; x_wconf 86' lang='lat' dir='ltr'>tyran-</span> 
     </span>
    </p>
   </div>
   <div class='ocr_carea' id='block_1_31' title="bbox 561 2977 2189 3037">
    <p class='ocr_par' dir='ltr' id='par_1_31' title="bbox 561 2977 2189 3037">
     <span class='ocr_line' id='line_1_31' title="bbox 561 2977 2189 3037; baseline 0.004 -6"><span class='ocrx_word' id='word_1_189' title='bbox 561 2994 697 3032; x_wconf 93' lang='lat' dir='ltr'>num</span> <span class='ocrx_word' id='word_1_190' title='bbox 741 2982 797 3032; x_wconf 90' lang='lat' dir='ltr'>et</span> <span class='ocrx_word' id='word_1_191' title='bbox 838 2977 1137 3032; x_wconf 90' lang='lat' dir='ltr'>dominum</span> <span class='ocrx_word' id='word_1_192' title='bbox 1190 2979 1515 3034; x_wconf 88' lang='lat' dir='ltr'>incubuisse</span> <span class='ocrx_word' id='word_1_193' title='bbox 1554 2980 1805 3036; x_wconf 86' lang='lat' dir='ltr'>libertati</span> <span class='ocrx_word' id='word_1_194' title='bbox 1847 2982 2053 3037; x_wconf 90' lang='lat' dir='ltr'>civium</span> <span class='ocrx_word' id='word_1_195' title='bbox 2102 2983 2189 3037; x_wconf 87' lang='lat' dir='ltr'>in-</span> 
     </span>
    </p>
   </div>
   <div class='ocr_carea' id='block_1_32' title="bbox 556 3071 2194 3153">
    <p class='ocr_par' dir='ltr' id='par_1_32' title="bbox 556 3071 2194 3153">
     <span class='ocr_line' id='line_1_32' title="bbox 556 3071 2194 3153; baseline 0.004 -28"><span class='ocrx_word' id='word_1_196' title='bbox 556 3071 920 3143; x_wconf 89' lang='lat' dir='ltr'>crepitarent,</span> <span class='ocrx_word' id='word_1_197' title='bbox 964 3089 1163 3143; x_wconf 82' lang='lat' dir='ltr'>graves</span> <span class='ocrx_word' id='word_1_198' title='bbox 1209 3090 1406 3143; x_wconf 84' lang='lat' dir='ltr'>poenas</span> <span class='ocrx_word' id='word_1_199' title='bbox 1430 3074 1625 3153; x_wconf 78' lang='lat' dir='ltr'>dedit,</span> <span class='ocrx_word' id='word_1_200' title='bbox 1657 3079 1717 3129; x_wconf 90' lang='lat' dir='ltr'>ut</span> <span class='ocrx_word' id='word_1_201' title='bbox 1754 3076 1995 3131; x_wconf 85' lang='lat' dir='ltr'>afﬂictus</span> <span class='ocrx_word' id='word_1_202' title='bbox 2038 3077 2194 3148; x_wconf 90' lang='lat' dir='ltr'>prius</span> 
     </span>
    </p>
   </div>
   <div class='ocr_carea' id='block_1_33' title="bbox 558 3165 2189 3235">
    <p class='ocr_par' dir='ltr' id='par_1_33' title="bbox 558 3165 2189 3235">
     <span class='ocr_line' id='line_1_33' title="bbox 558 3165 2189 3235; baseline 0.004 -16"><span class='ocrx_word' id='word_1_203' title='bbox 558 3165 897 3220; x_wconf 88' lang='lat' dir='ltr'>cruciatibus</span> <span class='ocrx_word' id='word_1_204' title='bbox 972 3167 1407 3235; x_wconf 90' lang='lat' dir='ltr'>immoreretur,</span> <span class='ocrx_word' id='word_1_205' title='bbox 1460 3185 1561 3222; x_wconf 79' lang='lat' dir='ltr'>nec</span> <span class='ocrx_word' id='word_1_206' title='bbox 1630 3173 1819 3225; x_wconf 88' lang='lat' dir='ltr'>tamen</span> <span class='ocrx_word' id='word_1_207' title='bbox 1893 3170 2189 3225; x_wconf 88' lang='lat' dir='ltr'>dissidium</span> 
     </span>
    </p>
   </div>
   <div class='ocr_carea' id='block_1_34' title="bbox 563 3260 2190 3331">
    <p class='ocr_par' dir='ltr' id='par_1_34' title="bbox 563 3260 2190 3331">
     <span class='ocr_line' id='line_1_34' title="bbox 563 3260 2190 3331; baseline 0.004 -19"><span class='ocrx_word' id='word_1_208' title='bbox 563 3265 873 3314; x_wconf 91' lang='lat' dir='ltr'>remotum.</span> <span class='ocrx_word' id='word_1_209' title='bbox 918 3260 1055 3313; x_wconf 83' lang='lat' dir='ltr'>Nam</span> <span class='ocrx_word' id='word_1_210' title='bbox 1121 3261 1299 3315; x_wconf 89' lang='lat' dir='ltr'>multo</span> <span class='ocrx_word' id='word_1_211' title='bbox 1348 3263 1575 3331; x_wconf 83' lang='lat' dir='ltr'>gravior</span> <span class='ocrx_word' id='word_1_212' title='bbox 1623 3269 1807 3318; x_wconf 81' lang='lat' dir='ltr'>motus</span> <span class='ocrx_word' id='word_1_213' title='bbox 1866 3265 2190 3319; x_wconf 86' lang='lat' dir='ltr'>insurrexit.</span> 
     </span>
    </p>
   </div>
   <div class='ocr_carea' id='block_1_35' title="bbox 563 3351 2191 3425">
    <p class='ocr_par' dir='ltr' id='par_1_35' title="bbox 563 3351 2191 3425">
     <span class='ocr_line' id='line_1_35' title="bbox 563 3351 2191 3425; baseline 0.004 -20"><span class='ocrx_word' id='word_1_214' title='bbox 563 3351 818 3422; x_wconf 88' lang='lat' dir='ltr'>Denique</span> <span class='ocrx_word' id='word_1_215' title='bbox 876 3353 1120 3407; x_wconf 80' lang='lat' dir='ltr'>Metilius</span> <span class='ocrx_word' id='word_1_216' title='bbox 1160 3370 1288 3408; x_wconf 90' lang='lat' dir='ltr'>cum</span> <span class='ocrx_word' id='word_1_217' title='bbox 1338 3354 1604 3410; x_wconf 82' lang='lat' dir='ltr'>Romanis</span> <span class='ocrx_word' id='word_1_218' title='bbox 1662 3358 1940 3413; x_wconf 87' lang='lat' dir='ltr'>militibus</span> <span class='ocrx_word' id='word_1_219' title='bbox 1991 3359 2191 3425; x_wconf 88' lang='lat' dir='ltr'>oravit,</span> 
     </span>
    </p>
   </div>
   <div class='ocr_carea' id='block_1_36' title="bbox 558 3444 2195 3522">
    <p class='ocr_par' dir='ltr' id='par_1_36' title="bbox 558 3444 2195 3522">
     <span class='ocr_line' id='line_1_36' title="bbox 558 3444 2195 3522; baseline 0.004 -21"><span class='ocrx_word' id='word_1_220' title='bbox 558 3450 623 3501; x_wconf 92' lang='lat' dir='ltr'>ut</span> <span class='ocrx_word' id='word_1_221' title='bbox 667 3444 954 3499; x_wconf 85' lang='lat' dir='ltr'>discedere</span> <span class='ocrx_word' id='word_1_222' title='bbox 1004 3445 1201 3501; x_wconf 87' lang='lat' dir='ltr'>liceret</span> <span class='ocrx_word' id='word_1_223' title='bbox 1240 3465 1252 3500; x_wconf 87' lang='lat'><strong>:</strong></span> <span class='ocrx_word' id='word_1_224' title='bbox 1301 3449 1545 3519; x_wconf 80' lang='lat' dir='ltr'>dataque</span> <span class='ocrx_word' id='word_1_225' title='bbox 1590 3450 1696 3504; x_wconf 86' lang='lat' dir='ltr'>ﬁde</span> <span class='ocrx_word' id='word_1_226' title='bbox 1745 3457 1803 3505; x_wconf 90' lang='lat' dir='ltr'>et</span> <span class='ocrx_word' id='word_1_227' title='bbox 1844 3452 2195 3522; x_wconf 84' lang='lat' dir='ltr'>interpositis</span> 
     </span>
    </p>
   </div>
   <div class='ocr_carea' id='block_1_37' title="bbox 560 3540 2193 3617">
    <p class='ocr_par' dir='ltr' id='par_1_37' title="bbox 560 3540 2193 3617">
     <span class='ocr_line' id='line_1_37' title="bbox 560 3540 2193 3617; baseline 0.006 -26"><span class='ocrx_word' id='word_1_228' title='bbox 560 3540 949 3605; x_wconf 80' lang='lat' dir='ltr'>sacramentis,</span> <span class='ocrx_word' id='word_1_229' title='bbox 1000 3540 1099 3595; x_wconf 87' lang='lat' dir='ltr'>ubi</span> <span class='ocrx_word' id='word_1_230' title='bbox 1138 3541 1305 3610; x_wconf 86' lang='lat' dir='ltr'>juxta</span> <span class='ocrx_word' id='word_1_231' title='bbox 1363 3546 1597 3613; x_wconf 88' lang='lat' dir='ltr'>pactum</span> <span class='ocrx_word' id='word_1_232' title='bbox 1643 3561 1798 3598; x_wconf 86' lang='lat' dir='ltr'>arma</span> <span class='ocrx_word' id='word_1_233' title='bbox 1849 3545 2193 3617; x_wconf 84' lang='lat' dir='ltr'>deposuere,</span> 
     </span>
    </p>
   </div>
   <div class='ocr_carea' id='block_1_38' title="bbox 560 3632 2191 3701">
    <p class='ocr_par' dir='ltr' id='par_1_38' title="bbox 560 3632 2191 3701">
     <span class='ocr_line' id='line_1_38' title="bbox 560 3632 2191 3701; baseline 0.006 -16"><span class='ocrx_word' id='word_1_234' title='bbox 560 3648 689 3686; x_wconf 90' lang='lat' dir='ltr'>cum</span> <span class='ocrx_word' id='word_1_235' title='bbox 718 3632 839 3687; x_wconf 85' lang='lat' dir='ltr'>siuc</span> <span class='ocrx_word' id='word_1_236' title='bbox 868 3638 1022 3688; x_wconf 89' lang='lat' dir='ltr'>metu</span> <span class='ocrx_word' id='word_1_237' title='bbox 1049 3633 1289 3701; x_wconf 88' lang='lat' dir='ltr'>abirent,</span> <span class='ocrx_word' id='word_1_238' title='bbox 1318 3635 1387 3690; x_wconf 89' lang='lat' dir='ltr'>ab</span> <span class='ocrx_word' id='word_1_239' title='bbox 1416 3636 1679 3692; x_wconf 85' lang='lat' dir='ltr'>Eleazaro</span> <span class='ocrx_word' id='word_1_240' title='bbox 1711 3642 1770 3692; x_wconf 90' lang='lat' dir='ltr'>et</span> <span class='ocrx_word' id='word_1_241' title='bbox 1796 3638 1962 3693; x_wconf 90' lang='lat' dir='ltr'>sociis</span> <span class='ocrx_word' id='word_1_242' title='bbox 1990 3639 2191 3695; x_wconf 88' lang='lat' dir='ltr'>factio-</span> 
     </span>
    </p>
   </div>
   <div class='ocr_carea' id='block_1_39' title="bbox 563 3725 2196 3789">
    <p class='ocr_par' dir='ltr' id='par_1_39' title="bbox 563 3725 2196 3789">
     <span class='ocr_line' id='line_1_39' title="bbox 563 3725 2196 3789; baseline 0.006 -10"><span class='ocrx_word' id='word_1_243' title='bbox 563 3728 650 3780; x_wconf 88' lang='lat' dir='ltr'>nis</span> <span class='ocrx_word' id='word_1_244' title='bbox 680 3725 845 3781; x_wconf 90' lang='lat' dir='ltr'>multi</span> <span class='ocrx_word' id='word_1_245' title='bbox 882 3728 1292 3783; x_wconf 87' lang='lat' dir='ltr'>obtruncantur</span> <span class='ocrx_word' id='word_1_246' title='bbox 1323 3747 1337 3784; x_wconf 86' lang='lat'><strong>:</strong></span> <span class='ocrx_word' id='word_1_247' title='bbox 1364 3746 1478 3785; x_wconf 91' lang='lat' dir='ltr'>non</span> <span class='ocrx_word' id='word_1_248' title='bbox 1516 3732 1899 3787; x_wconf 88' lang='lat' dir='ltr'>resistendum</span> <span class='ocrx_word' id='word_1_249' title='bbox 1928 3733 2196 3789; x_wconf 88' lang='lat' dir='ltr'>adversus</span> 
     </span>
    </p>
   </div>
   <div class='ocr_carea' id='block_1_40' title="bbox 562 3820 2194 3892">
    <p class='ocr_par' dir='ltr' id='par_1_40' title="bbox 562 3820 2194 3892">
     <span class='ocr_line' id='line_1_40' title="bbox 562 3820 2194 3892; baseline 0.006 -19"><span class='ocrx_word' id='word_1_250' title='bbox 562 3820 697 3891; x_wconf 90' lang='lat' dir='ltr'>vim,</span> <span class='ocrx_word' id='word_1_251' title='bbox 726 3837 831 3875; x_wconf 91' lang='lat' dir='ltr'>nec</span> <span class='ocrx_word' id='word_1_252' title='bbox 868 3823 1215 3892; x_wconf 90' lang='lat' dir='ltr'>precandum</span> <span class='ocrx_word' id='word_1_253' title='bbox 1273 3823 1397 3891; x_wconf 85' lang='lat' dir='ltr'>rati,</span> <span class='ocrx_word' id='word_1_254' title='bbox 1439 3825 1539 3880; x_wconf 90' lang='lat' dir='ltr'>sed</span> <span class='ocrx_word' id='word_1_255' title='bbox 1580 3828 1983 3883; x_wconf 88' lang='lat' dir='ltr'>tantummodo</span> <span class='ocrx_word' id='word_1_256' title='bbox 2018 3828 2194 3883; x_wconf 90' lang='lat' dir='ltr'>viola-</span> 
     </span>
    </p>
   </div>
   <div class='ocr_carea' id='block_1_41' title="bbox 563 3914 2192 3989">
    <p class='ocr_par' dir='ltr' id='par_1_41' title="bbox 563 3914 2192 3989">
     <span class='ocr_line' id='line_1_41' title="bbox 563 3914 2192 3989; baseline 0.007 -22"><span class='ocrx_word' id='word_1_257' title='bbox 563 3920 682 3968; x_wconf 87' lang='lat' dir='ltr'>tam</span> <span class='ocrx_word' id='word_1_258' title='bbox 724 3914 899 3969; x_wconf 85' lang='lat' dir='ltr'>ﬁdem</span> <span class='ocrx_word' id='word_1_259' title='bbox 941 3920 998 3970; x_wconf 90' lang='lat' dir='ltr'>et</span> <span class='ocrx_word' id='word_1_260' title='bbox 1040 3916 1359 3987; x_wconf 83' lang='lat' dir='ltr'>perjurium</span> <span class='ocrx_word' id='word_1_261' title='bbox 1408 3919 1758 3989; x_wconf 83' lang='lat' dir='ltr'>perﬁdorum</span> <span class='ocrx_word' id='word_1_262' title='bbox 1800 3922 2192 3977; x_wconf 86' lang='lat' dir='ltr'>vociferantes.</span> 
     </span>
    </p>
   </div>
   <div class='ocr_carea' id='block_1_42' title="bbox 560 4008 2195 4085">
    <p class='ocr_par' dir='ltr' id='par_1_42' title="bbox 560 4008 2195 4085">
     <span class='ocr_line' id='line_1_42' title="bbox 560 4008 2195 4085; baseline 0.004 -24"><span class='ocrx_word' id='word_1_263' title='bbox 560 4008 772 4063; x_wconf 90' lang='lat' dir='ltr'>Omnes</span> <span class='ocrx_word' id='word_1_264' title='bbox 816 4009 1005 4080; x_wconf 81' lang='lat' dir='ltr'>itaque</span> <span class='ocrx_word' id='word_1_265' title='bbox 1052 4010 1335 4064; x_wconf 88' lang='lat' dir='ltr'>interfecti</span> <span class='ocrx_word' id='word_1_266' title='bbox 1385 4030 1397 4065; x_wconf 88' lang='lat'><strong>:</strong></span> <span class='ocrx_word' id='word_1_267' title='bbox 1444 4013 1684 4067; x_wconf 83' lang='lat' dir='ltr'>Metilius</span> <span class='ocrx_word' id='word_1_268' title='bbox 1725 4013 1846 4084; x_wconf 89' lang='lat' dir='ltr'>ipse</span> <span class='ocrx_word' id='word_1_269' title='bbox 1896 4017 2195 4085; x_wconf 74' lang='lat' dir='ltr'>praefectus</span> 
     </span>
    </p>
   </div>
   <div class='ocr_carea' id='block_1_43' title="bbox 563 4102 2196 4179">
    <p class='ocr_par' dir='ltr' id='par_1_43' title="bbox 563 4102 2196 4179">
     <span class='ocr_line' id='line_1_43' title="bbox 563 4102 2196 4179; baseline 0.006 -24"><span class='ocrx_word' id='word_1_270' title='bbox 563 4102 805 4156; x_wconf 89' lang='lat' dir='ltr'>militum</span> <span class='ocrx_word' id='word_1_271' title='bbox 866 4103 1122 4173; x_wconf 90' lang='lat' dir='ltr'>rogando</span> <span class='ocrx_word' id='word_1_272' title='bbox 1170 4110 1228 4158; x_wconf 90' lang='lat' dir='ltr'>et</span> <span class='ocrx_word' id='word_1_273' title='bbox 1271 4104 1657 4175; x_wconf 90' lang='lat' dir='ltr'>obsecrando,</span> <span class='ocrx_word' id='word_1_274' title='bbox 1705 4107 1873 4162; x_wconf 90' lang='lat' dir='ltr'>simul</span> <span class='ocrx_word' id='word_1_275' title='bbox 1927 4109 2196 4179; x_wconf 91' lang='lat' dir='ltr'>pollicens</span> 
     </span>
    </p>
   </div>
   <div class='ocr_carea' id='block_1_44' title="bbox 559 4195 2183 4271">
    <p class='ocr_par' dir='ltr' id='par_1_44' title="bbox 559 4195 2183 4271">
     <span class='ocr_line' id='line_1_44' title="bbox 559 4195 2183 4271; baseline 0.005 -22"><span class='ocrx_word' id='word_1_276' title='bbox 559 4211 742 4266; x_wconf 89' lang='lat' dir='ltr'>usque</span> <span class='ocrx_word' id='word_1_277' title='bbox 779 4195 853 4250; x_wconf 88' lang='lat' dir='ltr'>ad</span> <span class='ocrx_word' id='word_1_278' title='bbox 884 4197 1371 4253; x_wconf 82' lang='lat' dir='ltr'>circumcisionem</span> <span class='ocrx_word' id='word_1_279' title='bbox 1399 4216 1623 4271; x_wconf 86' lang='lat' dir='ltr'>quoque</span> <span class='ocrx_word' id='word_1_280' title='bbox 1653 4218 1712 4255; x_wconf 88' lang='lat' dir='ltr'>se</span> <span class='ocrx_word' id='word_1_281' title='bbox 1739 4203 1997 4257; x_wconf 64' lang='lat' dir='ltr'>Judmum</span> <span class='ocrx_word' id='word_1_282' title='bbox 2037 4204 2183 4257; x_wconf 86' lang='lat' dir='ltr'>futu-</span> 
     </span>
    </p>
   </div>
   <div class='ocr_carea' id='block_1_45' title="bbox 565 4291 1265 4357">
    <p class='ocr_par' dir='ltr' id='par_1_45' title="bbox 565 4291 1265 4357">
     <span class='ocr_line' id='line_1_45' title="bbox 565 4291 1265 4357; baseline 0.006 -14"><span class='ocrx_word' id='word_1_283' title='bbox 565 4304 715 4357; x_wconf 91' lang='lat' dir='ltr'>rum,</span> <span class='ocrx_word' id='word_1_284' title='bbox 749 4291 900 4345; x_wconf 91' lang='lat' dir='ltr'>solus</span> <span class='ocrx_word' id='word_1_285' title='bbox 929 4294 1265 4347; x_wconf 86' lang='lat' dir='ltr'>reservatur.</span> 
     </span>
    </p>
   </div>
   <div class='ocr_carea' id='block_1_46' title="bbox 1204 4414 1549 4471">
    <p class='ocr_par' dir='ltr' id='par_1_46' title="bbox 1204 4414 1549 4471">
     <span class='ocr_line' id='line_1_46' title="bbox 1204 4414 1549 4471; baseline 0 -3"><span class='ocrx_word' id='word_1_286' title='bbox 1204 4414 1425 4469; x_wconf 82' lang='lat' dir='ltr'>CAPUT</span> <span class='ocrx_word' id='word_1_287' title='bbox 1466 4416 1549 4471; x_wconf 85' lang='grc' dir='ltr'>ΧΙ.</span> 
     </span>
    </p>
   </div>
   <div class='ocr_carea' id='block_1_47' title="bbox 635 4533 2197 4609">
    <p class='ocr_par' dir='ltr' id='par_1_47' title="bbox 635 4533 2197 4609">
     <span class='ocr_line' id='line_1_47' title="bbox 635 4533 2197 4609; baseline 0.004 -22"><span class='ocrx_word' id='word_1_288' title='bbox 635 4533 881 4588; x_wconf 85' lang='lat' dir='ltr'>Ardebat</span> <span class='ocrx_word' id='word_1_289' title='bbox 921 4533 1109 4588; x_wconf 91' lang='lat' dir='ltr'>omnis</span> <span class='ocrx_word' id='word_1_290' title='bbox 1147 4535 1338 4589; x_wconf 75' lang='lat' dir='ltr'>.Iudaea</span> <span class='ocrx_word' id='word_1_291' title='bbox 1381 4552 1393 4588; x_wconf 91' lang='lat'>:</span> <span class='ocrx_word' id='word_1_292' title='bbox 1440 4534 1604 4606; x_wconf 80' lang='lat' dir='ltr'>Syria</span> <span class='ocrx_word' id='word_1_293' title='bbox 1644 4553 1871 4609; x_wconf 92' lang='lat' dir='ltr'>quoque</span> <span class='ocrx_word' id='word_1_294' title='bbox 1905 4538 2197 4609; x_wconf 87' lang='lat' dir='ltr'>provincia</span> 
     </span>
    </p>
   </div>
   <div class='ocr_carea' id='block_1_48' title="bbox 563 4626 2196 4702">
    <p class='ocr_par' dir='ltr' id='par_1_48' title="bbox 563 4626 2196 4702">
     <span class='ocr_line' id='line_1_48' title="bbox 563 4626 2196 4702; baseline 0.005 -23"><span class='ocrx_word' id='word_1_295' title='bbox 563 4627 750 4681; x_wconf 87' lang='lat' dir='ltr'>omnis</span> <span class='ocrx_word' id='word_1_296' title='bbox 780 4626 837 4680; x_wconf 90' lang='lat' dir='ltr'>in</span> <span class='ocrx_word' id='word_1_297' title='bbox 863 4627 1080 4682; x_wconf 90' lang='lat' dir='ltr'>bellum</span> <span class='ocrx_word' id='word_1_298' title='bbox 1110 4630 1354 4684; x_wconf 84' lang='lat' dir='ltr'>excitata</span> <span class='ocrx_word' id='word_1_299' title='bbox 1381 4630 1512 4699; x_wconf 70' lang='grc'>(48).</span> <span class='ocrx_word' id='word_1_300' title='bbox 1539 4630 1793 4702; x_wconf 90' lang='lat' dir='ltr'>Denique</span> <span class='ocrx_word' id='word_1_301' title='bbox 1819 4632 2196 4688; x_wconf 72' lang='lat' dir='ltr'>Caesarienses</span> 
     </span>
    </p>
   </div>
   <div class='ocr_carea' id='block_1_49' title="bbox 561 4721 2193 4797">
    <p class='ocr_par' dir='ltr' id='par_1_49' title="bbox 561 4721 2193 4797">
     <span class='ocr_line' id='line_1_49' title="bbox 561 4721 2193 4797; baseline 0.005 -23"><span class='ocrx_word' id='word_1_302' title='bbox 561 4735 933 4791; x_wconf 86' lang='lat' dir='ltr'>quoscunque</span> <span class='ocrx_word' id='word_1_303' title='bbox 977 4721 1264 4775; x_wconf 89' lang='lat' dir='ltr'>habebant</span> <span class='ocrx_word' id='word_1_304' title='bbox 1301 4723 1525 4777; x_wconf 71' lang='lat' dir='ltr'>Judaaos</span> <span class='ocrx_word' id='word_1_305' title='bbox 1568 4724 1986 4779; x_wconf 88' lang='lat' dir='ltr'>interfecerunt</span> <span class='ocrx_word' id='word_1_306' title='bbox 2030 4743 2041 4779; x_wconf 91' lang='lat'>:</span> <span class='ocrx_word' id='word_1_307' title='bbox 2082 4744 2193 4797; x_wconf 88' lang='lat' dir='ltr'>quo</span> 
     </span>
    </p>
   </div>
   <div class='ocr_carea' id='block_1_50' title="bbox 563 4813 2194 4887">
    <p class='ocr_par' dir='ltr' id='par_1_50' title="bbox 563 4813 2194 4887">
     <span class='ocr_line' id='line_1_50' title="bbox 563 4813 2194 4887; baseline 0.004 -18"><span class='ocrx_word' id='word_1_308' title='bbox 563 4814 758 4870; x_wconf 90' lang='lat' dir='ltr'>dolore</span> <span class='ocrx_word' id='word_1_309' title='bbox 785 4813 1031 4880; x_wconf 81' lang='lat' dir='ltr'>excitati,</span> <span class='ocrx_word' id='word_1_310' title='bbox 1063 4814 1333 4885; x_wconf 90' lang='lat' dir='ltr'>plurimas</span> <span class='ocrx_word' id='word_1_311' title='bbox 1377 4816 1556 4887; x_wconf 72' lang='lat' dir='ltr'>Syriae</span> <span class='ocrx_word' id='word_1_312' title='bbox 1590 4817 1758 4872; x_wconf 89' lang='lat' dir='ltr'>urbes</span> <span class='ocrx_word' id='word_1_313' title='bbox 1789 4819 1964 4873; x_wconf 67' lang='lat' dir='ltr'>Judaei</span> <span class='ocrx_word' id='word_1_314' title='bbox 2006 4820 2194 4875; x_wconf 89' lang='lat' dir='ltr'>adorsi</span> 
     </span>
    </p>
   </div>
   <div class='ocr_carea' id='block_1_51' title="bbox 561 4907 2196 4985">
    <p class='ocr_par' dir='ltr' id='par_1_51' title="bbox 561 4907 2196 4985">
     <span class='ocr_line' id='line_1_51' title="bbox 561 4907 2196 4985; baseline 0.004 -22"><span class='ocrx_word' id='word_1_315' title='bbox 561 4907 987 4963; x_wconf 87' lang='lat' dir='ltr'>debellaverunt</span> <span class='ocrx_word' id='word_1_316' title='bbox 1017 4926 1028 4960; x_wconf 87' lang='lat'>:</span> <span class='ocrx_word' id='word_1_317' title='bbox 1063 4925 1350 4978; x_wconf 88' lang='lat' dir='ltr'>nusquam</span> <span class='ocrx_word' id='word_1_318' title='bbox 1372 4910 1485 4979; x_wconf 84' lang='lat' dir='ltr'>jus,</span> <span class='ocrx_word' id='word_1_319' title='bbox 1512 4928 1794 4982; x_wconf 89' lang='lat' dir='ltr'>nusquam</span> <span class='ocrx_word' id='word_1_320' title='bbox 1828 4914 2025 4985; x_wconf 85' lang='lat' dir='ltr'>religio</span> <span class='ocrx_word' id='word_1_321' title='bbox 2055 4933 2068 4969; x_wconf 89' lang='lat'><strong>:</strong></span> <span class='ocrx_word' id='word_1_322' title='bbox 2100 4931 2196 4968; x_wconf 77' lang='lat' dir='ltr'>no~</span> 
     </span>
    </p>
   </div>
   <div class='ocr_carea' id='block_1_52' title="bbox 560 5001 2197 5078">
    <p class='ocr_par' dir='ltr' id='par_1_52' title="bbox 560 5001 2197 5078">
     <span class='ocr_line' id='line_1_52' title="bbox 560 5001 2197 5078; baseline 0.003 -21"><span class='ocrx_word' id='word_1_323' title='bbox 560 5001 728 5057; x_wconf 89' lang='lat' dir='ltr'>bilior</span> <span class='ocrx_word' id='word_1_324' title='bbox 783 5004 926 5068; x_wconf 86' lang='lat' dir='ltr'>erat,</span> <span class='ocrx_word' id='word_1_325' title='bbox 972 5002 1071 5073; x_wconf 87' lang='lat' dir='ltr'>qui</span> <span class='ocrx_word' id='word_1_326' title='bbox 1125 5002 1291 5073; x_wconf 88' lang='lat' dir='ltr'>plura</span> <span class='ocrx_word' id='word_1_327' title='bbox 1341 5002 1680 5074; x_wconf 89' lang='lat' dir='ltr'>diripuerat,</span> <span class='ocrx_word' id='word_1_328' title='bbox 1735 5007 1893 5076; x_wconf 90' lang='lat' dir='ltr'>quasi</span> <span class='ocrx_word' id='word_1_329' title='bbox 1962 5009 2197 5078; x_wconf 77' lang='lat' dir='ltr'>praemia</span> 
     </span>
    </p>
   </div>
   <div class='ocr_carea' id='block_1_53' title="bbox 561 5095 2193 5169">
    <p class='ocr_par' dir='ltr' id='par_1_53' title="bbox 561 5095 2193 5169">
     <span class='ocr_line' id='line_1_53' title="bbox 561 5095 2193 5169; baseline 0.004 -20"><span class='ocrx_word' id='word_1_330' title='bbox 561 5111 877 5166; x_wconf 90' lang='lat' dir='ltr'>congerens</span> <span class='ocrx_word' id='word_1_331' title='bbox 928 5095 1295 5151; x_wconf 84' lang='lat' dir='ltr'>fortitudinis.</span> <span class='ocrx_word' id='word_1_332' title='bbox 1338 5098 1474 5152; x_wconf 88' lang='lat' dir='ltr'>Erat</span> <span class='ocrx_word' id='word_1_333' title='bbox 1514 5101 1898 5169; x_wconf 89' lang='lat' dir='ltr'>spectaculum</span> <span class='ocrx_word' id='word_1_334' title='bbox 1953 5102 2193 5157; x_wconf 89' lang='lat' dir='ltr'>misera-</span> 
     </span>
    </p>
   </div>
   <div class='ocr_carea' id='block_1_54' title="bbox 558 5189 2191 5265">
    <p class='ocr_par' dir='ltr' id='par_1_54' title="bbox 558 5189 2191 5265">
     <span class='ocr_line' id='line_1_54' title="bbox 558 5189 2191 5265; baseline 0.005 -23"><span class='ocrx_word' id='word_1_335' title='bbox 558 5189 690 5257; x_wconf 88' lang='lat' dir='ltr'>bile,</span> <span class='ocrx_word' id='word_1_336' title='bbox 736 5205 866 5243; x_wconf 90' lang='lat' dir='ltr'>cum</span> <span class='ocrx_word' id='word_1_337' title='bbox 921 5189 1215 5244; x_wconf 76' lang='lat' dir='ltr'>inhumata</span> <span class='ocrx_word' id='word_1_338' title='bbox 1272 5208 1512 5263; x_wconf 88' lang='lat' dir='ltr'>corpora</span> <span class='ocrx_word' id='word_1_339' title='bbox 1571 5193 1779 5263; x_wconf 88' lang='lat' dir='ltr'>passim</span> <span class='ocrx_word' id='word_1_340' title='bbox 1827 5195 2087 5265; x_wconf 85' lang='lat' dir='ltr'>jacerent</span> <span class='ocrx_word' id='word_1_341' title='bbox 2134 5196 2191 5250; x_wconf 91' lang='lat' dir='ltr'>in</span> 
     </span>
    </p>
   </div>
   <div class='ocr_carea' id='block_1_55' title="bbox 560 5282 2194 5361">
    <p class='ocr_par' dir='ltr' id='par_1_55' title="bbox 560 5282 2194 5361">
     <span class='ocr_line' id='line_1_55' title="bbox 560 5282 2194 5361; baseline 0.004 -24"><span class='ocrx_word' id='word_1_342' title='bbox 560 5282 833 5352; x_wconf 85' lang='lat' dir='ltr'>urbibus;</span> <span class='ocrx_word' id='word_1_343' title='bbox 876 5283 1069 5355; x_wconf 87' lang='lat' dir='ltr'>pueris</span> <span class='ocrx_word' id='word_1_344' title='bbox 1105 5286 1390 5339; x_wconf 89' lang='lat' dir='ltr'>commisti</span> <span class='ocrx_word' id='word_1_345' title='bbox 1431 5303 1614 5351; x_wconf 88' lang='lat' dir='ltr'>senes,</span> <span class='ocrx_word' id='word_1_346' title='bbox 1655 5287 1926 5343; x_wconf 78' lang='lat' dir='ltr'>mulieres</span> <span class='ocrx_word' id='word_1_347' title='bbox 1969 5306 2194 5361; x_wconf 88' lang='lat' dir='ltr'>quoque</span> 
     </span>
    </p>
   </div>
   <div class='ocr_carea' id='block_1_56' title="bbox 562 5378 2195 5451">
    <p class='ocr_par' dir='ltr' id='par_1_56' title="bbox 562 5378 2195 5451">
     <span class='ocr_line' id='line_1_56' title="bbox 562 5378 2195 5451; baseline 0.004 -21"><span class='ocrx_word' id='word_1_348' title='bbox 562 5394 664 5432; x_wconf 90' lang='lat' dir='ltr'>nec</span> <span class='ocrx_word' id='word_1_349' title='bbox 706 5383 941 5448; x_wconf 84' lang='lat' dir='ltr'>prOpter</span> <span class='ocrx_word' id='word_1_350' title='bbox 963 5378 1369 5434; x_wconf 88' lang='lat' dir='ltr'>verecundiam</span> <span class='ocrx_word' id='word_1_351' title='bbox 1407 5382 1785 5451; x_wconf 88' lang='lat' dir='ltr'>spectantium</span> <span class='ocrx_word' id='word_1_352' title='bbox 1819 5383 2195 5437; x_wconf 89' lang='lat' dir='ltr'>munimentis</span> 
     </span>
    </p>
   </div>
   <div class='ocr_carea' id='block_1_57' title="bbox 561 5470 2197 5542">
    <p class='ocr_par' dir='ltr' id='par_1_57' title="bbox 561 5470 2197 5542">
     <span class='ocr_line' id='line_1_57' title="bbox 561 5470 2197 5542; baseline 0.006 -20"><span class='ocrx_word' id='word_1_353' title='bbox 561 5470 770 5539; x_wconf 84' lang='lat' dir='ltr'>quibus</span> <span class='ocrx_word' id='word_1_354' title='bbox 798 5471 1066 5540; x_wconf 90' lang='lat' dir='ltr'>pudenda</span> <span class='ocrx_word' id='word_1_355' title='bbox 1089 5478 1440 5542; x_wconf 83' lang='lat' dir='ltr'>tegerentur,</span> <span class='ocrx_word' id='word_1_356' title='bbox 1469 5474 1683 5529; x_wconf 88' lang='lat' dir='ltr'>relictis</span> <span class='ocrx_word' id='word_1_357' title='bbox 1719 5492 1731 5530; x_wconf 91' lang='lat'>:</span> <span class='ocrx_word' id='word_1_358' title='bbox 1761 5477 1952 5530; x_wconf 85' lang='lat' dir='ltr'>omnia</span> <span class='ocrx_word' id='word_1_359' title='bbox 1972 5477 2119 5532; x_wconf 65' lang='lat' dir='ltr'>foeda</span> <span class='ocrx_word' id='word_1_360' title='bbox 2140 5482 2197 5532; x_wconf 91' lang='lat' dir='ltr'>et</span> 
     </span>
    </p>
   </div>
   <div class='ocr_carea' id='block_1_58' title="bbox 560 5564 2193 5637">
    <p class='ocr_par' dir='ltr' id='par_1_58' title="bbox 560 5564 2193 5637">
     <span class='ocr_line' id='line_1_58' title="bbox 560 5564 2193 5637; baseline 0.007 -23"><span class='ocrx_word' id='word_1_361' title='bbox 560 5564 729 5629; x_wconf 89' lang='lat' dir='ltr'>plena</span> <span class='ocrx_word' id='word_1_362' title='bbox 756 5565 940 5633; x_wconf 84' lang='lat' dir='ltr'>specie</span> <span class='ocrx_word' id='word_1_363' title='bbox 972 5565 1304 5633; x_wconf 89' lang='lat' dir='ltr'>miserabili,</span> <span class='ocrx_word' id='word_1_364' title='bbox 1338 5583 1467 5637; x_wconf 76' lang='lat' dir='ltr'>quae</span> <span class='ocrx_word' id='word_1_365' title='bbox 1497 5585 1626 5622; x_wconf 91' lang='lat' dir='ltr'>cum</span> <span class='ocrx_word' id='word_1_366' title='bbox 1657 5573 1869 5624; x_wconf 90' lang='lat' dir='ltr'>tetrum</span> <span class='ocrx_word' id='word_1_367' title='bbox 1898 5570 2193 5625; x_wconf 89' lang='lat' dir='ltr'>horrorem</span> 
     </span>
    </p>
   </div>
   <div class='ocr_carea' id='block_1_59' title="bbox 558 5656 2195 5733">
    <p class='ocr_par' dir='ltr' id='par_1_59' title="bbox 558 5656 2195 5733">
     <span class='ocr_line' id='line_1_59' title="bbox 558 5656 2195 5733; baseline 0.008 -27"><span class='ocrx_word' id='word_1_368' title='bbox 558 5656 902 5709; x_wconf 78' lang='lat' dir='ltr'>excederent</span> <span class='ocrx_word' id='word_1_369' title='bbox 941 5658 1127 5725; x_wconf 80' lang='lat' dir='ltr'>gravis</span> <span class='ocrx_word' id='word_1_370' title='bbox 1153 5676 1217 5713; x_wconf 89' lang='lat' dir='ltr'>ac</span> <span class='ocrx_word' id='word_1_371' title='bbox 1260 5661 1497 5714; x_wconf 66' lang='lat' dir='ltr'>nefariae</span> <span class='ocrx_word' id='word_1_372' title='bbox 1529 5662 1901 5733; x_wconf 86' lang='lat' dir='ltr'>crudelitatis,</span> <span class='ocrx_word' id='word_1_373' title='bbox 1934 5663 2195 5733; x_wconf 85' lang='lat' dir='ltr'>graviora</span> 
     </span>
    </p>
   </div>
   <div class='ocr_carea' id='block_1_60' title="bbox 627 5815 1193 5875">
    <p class='ocr_par' dir='ltr' id='par_1_60' title="bbox 627 5815 1193 5875">
     <span class='ocr_line' id='line_1_60' title="bbox 627 5815 1193 5875; baseline 0.014 -14"><span class='ocrx_word' id='word_1_374' title='bbox 627 5815 722 5875; x_wconf 73' lang='grc'>(47)</span> <span class='ocrx_word' id='word_1_375' title='bbox 757 5816 981 5867; x_wconf 77' lang='lat' dir='ltr'>Publice.</span> <span class='ocrx_word' id='word_1_376' title='bbox 1016 5821 1193 5872; x_wconf 71' lang='lat' dir='ltr'>Baaa.</span> 
     </span>
    </p>
   </div>
   <div class='ocr_carea' id='block_1_61' title="bbox 628 5884 1075 5949">
    <p class='ocr_par' dir='ltr' id='par_1_61' title="bbox 628 5884 1075 5949">
     <span class='ocr_line' id='line_1_61' title="bbox 628 5884 1075 5949; baseline 0.011 -18"><span class='ocrx_word' id='word_1_377' title='bbox 628 5884 722 5949; x_wconf 69' lang='grc'>(48)</span> <span class='ocrx_word' id='word_1_378' title='bbox 754 5884 959 5934; x_wconf 76' lang='lat' dir='ltr'>Exrila.</span> <span class='ocrx_word' id='word_1_379' title='bbox 997 5888 1075 5936; x_wconf 83' lang='lat' dir='ltr'>In.</span> 
     </span>
    </p>
   </div>
   <div class='ocr_carea' id='block_1_62' title="bbox 2216 4580 2275 4652">
    <p class='ocr_par' dir='ltr' id='par_1_62' title="bbox 2216 4580 2275 4652">
     <span class='ocr_line' id='line_1_62' title="bbox 2216 4580 2275 4652; baseline 0 0"><span class='ocrx_word' id='word_1_380' title='bbox 2216 4580 2275 4652; x_wconf 93' lang='lat' dir='ltr'>D</span> 
     </span>
    </p>
   </div>
   <div class='ocr_carea' id='block_1_63' title="bbox 2300 540 3826 619">
    <p class='ocr_par' dir='ltr' id='par_1_63' title="bbox 2300 540 3826 619">
     <span class='ocr_line' id='line_1_63' title="bbox 2300 540 3826 619; baseline 0.005 -24"><span class='ocrx_word' id='word_1_381' title='bbox 2300 557 2469 595; x_wconf 88' lang='lat' dir='ltr'>mane</span> <span class='ocrx_word' id='word_1_382' title='bbox 2499 541 2858 595; x_wconf 87' lang='lat' dir='ltr'>latrocinium</span> <span class='ocrx_word' id='word_1_383' title='bbox 2890 542 3041 595; x_wconf 91' lang='lat' dir='ltr'>inter</span> <span class='ocrx_word' id='word_1_384' title='bbox 3068 540 3297 596; x_wconf 66' lang='lat' dir='ltr'>Iudaeos</span> <span class='ocrx_word' id='word_1_385' title='bbox 3323 558 3386 595; x_wconf 91' lang='lat' dir='ltr'>ac</span> <span class='ocrx_word' id='word_1_386' title='bbox 3414 544 3580 612; x_wconf 88' lang='lat' dir='ltr'>Syros,</span> <span class='ocrx_word' id='word_1_387' title='bbox 3604 562 3709 600; x_wconf 89' lang='lat' dir='ltr'>cum</span> <span class='ocrx_word' id='word_1_388' title='bbox 3733 566 3826 619; x_wconf 85' lang='lat' dir='ltr'>spes</span> 
     </span>
    </p>
   </div>
   <div class='ocr_carea' id='block_1_64' title="bbox 2296 635 3830 707">
    <p class='ocr_par' dir='ltr' id='par_1_64' title="bbox 2296 635 3830 707">
     <span class='ocr_line' id='line_1_64' title="bbox 2296 635 3830 707; baseline 0.006 -19"><span class='ocrx_word' id='word_1_389' title='bbox 2296 636 2448 688; x_wconf 89' lang='lat' dir='ltr'>nulla</span> <span class='ocrx_word' id='word_1_390' title='bbox 2484 636 2676 689; x_wconf 87' lang='lat' dir='ltr'>salutis</span> <span class='ocrx_word' id='word_1_391' title='bbox 2714 639 2878 703; x_wconf 82' lang='lat' dir='ltr'>esset,</span> <span class='ocrx_word' id='word_1_392' title='bbox 2913 636 3022 690; x_wconf 85' lang='lat' dir='ltr'>nisi</span> <span class='ocrx_word' id='word_1_393' title='bbox 3052 639 3115 689; x_wconf 89' lang='lat' dir='ltr'>ut</span> <span class='ocrx_word' id='word_1_394' title='bbox 3140 635 3378 689; x_wconf 89' lang='lat' dir='ltr'>invicem</span> <span class='ocrx_word' id='word_1_395' title='bbox 3415 653 3468 690; x_wconf 87' lang='lat' dir='ltr'>se</span> <span class='ocrx_word' id='word_1_396' title='bbox 3503 639 3830 707; x_wconf 63' lang='lat' dir='ltr'>pravenirent.</span> 
     </span>
    </p>
   </div>
   <div class='ocr_carea' id='block_1_65' title="bbox 2294 729 3831 803">
    <p class='ocr_par' dir='ltr' id='par_1_65' title="bbox 2294 729 3831 803">
     <span class='ocr_line' id='line_1_65' title="bbox 2294 729 3831 803; baseline 0.005 -21"><span class='ocrx_word' id='word_1_397' title='bbox 2294 730 2429 792; x_wconf 61' lang='lat' dir='ltr'>Quae</span> <span class='ocrx_word' id='word_1_398' title='bbox 2470 730 2621 783; x_wconf 90' lang='lat' dir='ltr'>enim</span> <span class='ocrx_word' id='word_1_399' title='bbox 2662 729 2877 795; x_wconf 86' lang='lat' dir='ltr'>civitas,</span> <span class='ocrx_word' id='word_1_400' title='bbox 2911 745 3039 799; x_wconf 64' lang='lat' dir='ltr'>quae</span> <span class='ocrx_word' id='word_1_401' title='bbox 3083 745 3197 782; x_wconf 90' lang='lat' dir='ltr'>non</span> <span class='ocrx_word' id='word_1_402' title='bbox 3226 729 3441 783; x_wconf 82' lang='lat' dir='ltr'>Judaeos</span> <span class='ocrx_word' id='word_1_403' title='bbox 3465 731 3612 784; x_wconf 90' lang='lat' dir='ltr'>simul</span> <span class='ocrx_word' id='word_1_404' title='bbox 3637 736 3684 785; x_wconf 86' lang='lat' dir='ltr'>et</span> <span class='ocrx_word' id='word_1_405' title='bbox 3704 733 3831 803; x_wconf 78' lang='lat' dir='ltr'>Syros</span> 
     </span>
    </p>
   </div>
   <div class='ocr_carea' id='block_1_66' title="bbox 2295 822 3835 893">
    <p class='ocr_par' dir='ltr' id='par_1_66' title="bbox 2295 822 3835 893">
     <span class='ocr_line' id='line_1_66' title="bbox 2295 822 3835 893; baseline 0.005 -18"><span class='ocrx_word' id='word_1_406' title='bbox 2295 822 2601 893; x_wconf 89' lang='lat' dir='ltr'>permistos</span> <span class='ocrx_word' id='word_1_407' title='bbox 2659 823 2947 877; x_wconf 86' lang='lat' dir='ltr'>haberet?</span> <span class='ocrx_word' id='word_1_408' title='bbox 2996 823 3126 876; x_wconf 88' lang='lat' dir='ltr'>Dies</span> <span class='ocrx_word' id='word_1_409' title='bbox 3168 822 3228 877; x_wconf 92' lang='lat' dir='ltr'>in</span> <span class='ocrx_word' id='word_1_410' title='bbox 3280 824 3558 893; x_wconf 87' lang='lat' dir='ltr'>sanguine,</span> <span class='ocrx_word' id='word_1_411' title='bbox 3600 830 3760 881; x_wconf 84' lang='lat' dir='ltr'>noctes</span> <span class='ocrx_word' id='word_1_412' title='bbox 3792 828 3835 883; x_wconf 91' lang='lat' dir='ltr'>in</span> 
     </span>
    </p>
   </div>
   <div class='ocr_carea' id='block_1_67' title="bbox 2295 915 3834 986">
    <p class='ocr_par' dir='ltr' id='par_1_67' title="bbox 2295 915 3834 986">
     <span class='ocr_line' id='line_1_67' title="bbox 2295 915 3834 986; baseline 0.004 -17"><span class='ocrx_word' id='word_1_413' title='bbox 2295 915 2597 970; x_wconf 89' lang='lat' dir='ltr'>formidine</span> <span class='ocrx_word' id='word_1_414' title='bbox 2632 915 3144 986; x_wconf 89' lang='lat' dir='ltr'>transigebantur:</span> <span class='ocrx_word' id='word_1_415' title='bbox 3188 932 3291 972; x_wconf 92' lang='lat' dir='ltr'>nec</span> <span class='ocrx_word' id='word_1_416' title='bbox 3335 916 3488 981; x_wconf 90' lang='lat' dir='ltr'>odiis,</span> <span class='ocrx_word' id='word_1_417' title='bbox 3521 933 3611 971; x_wconf 88' lang='lat' dir='ltr'>nec</span> <span class='ocrx_word' id='word_1_418' title='bbox 3642 921 3834 975; x_wconf 69' lang='lat' dir='ltr'>avaritia:</span> 
     </span>
    </p>
   </div>
   <div class='ocr_carea' id='block_1_68' title="bbox 2296 1010 3839 1080">
    <p class='ocr_par' dir='ltr' id='par_1_68' title="bbox 2296 1010 3839 1080">
     <span class='ocr_line' id='line_1_68' title="bbox 2296 1010 3839 1080; baseline 0.001 -15"><span class='ocrx_word' id='word_1_419' title='bbox 2296 1010 2501 1065; x_wconf 90' lang='lat' dir='ltr'>modus</span> <span class='ocrx_word' id='word_1_420' title='bbox 2529 1010 2691 1064; x_wconf 92' lang='lat' dir='ltr'>ullus.</span> <span class='ocrx_word' id='word_1_421' title='bbox 2725 1013 2867 1065; x_wconf 89' lang='lat' dir='ltr'>Nam</span> <span class='ocrx_word' id='word_1_422' title='bbox 2892 1015 3108 1080; x_wconf 65' lang='lat' dir='ltr'>praeter</span> <span class='ocrx_word' id='word_1_423' title='bbox 3136 1015 3415 1064; x_wconf 77' lang='lat' dir='ltr'>sectarum</span> <span class='ocrx_word' id='word_1_424' title='bbox 3440 1012 3494 1064; x_wconf 90' lang='lat' dir='ltr'>et</span> <span class='ocrx_word' id='word_1_425' title='bbox 3517 1011 3677 1065; x_wconf 89' lang='lat' dir='ltr'>cultus</span> <span class='ocrx_word' id='word_1_426' title='bbox 3702 1012 3839 1067; x_wconf 86' lang='lat' dir='ltr'>diver-</span> 
     </span>
    </p>
   </div>
   <div class='ocr_carea' id='block_1_69' title="bbox 2295 1103 3839 1174">
    <p class='ocr_par' dir='ltr' id='par_1_69' title="bbox 2295 1103 3839 1174">
     <span class='ocr_line' id='line_1_69' title="bbox 2295 1103 3839 1174; baseline 0.002 -16"><span class='ocrx_word' id='word_1_427' title='bbox 2295 1104 2542 1171; x_wconf 87' lang='lat' dir='ltr'>sitatem,</span> <span class='ocrx_word' id='word_1_428' title='bbox 2585 1120 2714 1174; x_wconf 85' lang='lat' dir='ltr'>quae</span> <span class='ocrx_word' id='word_1_429' title='bbox 2764 1104 2823 1157; x_wconf 90' lang='lat' dir='ltr'>in</span> <span class='ocrx_word' id='word_1_430' title='bbox 2868 1103 3086 1158; x_wconf 90' lang='lat' dir='ltr'>malum</span> <span class='ocrx_word' id='word_1_431' title='bbox 3143 1103 3430 1173; x_wconf 90' lang='lat' dir='ltr'>publicum</span> <span class='ocrx_word' id='word_1_432' title='bbox 3475 1104 3706 1174; x_wconf 77' lang='lat' dir='ltr'>eriperet,</span> <span class='ocrx_word' id='word_1_433' title='bbox 3738 1112 3786 1159; x_wconf 88' lang='lat' dir='ltr'>ut</span> <span class='ocrx_word' id='word_1_434' title='bbox 3818 1123 3839 1161; x_wconf 86' lang='lat' dir='ltr'>e</span> 
     </span>
    </p>
   </div>
   <div class='ocr_carea' id='block_1_70' title="bbox 2294 1196 3841 1268">
    <p class='ocr_par' dir='ltr' id='par_1_70' title="bbox 2294 1196 3841 1268">
     <span class='ocr_line' id='line_1_70' title="bbox 2294 1196 3841 1268; baseline 0.001 -16"><span class='ocrx_word' id='word_1_435' title='bbox 2294 1197 2516 1252; x_wconf 90' lang='lat' dir='ltr'>diverso</span> <span class='ocrx_word' id='word_1_436' title='bbox 2569 1214 2629 1251; x_wconf 91' lang='lat' dir='ltr'>se</span> <span class='ocrx_word' id='word_1_437' title='bbox 2676 1197 2930 1268; x_wconf 90' lang='lat' dir='ltr'>perditos</span> <span class='ocrx_word' id='word_1_438' title='bbox 2986 1197 3247 1264; x_wconf 83' lang='lat' dir='ltr'>vellent;</span> <span class='ocrx_word' id='word_1_439' title='bbox 3287 1196 3515 1251; x_wconf 88' lang='lat' dir='ltr'>avaritia</span> <span class='ocrx_word' id='word_1_440' title='bbox 3562 1197 3768 1253; x_wconf 87' lang='lat' dir='ltr'>habendi</span> <span class='ocrx_word' id='word_1_441' title='bbox 3804 1207 3841 1253; x_wconf 82' lang='lat' dir='ltr'>et</span> 
     </span>
    </p>
   </div>
   <div class='ocr_carea' id='block_1_71' title="bbox 2295 1291 3840 1363">
    <p class='ocr_par' dir='ltr' id='par_1_71' title="bbox 2295 1291 3840 1363">
     <span class='ocr_line' id='line_1_71' title="bbox 2295 1291 3840 1363; baseline 0 -18"><span class='ocrx_word' id='word_1_442' title='bbox 2295 1291 2554 1363; x_wconf 89' lang='lat' dir='ltr'>rapiendi</span> <span class='ocrx_word' id='word_1_443' title='bbox 2607 1291 2817 1361; x_wconf 90' lang='lat' dir='ltr'>cupido</span> <span class='ocrx_word' id='word_1_444' title='bbox 2862 1292 2941 1345; x_wconf 76' lang='lat' dir='ltr'>ila</span> <span class='ocrx_word' id='word_1_445' title='bbox 2989 1292 3251 1346; x_wconf 87' lang='lat' dir='ltr'>animum</span> <span class='ocrx_word' id='word_1_446' title='bbox 3307 1291 3589 1357; x_wconf 89' lang='lat' dir='ltr'>invaserat,</span> <span class='ocrx_word' id='word_1_447' title='bbox 3631 1295 3686 1344; x_wconf 88' lang='lat' dir='ltr'>ut</span> <span class='ocrx_word' id='word_1_448' title='bbox 3720 1293 3840 1359; x_wconf 89' lang='lat' dir='ltr'>nulli,</span> 
     </span>
    </p>
   </div>
   <div class='ocr_carea' id='block_1_72' title="bbox 2297 1383 3843 1456">
    <p class='ocr_par' dir='ltr' id='par_1_72' title="bbox 2297 1383 3843 1456">
     <span class='ocr_line' id='line_1_72' title="bbox 2297 1383 3843 1456; baseline -0.001 -16"><span class='ocrx_word' id='word_1_449' title='bbox 2297 1401 2466 1456; x_wconf 89' lang='lat' dir='ltr'>quem</span> <span class='ocrx_word' id='word_1_450' title='bbox 2504 1385 2712 1456; x_wconf 71' lang='lat' dir='ltr'>praedae</span> <span class='ocrx_word' id='word_1_451' title='bbox 2748 1385 2937 1440; x_wconf 91' lang='lat' dir='ltr'>studio</span> <span class='ocrx_word' id='word_1_452' title='bbox 2987 1385 3357 1456; x_wconf 90' lang='lat' dir='ltr'>deputassent</span> <span class='ocrx_word' id='word_1_453' title='bbox 3394 1383 3533 1451; x_wconf 89' lang='lat' dir='ltr'>neci,</span> <span class='ocrx_word' id='word_1_454' title='bbox 3563 1385 3843 1455; x_wconf 88' lang='lat' dir='ltr'>parcendum</span> 
     </span>
    </p>
   </div>
   <div class='ocr_carea' id='block_1_73' title="bbox 2296 1478 3844 1543">
    <p class='ocr_par' dir='ltr' id='par_1_73' title="bbox 2296 1478 3844 1543">
     <span class='ocr_line' id='line_1_73' title="bbox 2296 1478 3844 1543; baseline -0.002 -9"><span class='ocrx_word' id='word_1_455' title='bbox 2296 1480 2666 1534; x_wconf 67' lang='lat' dir='ltr'>aestimarent.</span> <span class='ocrx_word' id='word_1_456' title='bbox 2695 1480 2837 1543; x_wconf 85' lang='lat' dir='ltr'>Quid</span> <span class='ocrx_word' id='word_1_457' title='bbox 2880 1479 2951 1533; x_wconf 92' lang='lat' dir='ltr'>de</span> <span class='ocrx_word' id='word_1_458' title='bbox 2986 1478 3205 1533; x_wconf 91' lang='lat' dir='ltr'>minore</span> <span class='ocrx_word' id='word_1_459' title='bbox 3240 1494 3483 1533; x_wconf 89' lang='lat' dir='ltr'>numero</span> <span class='ocrx_word' id='word_1_460' title='bbox 3516 1493 3760 1532; x_wconf 68' lang='lat' dir='ltr'>caesorum</span> <span class='ocrx_word' id='word_1_461' title='bbox 3783 1480 3844 1532; x_wconf 91' lang='lat' dir='ltr'>lo-</span> 
     </span>
    </p>
   </div>
   <div class='ocr_carea' id='block_1_74' title="bbox 2296 1571 3848 1645">
    <p class='ocr_par' dir='ltr' id='par_1_74' title="bbox 2296 1571 3848 1645">
     <span class='ocr_line' id='line_1_74' title="bbox 2296 1571 3848 1645; baseline -0.002 -17"><span class='ocrx_word' id='word_1_462' title='bbox 2296 1591 2442 1645; x_wconf 91' lang='lat' dir='ltr'>quar</span> <span class='ocrx_word' id='word_1_463' title='bbox 2470 1574 2497 1627; x_wconf 84' lang='lat'><strong>?</strong></span> <span class='ocrx_word' id='word_1_464' title='bbox 2541 1575 2683 1628; x_wconf 84' lang='lat' dir='ltr'>Nam</span> <span class='ocrx_word' id='word_1_465' title='bbox 2731 1576 2939 1644; x_wconf 64' lang='lat' dir='ltr'>praeter</span> <span class='ocrx_word' id='word_1_466' title='bbox 2996 1573 3407 1639; x_wconf 84' lang='lat' dir='ltr'>Antiochenos,</span> <span class='ocrx_word' id='word_1_467' title='bbox 3442 1577 3497 1626; x_wconf 91' lang='lat' dir='ltr'>et</span> <span class='ocrx_word' id='word_1_468' title='bbox 3539 1571 3784 1637; x_wconf 88' lang='lat' dir='ltr'>Sidonios,</span> <span class='ocrx_word' id='word_1_469' title='bbox 3809 1577 3848 1625; x_wconf 89' lang='lat' dir='ltr'>et</span> 
     </span>
    </p>
   </div>
   <div class='ocr_carea' id='block_1_75' title="bbox 2294 1664 3849 1739">
    <p class='ocr_par' dir='ltr' id='par_1_75' title="bbox 2294 1664 3849 1739">
     <span class='ocr_line' id='line_1_75' title="bbox 2294 1664 3849 1739; baseline -0.001 -17"><span class='ocrx_word' id='word_1_470' title='bbox 2294 1671 2643 1739; x_wconf 81' lang='lat' dir='ltr'>Apamenos,</span> <span class='ocrx_word' id='word_1_471' title='bbox 2665 1668 2893 1722; x_wconf 87' lang='lat' dir='ltr'>difﬁcile</span> <span class='ocrx_word' id='word_1_472' title='bbox 2920 1667 3226 1739; x_wconf 88' lang='lat' dir='ltr'>quisquam</span> <span class='ocrx_word' id='word_1_473' title='bbox 3246 1667 3511 1738; x_wconf 89' lang='lat' dir='ltr'>populus,</span> <span class='ocrx_word' id='word_1_474' title='bbox 3531 1664 3849 1720; x_wconf 58' lang='lat' dir='ltr'>inhabitantes</span> 
     </span>
    </p>
   </div>
   <div class='ocr_carea' id='block_1_76' title="bbox 2296 1748 3947 1833">
    <p class='ocr_par' dir='ltr' id='par_1_76' title="bbox 2296 1748 3947 1833">
     <span class='ocr_line' id='line_1_76' title="bbox 2296 1748 3947 1833; baseline -0.004 -15"><span class='ocrx_word' id='word_1_475' title='bbox 2296 1779 2489 1818; x_wconf 90' lang='lat' dir='ltr'>secum</span> <span class='ocrx_word' id='word_1_476' title='bbox 2528 1763 2750 1817; x_wconf 69' lang='lat' dir='ltr'>Iudaeos</span> <span class='ocrx_word' id='word_1_477' title='bbox 2789 1779 2905 1817; x_wconf 90' lang='lat' dir='ltr'>non</span> <span class='ocrx_word' id='word_1_478' title='bbox 2950 1766 3281 1833; x_wconf 78' lang='lat' dir='ltr'>persecutus</span> <span class='ocrx_word' id='word_1_479' title='bbox 3329 1765 3435 1816; x_wconf 89' lang='lat' dir='ltr'>est.</span> <span class='ocrx_word' id='word_1_480' title='bbox 3474 1760 3734 1814; x_wconf 88' lang='lat' dir='ltr'>Cerassem</span> <span class='ocrx_word' id='word_1_481' title='bbox 3770 1760 3847 1827; x_wconf 66' lang='grc'>(49)</span> <span class='ocrx_word' id='word_1_482' title='bbox 3946 1748 3947 1755; x_wconf 40' lang='grc'><em>“</em></span> 
     </span>
    </p>
   </div>
   <div class='ocr_carea' id='block_1_77' title="bbox 2294 1852 3851 1926">
    <p class='ocr_par' dir='ltr' id='par_1_77' title="bbox 2294 1852 3851 1926">
     <span class='ocr_line' id='line_1_77' title="bbox 2294 1852 3851 1926; baseline -0.004 -15"><span class='ocrx_word' id='word_1_483' title='bbox 2294 1860 2486 1911; x_wconf 90' lang='lat' dir='ltr'>autem</span> <span class='ocrx_word' id='word_1_484' title='bbox 2515 1859 2574 1911; x_wconf 92' lang='lat' dir='ltr'>et</span> <span class='ocrx_word' id='word_1_485' title='bbox 2613 1855 2871 1911; x_wconf 88' lang='lat' dir='ltr'>volentes</span> <span class='ocrx_word' id='word_1_486' title='bbox 2910 1855 3124 1926; x_wconf 89' lang='lat' dir='ltr'>egredi,</span> <span class='ocrx_word' id='word_1_487' title='bbox 3156 1870 3335 1926; x_wconf 89' lang='lat' dir='ltr'>usque</span> <span class='ocrx_word' id='word_1_488' title='bbox 3377 1853 3450 1908; x_wconf 91' lang='lat' dir='ltr'>ad</span> <span class='ocrx_word' id='word_1_489' title='bbox 3476 1852 3612 1907; x_wconf 91' lang='lat' dir='ltr'>ﬁnes</span> <span class='ocrx_word' id='word_1_490' title='bbox 3650 1852 3851 1923; x_wconf 88' lang='lat' dir='ltr'>proprios</span> 
     </span>
    </p>
   </div>
   <div class='ocr_carea' id='block_1_78' title="bbox 2294 1947 3847 2021">
    <p class='ocr_par' dir='ltr' id='par_1_78' title="bbox 2294 1947 3847 2021">
     <span class='ocr_line' id='line_1_78' title="bbox 2294 1947 3847 2021; baseline -0.004 -16"><span class='ocrx_word' id='word_1_491' title='bbox 2294 1950 2578 2021; x_wconf 90' lang='lat' dir='ltr'>prosecuti</span> <span class='ocrx_word' id='word_1_492' title='bbox 2606 1955 2757 2019; x_wconf 89' lang='lat' dir='ltr'>sunt,</span> <span class='ocrx_word' id='word_1_493' title='bbox 2788 1954 2851 2005; x_wconf 90' lang='lat' dir='ltr'>ut</span> <span class='ocrx_word' id='word_1_494' title='bbox 2879 1950 3002 2005; x_wconf 92' lang='lat' dir='ltr'>sine</span> <span class='ocrx_word' id='word_1_495' title='bbox 3032 1949 3150 2003; x_wconf 89' lang='lat' dir='ltr'>ulla</span> <span class='ocrx_word' id='word_1_496' title='bbox 3180 1948 3385 2003; x_wconf 86' lang='lat' dir='ltr'>fraude</span> <span class='ocrx_word' id='word_1_497' title='bbox 3412 1947 3642 2002; x_wconf 88' lang='lat' dir='ltr'>abirent.</span> <span class='ocrx_word' id='word_1_498' title='bbox 3668 1947 3847 2000; x_wconf 73' lang='lat' dir='ltr'>Alexan-</span> 
     </span>
    </p>
   </div>
   <div class='ocr_carea' id='block_1_79' title="bbox 2295 2040 3852 2114">
    <p class='ocr_par' dir='ltr' id='par_1_79' title="bbox 2295 2040 3852 2114">
     <span class='ocr_line' id='line_1_79' title="bbox 2295 2040 3852 2114; baseline -0.003 -17"><span class='ocrx_word' id='word_1_499' title='bbox 2295 2044 2434 2097; x_wconf 65' lang='lat' dir='ltr'>driae</span> <span class='ocrx_word' id='word_1_500' title='bbox 2459 2060 2593 2098; x_wconf 89' lang='lat' dir='ltr'>vero</span> <span class='ocrx_word' id='word_1_501' title='bbox 2616 2049 2744 2099; x_wconf 91' lang='lat' dir='ltr'>orta</span> <span class='ocrx_word' id='word_1_502' title='bbox 2771 2043 2921 2097; x_wconf 91' lang='lat' dir='ltr'>inter</span> <span class='ocrx_word' id='word_1_503' title='bbox 2950 2041 3195 2114; x_wconf 85' lang='lat' dir='ltr'>gentiles</span> <span class='ocrx_word' id='word_1_504' title='bbox 3216 2047 3273 2097; x_wconf 92' lang='lat' dir='ltr'>et</span> <span class='ocrx_word' id='word_1_505' title='bbox 3294 2041 3520 2097; x_wconf 69' lang='lat' dir='ltr'>Iudaeos</span> <span class='ocrx_word' id='word_1_506' title='bbox 3539 2040 3852 2105; x_wconf 86' lang='lat' dir='ltr'>contentione,</span> 
     </span>
    </p>
   </div>
   <div class='ocr_carea' id='block_1_80' title="bbox 2295 2132 3849 2208">
    <p class='ocr_par' dir='ltr' id='par_1_80' title="bbox 2295 2132 3849 2208">
     <span class='ocr_line' id='line_1_80' title="bbox 2295 2132 3849 2208; baseline -0.004 -16"><span class='ocrx_word' id='word_1_507' title='bbox 2295 2137 2432 2192; x_wconf 89' lang='lat' dir='ltr'>dum</span> <span class='ocrx_word' id='word_1_508' title='bbox 2466 2138 2681 2192; x_wconf 66' lang='lat' dir='ltr'>Hebraei</span> <span class='ocrx_word' id='word_1_509' title='bbox 2706 2138 3436 2208; x_wconf 83' lang='lat' dir='ltr'>vindictamreposcerent,</span> <span class='ocrx_word' id='word_1_510' title='bbox 3468 2152 3530 2190; x_wconf 90' lang='lat' dir='ltr'>ac</span> <span class='ocrx_word' id='word_1_511' title='bbox 3554 2136 3712 2206; x_wconf 85' lang='lat' dir='ltr'>raptis</span> <span class='ocrx_word' id='word_1_512' title='bbox 3733 2132 3849 2187; x_wconf 85' lang='lat' dir='ltr'>fasci-</span> 
     </span>
    </p>
   </div>
   <div class='ocr_carea' id='block_1_81' title="bbox 2294 2227 3855 2303">
    <p class='ocr_par' dir='ltr' id='par_1_81' title="bbox 2294 2227 3855 2303">
     <span class='ocr_line' id='line_1_81' title="bbox 2294 2227 3855 2303; baseline -0.003 -18"><span class='ocrx_word' id='word_1_513' title='bbox 2294 2231 2400 2285; x_wconf 90' lang='lat' dir='ltr'>bus</span> <span class='ocrx_word' id='word_1_514' title='bbox 2436 2235 2850 2303; x_wconf 86' lang='lat' dir='ltr'>congregatum</span> <span class='ocrx_word' id='word_1_515' title='bbox 2882 2231 2939 2286; x_wconf 90' lang='lat' dir='ltr'>in</span> <span class='ocrx_word' id='word_1_516' title='bbox 2978 2230 3405 2302; x_wconf 88' lang='lat' dir='ltr'>amphitheatro</span> <span class='ocrx_word' id='word_1_517' title='bbox 3432 2229 3693 2302; x_wconf 89' lang='lat' dir='ltr'>populum</span> <span class='ocrx_word' id='word_1_518' title='bbox 3725 2227 3855 2299; x_wconf 85' lang='lat' dir='ltr'>genti-</span> 
     </span>
    </p>
   </div>
   <div class='ocr_carea' id='block_1_82' title="bbox 2293 2323 3855 2391">
    <p class='ocr_par' dir='ltr' id='par_1_82' title="bbox 2293 2323 3855 2391">
     <span class='ocr_line' id='line_1_82' title="bbox 2293 2323 3855 2391; baseline -0.004 -12"><span class='ocrx_word' id='word_1_519' title='bbox 2293 2325 2435 2379; x_wconf 91' lang='lat' dir='ltr'>lium</span> <span class='ocrx_word' id='word_1_520' title='bbox 2460 2327 2866 2380; x_wconf 87' lang='lat' dir='ltr'>minitarentur</span> <span class='ocrx_word' id='word_1_521' title='bbox 2901 2341 3159 2391; x_wconf 88' lang='lat' dir='ltr'>exurere,</span> <span class='ocrx_word' id='word_1_522' title='bbox 3192 2324 3306 2379; x_wconf 91' lang='lat' dir='ltr'>alia</span> <span class='ocrx_word' id='word_1_523' title='bbox 3337 2328 3631 2379; x_wconf 85' lang='lat' dir='ltr'>curantem</span> <span class='ocrx_word' id='word_1_524' title='bbox 3669 2323 3855 2376; x_wconf 79' lang='lat' dir='ltr'>Alexan-</span> 
     </span>
    </p>
   </div>
   <div class='ocr_carea' id='block_1_83' title="bbox 2293 2418 3859 2492">
    <p class='ocr_par' dir='ltr' id='par_1_83' title="bbox 2293 2418 3859 2492">
     <span class='ocr_line' id='line_1_83' title="bbox 2293 2418 3859 2492; baseline -0.003 -17"><span class='ocrx_word' id='word_1_525' title='bbox 2293 2420 2461 2475; x_wconf 89' lang='lat' dir='ltr'>drum</span> <span class='ocrx_word' id='word_1_526' title='bbox 2499 2420 2786 2475; x_wconf 90' lang='lat' dir='ltr'>Tiberium</span> <span class='ocrx_word' id='word_1_527' title='bbox 2830 2420 3166 2492; x_wconf 70' lang='lat' dir='ltr'>praafectum</span> <span class='ocrx_word' id='word_1_528' title='bbox 3211 2419 3317 2473; x_wconf 90' lang='lat' dir='ltr'>loci</span> <span class='ocrx_word' id='word_1_529' title='bbox 3360 2418 3423 2473; x_wconf 88' lang='lat' dir='ltr'>in</span> <span class='ocrx_word' id='word_1_530' title='bbox 3465 2434 3525 2471; x_wconf 90' lang='lat' dir='ltr'>se</span> <span class='ocrx_word' id='word_1_531' title='bbox 3571 2422 3859 2472; x_wconf 84' lang='lat' dir='ltr'>convertere.</span> 
     </span>
    </p>
   </div>
   <div class='ocr_carea' id='block_1_84' title="bbox 2294 2511 3859 2586">
    <p class='ocr_par' dir='ltr' id='par_1_84' title="bbox 2294 2511 3859 2586">
     <span class='ocr_line' id='line_1_84' title="bbox 2294 2511 3859 2586; baseline -0.004 -18"><span class='ocrx_word' id='word_1_532' title='bbox 2294 2530 2359 2568; x_wconf 88' lang='lat' dir='ltr'>ac</span> <span class='ocrx_word' id='word_1_533' title='bbox 2387 2514 2575 2586; x_wconf 90' lang='lat' dir='ltr'>primo</span> <span class='ocrx_word' id='word_1_534' title='bbox 2613 2513 2849 2585; x_wconf 90' lang='lat' dir='ltr'>quidem</span> <span class='ocrx_word' id='word_1_535' title='bbox 2889 2513 3250 2568; x_wconf 88' lang='lat' dir='ltr'>concordiam</span> <span class='ocrx_word' id='word_1_536' title='bbox 3286 2512 3580 2584; x_wconf 75' lang='lat' dir='ltr'>publicam</span> <span class='ocrx_word' id='word_1_537' title='bbox 3614 2511 3859 2565; x_wconf 81' lang='lat' dir='ltr'>reformare</span> 
     </span>
    </p>
   </div>
   <div class='ocr_carea' id='block_1_85' title="bbox 2292 2600 3863 2678">
    <p class='ocr_par' dir='ltr' id='par_1_85' title="bbox 2292 2600 3863 2678">
     <span class='ocr_line' id='line_1_85' title="bbox 2292 2600 3863 2678; baseline -0.005 -16"><span class='ocrx_word' id='word_1_538' title='bbox 2292 2607 2545 2678; x_wconf 89' lang='lat' dir='ltr'>paciﬁcis</span> <span class='ocrx_word' id='word_1_539' title='bbox 2586 2607 2844 2663; x_wconf 88' lang='lat' dir='ltr'>tentabat</span> <span class='ocrx_word' id='word_1_540' title='bbox 2880 2606 3256 2665; x_wconf 87' lang='lat' dir='ltr'>sermonibus.</span> <span class='ocrx_word' id='word_1_541' title='bbox 3286 2606 3398 2661; x_wconf 91' lang='lat' dir='ltr'>Ubi</span> <span class='ocrx_word' id='word_1_542' title='bbox 3434 2621 3566 2661; x_wconf 90' lang='lat' dir='ltr'>vero</span> <span class='ocrx_word' id='word_1_543' title='bbox 3592 2601 3791 2659; x_wconf 86' lang='lat' dir='ltr'>irrideri</span> <span class='ocrx_word' id='word_1_544' title='bbox 3817 2600 3863 2654; x_wconf 79' lang='lat' dir='ltr'>ab</span> 
     </span>
    </p>
   </div>
   <div class='ocr_carea' id='block_1_86' title="bbox 2294 2693 3859 2773">
    <p class='ocr_par' dir='ltr' id='par_1_86' title="bbox 2294 2693 3859 2773">
     <span class='ocr_line' id='line_1_86' title="bbox 2294 2693 3859 2773; baseline -0.006 -18"><span class='ocrx_word' id='word_1_545' title='bbox 2294 2701 2383 2755; x_wconf 90' lang='lat' dir='ltr'>his</span> <span class='ocrx_word' id='word_1_546' title='bbox 2427 2718 2556 2773; x_wconf 68' lang='lat' dir='ltr'>quas</span> <span class='ocrx_word' id='word_1_547' title='bbox 2602 2701 2798 2757; x_wconf 86' lang='lat' dir='ltr'>sedulo</span> <span class='ocrx_word' id='word_1_548' title='bbox 2850 2704 3137 2772; x_wconf 89' lang='lat' dir='ltr'>moneret,</span> <span class='ocrx_word' id='word_1_549' title='bbox 3174 2700 3444 2769; x_wconf 80' lang='lat' dir='ltr'>advertit,</span> <span class='ocrx_word' id='word_1_550' title='bbox 3484 2716 3591 2754; x_wconf 89' lang='lat' dir='ltr'>nec</span> <span class='ocrx_word' id='word_1_551' title='bbox 3642 2697 3745 2753; x_wconf 92' lang='lat' dir='ltr'>ullo</span> <span class='ocrx_word' id='word_1_552' title='bbox 3788 2693 3859 2747; x_wconf 86' lang='lat' dir='ltr'>alio</span> 
     </span>
    </p>
   </div>
   <div class='ocr_carea' id='block_1_87' title="bbox 2294 2789 3862 2867">
    <p class='ocr_par' dir='ltr' id='par_1_87' title="bbox 2294 2789 3862 2867">
     <span class='ocr_line' id='line_1_87' title="bbox 2294 2789 3862 2867; baseline -0.004 -18"><span class='ocrx_word' id='word_1_553' title='bbox 2294 2795 2470 2850; x_wconf 91' lang='lat' dir='ltr'>modo</span> <span class='ocrx_word' id='word_1_554' title='bbox 2498 2795 2623 2851; x_wconf 91' lang='lat' dir='ltr'>tolli</span> <span class='ocrx_word' id='word_1_555' title='bbox 2653 2812 2820 2867; x_wconf 89' lang='lat' dir='ltr'>posse</span> <span class='ocrx_word' id='word_1_556' title='bbox 2846 2799 3067 2851; x_wconf 87' lang='lat' dir='ltr'>tantam</span> <span class='ocrx_word' id='word_1_557' title='bbox 3096 2793 3467 2861; x_wconf 89' lang='lat' dir='ltr'>seditionem,</span> <span class='ocrx_word' id='word_1_558' title='bbox 3500 2789 3781 2848; x_wconf 87' lang='lat' dir='ltr'>invadendi</span> <span class='ocrx_word' id='word_1_559' title='bbox 3802 2803 3862 2841; x_wconf 81' lang='lat' dir='ltr'>eos</span> 
     </span>
    </p>
   </div>
   <div class='ocr_carea' id='block_1_88' title="bbox 2292 2881 3861 2961">
    <p class='ocr_par' dir='ltr' id='par_1_88' title="bbox 2292 2881 3861 2961">
     <span class='ocr_line' id='line_1_88' title="bbox 2292 2881 3861 2961; baseline -0.002 -17"><span class='ocrx_word' id='word_1_560' title='bbox 2292 2889 2570 2944; x_wconf 88' lang='lat' dir='ltr'>militibus</span> <span class='ocrx_word' id='word_1_561' title='bbox 2590 2892 2937 2961; x_wconf 88' lang='lat' dir='ltr'>potestatem</span> <span class='ocrx_word' id='word_1_562' title='bbox 2962 2889 3117 2945; x_wconf 89' lang='lat' dir='ltr'>dedit</span> <span class='ocrx_word' id='word_1_563' title='bbox 3143 2904 3156 2943; x_wconf 92' lang='lat'>:</span> <span class='ocrx_word' id='word_1_564' title='bbox 3187 2888 3287 2959; x_wconf 89' lang='lat' dir='ltr'>qui</span> <span class='ocrx_word' id='word_1_565' title='bbox 3312 2888 3686 2943; x_wconf 87' lang='lat' dir='ltr'>circumfusos</span> <span class='ocrx_word' id='word_1_566' title='bbox 3705 2881 3861 2940; x_wconf 79' lang='lat' dir='ltr'>adorsi.</span> 
     </span>
    </p>
   </div>
   <div class='ocr_carea' id='block_1_89' title="bbox 2295 2981 3864 3056">
    <p class='ocr_par' dir='ltr' id='par_1_89' title="bbox 2295 2981 3864 3056">
     <span class='ocr_line' id='line_1_89' title="bbox 2295 2981 3864 3056; baseline -0.006 -16"><span class='ocrx_word' id='word_1_567' title='bbox 2295 2985 2607 3040; x_wconf 83' lang='lat' dir='ltr'>maximam</span> <span class='ocrx_word' id='word_1_568' title='bbox 2642 3001 2747 3056; x_wconf 89' lang='lat' dir='ltr'>per</span> <span class='ocrx_word' id='word_1_569' title='bbox 2782 2986 2963 3039; x_wconf 87' lang='lat' dir='ltr'>totam</span> <span class='ocrx_word' id='word_1_570' title='bbox 2999 2982 3203 3038; x_wconf 89' lang='lat' dir='ltr'>urbem</span> <span class='ocrx_word' id='word_1_571' title='bbox 3231 2986 3494 3054; x_wconf 86' lang='lat' dir='ltr'>stragem</span> <span class='ocrx_word' id='word_1_572' title='bbox 3520 2981 3700 3037; x_wconf 87' lang='lat' dir='ltr'>fecere</span> <span class='ocrx_word' id='word_1_573' title='bbox 3730 2997 3740 3031; x_wconf 92' lang='lat'><strong>:</strong></span> <span class='ocrx_word' id='word_1_574' title='bbox 3774 2988 3864 3030; x_wconf 87' lang='lat' dir='ltr'>cum</span> 
     </span>
    </p>
   </div>
   <div class='ocr_carea' id='block_1_90' title="bbox 2294 3068 3866 3149">
    <p class='ocr_par' dir='ltr' id='par_1_90' title="bbox 2294 3068 3866 3149">
     <span class='ocr_line' id='line_1_90' title="bbox 2294 3068 3866 3149; baseline -0.004 -15"><span class='ocrx_word' id='word_1_575' title='bbox 2294 3080 2436 3135; x_wconf 89' lang='lat' dir='ltr'>alios</span> <span class='ocrx_word' id='word_1_576' title='bbox 2480 3080 2829 3147; x_wconf 90' lang='lat' dir='ltr'>resistentes,</span> <span class='ocrx_word' id='word_1_577' title='bbox 2862 3077 3147 3149; x_wconf 84' lang='lat' dir='ltr'>fugientes</span> <span class='ocrx_word' id='word_1_578' title='bbox 3190 3077 3357 3146; x_wconf 89' lang='lat' dir='ltr'>alios,</span> <span class='ocrx_word' id='word_1_579' title='bbox 3387 3075 3527 3131; x_wconf 89' lang='lat' dir='ltr'>alios</span> <span class='ocrx_word' id='word_1_580' title='bbox 3562 3075 3621 3130; x_wconf 90' lang='lat' dir='ltr'>in</span> <span class='ocrx_word' id='word_1_581' title='bbox 3661 3068 3866 3129; x_wconf 76' lang='lat' dir='ltr'>domibus</span> 
     </span>
    </p>
   </div>
   <div class='ocr_carea' id='block_1_91' title="bbox 2294 3161 3866 3243">
    <p class='ocr_par' dir='ltr' id='par_1_91' title="bbox 2294 3161 3866 3243">
     <span class='ocr_line' id='line_1_91' title="bbox 2294 3161 3866 3243; baseline -0.011 -13"><span class='ocrx_word' id='word_1_582' title='bbox 2294 3175 2411 3231; x_wconf 91' lang='lat' dir='ltr'>suis</span> <span class='ocrx_word' id='word_1_583' title='bbox 2447 3174 2737 3230; x_wconf 89' lang='lat' dir='ltr'>latitantes</span> <span class='ocrx_word' id='word_1_584' title='bbox 2778 3176 3069 3240; x_wconf 89' lang='lat' dir='ltr'>necarent,</span> <span class='ocrx_word' id='word_1_585' title='bbox 3102 3188 3289 3243; x_wconf 89' lang='lat' dir='ltr'>neque</span> <span class='ocrx_word' id='word_1_586' title='bbox 3321 3171 3439 3226; x_wconf 89' lang='lat' dir='ltr'>ulla</span> <span class='ocrx_word' id='word_1_587' title='bbox 3475 3169 3789 3240; x_wconf 85' lang='lat' dir='ltr'>subjaceret,</span> <span class='ocrx_word' id='word_1_588' title='bbox 3809 3161 3866 3215; x_wconf 84' lang='lat' dir='ltr'>vel</span> 
     </span>
    </p>
   </div>
   <div class='ocr_carea' id='block_1_92' title="bbox 2294 3256 3947 3340">
    <p class='ocr_par' dir='ltr' id='par_1_92' title="bbox 2294 3256 3947 3340">
     <span class='ocr_line' id='line_1_92' title="bbox 2294 3256 3947 3340; baseline -0.01 -15"><span class='ocrx_word' id='word_1_589' title='bbox 2294 3270 2665 3340; x_wconf 89' lang='lat' dir='ltr'>parvulorum</span> <span class='ocrx_word' id='word_1_590' title='bbox 2721 3267 3128 3334; x_wconf 89' lang='lat' dir='ltr'>misericordia,</span> <span class='ocrx_word' id='word_1_591' title='bbox 3172 3266 3258 3320; x_wconf 91' lang='lat' dir='ltr'>vel</span> <span class='ocrx_word' id='word_1_592' title='bbox 3320 3264 3650 3320; x_wconf 89' lang='lat' dir='ltr'>reverentia</span> <span class='ocrx_word' id='word_1_593' title='bbox 3697 3274 3865 3314; x_wconf 89' lang='lat' dir='ltr'>senum.</span> <span class='ocrx_word' id='word_1_594' title='bbox 3946 3256 3947 3259; x_wconf 61' lang='grc'><em>“</em></span> 
     </span>
    </p>
   </div>
   <div class='ocr_carea' id='block_1_93' title="bbox 2295 3355 3868 3430">
    <p class='ocr_par' dir='ltr' id='par_1_93' title="bbox 2295 3355 3868 3430">
     <span class='ocr_line' id='line_1_93' title="bbox 2295 3355 3868 3430; baseline -0.008 -13"><span class='ocrx_word' id='word_1_595' title='bbox 2295 3365 2383 3419; x_wconf 89' lang='lat' dir='ltr'>vel</span> <span class='ocrx_word' id='word_1_596' title='bbox 2421 3362 2728 3418; x_wconf 90' lang='lat' dir='ltr'>mulierum</span> <span class='ocrx_word' id='word_1_597' title='bbox 2769 3359 3133 3416; x_wconf 90' lang='lat' dir='ltr'>verecundia.</span> <span class='ocrx_word' id='word_1_598' title='bbox 3174 3362 3332 3416; x_wconf 66' lang='lat' dir='ltr'>Caesa</span> <span class='ocrx_word' id='word_1_599' title='bbox 3370 3360 3567 3430; x_wconf 87' lang='lat' dir='ltr'>itaque</span> <span class='ocrx_word' id='word_1_600' title='bbox 3607 3355 3868 3411; x_wconf 70' lang='lat' dir='ltr'>Iudaeorum</span> 
     </span>
    </p>
   </div>
   <div class='ocr_carea' id='block_1_94' title="bbox 2297 3445 3947 3529">
    <p class='ocr_par' dir='ltr' id='par_1_94' title="bbox 2297 3445 3947 3529">
     <span class='ocr_line' id='line_1_94' title="bbox 2297 3445 3947 3529; baseline -0.008 -17"><span class='ocrx_word' id='word_1_601' title='bbox 2297 3457 2722 3529; x_wconf 89' lang='lat' dir='ltr'>quinquaginta</span> <span class='ocrx_word' id='word_1_602' title='bbox 2740 3456 2859 3510; x_wconf 84' lang='lat' dir='ltr'>fere</span> <span class='ocrx_word' id='word_1_603' title='bbox 2881 3454 3056 3509; x_wconf 89' lang='lat' dir='ltr'>millia</span> <span class='ocrx_word' id='word_1_604' title='bbox 3080 3471 3093 3508; x_wconf 91' lang='lat'>:</span> <span class='ocrx_word' id='word_1_605' title='bbox 3115 3454 3394 3508; x_wconf 88' lang='lat' dir='ltr'>natabant</span> <span class='ocrx_word' id='word_1_606' title='bbox 3412 3453 3616 3524; x_wconf 68' lang='lat' dir='ltr'>plateae</span> <span class='ocrx_word' id='word_1_607' title='bbox 3635 3445 3867 3518; x_wconf 83' lang='lat' dir='ltr'>sanguine.</span> <span class='ocrx_word' id='word_1_608' title='bbox 3946 3506 3947 3527; x_wconf 16' lang='grc' dir='ltr'>χ</span> 
     </span>
    </p>
   </div>
   <div class='ocr_carea' id='block_1_95' title="bbox 2298 3539 3947 3625">
    <p class='ocr_par' dir='ltr' id='par_1_95' title="bbox 2298 3539 3947 3625">
     <span class='ocr_line' id='line_1_95' title="bbox 2298 3539 3947 3625; baseline -0.009 -19"><span class='ocrx_word' id='word_1_609' title='bbox 2298 3552 2517 3622; x_wconf 90' lang='lat' dir='ltr'>repleta</span> <span class='ocrx_word' id='word_1_610' title='bbox 2541 3555 2705 3605; x_wconf 91' lang='lat' dir='ltr'>erant</span> <span class='ocrx_word' id='word_1_611' title='bbox 2732 3549 2928 3604; x_wconf 89' lang='lat' dir='ltr'>omnia</span> <span class='ocrx_word' id='word_1_612' title='bbox 2955 3547 3344 3615; x_wconf 89' lang='lat' dir='ltr'>cadaveribus,</span> <span class='ocrx_word' id='word_1_613' title='bbox 3375 3544 3729 3618; x_wconf 88' lang='lat' dir='ltr'>crepitabant</span> <span class='ocrx_word' id='word_1_614' title='bbox 3750 3539 3869 3596; x_wconf 83' lang='lat' dir='ltr'>ﬁam-</span> <span class='ocrx_word' id='word_1_615' title='bbox 3946 3550 3947 3625; x_wconf 43' lang='grc' dir='ltr'>γ</span> 
     </span>
    </p>
   </div>
   <div class='ocr_carea' id='block_1_96' title="bbox 2299 3631 3867 3715">
    <p class='ocr_par' dir='ltr' id='par_1_96' title="bbox 2299 3631 3867 3715">
     <span class='ocr_line' id='line_1_96' title="bbox 2299 3631 3867 3715; baseline -0.01 -16"><span class='ocrx_word' id='word_1_616' title='bbox 2299 3661 2404 3699; x_wconf 76' lang='lat' dir='ltr'>mae</span> <span class='ocrx_word' id='word_1_617' title='bbox 2435 3660 2582 3699; x_wconf 66' lang='lat' dir='ltr'>saevo</span> <span class='ocrx_word' id='word_1_618' title='bbox 2611 3660 2714 3715; x_wconf 92' lang='lat' dir='ltr'>per</span> <span class='ocrx_word' id='word_1_619' title='bbox 2749 3642 2955 3697; x_wconf 90' lang='lat' dir='ltr'>urbem</span> <span class='ocrx_word' id='word_1_620' title='bbox 2982 3640 3272 3708; x_wconf 82' lang='lat' dir='ltr'>incendio,</span> <span class='ocrx_word' id='word_1_621' title='bbox 3305 3657 3442 3711; x_wconf 74' lang='lat' dir='ltr'>quae</span> <span class='ocrx_word' id='word_1_622' title='bbox 3466 3639 3774 3694; x_wconf 72' lang='lat' dir='ltr'>Judaeorum</span> <span class='ocrx_word' id='word_1_623' title='bbox 3800 3631 3867 3685; x_wconf 89' lang='lat' dir='ltr'>do-</span> 
     </span>
    </p>
   </div>
   <div class='ocr_carea' id='block_1_97' title="bbox 2296 3726 3868 3807">
    <p class='ocr_par' dir='ltr' id='par_1_97' title="bbox 2296 3726 3868 3807">
     <span class='ocr_line' id='line_1_97' title="bbox 2296 3726 3868 3807; baseline -0.011 -14"><span class='ocrx_word' id='word_1_624' title='bbox 2296 3738 2483 3793; x_wconf 89' lang='lat' dir='ltr'>mibus</span> <span class='ocrx_word' id='word_1_625' title='bbox 2522 3738 2758 3792; x_wconf 67' lang='lat' dir='ltr'>invectm</span> <span class='ocrx_word' id='word_1_626' title='bbox 2801 3736 2935 3807; x_wconf 85' lang='lat'>(50),</span> <span class='ocrx_word' id='word_1_627' title='bbox 2966 3734 3149 3790; x_wconf 89' lang='lat' dir='ltr'>vicina</span> <span class='ocrx_word' id='word_1_628' title='bbox 3186 3734 3360 3789; x_wconf 90' lang='lat' dir='ltr'>simul</span> <span class='ocrx_word' id='word_1_629' title='bbox 3402 3726 3868 3805; x_wconf 85' lang='lat' dir='ltr'>depascebant.ln-</span> 
     </span>
    </p>
   </div>
   <div class='ocr_carea' id='block_1_98' title="bbox 2296 3821 3868 3895">
    <p class='ocr_par' dir='ltr' id='par_1_98' title="bbox 2296 3821 3868 3895">
     <span class='ocr_line' id='line_1_98' title="bbox 2296 3821 3868 3895; baseline -0.007 -9"><span class='ocrx_word' id='word_1_630' title='bbox 2296 3832 2471 3888; x_wconf 86' lang='lat' dir='ltr'>ﬂexus</span> <span class='ocrx_word' id='word_1_631' title='bbox 2511 3836 2701 3885; x_wconf 88' lang='lat' dir='ltr'>tamen</span> <span class='ocrx_word' id='word_1_632' title='bbox 2743 3829 3080 3895; x_wconf 83' lang='lat' dir='ltr'>Alexander,</span> <span class='ocrx_word' id='word_1_633' title='bbox 3108 3827 3349 3883; x_wconf 81' lang='lat' dir='ltr'>tandem</span> <span class='ocrx_word' id='word_1_634' title='bbox 3377 3828 3596 3882; x_wconf 87' lang='lat' dir='ltr'>milites</span> <span class='ocrx_word' id='word_1_635' title='bbox 3628 3821 3868 3878; x_wconf 64' lang='lat' dir='ltr'>abstinere.</span> 
     </span>
    </p>
   </div>
   <div class='ocr_carea' id='block_1_99' title="bbox 2297 3908 3872 3997">
    <p class='ocr_par' dir='ltr' id='par_1_99' title="bbox 2297 3908 3872 3997">
     <span class='ocr_line' id='line_1_99' title="bbox 2297 3908 3872 3997; baseline -0.009 -16"><span class='ocrx_word' id='word_1_636' title='bbox 2297 3931 2355 3981; x_wconf 90' lang='lat' dir='ltr'>et</span> <span class='ocrx_word' id='word_1_637' title='bbox 2391 3924 2647 3997; x_wconf 88' lang='lat' dir='ltr'>receptui</span> <span class='ocrx_word' id='word_1_638' title='bbox 2693 3940 2897 3978; x_wconf 88' lang='lat' dir='ltr'>canere</span> <span class='ocrx_word' id='word_1_639' title='bbox 2922 3922 3089 3993; x_wconf 86' lang='lat' dir='ltr'>jubet</span> <span class='ocrx_word' id='word_1_640' title='bbox 3136 3941 3148 3975; x_wconf 89' lang='lat'>:</span> <span class='ocrx_word' id='word_1_641' title='bbox 3192 3923 3348 3993; x_wconf 88' lang='lat' dir='ltr'>vulgi</span> <span class='ocrx_word' id='word_1_642' title='bbox 3395 3925 3598 3976; x_wconf 88' lang='lat' dir='ltr'>tamen</span> <span class='ocrx_word' id='word_1_643' title='bbox 3637 3919 3716 3973; x_wconf 86' lang='lat' dir='ltr'>ira</span> <span class='ocrx_word' id='word_1_644' title='bbox 3747 3908 3872 3969; x_wconf 74' lang='lat' dir='ltr'>semel</span> 
     </span>
    </p>
   </div>
   <div class='ocr_carea' id='block_1_100' title="bbox 2296 4004 3947 4090">
    <p class='ocr_par' dir='ltr' id='par_1_100' title="bbox 2296 4004 3947 4090">
     <span class='ocr_line' id='line_1_100' title="bbox 2296 4004 3947 4090; baseline -0.007 -16"><span class='ocrx_word' id='word_1_645' title='bbox 2296 4035 2593 4090; x_wconf 88' lang='lat' dir='ltr'>progressa</span> <span class='ocrx_word' id='word_1_646' title='bbox 2620 4018 2677 4072; x_wconf 90' lang='lat' dir='ltr'>in</span> <span class='ocrx_word' id='word_1_647' title='bbox 2708 4019 3052 4088; x_wconf 83' lang='lat' dir='ltr'>potestatem</span> <span class='ocrx_word' id='word_1_648' title='bbox 3085 4014 3349 4082; x_wconf 90' lang='lat' dir='ltr'>necandi,</span> <span class='ocrx_word' id='word_1_649' title='bbox 3383 4026 3743 4086; x_wconf 85' lang='lat' dir='ltr'>nequaquam</span> <span class='ocrx_word' id='word_1_650' title='bbox 3765 4004 3873 4063; x_wconf 78' lang='lat' dir='ltr'>miti-</span> <span class='ocrx_word' id='word_1_651' title='bbox 3946 4056 3947 4085; x_wconf 27' lang='lat'>1</span> 
     </span>
    </p>
   </div>
   <div class='ocr_carea' id='block_1_101' title="bbox 2299 4114 2556 4184">
    <p class='ocr_par' dir='ltr' id='par_1_101' title="bbox 2299 4114 2556 4184">
     <span class='ocr_line' id='line_1_101' title="bbox 2299 4114 2556 4184; baseline -0.008 -15"><span class='ocrx_word' id='word_1_652' title='bbox 2299 4114 2556 4184; x_wconf 85' lang='lat' dir='ltr'>gabatur.</span> 
     </span>
    </p>
   </div>
   <div class='ocr_carea' id='block_1_102' title="bbox 2924 4204 3299 4259">
    <p class='ocr_par' dir='ltr' id='par_1_102' title="bbox 2924 4204 3299 4259">
     <span class='ocr_line' id='line_1_102' title="bbox 2924 4204 3299 4259; baseline -0.003 0"><span class='ocrx_word' id='word_1_653' title='bbox 2924 4204 3149 4259; x_wconf 83' lang='lat' dir='ltr'>CAPUT</span> <span class='ocrx_word' id='word_1_654' title='bbox 3185 4205 3299 4258; x_wconf 80' lang='lat' dir='ltr'>XII.</span> 
     </span>
    </p>
   </div>
   <div class='ocr_carea' id='block_1_103' title="bbox 2368 4335 3947 4431">
    <p class='ocr_par' dir='ltr' id='par_1_103' title="bbox 2368 4335 3947 4431">
     <span class='ocr_line' id='line_1_103' title="bbox 2368 4335 3947 4431; baseline -0.005 -22"><span class='ocrx_word' id='word_1_655' title='bbox 2368 4354 2623 4409; x_wconf 87' lang='lat' dir='ltr'>Luebant</span> <span class='ocrx_word' id='word_1_656' title='bbox 2669 4353 2821 4408; x_wconf 90' lang='lat' dir='ltr'>enim</span> <span class='ocrx_word' id='word_1_657' title='bbox 2878 4352 3162 4406; x_wconf 90' lang='lat' dir='ltr'>scelerum</span> <span class='ocrx_word' id='word_1_658' title='bbox 3206 4366 3449 4404; x_wconf 89' lang='lat' dir='ltr'>suorum</span> <span class='ocrx_word' id='word_1_659' title='bbox 3504 4344 3777 4419; x_wconf 84' lang='lat' dir='ltr'>supplicia,</span> <span class='ocrx_word' id='word_1_660' title='bbox 3808 4335 3878 4409; x_wconf 76' lang='lat' dir='ltr'>qui</span> 
     </span>
    </p>
   </div>
   <div class='ocr_carea' id='block_1_104' title="bbox 2297 4437 3879 4520">
    <p class='ocr_par' dir='ltr' id='par_1_104' title="bbox 2297 4437 3879 4520">
     <span class='ocr_line' id='line_1_104' title="bbox 2297 4437 3879 4520; baseline -0.012 -16"><span class='ocrx_word' id='word_1_661' title='bbox 2297 4453 2595 4520; x_wconf 91' lang='lat' dir='ltr'>postquam</span> <span class='ocrx_word' id='word_1_662' title='bbox 2621 4445 2929 4501; x_wconf 91' lang='lat' dir='ltr'>Dominum</span> <span class='ocrx_word' id='word_1_663' title='bbox 2956 4446 2983 4500; x_wconf 76' lang='grc' dir='ltr'><strong>Ι</strong></span> <span class='ocrx_word' id='word_1_664' title='bbox 2990 4460 3147 4498; x_wconf 93' lang='lat' dir='ltr'>esum</span> <span class='ocrx_word' id='word_1_665' title='bbox 3174 4443 3585 4498; x_wconf 82' lang='lat' dir='ltr'>cruciﬁxerunt</span> <span class='ocrx_word' id='word_1_666' title='bbox 3611 4437 3879 4495; x_wconf 84' lang='lat' dir='ltr'>divinorum</span> 
     </span>
    </p>
   </div>
   <div class='ocr_carea' id='block_1_105' title="bbox 2297 4536 3881 4611">
    <p class='ocr_par' dir='ltr' id='par_1_105' title="bbox 2297 4536 3881 4611">
     <span class='ocr_line' id='line_1_105' title="bbox 2297 4536 3881 4611; baseline -0.009 -14"><span class='ocrx_word' id='word_1_667' title='bbox 2297 4542 2595 4608; x_wconf 90' lang='lat' dir='ltr'>arbitrum,</span> <span class='ocrx_word' id='word_1_668' title='bbox 2644 4543 2840 4611; x_wconf 89' lang='lat' dir='ltr'>postea</span> <span class='ocrx_word' id='word_1_669' title='bbox 2889 4538 3063 4593; x_wconf 88' lang='lat' dir='ltr'>etiam</span> <span class='ocrx_word' id='word_1_670' title='bbox 3106 4536 3415 4608; x_wconf 91' lang='lat' dir='ltr'>discipulos</span> <span class='ocrx_word' id='word_1_671' title='bbox 3459 4536 3585 4607; x_wconf 85' lang='lat' dir='ltr'>ejus</span> <span class='ocrx_word' id='word_1_672' title='bbox 3624 4539 3881 4605; x_wconf 65' lang='lat' dir='ltr'>per-setme-</span> 
     </span>
    </p>
   </div>
   <div class='ocr_carea' id='block_1_106' title="bbox 2296 4614 3947 4704">
    <p class='ocr_par' dir='ltr' id='par_1_106' title="bbox 2296 4614 3947 4704">
     <span class='ocr_line' id='line_1_106' title="bbox 2296 4614 3947 4704; baseline -0.012 -14"><span class='ocrx_word' id='word_1_673' title='bbox 2296 4636 2529 4691; x_wconf 90' lang='lat' dir='ltr'>bantur.</span> <span class='ocrx_word' id='word_1_674' title='bbox 2576 4633 2839 4704; x_wconf 90' lang='lat' dir='ltr'>Plerique</span> <span class='ocrx_word' id='word_1_675' title='bbox 2885 4637 3079 4687; x_wconf 87' lang='lat' dir='ltr'>tamen</span> <span class='ocrx_word' id='word_1_676' title='bbox 3127 4630 3493 4697; x_wconf 68' lang='lat' dir='ltr'>Iudaeorum,</span> <span class='ocrx_word' id='word_1_677' title='bbox 3530 4635 3589 4682; x_wconf 88' lang='lat' dir='ltr'>et</span> <span class='ocrx_word' id='word_1_678' title='bbox 3628 4619 3881 4680; x_wconf 86' lang='lat' dir='ltr'>Gentilium</span> 
     </span>
    </p>
   </div>
   <div class='ocr_carea' id='block_1_107' title="bbox 2297 4720 3947 4800">
    <p class='ocr_par' dir='ltr' id='par_1_107' title="bbox 2297 4720 3947 4800">
     <span class='ocr_line' id='line_1_107' title="bbox 2297 4720 3947 4800; baseline -0.01 -16"><span class='ocrx_word' id='word_1_679' title='bbox 2297 4728 2531 4800; x_wconf 90' lang='lat' dir='ltr'>plurimi</span> <span class='ocrx_word' id='word_1_680' title='bbox 2561 4727 2926 4782; x_wconf 90' lang='lat' dir='ltr'>crediderunt</span> <span class='ocrx_word' id='word_1_681' title='bbox 2952 4725 3010 4779; x_wconf 91' lang='lat' dir='ltr'>in</span> <span class='ocrx_word' id='word_1_682' title='bbox 3055 4740 3211 4791; x_wconf 91' lang='lat' dir='ltr'>eum,</span> <span class='ocrx_word' id='word_1_683' title='bbox 3243 4739 3375 4777; x_wconf 89' lang='lat' dir='ltr'>cum</span> <span class='ocrx_word' id='word_1_684' title='bbox 3410 4720 3706 4794; x_wconf 72' lang='lat' dir='ltr'>praeceptis</span> <span class='ocrx_word' id='word_1_685' title='bbox 3737 4727 3885 4770; x_wconf 84' lang='lat' dir='ltr'>mora-</span> <span class='ocrx_word' id='word_1_686' title='bbox 3946 4732 3947 4751; x_wconf 61' lang='grc' dir='ltr'>ι</span> 
     </span>
    </p>
   </div>
   <div class='ocr_carea' id='block_1_108' title="bbox 2296 4816 3881 4893">
    <p class='ocr_par' dir='ltr' id='par_1_108' title="bbox 2296 4816 3881 4893">
     <span class='ocr_line' id='line_1_108' title="bbox 2296 4816 3881 4893; baseline -0.011 -16"><span class='ocrx_word' id='word_1_687' title='bbox 2296 4823 2444 4877; x_wconf 90' lang='lat' dir='ltr'>libus</span> <span class='ocrx_word' id='word_1_688' title='bbox 2473 4820 2859 4893; x_wconf 89' lang='lat' dir='ltr'>operibusque</span> <span class='ocrx_word' id='word_1_689' title='bbox 2890 4819 3041 4873; x_wconf 89' lang='lat' dir='ltr'>ultra</span> <span class='ocrx_word' id='word_1_690' title='bbox 3080 4818 3396 4872; x_wconf 89' lang='lat' dir='ltr'>humanam</span> <span class='ocrx_word' id='word_1_691' title='bbox 3426 4816 3751 4888; x_wconf 86' lang='lat' dir='ltr'>potestatem</span> <span class='ocrx_word' id='word_1_692' title='bbox 3780 4820 3881 4878; x_wconf 82' lang='lat' dir='ltr'>pro-</span> 
     </span>
    </p>
   </div>
   <div class='ocr_carea' id='block_1_109' title="bbox 2298 4900 3880 4983">
    <p class='ocr_par' dir='ltr' id='par_1_109' title="bbox 2298 4900 3880 4983">
     <span class='ocr_line' id='line_1_109' title="bbox 2298 4900 3880 4983; baseline -0.009 -14"><span class='ocrx_word' id='word_1_693' title='bbox 2298 4913 2608 4971; x_wconf 82' lang='lat' dir='ltr'>fluentibus</span> <span class='ocrx_word' id='word_1_694' title='bbox 2656 4914 3038 4968; x_wconf 84' lang='lat' dir='ltr'>invitarentur</span> <span class='ocrx_word' id='word_1_695' title='bbox 3082 4928 3096 4967; x_wconf 86' lang='lat'><strong>:</strong></span> <span class='ocrx_word' id='word_1_696' title='bbox 3139 4911 3345 4983; x_wconf 89' lang='lat' dir='ltr'>quibus</span> <span class='ocrx_word' id='word_1_697' title='bbox 3390 4926 3467 4966; x_wconf 90' lang='lat' dir='ltr'>ne</span> <span class='ocrx_word' id='word_1_698' title='bbox 3507 4924 3662 4965; x_wconf 87' lang='lat' dir='ltr'>mors</span> <span class='ocrx_word' id='word_1_699' title='bbox 3695 4900 3880 4976; x_wconf 86' lang='lat' dir='ltr'>quidem</span> 
     </span>
    </p>
   </div>
   <div class='ocr_carea' id='block_1_110' title="bbox 2296 4994 3875 5079">
    <p class='ocr_par' dir='ltr' id='par_1_110' title="bbox 2296 4994 3875 5079">
     <span class='ocr_line' id='line_1_110' title="bbox 2296 4994 3875 5079; baseline -0.009 -15"><span class='ocrx_word' id='word_1_700' title='bbox 2296 5010 2421 5079; x_wconf 86' lang='lat' dir='ltr'>ejus</span> <span class='ocrx_word' id='word_1_701' title='bbox 2448 5008 2538 5063; x_wconf 90' lang='lat' dir='ltr'>vel</span> <span class='ocrx_word' id='word_1_702' title='bbox 2566 5007 2721 5075; x_wconf 86' lang='lat' dir='ltr'>ﬁdei,</span> <span class='ocrx_word' id='word_1_703' title='bbox 2750 5007 2833 5061; x_wconf 91' lang='lat' dir='ltr'>vel</span> <span class='ocrx_word' id='word_1_704' title='bbox 2863 5005 3061 5078; x_wconf 73' lang='lat' dir='ltr'>gratiae</span> <span class='ocrx_word' id='word_1_705' title='bbox 3087 5004 3263 5060; x_wconf 87' lang='lat' dir='ltr'>ﬁnem</span> <span class='ocrx_word' id='word_1_706' title='bbox 3290 5003 3589 5075; x_wconf 89' lang='lat' dir='ltr'>imposuit,</span> <span class='ocrx_word' id='word_1_707' title='bbox 3618 5001 3724 5054; x_wconf 90' lang='lat' dir='ltr'>imo</span> <span class='ocrx_word' id='word_1_708' title='bbox 3744 4994 3875 5050; x_wconf 75' lang='lat' dir='ltr'>etiam</span> 
     </span>
    </p>
   </div>
   <div class='ocr_carea' id='block_1_111' title="bbox 2297 5083 3879 5168">
    <p class='ocr_par' dir='ltr' id='par_1_111' title="bbox 2297 5083 3879 5168">
     <span class='ocr_line' id='line_1_111' title="bbox 2297 5083 3879 5168; baseline -0.01 -11"><span class='ocrx_word' id='word_1_709' title='bbox 2297 5102 2603 5157; x_wconf 86' lang='lat' dir='ltr'>cumulavit</span> <span class='ocrx_word' id='word_1_710' title='bbox 2642 5100 3026 5156; x_wconf 88' lang='lat' dir='ltr'>devotionem.</span> <span class='ocrx_word' id='word_1_711' title='bbox 3070 5100 3393 5155; x_wconf 82' lang='lat' dir='ltr'>lutulerunt</span> <span class='ocrx_word' id='word_1_712' title='bbox 3446 5097 3641 5168; x_wconf 76' lang='lat' dir='ltr'>itaque</span> <span class='ocrx_word' id='word_1_713' title='bbox 3692 5083 3879 5165; x_wconf 79' lang='lat' dir='ltr'>parrici-</span> 
     </span>
    </p>
   </div>
   <div class='ocr_carea' id='block_1_112' title="bbox 2297 5180 3874 5265">
    <p class='ocr_par' dir='ltr' id='par_1_112' title="bbox 2297 5180 3874 5265">
     <span class='ocr_line' id='line_1_112' title="bbox 2297 5180 3874 5265; baseline -0.015 -13"><span class='ocrx_word' id='word_1_714' title='bbox 2297 5198 2452 5251; x_wconf 89' lang='lat' dir='ltr'>dales</span> <span class='ocrx_word' id='word_1_715' title='bbox 2487 5213 2711 5262; x_wconf 87' lang='lat' dir='ltr'>manus,</span> <span class='ocrx_word' id='word_1_716' title='bbox 2754 5198 2924 5265; x_wconf 87' lang='lat' dir='ltr'>atque</span> <span class='ocrx_word' id='word_1_717' title='bbox 2961 5196 3256 5248; x_wconf 81' lang='lat' dir='ltr'>auctorem</span> <span class='ocrx_word' id='word_1_718' title='bbox 3296 5192 3432 5246; x_wconf 74' lang='lat' dir='ltr'>vita:</span> <span class='ocrx_word' id='word_1_719' title='bbox 3470 5180 3874 5245; x_wconf 85' lang='lat' dir='ltr'>interﬁciendum</span> 
     </span>
    </p>
   </div>
   <div class='ocr_carea' id='block_1_113' title="bbox 2297 5282 3874 5353">
    <p class='ocr_par' dir='ltr' id='par_1_113' title="bbox 2297 5282 3874 5353">
     <span class='ocr_line' id='line_1_113' title="bbox 2297 5282 3874 5353; baseline -0.01 -8"><span class='ocrx_word' id='word_1_720' title='bbox 2297 5290 2368 5344; x_wconf 89' lang='lat' dir='ltr'>ad</span> <span class='ocrx_word' id='word_1_721' title='bbox 2415 5291 2656 5344; x_wconf 88' lang='lat' dir='ltr'>Pilatum</span> <span class='ocrx_word' id='word_1_722' title='bbox 2697 5288 2983 5342; x_wconf 88' lang='lat' dir='ltr'>deduxere</span> <span class='ocrx_word' id='word_1_723' title='bbox 3014 5304 3028 5341; x_wconf 90' lang='lat'><strong>:</strong></span> <span class='ocrx_word' id='word_1_724' title='bbox 3058 5286 3442 5341; x_wconf 88' lang='lat' dir='ltr'>reluctantem</span> <span class='ocrx_word' id='word_1_725' title='bbox 3473 5282 3755 5353; x_wconf 70' lang='lat' dir='ltr'>cmperunt</span> <span class='ocrx_word' id='word_1_726' title='bbox 3780 5286 3874 5345; x_wconf 75' lang='lat' dir='ltr'>per-</span> 
     </span>
    </p>
   </div>
   <div class='ocr_carea' id='block_1_114' title="bbox 2297 5369 3876 5464">
    <p class='ocr_par' dir='ltr' id='par_1_114' title="bbox 2297 5369 3876 5464">
     <span class='ocr_line' id='line_1_114' title="bbox 2297 5369 3876 5464; baseline -0.009 -26"><span class='ocrx_word' id='word_1_727' title='bbox 2297 5399 2503 5455; x_wconf 91' lang='lat' dir='ltr'>urgere</span> <span class='ocrx_word' id='word_1_728' title='bbox 2540 5381 2791 5454; x_wconf 89' lang='lat' dir='ltr'>judicem</span> <span class='ocrx_word' id='word_1_729' title='bbox 2838 5398 2850 5435; x_wconf 90' lang='lat'><strong>:</strong></span> <span class='ocrx_word' id='word_1_730' title='bbox 2896 5382 2954 5435; x_wconf 92' lang='lat' dir='ltr'>in</span> <span class='ocrx_word' id='word_1_731' title='bbox 2998 5396 3113 5452; x_wconf 89' lang='lat' dir='ltr'>quo</span> <span class='ocrx_word' id='word_1_732' title='bbox 3155 5384 3344 5433; x_wconf 90' lang='lat' dir='ltr'>tamen</span> <span class='ocrx_word' id='word_1_733' title='bbox 3394 5394 3514 5431; x_wconf 90' lang='lat' dir='ltr'>non</span> <span class='ocrx_word' id='word_1_734' title='bbox 3557 5369 3876 5464; x_wconf 47' lang='lat' dir='ltr'>excusabatur</span> 
     </span>
    </p>
   </div>
   <div class='ocr_carea' id='block_1_115' title="bbox 2295 5468 3873 5543">
    <p class='ocr_par' dir='ltr' id='par_1_115' title="bbox 2295 5468 3873 5543">
     <span class='ocr_line' id='line_1_115' title="bbox 2295 5468 3873 5543; baseline -0.006 -12"><span class='ocrx_word' id='word_1_735' title='bbox 2295 5478 2523 5543; x_wconf 89' lang='lat' dir='ltr'>Pilatus,</span> <span class='ocrx_word' id='word_1_736' title='bbox 2545 5476 2643 5531; x_wconf 92' lang='lat' dir='ltr'>sed</span> <span class='ocrx_word' id='word_1_737' title='bbox 2671 5475 2995 5530; x_wconf 71' lang='lat' dir='ltr'>Iudaeorum</span> <span class='ocrx_word' id='word_1_738' title='bbox 3024 5473 3277 5527; x_wconf 88' lang='lat' dir='ltr'>amentia</span> <span class='ocrx_word' id='word_1_739' title='bbox 3302 5468 3873 5531; x_wconf 65' lang='lat' dir='ltr'>coacer&#39;vabatill‘5q1ml</span> 
     </span>
    </p>
   </div>
   <div class='ocr_carea' id='block_1_116' title="bbox 2296 5552 3871 5649">
    <p class='ocr_par' dir='ltr' id='par_1_116' title="bbox 2296 5552 3871 5649">
     <span class='ocr_line' id='line_1_116' title="bbox 2296 5552 3871 5649; baseline -0.011 -25"><span class='ocrx_word' id='word_1_740' title='bbox 2296 5587 2400 5625; x_wconf 87' lang='lat' dir='ltr'>nec</span> <span class='ocrx_word' id='word_1_741' title='bbox 2453 5569 2549 5624; x_wconf 91' lang='lat' dir='ltr'>ille</span> <span class='ocrx_word' id='word_1_742' title='bbox 2606 5568 2928 5639; x_wconf 89' lang='lat' dir='ltr'>adjudicare</span> <span class='ocrx_word' id='word_1_743' title='bbox 2982 5567 3196 5633; x_wconf 87' lang='lat' dir='ltr'>debuit,</span> <span class='ocrx_word' id='word_1_744' title='bbox 3249 5580 3426 5636; x_wconf 85' lang='lat' dir='ltr'>quem</span> <span class='ocrx_word' id='word_1_745' title='bbox 3480 5577 3643 5618; x_wconf 86' lang='lat' dir='ltr'>reum</span> <span class='ocrx_word' id='word_1_746' title='bbox 3681 5552 3871 5649; x_wconf 49' lang='lat' dir='ltr'>minime</span> 
     </span>
    </p>
   </div>
   <div class='ocr_carea' id='block_1_117' title="bbox 2295 5641 3871 5735">
    <p class='ocr_par' dir='ltr' id='par_1_117' title="bbox 2295 5641 3871 5735">
     <span class='ocr_line' id='line_1_117' title="bbox 2295 5641 3871 5735; baseline -0.014 -15"><span class='ocrx_word' id='word_1_747' title='bbox 2295 5663 2786 5735; x_wconf 88' lang='lat' dir='ltr'>deprehenderat;</span> <span class='ocrx_word' id='word_1_748' title='bbox 2854 5677 2955 5717; x_wconf 91' lang='lat' dir='ltr'>nec</span> <span class='ocrx_word' id='word_1_749' title='bbox 3028 5661 3121 5714; x_wconf 92' lang='lat' dir='ltr'>isti</span> <span class='ocrx_word' id='word_1_750' title='bbox 3190 5657 3557 5728; x_wconf 87' lang='lat' dir='ltr'>sacrilegium</span> <span class='ocrx_word' id='word_1_751' title='bbox 3619 5641 3871 5726; x_wconf 77' lang='lat' dir='ltr'>parricidio</span> 
     </span>
    </p>
   </div>
   <div class='ocr_carea' id='block_1_118' title="bbox 2357 5830 2884 5893">
    <p class='ocr_par' dir='ltr' id='par_1_118' title="bbox 2357 5830 2884 5893">
     <span class='ocr_line' id='line_1_118' title="bbox 2357 5830 2884 5893; baseline -0.009 -11"><span class='ocrx_word' id='word_1_752' title='bbox 2357 5831 2453 5893; x_wconf 72' lang='grc'>(49)</span> <span class='ocrx_word' id='word_1_753' title='bbox 2480 5830 2779 5881; x_wconf 75' lang='lat' dir='ltr'>Gcrassoni.</span> <span class='ocrx_word' id='word_1_754' title='bbox 2805 5830 2884 5878; x_wconf 81' lang='lat' dir='ltr'>In.</span> 
     </span>
    </p>
   </div>
   <div class='ocr_carea' id='block_1_119' title="bbox 2358 5900 2821 5965">
    <p class='ocr_par' dir='ltr' id='par_1_119' title="bbox 2358 5900 2821 5965">
     <span class='ocr_line' id='line_1_119' title="bbox 2358 5900 2821 5965; baseline -0.004 -13"><span class='ocrx_word' id='word_1_755' title='bbox 2358 5900 2452 5961; x_wconf 75' lang='lat'>(50)</span> <span class='ocrx_word' id='word_1_756' title='bbox 2478 5902 2707 5965; x_wconf 57' lang='lat' dir='ltr'>Infecta.</span> <span class='ocrx_word' id='word_1_757' title='bbox 2740 5900 2821 5951; x_wconf 86' lang='lat' dir='ltr'>In.</span> 
     </span>
    </p>
   </div>
  </div>
