4000 6166
111 333 241 385 ‘2l57

1138 337 1226 391 DE
1266 338 1542 394 EXCIDIO
1582 340 1776 395 URBIS
1816 339 2171 395 HIEROSOL.
2214 342 2340 395 LIB.
2386 343 2452 394 ll.

3345 350 3485 404 2l58

111 455 420 525 geminare,
450 459 514 510 ut
536 458 606 513 ab
634 457 742 527 his,
766 460 863 529 qui
890 459 963 513 ad
989 459 1357 518 redimendos
1382 470 1438 518 et
1463 465 1742 518 sanandos
1766 478 1824 549 Α
1843 464 2341 535 appropinquavit,
2372 465 2603 535 cognita
2643 464 2791 535 patri
2830 467 3015 521 Arata:
3054 467 3332 538 prodidit,
3377 472 3478 541 qui

109 565 198 602 eos
225 564 352 603 sese
378 549 679 619 obtulerat,
703 552 1140 609 obtruncaretur
1163 572 1176 609 :
1202 555 1272 610 de
1295 572 1410 627 quo
1436 557 1543 628 ipsi
1564 557 1742 612 Judaei

108 657 332 713 quoque
360 648 668 713 testantur,
701 646 925 701 dicente
956 648 1204 719 Josepho
1236 648 1346 719 (51)
1373 648 1741 705 historiarum

103 736 397 807 scriptore,
430 739 581 809 quod
618 741 792 805 fuerit
826 741 922 795 illo
952 743 1012 795 in
1050 747 1283 813 tempore
1308 745 1395 798 vir
1428 746 1662 814 sapiens,
1693 748 1742 799 si

104 836 284 884 tamen
323 836 552 901 Oportet,
582 832 787 904 inquit,
814 837 992 889 virum
1028 836 1156 899 dici,
1182 837 1518 892 mirabilium
1544 844 1738 908 patra-

104 930 267 978 torem
314 941 572 994 operum;
620 930 719 997 qui
766 932 1089 998 apparuerit
1135 931 1419 1001 discipulis
1465 934 1577 986 suis
1616 938 1739 1002 post

103 1017 350 1072 triduum
376 1022 565 1074 mortis
591 1036 703 1075 suae
726 1022 908 1077 vivens
935 1024 1152 1085 iterum,
1181 1026 1478 1079 secundum
1504 1026 1737 1095 prophe-

102 1118 283 1166 tarum
320 1115 564 1183 scripta;
601 1117 699 1184 qui
734 1122 785 1169 et
824 1117 934 1170 haec
975 1121 1026 1170 et
1065 1118 1178 1171 alia
1218 1120 1644 1174 innumerabilia
1675 1121 1739 1175 de

96 1220 149 1258 eo
172 1205 352 1272 plena
380 1208 661 1261 miraculis
691 1210 1153 1278 prophetauerunt
1176 1209 1322 1281 (5'2);
1353 1228 1420 1266 ea:
1448 1228 1551 1281 quo
1582 1216 1738 1283 capit

95 1302 446 1367 congregatio
489 1302 954 1368 Christianorum;
1004 1307 1062 1357 et
1105 1304 1164 1357 in
1212 1320 1381 1359 omne
1432 1306 1738 1362 hominum

96 1393 423 1463 penetravit
473 1410 683 1465 genus;
741 1412 848 1450 nec
911 1397 1024 1450 ulla
1076 1397 1232 1453 natio
1288 1399 1530 1454 Romani
1584 1400 1738 1455 orbis

96 1486 398 1555 remansit,
430 1503 560 1558 quae
594 1489 776 1543 cultus
817 1490 940 1559 ejus
979 1506 1178 1561 expers
1207 1491 1648 1563 relinqueretur.
1681 1494 1738 1549 Si

95 1579 261 1634 nobis
311 1597 429 1635 non
475 1581 715 1636 credunt
754 1583 956 1651 Judaei,
1001 1585 1086 1639 vel
1135 1585 1250 1640 suis
1294 1587 1526 1641 credant
1570 1604 1582 1642 :
1628 1588 1737 1644 hoc

92 1672 243 1727 dixit
296 1674 603 1745 Iosephus,
649 1691 822 1747 quem
877 1677 985 1748 ipsi
1038 1678 1356 1733 maximum
1406 1684 1635 1750 putant;
1684 1687 1739 1736 et

92 1773 295 1822 tamen
335 1767 416 1822 ita
458 1769 515 1822 in
557 1784 623 1823 eo
662 1769 784 1840 ipso
832 1771 987 1842 quod
1030 1788 1233 1826 verum
1273 1774 1491 1828 locutus
1527 1778 1631 1842 est,
1662 1776 1739 1831 ita

1843 573 1945 628 per
1971 557 2198 612 insidias
2236 573 2469 613 omnem
2500 558 2815 614 exercitum
2854 560 3091 615 Herodis
3120 560 3269 617 bello
3297 562 3474 618 laces-

1841 651 2014 706 situm
2044 651 2269 719 delevit,
2298 651 2621 722 proditione
2662 653 2812 707 facta
2842 669 2945 723 per
2985 670 3084 708 eos
3113 655 3211 726 qui
3239 671 3308 710 ex
3343 657 3475 711 Phi.

1842 746 1981 816 lippi
2019 746 2322 801 tetrarchae
2363 746 2599 818 populo,
2640 746 2849 801 Herodi
2888 763 3008 802 sese
3043 747 3478 806 associaverant.

1840 840 2002 895 Unde
2048 840 2290 895 Herodes
2333 840 2540 897 Caesari
2585 840 2880 911 querelam
2929 841 3163 907 detulit;
3213 843 3309 898 sed
3349 843 3473 899 vin-

1840 933 2050 988 dictam
2080 933 2419 1005 imperatam
2448 950 2481 988 a
2510 935 2726 989 Caesare
2752 934 3069 1005 indignatio
3100 936 3196 989 Dei
3225 937 3473 992 sustulit.

1840 1029 1982 1082 Nam
2011 1027 2071 1081 in
2097 1027 2219 1098 ipso
2248 1032 2527 1099 apparatu
2552 1026 2707 1092 belli,
2737 1028 2969 1083 Caesaris
3002 1044 3152 1083 mors
3179 1029 3467 1099 nuntiata,

1840 1122 2009 1192 idque
2040 1137 2074 1176 a
2097 1121 2305 1177 Judaeis
2331 1121 2672 1176 aestimatum
2699 1121 3083 1192 comperimus
3110 1128 3167 1178 et
3190 1122 3470 1179 creditum

1840 1216 2087 1286 (auctore
2130 1215 2371 1285 Josepho
2415 1214 2718 1269 adversum
2765 1231 2822 1269 se
2864 1215 3111 1286 idoneo),
3161 1216 3313 1287 quod
3358 1233 3475 1273 non

1838 1309 2033 1363 fraude
2084 1308 2416 1377 hominum,
2467 1308 2566 1362 sed
2633 1308 2729 1363 Dei
2785 1309 3167 1364 commotione
3225 1309 3474 1365 Herodes

1841 1402 2154 1456 exercitum
2197 1402 2468 1469 amiserit,
2516 1408 2573 1455 et
2610 1402 2757 1472 juste
2802 1401 3033 1472 quidem
3076 1405 3312 1472 propter
3347 1403 3468 1458 vin-

1839 1496 2050 1551 dictam
2085 1495 2318 1551 Joannis
2364 1495 2627 1565 Baptistae
2664 1494 2771 1548 viri
2792 1495 2932 1565 justi
2963 1494 3063 1565 qui
3104 1495 3328 1551 dixerat
3366 1497 3419 1552 ei
3452 1515 3466 1551 ι

1841 1610 1870 1639 ι(
1905 1592 2030 1646 Non
2070 1589 2206 1643 licet
2242 1588 2346 1642 tibi
2390 1588 2582 1643 fratris
2624 1604 2859 1642 uxorem
2904 1588 3112 1643 habere
3140 1587 3358 1659 (Mam,
3393 1606 3467 1656 v1,

1843 1684 1947 1751 18).
1995 1704 2017 1731 n
2064 1682 2173 1737 Sed
2215 1682 2291 1736 ita
2334 1682 2452 1736 haec
2496 1682 2873 1749 conteximus,
2915 1681 3077 1752 quasi
3121 1683 3205 1737 vel
3246 1683 3307 1736 in
3351 1684 3469 1738 suis

1837 1776 2017 1831 Judaei
2053 1775 2312 1847 legitima
2352 1774 2743 1843 custodierint,
2791 1776 2942 1845 apud
2988 1791 3129 1846 quos
3167 1775 3470 1830 interierat

90 1864 289 1916 mente
318 1861 517 1916 devius
544 1862 670 1933 fuit,
704 1868 767 1918 ut
790 1881 898 1919 nec
928 1866 1287 1921 sermonibus
1315 1867 1432 1922 suis
1457 1868 1735 1938 crederet,
1760 1848 1816 1920 Β
1839 1870 2053 1923 summi
2076 1869 2170 1940 jus
2196 1868 2515 1935 sacerdotii,
2544 1872 2644 1922 aut
2671 1868 2906 1923 avaritia
2935 1867 3339 1939 interceptum,
3367 1873 3469 1923 aut

88 1953 189 2008 sed
237 1955 465 2010 locutus
507 1962 590 2011 est
632 1960 873 2029 propter
910 1960 1165 2015 historiae
1209 1977 1326 2015 sua:
1370 1960 1562 2029 ﬁdem,
1607 1963 1739 2033 quia

86 2048 298 2103 fallere
326 2050 488 2104 nefas
514 2050 776 2121 putabat;
806 2068 921 2107 non
949 2053 1187 2108 credidit
1210 2058 1442 2126 propter
1469 2056 1737 2111 duritiam

84 2142 288 2197 cordis
320 2148 383 2198 et
410 2143 663 2214 perﬁdiae
690 2146 1069 2202 intentionem
1100 2164 1113 2202 :
1142 2165 1259 2203 non
1291 2153 1487 2204 tamen
1520 2149 1737 2205 veritati

84 2236 517 2307 pra-judicabat
541 2239 673 2310 (53),
698 2239 848 2310 quod
875 2257 990 2294 non
1018 2241 1280 2309 credidit,
1309 2242 1405 2297 sed
1437 2244 1561 2313 plus
1587 2244 1738 2298 addi-

84 2330 169 2384 dit
202 2331 576 2401 testimonio,
608 2333 763 2403 quod
794 2350 901 2388 nec
942 2334 1269 2390 incredulus
1309 2339 1367 2391 et
1400 2337 1610 2392 invitus
1637 2354 1734 2392 ue-

82 2424 272 2495 gavit.
312 2425 376 2478 In
416 2442 530 2496 quo
566 2426 775 2481 Christi
802 2428 933 2482 Jesu
968 2428 1175 2483 claruit
1211 2430 1473 2500 potentia
1502 2435 1735 2499 aeterna,

81 2518 247 2588 quod
277 2534 417 2572 eum
444 2518 615 2573 etiam
646 2520 930 2592 principes
956 2538 1263 2593 synagoga:
1289 2540 1465 2594 quem
1493 2525 1562 2579 ad
1593 2542 1737 2579 rnor-

82 2617 204 2666 tem
257 2612 835 2682 comprehenderant,
880 2616 1063 2669 Deum
1110 2616 1455 2672 fatebantur.
1504 2619 1570 2672 Et
1608 2635 1736 2673 vere

81 2705 255 2775 quasi
305 2706 463 2760 Deus
502 2707 623 2761 sine
669 2708 1001 2779 exceptione
1044 2725 1442 2780 personarum,
1482 2717 1581 2765 aut
1626 2712 1736 2766 ulla

87 2801 296 2853 mortis
331 2799 645 2855 formidine
673 2801 917 2869 locutus,
947 2802 1229 2857 excidium
1267 2820 1495 2875 quoque
1538 2805 1738 2875 templi

80 2891 359 2947 futurum
406 2894 792 2964 annuntiavit;
837 2896 937 2950 sed
980 2912 1098 2951 non
1146 2912 1244 2952 eos
1292 2898 1487 2967 templi
1532 2897 1738 2968 injuria

77 2986 437 3055 commovit,
472 2987 571 3043 sed
598 2987 732 3059 quia
771 2988 829 3043 in
870 2989 1096 3059 ﬂagitiis
1128 2989 1200 3044 ab
1231 3007 1298 3045 eo
1337 2994 1394 3045 et
1431 2990 1738 3062 sacrilegiis

75 3080 581 3151 corripiebantur,
634 3081 767 3137 hinc
821 3083 907 3137 ira
955 3083 1179 3152 exarsit,
1233 3086 1297 3138 ut
1354 3082 1737 3140 interficerent

72 3190 215 3229 eum
249 3190 438 3246 quem
475 3174 630 3230 nulla
656 3176 987 3232 habuissent
1014 3184 1291 3249 tempora.
1320 3178 1458 3232 Nam
1488 3195 1619 3233 cum
1644 3179 1740 3234 alii

72 3269 389 3339 precando
431 3269 749 3325 meruerint
792 3270 1003 3338 facere,
1045 3288 1173 3342 quae
1216 3272 1508 3340 fecerunt;
1550 3273 1639 3327 hic
1679 3273 1739 3329 in

70 3367 380 3432 potestate
412 3362 677 3431 habebat,
710 3366 773 3419 ut
806 3364 1000 3419 omnia
1028 3382 1155 3437 quae
1184 3365 1304 3421 ﬁeri
1334 3366 1521 3433 vellet,
1548 3367 1736 3438 impe-

70 3460 267 3511 raret.
328 3455 556 3511 Occisus
619 3461 745 3513 erat
795 3465 927 3513 ante
982 3462 1227 3514 mortem
1277 3461 1439 3527 Jesu,
1496 3460 1740 3530 Baptista

64 3550 344 3605 Joannes
388 3550 474 3603 vir
511 3556 760 3617 sanctus,
805 3552 903 3621 qui
939 3569 1232 3624 nunquam
1274 3554 1334 3607 in
1379 3553 1597 3607 smeulis
1627 3554 1736 3625 (54)

63 3644 293 3698 salutis
329 3643 632 3699 veritatem
663 3652 951 3715 posuerat.
987 3647 1239 3717 Denique
1278 3647 1351 3701 ad
1384 3646 1581 3702 omnia
1611 3663 1737 3717 qua:

60 3738 258 3808 plena
282 3736 522 3807 justitiae
559 3737 817 3805 docebat,
849 3739 1055 3810 quibus
1095 3740 1169 3794 ad
1205 3741 1424 3794 cultum
1469 3741 1563 3795 Dei
1592 3740 1735 3794 invi-

59 3833 245 3886 tabat
294 3830 539 3898 Iudaeos,
583 3831 758 3886 etiam
803 3832 1154 3903 baptismum
1200 3838 1435 3905 propter
1474 3834 1735 3905 purifica-

57 3927 312 3980 tionem
344 3924 557 3979 animm
600 3931 659 3981 et
692 3926 946 3997 corporis
986 3926 1328 3982 instituerat.
1360 3928 1531 3998 Cujus
1572 3945 1741 3983 causa

48 4021 267 4087 necis,
322 4018 575 4087 libertas,
622 4019 779 4090 quod
832 4020 1051 4091 perpeti
1102 4020 1361 4092 nequivit
1407 4023 1475 4075 ab
1526 4022 1740 4077 Herode

48 4111 336 4169 fraterni
370 4112 580 4167 violata
609 4113 883 4168 connubii
904 4114 1060 4184 jura,
1095 4130 1491 4187 germanoque
1520 4115 1628 4187 (55)
1649 4116 1740 4170 ab-

47 4208 331 4262 ductam
363 4207 689 4278 conjugem.
714 4208 858 4262 Nam
884 4224 1015 4261 cum
1042 4207 1200 4262 idem
1230 4209 1477 4264 Herodes
1505 4210 1740 4265 Romam

48 4303 393 4373 pergeret,
440 4300 671 4371 hospitii
715 4317 882 4356 causa
924 4301 1118 4355 fratris
1162 4301 1452 4373 ingressus
1502 4303 1738 4358 domum

46 4398 153 4450 cui
176 4400 334 4450 erat
356 4410 499 4449 uxor
518 4394 804 4464 Herodias,
820 4394 1127 4450 Aristobuli
1146 4396 1282 4463 ﬁlia,
1302 4396 1454 4467 regis
1471 4398 1738 4469 Agrippae

44 4506 277 4556 soror,
316 4504 490 4542 ausus
525 4492 610 4542 est
646 4506 774 4544 eam
812 4496 1035 4545 naturas
1074 4489 1383 4545 immemor
1413 4491 1737 4560 sollicitare,

1838 1964 2125 2035 potiorum
2176 1962 2492 2028 insolentia,
2537 1962 2634 2033 qui
2681 1963 2852 2015 licere
2899 1962 3054 2032 quod
3102 1962 3333 2030 vellent,
3369 1963 3467 2033 jus

1839 2058 2132 2128 putabant.
2167 2058 2420 2128 Namque
2454 2072 2487 2110 a
2524 2055 2803 2125 principio
2846 2058 3037 2110 Aaron
3080 2072 3337 2111 summus
3376 2072 3464 2110 sa-

1839 2153 2035 2207 cerdos
2083 2151 2210 2216 fuit,
2259 2150 2357 2220 qui
2403 2150 2475 2203 ad
2529 2150 2677 2204 tilios
2728 2166 2861 2204 suos
2910 2166 2976 2203 ex
3028 2150 3315 2204 voluntate
3370 2151 3467 2205 Dei

1839 2246 2103 2300 unctione
2140 2244 2395 2314 legitima
2434 2242 2751 2297 transmisit
2792 2243 3091 2298 sacerdotii
3133 2244 3466 2314 praerogati-

1838 2356 1987 2406 vam,
2026 2355 2059 2392 a
2095 2338 2300 2408 quibus
2330 2353 2432 2408 per
2472 2336 2731 2391 ordinem
2772 2335 3144 2391 successionis
3179 2337 3469 2392 constituti

1839 2439 1988 2499 sunt,
2027 2431 2410 2503 principatum
2440 2430 2738 2485 sacerdotii
2768 2434 3054 2500 gerentes.
3084 2431 3242 2484 Unde
3282 2431 3468 2499 patrio

1839 2543 1996 2581 more
2032 2525 2315 2580 convaluit
2354 2523 2647 2578 neminem
2684 2523 2812 2578 ﬁeri
2844 2523 3163 2595 principem
3203 2524 3466 2578 sacerdo-

1840 2627 1984 2685 tum,
2012 2619 2120 2673 nisi
2158 2618 2257 2689 qui
2298 2622 2445 2672 esset
2481 2634 2553 2672 ex
2590 2617 2869 2687 sanguine
2904 2618 3123 2686 Aaron;
3152 2617 3244 2671 cui
3278 2616 3465 2687 primo

1831 2716 1925 2784 jus
1945 2712 2264 2767 istiusmodi
2290 2712 2540 2766 delatum
2565 2714 2652 2765 est
2671 2709 2985 2765 sacerdotii.
3009 2710 3256 2765 Alterius
3275 2713 3465 2765 autem

1840 2807 2064 2878 generis
2105 2806 2246 2869 viro,
2290 2821 2393 2859 nec
2440 2805 2561 2876 regi
2611 2804 2862 2875 quidem,
2904 2803 3101 2858 liceret
3145 2805 3465 2859 succedere.

1840 2902 2091 2971 Denique
2139 2898 2318 2966 Ozias,
2363 2898 2495 2969 quia
2546 2898 2838 2969 usurpavit
2884 2896 3184 2952 sacerdotii
3235 2914 3466 2967 munus,

1838 2994 2098 3065 perfusus
2163 2993 2360 3063 lepra,
2413 3008 2446 3045 a
2495 2992 2823 3063 temploque
2885 2991 3126 3061 ejectus,
3184 2991 3469 3063 reliquam

1841 3090 2072 3143 aetatem
2107 3087 2230 3140 sine
2269 3085 2510 3157 imperio
2552 3085 2773 3156 exegit;
2808 3088 2865 3139 et
2901 3088 3051 3140 certe
3088 3100 3187 3139 rex
3222 3084 3471 3155 optimus

1839 3182 1965 3251 fuit,
1999 3181 2096 3236 sed
2132 3196 2409 3250 usurpare
2444 3178 2496 3234 ei
2525 3195 2643 3233 non
2679 3178 2839 3233 licuit
2867 3177 3119 3233 ofﬁcium
3155 3178 3469 3249 religionis.

2454 3273 2677 3328 CAPUT
2727 3273 2860 3327 XIII.

1913 3370 2163 3423 Fuerunt
2200 3368 2393 3439 itaque
2438 3383 2503 3421 ex
2538 3382 2653 3438 quo
2698 3366 2912 3437 egressi
2954 3373 3085 3419 sunt
3124 3381 3195 3419 ex
3228 3366 3472 3437 Egypto

1841 3466 2048 3533 patres,
2085 3476 2263 3532 usque
2296 3461 2367 3515 ad
2409 3459 2845 3515 aediﬁcationem
2882 3459 3081 3529 templi
3120 3459 3271 3530 quod
3314 3458 3472 3514 Salo-

1841 3571 1973 3610 mon
2014 3553 2287 3619 condidit,
2322 3553 2611 3624 principes
2650 3553 3009 3606 sacerdotum
3052 3567 3150 3605 xlu
3194 3551 3292 3622 qui
3328 3551 3477 3606 fiunt

1840 3651 1981 3704 anni
2010 3648 2243 3703 ducenti
2267 3648 2378 3717 (56)
2411 3651 2469 3701 et
2503 3645 2826 3714 duodecim,
2857 3644 3127 3715 quoniam
3158 3645 3341 3714 primo
3373 3645 3475 3715 qui

1840 3748 1961 3797 erat
1987 3742 2250 3813 princeps
2284 3739 2645 3795 sacerdotum
2684 3754 2866 3808 usque
2896 3737 2969 3791 ad
2999 3740 3240 3792 mortem
3278 3754 3469 3807 perse-

1838 3835 2090 3902 verabat,
2122 3850 2227 3888 nec
2262 3833 2568 3904 quisquam
2604 3831 2663 3886 in
2691 3832 2876 3886 locum
2914 3830 3225 3885 viventium
3262 3829 3472 3884 substi-

1837 3929 2125 3985 tuebatur.
2154 3929 2356 3983 Postea
2392 3926 2566 3982 etiam
2603 3942 2638 3979 a
2673 3924 2989 3979 viventibus
3032 3923 3469 3995 subrogabatur.

1840 4024 1987 4094 Ergo
2034 4022 2128 4076 isti
2174 4020 2447 4076 tredecim
2489 4036 2591 4090 per
2639 4018 3057 4074 successionem
3109 4017 3299 4088 adepti
3343 4021 3474 4072 sunt

1840 4115 2220 4172 sacerdotium
2277 4133 2290 4169 :
2350 4113 2559 4185 quibus
2608 4112 2959 4184 temporibus
3011 4114 3069 4165 et
3119 4111 3474 4166 aristocratia

1839 4210 1947 4266 fuit
1999 4212 2057 4264 et
2104 4207 2459 4274 monarchia,
2505 4207 2768 4262 Judicum
2824 4212 2880 4262 et
2928 4207 3148 4278 Regum
3198 4208 3472 4277 potestas.

1842 4305 2056 4358 Rursus
2089 4321 2122 4357 a
2160 4303 2461 4359 Salomone
2498 4317 2677 4373 usque
2705 4301 2775 4356 ad
2816 4304 3072 4372 tempora
3115 4299 3474 4371 captivitatis,

1842 4397 2074 4469 quando
2119 4397 2177 4450 in
2218 4394 2437 4468 Syriam
2473 4395 2719 4466 p0pulus
2749 4393 3105 4464 demigravit,
3136 4393 3279 4447 urbe
3309 4400 3476 4464 capta

1842 4492 2170 4562 temploque
2222 4495 2441 4554 exusto,
2494 4489 2729 4543 fuerunt
2775 4486 3130 4542 sacerdotum
3188 4485 3475 4557 principes

39 4592 110 4637 ut
146 4582 388 4638 relicto
429 4582 624 4649 fratre,
652 4583 759 4637 sibi
790 4583 1077 4638 nuberet:
1108 4600 1241 4638 cum
1281 4583 1353 4639 de
1385 4585 1524 4639 urbe
1558 4582 1817 4654 RomaD
1842 4602 1972 4641 xvm
2024 4601 2129 4655 per
2188 4600 2367 4638 annos
2420 4581 2872 4653 quadringentos
2930 4586 2986 4635 et
3040 4580 3359 4652 sexaginta,
3416 4583 3477 4633 et

40 4676 423 4733 revertisset
461 4692 528 4730 ex
562 4692 840 4732 consensu
868 4677 1124 4732 mulieris
1154 4677 1291 4732 inita
1329 4678 1526 4734 incesti
1556 4680 1737 4750 pactio

30 4782 165 4828 est.
229 4770 423 4840 Cujus
466 4769 745 4825 indicium
794 4771 897 4840 rei,
942 4771 1201 4843 pervenit
1244 4771 1318 4825 ad
1366 4776 1545 4828 Aret/az
1591 4773 1739 4844 regis

30 4867 296 4928 ﬁliam,
337 4863 401 4917 in
444 4864 710 4934 conjugio
755 4864 942 4919 adhuc
986 4865 1224 4920 Herodis
1263 4870 1619 4921 manentem.
1662 4867 1737 4920 Ea

22 4960 330 5015 rivalem
388 4956 693 5028 indignata
746 4957 1007 5013 redeunti
1052 4958 1257 5014 marito
1303 4960 1630 5028 insinuavit,
1680 4964 1740 5014 ut

18 5056 105 5108 ad
182 5050 583 5108 Macherunta
628 5051 903 5122 oppidum
951 5052 1299 5123 dirigeretur
1348 5070 1359 5107 :
1409 5054 1563 5124 quod
1619 5057 1740 5108 erat

17 5154 89 5203 in
140 5143 445 5203 conﬁnio
491 5145 689 5199 Petraei
727 5145 880 5216 regis
920 5149 977 5200 et
1018 5146 1283 5215 Herodis;
1324 5147 1413 5201 ille
1454 5146 1549 5217 qui
1596 5147 1739 5202 nihil

18 5240 499 5312 suspicaretur,
523 5239 694 5293 simul
722 5239 860 5310 quia
885 5256 1118 5295 omnem
1141 5241 1267 5310 jam
1296 5240 1444 5295 circa
1472 5240 1738 5295 eamdem

10 5333 471 5393 imminuerat
512 5332 802 5401 alfectum,
844 5349 958 5403 quo
1003 5333 1218 5388 facilius
1259 5334 1561 5389 Herodiadi
1602 5350 1733 5406 pac-

12 5430 261 5487 tionis
329 5425 505 5481 tidem
556 5432 880 5497 praestaret,
938 5427 983 5482 si
1043 5428 1336 5499 ablegaret
1396 5429 1734 5500 conjugem,

0 5521 374 5598 acquievit
397 5521 520 5591 ejus
551 5521 928 5593 suggestioni.
956 5523 1029 5575 At
1058 5522 1175 5588 illa,
1206 5522 1306 5577 ubi
1337 5524 1522 5595 patrio
1556 5539 1735 5595 regno

80 5694 191 5757 εει
210 5694 231 5751 J
287 5688 567 5753 Antiquit.,
594 5687 691 5738 lib.
722 5701 884 5750 xvm,
917 5703 1038 5754 cap.
1065 5688 1115 5753 3,
1143 5702 1299 5739 num.
1330 5689 1376 5739 3.
1410 5689 1589 5741 ΒΑΜ.

92 5764 239 5824 53)
293 5757 429 5809 Cod.
456 5763 590 5819 vet.,
620 5760 729 5810 Deo
757 5759 903 5824 pleni
934 5759 1201 5811 miracula
1228 5760 1474 5826 propnat.
1505 5761 1586 5811 In.

98 5832 253 5901 εδδ)
299 5829 644 5901 ρτωίυάίοατ.
679 5831 761 5881 In.

114 5904 248 5965 56)
300 5900 566 5953 Secundis.
597 5903 676 5953 In.

1840 4695 2066 4734 menses
2105 4694 2225 4744 sex,
2257 4682 2314 4732 et
2355 4676 2474 4731 dies
2512 4676 2742 4741 decem;
2776 4691 2878 4730 Lxx
2918 4677 3105 4729 autem
3148 4673 3314 4728 annis
3349 4676 3477 4745 post

1841 4775 1949 4844 (57)
1978 4772 2037 4826 in
2076 4772 2404 4844 captivitate
2444 4770 2554 4824 fuit
2595 4770 2858 4841 populus.
2892 4770 3096 4824 Postea
3132 4769 3307 4839 Cyrus
3340 4783 3473 4822 cum

1842 4867 2156 4922 dimitteret
2204 4866 2482 4937 papulum
2533 4867 2762 4935 patrum
2813 4863 2884 4917 de
2934 4862 3172 4933 regione
3222 4860 3471 4932 Assyrio-

1839 4977 1990 5027 rum,
2023 4963 2080 5014 et
2120 4959 2317 5030 templi
2355 4957 2672 5013 aedificandi
2711 4960 3051 5028 potestatem
3087 4955 3266 5022 daret,
3301 4954 3473 5008 etiam

1840 5053 2200 5109 sacerdotum
2229 5051 2547 5123 principem
2573 5050 2848 5106 Josedech
2876 5050 2976 5121 qui
3001 5049 3170 5103 simul
3197 5047 3475 5104 abductus

1840 5150 1984 5215 erat,
2017 5146 2206 5202 redire
2248 5145 2531 5217 permisit,
2565 5151 2627 5198 ut
2671 5144 2814 5198 ritus
2853 5143 3062 5198 veteris
3104 5141 3477 5196 solemnitatis

1837 5257 1942 5313 per
2007 5240 2216 5294 assueti
2284 5237 2599 5293 sacerdotis
2666 5236 2963 5292 scientiam
3039 5236 3473 5290 reformaretur.

1838 5337 1960 5407 lpse
2022 5334 2200 5405 igitur
2264 5337 2322 5388 et
2382 5331 2591 5404 posteri
2659 5331 2780 5402 ejus
2838 5330 3165 5402 quindecim
3230 5344 3474 5383 numero

1837 5428 1963 5497 viri,
1995 5444 2030 5482 a
2063 5427 2248 5482 reditu
2288 5427 2485 5499 populi
2527 5441 2705 5498 usque
2746 5426 2816 5480 ad
2847 5424 3189 5479 Antiochum
3232 5425 3475 5494 Eupato-

1838 5539 1963 5578 rem
2004 5521 2190 5578 ofﬁcio
2237 5521 2415 5577 functi
2463 5523 2596 5576 sunt
2634 5535 2736 5591 per
2780 5518 3038 5573 ordinem
3083 5517 3474 5583 successionis,

1905 5691 2003 5754 (55)
2032 5689 2307 5740 Germani.
2336 5688 2416 5737 In.

1901 5761 1999 5822 (56)
2021 5760 2126 5811 Ms.
2156 5757 2389 5812 sexcenti
2418 5770 2518 5819 xu,
2550 5762 2611 5807 ut
2653 5761 2708 5809 et
2737 5755 3019 5807 Eusebius
3052 5756 3106 5805 in
3139 5754 3348 5806 Chron.
3390 5754 3473 5804 In.

1903 5833 2000 5896 (57)
2030 5833 2201 5884 Deest
2226 5831 2349 5881 haec
2376 5828 2650 5894 particula
2680 5830 2735 5879 in
2762 5842 2863 5879 ms.
2899 5828 2979 5879 In.
