4000 6166
543 354 680 406 2159

1964 343 2017 397 S.
2062 342 2375 398 AMBROSII

542 480 599 528 et
662 473 1044 544 principatum
1097 468 1399 525 sacerdotii
1463 469 1943 539 repraesentarunt
2008 467 2175 520 annis
2196 467 2375 556 Ased
2412 481 2482 519 ne
2519 440 2818 536 indignum
2848 462 3098 533 juvaret,
3136 463 3234 513 aut
3272 455 3617 528 usurpatoris
3659 450 3888 507 insolen-

542 583 779 625 ccccxn'.
816 565 1040 621 Primus
1068 563 1382 619 Antiochus
1419 578 1592 634 quem
1626 577 1795 633 supra
1836 560 2177 615 memoravi-

543 658 691 731 mus,
733 666 788 716 et
828 660 944 715 dux
984 659 1107 731 ejus
1154 658 1366 729 Lysias,
1407 655 1590 712 occiso
1630 655 1769 710 Onia
1813 653 2176 709 sacerdotum

542 754 822 828 principe,
850 754 912 809 in
938 753 1130 808 locum
1156 751 1280 823 ejus
1306 750 1724 807 substituerunt
1751 747 2078 803 Alchimum
2116 749 2177 802 in

546 848 942 905 sacerdotium.
970 847 1077 912 Qui
1100 846 1234 901 licet
1265 844 1440 900 fuerit
1477 844 1549 899 de
1576 845 1763 897 Aaron
1796 858 2027 914 genere,
2062 857 2177 896 non

546 947 739 998 tamen
792 940 900 997 fuit
947 941 1015 997 de
1070 941 1193 1012 ipsa
1247 938 1439 994 domo.
1496 938 1654 993 Unde
1704 936 1953 991 Ananias
2002 937 2177 990 frater

546 1036 701 1092 Ouite
755 1050 1003 1107 pergens
1061 1033 1120 1088 in
1181 1035 1516 1104 Egyptum,
1569 1030 1735 1102 petiit
1787 1048 1820 1083 a
1871 1030 2177 1085 Ptolemaeo

547 1130 949 1195 Philometore,
1006 1132 1062 1183 et
1106 1126 1403 1198 Cleopatra
1453 1126 1701 1197 conjuge
1752 1124 2176 1192 Philometoris,

547 1225 647 1296 qui
671 1224 815 1280 ritus
846 1220 1275 1287 observationis,
1305 1220 1375 1275 ad
1407 1218 1934 1289 Hierosolymitanae
1960 1219 2170 1273 solem-

551 1318 743 1374 nitatis
781 1315 1238 1383 similitudinem,
1278 1314 1336 1369 in
1374 1313 1778 1369 Alexandrinae
1810 1312 1969 1366 urbis
2011 1311 2178 1367 culti-

547 1414 653 1467 bus
675 1411 1011 1477 inseruerat,
1042 1414 1108 1465 ut
1134 1408 1249 1464 illic
1274 1408 1541 1480 princeps
1575 1406 1941 1462 sacerdotum
1974 1404 2175 1460 subro-

549 1511 800 1578 garetur,
830 1520 897 1560 eo
933 1503 1089 1575 quod
1116 1502 1407 1557 Alchimus
1440 1500 1760 1572 legitimam
1801 1516 1914 1554 non
1941 1499 2182 1554 haberet

550 1598 852 1657 sacerdotii
890 1598 1333 1663 successionem;
1366 1598 1537 1668 atque
1572 1594 1725 1650 idem
1756 1598 1954 1649 tamen
1986 1598 2180 1647 exacto

550 1695 802 1751 triennio
856 1693 1175 1761 defunctus,
1223 1707 1330 1746 nec
1376 1705 1761 1745 successorem
1812 1688 2019 1743 habere
2068 1703 2183 1741 me-

550 1788 685 1858 ruit,
716 1788 813 1860 qui
843 1787 1223 1858 abrogaverat
1257 1784 1531 1857 legitima:
1572 1782 1940 1839 successionis
1976 1783 2178 1836 solem—

2275 560 2412 615 tiam
2434 558 2650 630 judicio
2676 556 3029 629 prosperiore
3054 552 3421 617 accenderet;
3448 563 3651 604 verum
3682 546 3896 600 Alexan-

2276 654 2391 710 drre
2430 670 2582 708 mors
2620 652 2793 706 etiam
2836 651 3093 722 Hyrcano
3133 644 3513 702 sacerdotium
3548 654 3893 713 regnumque

2275 748 2504 802 ademit.
2536 748 2675 801 Nam
2702 745 2853 800 bello
2884 744 3082 805 victus,
3112 742 3181 795 ad
3214 739 3523 795 munitiora
3554 751 3677 790 sese
3709 736 3892 787 contu-

2276 844 2361 913 lit,
2396 841 2748 912 retentisque
2778 840 3021 910 conjuge
3059 842 3115 890 et
3149 835 3281 889 ﬁliis
3307 830 3639 897 Aristobuli,
3673 843 3811 899 quos
3848 826 3895 877 iu

2278 938 2460 991 castro
2501 935 2813 1001 invenerat,
2850 931 3201 1002 amplexatus
3242 932 3327 983 est
3364 930 3587 980 mutare
3629 918 3895 977 conditio-

2280 1047 2437 1099 nem,
2477 1034 2543 1085 ut
2584 1029 2658 1084 ad
2696 1025 3084 1082 Aristobulum
3128 1025 3376 1095 potestas
3413 1018 3603 1074 omnis
3646 1013 3897 1071 transiret

2280 1131 2335 1181 et
2360 1123 2739 1179 sacerdotium
2778 1137 2791 1176 :
2818 1120 2938 1191 ipse
2964 1117 3214 1189 privatus
3251 1115 3309 1168 in
3340 1113 3575 1168 domum
3601 1106 3897 1163 Aristobuli

2280 1218 2639 1274 concederet.
2689 1217 2800 1270 Nec
2845 1217 3036 1268 tamen
3085 1211 3183 1265 diu
3228 1209 3529 1263 contentus
3568 1203 3681 1258 fuit
3721 1201 3898 1256 aulam

2282 1312 2500 1384 regiam
2557 1309 2786 1382 privatis
2842 1312 3093 1362 mutasse
3147 1302 3382 1358 aedibus.
3437 1300 3577 1354 Nam
3638 1294 3899 1350 excitatus

2279 1408 2349 1460 ab
2396 1406 2710 1476 Antipatro,
2754 1402 2940 1473 primo
2980 1400 3040 1453 in
3086 1396 3353 1453 Arabiam
3395 1390 3716 1455 contendit,
3761 1386 3901 1443 velut

2282 1503 2626 1555 contestatus
2654 1496 2761 1567 (60)
2789 1495 2941 1568 pacti
2971 1490 3356 1564 iniquitatem.
3383 1485 3602 1542 Deinde
3634 1482 3729 1538 ubi
3762 1480 3899 1536 inﬁr-

2282 1610 2441 1650 mum
2472 1592 2575 1647 sibi
2613 1590 2918 1646 adversum
2957 1590 3262 1653 Romanos,
3295 1598 3434 1653 quos
3460 1581 3522 1634 in
3550 1579 3638 1633 sui
3667 1576 3896 1632 societa-

2281 1694 2398 1744 tem
2425 1703 2527 1758 per
2554 1685 2833 1741 Scaurum
2862 1679 3220 1737 Aristobulus
3246 1676 3519 1742 illexerat,
3548 1670 3721 1727 Arabi
3755 1670 3899 1740 regis

2283 1780 2553 1837 auxilium
2592 1777 2853 1843 advertit,
2896 1774 3164 1845 Pompeio
3200 1768 3453 1825 venienti
3492 1764 3903 1838 querimoniam

550 1856 808 1938 nitatem.
868 1856 1014 1935 Fuiti
1052 1882 1244 1952 itaque
1299 1882 1519 1951 septem
1580 1877 1744 1932 annis
1799 1876 1997 1931 civitas
2059 1863 2516 1944 sineBdetulit,
2567 1872 2665 1945 qui
2720 1870 3045 1926 eludentem
3109 1864 3530 1931 Aristobulum,
3580 1875 3733 1913 anno
3781 1856 3900 1952 jam

552 1974 809 2047 principe
846 1972 1162 2029 sacerdotii.
1202 1973 1388 2044 Usque
1427 1972 1498 2025 ad
1540 1971 1649 2025 hoc
1687 1975 1916 2041 tempus
1956 1984 2178 2039 regres-

551 2068 633 2124 sio
666 2068 771 2138 (58)
804 2070 1028 2138 patrum
1070 2066 1138 2121 de
1178 2066 1347 2120 terris
1375 2064 1730 2136 Assyriorum
1775 2063 2182 2119 democratiam

552 2163 753 2229 tenuit,
791 2177 860 2216 eo
897 2160 1050 2233 quod
1090 2176 1193 2231 per
1235 2175 1436 2231 regum
1477 2158 1803 2230 iniquitates
1844 2158 1901 2211 in
1946 2155 2180 2228 captivi-

550 2260 724 2312 tatem
788 2271 907 2310 sese
975 2270 1097 2310 esse
1160 2254 1471 2309 deductum
1534 2252 1862 2307 Judaaorum
1936 2251 2184 2322 populus

551 2352 1005 2422 recognosceret.
1045 2348 1365 2403 Asamonzei
1410 2352 1607 2419 postea
1654 2345 1804 2400 nacti
1848 2348 2182 2416 potestatem

550 2445 761 2516 populo
804 2442 1171 2514 praesidendi,
1211 2442 1515 2497 Jonatham
1565 2439 1926 2495 sacerdotum
1972 2438 2180 2511 princi-

551 2553 683 2610 pem
734 2537 1094 2605 constituere,
1144 2537 1243 2608 qui
1296 2552 1398 2608 per
1450 2537 1672 2606 septem
1727 2549 1910 2588 annos
1958 2533 2185 2587 functus

552 2635 811 2703 suscepto
868 2647 1144 2698 munere,
1196 2647 1300 2702 per
1351 2629 1583 2684 insidias
1637 2627 1957 2700 Tryphonis
2010 2626 2183 2681 tinem

552 2726 682 2780 vitae
716 2724 961 2795 invenit;
1003 2725 1062 2778 in
1102 2724 1264 2795 cujus
1303 2724 1491 2777 locum
1535 2722 1731 2778 Simon
1760 2722 1941 2777 frater
1968 2736 2186 2793 germa-

555 2837 661 2875 nus
716 2823 995 2890 tanquam
1046 2818 1176 2889 jure
1230 2816 1632 2884 baereditario,
1688 2832 1792 2887 per
1842 2815 2185 2870 electionem

553 2919 741 2969 tamen
781 2912 1067 2980 successit,
1103 2927 1276 2983 quem
1320 2910 1522 2982 generi
1564 2909 1783 2964 insidiis
1812 2910 1963 2964 inter
1992 2908 2186 2980 epulas

556 3008 896 3064 exstinctum
935 3006 1292 3077 accepimus;
1324 3022 1355 3058 a
1385 3021 1499 3076 quo
1545 3003 1619 3059 ad
1656 3002 1840 3058 ﬁlium
1880 3003 2003 3074 ejus
2041 3002 2183 3073 Hyr-

555 3118 780 3172 canum,
833 3116 1004 3173 quem
1053 3099 1189 3170 fuga
1239 3098 1493 3170 periculo
1541 3102 1846 3164 exemerat,
1899 3111 2182 3167 praeroga-

554 3198 668 3251 tiva
722 3193 1021 3250 sacerdotii
1085 3192 1444 3263 demigravit.
1500 3192 1756 3263 Hyrcano
1810 3195 2002 3245 autem
2059 3190 2182 3244 Ari-

556 3288 843 3357 stobulus,
895 3287 993 3358 qui
1046 3287 1218 3340 etiam
1271 3302 1516 3356 regnum
1570 3290 1884 3339 memorato
1935 3284 2189 3354 adjunxit

557 3382 805 3449 muneri,
834 3384 898 3435 ut
938 3380 1229 3451 utriusque
1267 3384 1413 3434 esset
1451 3380 1749 3451 particeps,
1782 3385 1836 3433 et
1865 3377 2187 3432 Aristobulo

556 3474 878 3531 Alexander
927 3473 1263 3528 substitutus
1315 3479 1418 3528 est.
1473 3475 1652 3527 Penes
1703 3471 2084 3527 Alexandrum
2135 3477 2191 3525 et

558 3584 801 3639 regnum
843 3575 897 3622 et
940 3568 1339 3635 sacerdotium,
1380 3584 1555 3639 usque
1593 3566 1665 3621 ad
1706 3566 1857 3620 diem
1900 3566 2027 3620 vitae
2070 3565 2190 3636 ejus

560 3664 766 3718 mansit
810 3679 1159 3733 supremum,
1212 3678 1315 3732 per
1360 3664 1579 3734 septem
1631 3660 1839 3715 scilicet
1885 3664 1941 3714 et
1987 3659 2190 3730 viginti

561 3774 756 3824 annos,
788 3757 883 3811 sed
916 3756 1253 3827 plerumque
1293 3754 1465 3810 dubio
1507 3760 1688 3822 statu;
1720 3769 1856 3808 nam
1894 3758 1950 3808 et
1984 3769 2190 3824 anceps

559 3851 712 3906 inter
750 3851 938 3922 ipsum
980 3852 1039 3903 et
1080 3848 1427 3905 Demetrium
1466 3848 1701 3902 victoria
1737 3847 1862 3917 fuit,
1896 3851 1955 3901 et
1992 3846 2189 3902 odium

560 3946 810 4000 immane
856 3960 890 3998 a
932 3943 1166 3998 civibus.
1213 3944 1370 3998 Idem
1418 3942 1669 3997 moriens
1710 3942 2050 4011 Alexander,
2092 3940 2191 4012 qui

561 4040 941 4111 periculosam
989 4038 1120 4092 tiliis
1171 4038 1286 4092 suis
1335 4042 1590 4093 cerneret
1645 4036 1905 4092 odiorum
1959 4051 2189 4090 suorum

561 4131 979 4199 haereditatem,
1008 4131 1386 4186 Alexandram
1425 4131 1732 4203 conjugem
1775 4146 1936 4185 suam
1973 4130 2189 4185 exerci-

564 4234 679 4280 tam
715 4242 817 4279 usu
844 4225 1093 4295 imperii,
1124 4230 1178 4278 et
1205 4225 1598 4280 communium
1624 4224 1986 4278 assuetudine
2015 4224 2195 4278 cousi-

561 4319 793 4387 liorum,
818 4320 1127 4391 gratiorem
1155 4324 1354 4374 tamen
1382 4319 1609 4389 populo,
1632 4318 1781 4389 quod
1810 4322 1869 4373 et
1892 4318 2195 4373 adversum

563 4414 669 4468 viri
717 4412 991 4469 saevitiam
1046 4412 1495 4483 periclitantibus
1543 4414 1876 4484 frequenter
1928 4412 2193 4483 praesidio

565 4508 757 4575 fuerit,
804 4514 862 4563 et
911 4506 1143 4578 conjugi
1197 4509 1676 4578 temperamento,
1728 4505 1905 4577 regali
1953 4522 2195 4577 praeesse

2207 3235 2262 3309 C

2287 1970 2452 2025 tertio
2511 1965 2970 2039 imperitantem,
3026 1961 3175 2016 bello
3242 1956 3519 2030 perculit,
3574 1950 3902 2007 auctoritate

2283 2063 2450 2135 cepit.
2483 2064 2652 2132 atque
2683 2063 2813 2115 ante
2843 2053 3137 2135 victoriam
3168 2050 3438 2108 custodiae
3468 2047 3655 2113 dedit;
3686 2059 3905 2116 supera.

2284 2132 2452 2229 toque
2482 2156 2603 2226 ejus
2642 2151 2856 2225 populo
2894 2153 2951 2205 et
2993 2132 3158 2220 capta
3192 2145 3354 2212 urbe,
3396 2141 3680 2213 captivum
3722 2139 3903 2210 ipsum

2285 2267 2415 2306 cum
2443 2249 2573 2303 filiis
2599 2249 2842 2302 Romam
2872 2243 3040 2315 dirigi
3067 2239 3422 2313 praecipiens,
3451 2237 3705 2306 Hyrcano
3732 2247 3908 2286 sacer—

2285 2345 2421 2401 dotii
2455 2342 2796 2415 dignitatem
2835 2336 3068 2403 refudit,
3097 2340 3263 2406 atque
3295 2347 3429 2386 eum
3468 2327 3769 2400 praesidem
3800 2325 3899 2393 (δικ
3998 2378 4000 2383 ,

2286 2438 2518 2504 civibus,
2549 2436 2762 2507 absque
2804 2432 3126 2487 diademate
3155 2434 3348 2483 tamen
3387 2423 3667 2495 regnique
3702 2418 3903 2479 infulis,
3998 2482 4000 2507 τ

2286 2530 2499 2587 statuit.
2530 2504 2743 2601 Largus
2771 2526 3005 2599 quidem
3038 2521 3294 2589 honoris,
3319 2518 3421 2574 sed
3447 2515 3741 2572 consultor
3765 2513 3905 2584 quie-

2285 2626 2376 2696 tis,
2408 2641 2481 2680 ne
2519 2624 2788 2679 fraternae
2822 2617 3141 2675 insolentia:
3178 2613 3378 2686 spiritu
3414 2627 3523 2683 pax
3562 2607 3898 2664 turbaretur.
3998 2604 4000 2607 ’

2287 2723 2369 2776 Ita
2396 2716 2747 2774 Aristobulus
2773 2719 2969 2787 captus
2995 2711 3147 2779 licet,
3172 2711 3492 2781 Hyrcanum
3517 2708 3715 2759 tamen
3745 2715 3897 2773 regno

2287 2814 2461 2881 exuit,
2495 2812 2594 2885 qui
2634 2816 2882 2883 quatuor
2915 2813 2972 2863 et
3008 2803 3213 2877 viginti
3240 2817 3419 2857 annos
3457 2803 3659 2871 postea
3703 2797 3902 2866 majore

2288 2925 2394 2965 usu
2424 2923 2596 2980 quam
2632 2904 2870 2961 nomine
2910 2901 2969 2956 in
3008 2901 3291 2973 potestate
3324 2894 3547 2967 exegit;
3580 2908 3688 2947 nec
3726 2894 3907 2945 tamen
3998 2938 4000 2949 ,

2290 3002 2336 3057 is
2392 3001 2520 3055 ﬁnis
2573 3000 2700 3055 vita:
2756 2999 3046 3070 Hyrcano,
3099 2992 3199 3064 qui
3250 2986 3544 3062 potestatis
3593 2985 3729 3041 fuit.
3783 2984 3907 3038 Nam

2289 3095 2572 3167 reliquum
2624 3096 2850 3164 tempus
2901 3087 3163 3145 dedecori
3210 3084 3397 3152 cessit,
3451 3086 3517 3137 ut
3569 3095 3747 3152 supra
3797 3093 3908 3132 me-
3998 3146 4000 3155 π

2287 3189 2662 3256 moravimus;
2720 3184 3006 3257 siquidem
3061 3182 3361 3252 superatus
3412 3174 3648 3248 praalio,
3703 3170 3911 3226 Parthis

2289 3286 2639 3357 Euphratem
2680 3274 3249 3349 transgredientibus,
3286 3273 3507 3343 captus,
3547 3272 3607 3323 et
3642 3266 3910 3337 Antigono

2291 3384 2349 3435 et
2374 3375 2678 3433 Aristobuli
2706 3374 2825 3429 filio
2859 3372 2917 3427 in
2946 3372 3287 3443 potestatem
3318 3366 3499 3432 datus,
3528 3361 3909 3430 truncatisque

2289 3472 2539 3540 auribus,
2580 3486 2684 3525 nec
2727 3468 2806 3523 sic
2847 3465 3081 3539 quidem
3122 3476 3395 3519 aerumnae
3435 3455 3780 3513 miserabilis
3816 3453 3907 3507 im-
3998 3484 4000 3487 -

2290 3568 2465 3641 plevit
2511 3564 2895 3620 acerbitatem.
2948 3560 3087 3614 Nam
3142 3561 3267 3630 post
3313 3554 3472 3609 illam
3526 3552 3583 3606 in
3635 3548 3911 3607 Parthiam

2291 3675 2519 3733 quoque
2561 3657 2834 3713 abductus
2880 3653 3059 3722 exsul,
3103 3649 3324 3718 debilis,
3365 3661 3557 3711 senex,
3608 3642 3910 3733 ludibrium

2291 3732 2361 3809 de
2404 3770 2462 3810 se
2505 3751 2765 3808 barbaris
2811 3746 3087 3820 praebuit;
3132 3748 3190 3800 et
3233 3741 3463 3815 cognito
3510 3746 3737 3811 postea,
3776 3732 3907 3806 quod

2294 3848 2537 3904 Herodes
2562 3844 2939 3917 imperitaret,
2974 3839 3137 3911 cujus
3163 3835 3426 3907 conjugio
3455 3833 3770 3888 Mariamne
3794 3843 3913 3898 uep-

2291 3944 2364 3997 tis
2390 3958 2493 3997 sua
2518 3939 2858 4012 potiebatur,
2875 3936 2949 3996 ,in
2976 3932 3232 3988 Judaeam
3257 3928 3577 3985 revertitur.
3610 3924 3719 3980 Ubi
3748 3924 3913 3996 primo

2294 4051 2519 4092 summa
2552 4032 2786 4088 honoris
2819 4028 3004 4102 specie
3043 4029 3357 4096 susceptus,
3390 4020 3543 4094 quod
3584 4017 3917 4074 insidiarum

2293 4132 2557 4185 velamen
2611 4125 3052 4189 obtenderetur,
3108 4118 3263 4175 haud
3317 4117 3502 4172 multo
3557 4116 3691 4186 post
3743 4110 3920 4166 aﬂicto
3998 4130 4000 4141 ι

2295 4224 2537 4279 crimine
2567 4220 2718 4293 quod
2748 4222 3082 4290 potestatem
3114 4213 3283 4269 vellet
3309 4214 3587 4282 repetere,
3617 4208 3924 4274 interemp-
3998 4254 4000 4257 .

2294 4324 2386 4374 tus
2435 4322 2541 4373 est.
2591 4316 2799 4370 Nactus
2848 4311 3025 4383 igitur
3075 4307 3323 4365 Herodes
3373 4318 3643 4375 regnum,
3688 4298 3851 4373 quod
3897 4312 3922 4350 a

2298 4411 2567 4468 Romanis
2604 4425 2706 4480 pro
2749 4408 3093 4478 oppugnatae
3134 4403 3221 4457 vel
3258 4399 3497 4472 proditae
3534 4396 3739 4468 patriae
3783 4408 3922 4447 mer-
3998 4426 4000 4480 ᾧ

2296 4506 2435 4562 cede
2482 4507 2801 4575 acceperat,
2846 4501 2905 4554 in
2954 4500 3141 4553 locum
3187 4492 3483 4564 Antigoni,
3526 4490 3628 4562 qui
3674 4488 3921 4544 triennio

564 4603 743 4657 voluit
783 4602 1201 4673 gubernaculo;
1237 4601 1508 4655 arbitram
1555 4600 1724 4655 simul
1766 4603 2040 4667 statuens,
2083 4601 2357 4681 cui-Det
2401 4599 2584 4655 tribus
2628 4594 2920 4651 mensibus
2965 4595 3225 4648 tenuerat
3267 4586 3596 4660 imperium,
3643 4581 3923 4638 substituit

566 4712 696 4750 nam
749 4694 1111 4766 potissimum
1161 4695 1410 4750 ﬁliorum
1464 4712 1762 4750 summum
1813 4694 2196 4749 sacerdotium

566 4789 1046 4845 committeretur.
1096 4790 1194 4843 Illa
1242 4790 1566 4860 Hyrcanum
1615 4789 1759 4860 patri
1807 4788 2097 4843 substituit
2140 4789 2196 4842 in

565 4882 966 4950 sacerdotium,
1013 4882 1097 4937 vel
1142 4889 1378 4953 propter
1418 4883 1648 4953 majoris
1684 4882 1867 4938 astatis
1908 4898 2196 4953 praeroga-

571 4980 761 5046 tivam,
792 4978 876 5033 vel
905 4976 1055 5049 quod
1080 4977 1293 5031 leniore
1324 4992 1497 5048 quam
1525 4977 1698 5032 frater
1717 4976 1982 5047 .ingenio,
2015 4976 2199 5031 nullas

569 5088 740 5143 super
802 5071 962 5142 regni
1024 5070 1273 5142 negotiis
1334 5070 1500 5125 matri
1564 5071 1851 5125 videretur
1914 5070 2201 5126 molestias

568 5166 936 5222 excitaturus.
972 5163 1293 5219 Aristobulo
1330 5164 1476 5218 nihil
1517 5164 1879 5234 publicorum
1919 5164 2202 5219 commisit

569 5258 1055 5315 ofﬁciorum..Sed
1086 5258 1178 5312 ille
1216 5257 1391 5312 etiam
1426 5258 1645 5313 vivente
1684 5264 1883 5327 matre,
1916 5258 2204 5329 aegritudi-

570 5355 656 5410 nis
682 5358 871 5409 tamen
900 5354 1022 5425 ejus
1050 5353 1342 5407 occasione
1365 5352 1423 5405 in
1453 5352 1689 5406 remotis
1713 5359 1769 5405 et
1796 5352 2203 5408 munitioribus

570 5450 705 5503 locis
736 5464 933 5519 regem
966 5447 1202 5518 agebat;
1233 5463 1345 5518 quo
1386 5445 1601 5501 offensa
1643 5452 1844 5515 mater,
1877 5453 1931 5501 et
1963 5447 2199 5518 Hyrcani

571 5542 818 5614 querelis
838 5543 1022 5610 anxia,
1045 5540 1158 5595 vim
1183 5541 1366 5595 morbi
1387 5539 1545 5609 aluit,
1569 5556 1671 5595 nec
1696 5541 1843 5595 ultra
1866 5557 2069 5595 novem
2095 5541 2203 5610 (59)

572 5650 749 5688 annos
776 5636 1002 5705 imperii
1034 5652 1353 5706 progressa,
1386 5635 1647 5689 omnium
1678 5634 1968 5689 heredem
1999 5635 2200 5705 Hyrca-

576 5740 716 5777 num
755 5726 985 5795 reliquit
1019 5744 1033 5780 :
1068 5745 1179 5782 non
1217 5728 1373 5799 quod
1408 5732 1759 5784 servaturum
1800 5734 2201 5800 praesumeret,

643 5842 740 5901 (58)
772 5841 1134 5902 Regressionis.
1162 5848 1340 5899 Baaa.

644 5910 742 5981 (59)
772 5909 1189 5968 Quatuordecim.
1225 5917 1302 5964 li).

2298 4708 2647 4749 successores
2678 4691 2736 4745 in
2765 4686 3167 4751 sacerdotium,
3194 4699 3312 4738 non
3346 4678 3666 4738 Asamonaei
3697 4674 3923 4747 generis

2299 4804 2443 4860 quos
2505 4784 2760 4841 clarioris
2820 4782 2994 4836 fuisse
3057 4778 3339 4850 prosapiae
3406 4772 3771 4845 accepimus,
3832 4764 3921 4821 sed
3998 4766 4000 4773 ’

2299 4859 2577 4952 ignobiles
2604 4892 2880 4950 quosque,
2909 4890 3050 4946 quos
3077 4875 3175 4927 aut
3207 4869 3385 4925 libido
3424 4874 3524 4922 aut
3557 4881 3714 4920 casus
3745 4859 3923 4917 dedis-

2301 4981 2414 5044 set;
2459 4978 2652 5028 tamen
2701 4970 2970 5043 fatigatus
3016 4964 3351 5023 Alexandrea
3398 4961 3663 5033 precibus
3709 4969 3915 5011 socrus.

2301 5068 2386 5122 vel
2438 5063 2956 5122 insimulationibus
3021 5060 3277 5125 territus,
3326 5055 3610 5111 Jonathan
3674 5047 3915 5119 conjugis

2303 5180 2419 5217 suae
2472 5163 2707 5216 fratrem
2770 5161 2987 5228 septem
3049 5154 3359 5224 decemque
3421 5165 3601 5204 annos
3657 5146 3911 5216 agentem

2303 5256 2653 5311 sacerdotem
2697 5252 2927 5317 creavit,
2974 5264 3147 5321 quem
3191 5263 3325 5301 mox
3374 5245 3493 5316 ipse
3544 5241 3707 5297 exitio
3746 5233 3909 5297 dedit,

2304 5353 2627 5421 suspectum
2648 5346 2897 5418 imperii,
2921 5344 3068 5416 quod
3096 5342 3245 5397 circa
3263 5355 3398 5395 eum
3425 5340 3713 5409 ingentem
3731 5323 3907 5402 populi
3998 5338 4000 5359 ³

2304 5445 2478 5499 totius
2511 5442 2763 5513 gratiam
2798 5441 2857 5494 in
2896 5439 3016 5494 dies
3052 5436 3272 5491 videret.
3308 5433 3649 5489 adolescere.
3688 5422 3905 5480 Posthar
3998 5432 4000 5455 ⁵

2304 5538 2422 5591 bito
2452 5537 2641 5608 itaque
2666 5533 2936 5600 Ananelo,
2965 5546 3139 5603 quem
3164 5530 3288 5600 jam
3317 5544 3385 5581 ex
3423 5521 3755 5596 ignobilibus
3784 5516 3904 5569 ante

2303 5631 2607 5686 Jonatbam
2662 5629 2721 5683 in
2773 5626 3149 5683 sacerdotium
3199 5622 3634 5693 subrogaverat,
3683 5613 3903 5681 reliquos

2306 5742 2406 5796 per
2458 5724 2722 5780 ordinem
2775 5720 3104 5793 hujusmodi
3157 5717 3351 5789 elegit,
3405 5715 3475 5770 de
3531 5712 3730 5786 quibus
3778 5698 3899 5760 nihil

2370 5846 2471 5910 (60)
2499 5846 2920 5896 Contestaturus.
2954 5844 3032 5894 ID.

2373 5920 2470 5983 (Bt)
2500 5917 2805 5968 Praesident.
2835 5916 2915 5968 ID.

3770 328 3888 380 2160
3998 308 4000 313 ’
