  <div class='ocr_page' id='page_1' title='image "/cluster/home/n/w/nwhite01/storage/ocr_20150623/15/hvd.32044048207278/462.png"; bbox 0 0 4072 6192; ppageno 0'>
   <div class='ocr_carea' id='block_1_1' title="bbox 202 262 331 313">
    <p class='ocr_par' dir='ltr' id='par_1_1' title="bbox 202 262 331 313">
     <span class='ocr_line' id='line_1_1' title="bbox 202 262 331 313; baseline -0.008 0"><span class='ocrx_word' id='word_1_1' title='bbox 202 262 331 313; x_wconf 85' lang='grc'><strong>2161</strong></span> 
     </span>
    </p>
   </div>
   <div class='ocr_carea' id='block_1_2' title="bbox 1240 259 2557 323">
    <p class='ocr_par' dir='ltr' id='par_1_2' title="bbox 1240 259 2557 323">
     <span class='ocr_line' id='line_1_2' title="bbox 1240 259 2557 323; baseline 0.006 -12"><span class='ocrx_word' id='word_1_2' title='bbox 1240 259 1325 314; x_wconf 82' lang='lat' dir='ltr'><strong>DE</strong></span> <span class='ocrx_word' id='word_1_3' title='bbox 1363 259 1634 315; x_wconf 75' lang='lat' dir='ltr'><strong>EXClDlO</strong></span> <span class='ocrx_word' id='word_1_4' title='bbox 1675 260 1867 317; x_wconf 77' lang='lat' dir='ltr'><strong>URBIS</strong></span> <span class='ocrx_word' id='word_1_5' title='bbox 1906 261 2265 319; x_wconf 83' lang='lat' dir='ltr'><strong>HIEROSOL.</strong></span> <span class='ocrx_word' id='word_1_6' title='bbox 2313 266 2433 323; x_wconf 77' lang='lat' dir='ltr'><strong>LIB.</strong></span> <span class='ocrx_word' id='word_1_7' title='bbox 2478 267 2557 322; x_wconf 37' lang='lat'><strong>11.,</strong></span> 
     </span>
    </p>
   </div>
   <div class='ocr_carea' id='block_1_3' title="bbox 3445 273 3579 325">
    <p class='ocr_par' dir='ltr' id='par_1_3' title="bbox 3445 273 3579 325">
     <span class='ocr_line' id='line_1_3' title="bbox 3445 273 3579 325; baseline 0.007 -1"><span class='ocrx_word' id='word_1_8' title='bbox 3445 273 3496 325; x_wconf 78' lang='grc'><strong>21</strong></span> <span class='ocrx_word' id='word_1_9' title='bbox 3512 274 3579 325; x_wconf 82' lang='lat'><strong>62</strong></span> 
     </span>
    </p>
   </div>
   <div class='ocr_carea' id='block_1_4' title="bbox 198 382 3573 471">
    <p class='ocr_par' dir='ltr' id='par_1_4' title="bbox 198 382 3573 471">
     <span class='ocr_line' id='line_1_4' title="bbox 198 382 3573 471; baseline 0.004 -36"><span class='ocrx_word' id='word_1_10' title='bbox 198 384 531 454; x_wconf 88' lang='lat' dir='ltr'><strong>suspectum</strong></span> <span class='ocrx_word' id='word_1_11' title='bbox 583 382 833 437; x_wconf 76' lang='lat' dir='ltr'><strong>haberet.</strong></span> <span class='ocrx_word' id='word_1_12' title='bbox 890 384 1027 436; x_wconf 76' lang='lat' dir='ltr'><strong>Nam</strong></span> <span class='ocrx_word' id='word_1_13' title='bbox 1076 383 1231 454; x_wconf 87' lang='lat' dir='ltr'><strong>quod</strong></span> <span class='ocrx_word' id='word_1_14' title='bbox 1280 383 1337 437; x_wconf 93' lang='lat' dir='ltr'><strong>in</strong></span> <span class='ocrx_word' id='word_1_15' title='bbox 1387 384 1558 438; x_wconf 77' lang='lat' dir='ltr'><strong>afﬁne</strong></span> <span class='ocrx_word' id='word_1_16' title='bbox 1615 386 1834 456; x_wconf 80' lang='lat' dir='ltr'><strong>perpeti</strong></span> <span class='ocrx_word' id='word_1_17' title='bbox 1860 387 2278 471; x_wconf 67' lang='lat' dir='ltr'><strong>Aadveniente</strong></span> <span class='ocrx_word' id='word_1_18' title='bbox 2311 390 2584 458; x_wconf 87' lang='lat' dir='ltr'><strong>exercitu,</strong></span> <span class='ocrx_word' id='word_1_19' title='bbox 2630 388 2686 444; x_wconf 91' lang='lat' dir='ltr'><strong>iu</strong></span> <span class='ocrx_word' id='word_1_20' title='bbox 2734 398 2957 446; x_wconf 80' lang='lat' dir='ltr'><strong>montes</strong></span> <span class='ocrx_word' id='word_1_21' title='bbox 3001 399 3419 449; x_wconf 79' lang='lat' dir='ltr'><strong>concesserant.</strong></span> <span class='ocrx_word' id='word_1_22' title='bbox 3467 394 3573 459; x_wconf 85' lang='lat' dir='ltr'><strong>Qui</strong></span> 
     </span>
    </p>
   </div>
   <div class='ocr_carea' id='block_1_5' title="bbox 200 476 1839 547">
    <p class='ocr_par' dir='ltr' id='par_1_5' title="bbox 200 476 1839 547">
     <span class='ocr_line' id='line_1_5' title="bbox 200 476 1839 547; baseline 0.002 -18"><span class='ocrx_word' id='word_1_23' title='bbox 200 492 313 530; x_wconf 90' lang='lat' dir='ltr'><strong>non</strong></span> <span class='ocrx_word' id='word_1_24' title='bbox 353 482 634 547; x_wconf 88' lang='lat' dir='ltr'><strong>potuerat,</strong></span> <span class='ocrx_word' id='word_1_25' title='bbox 670 476 1167 547; x_wconf 83' lang='lat' dir='ltr'><strong>quemadmodum</strong></span> <span class='ocrx_word' id='word_1_26' title='bbox 1208 494 1321 532; x_wconf 88' lang='lat' dir='ltr'><strong>non</strong></span> <span class='ocrx_word' id='word_1_27' title='bbox 1364 483 1587 532; x_wconf 88' lang='lat' dir='ltr'><strong>caveret</strong></span> <span class='ocrx_word' id='word_1_28' title='bbox 1617 479 1673 533; x_wconf 92' lang='lat' dir='ltr'><strong>in</strong></span> <span class='ocrx_word' id='word_1_29' title='bbox 1705 479 1839 533; x_wconf 87' lang='lat' dir='ltr'><strong>alie-</strong></span> 
     </span>
    </p>
   </div>
   <div class='ocr_carea' id='block_1_6' title="bbox 202 570 1841 641">
    <p class='ocr_par' dir='ltr' id='par_1_6' title="bbox 202 570 1841 641">
     <span class='ocr_line' id='line_1_6' title="bbox 202 570 1841 641; baseline 0.003 -18"><span class='ocrx_word' id='word_1_30' title='bbox 202 571 288 624; x_wconf 88' lang='lat' dir='ltr'><strong>uis</strong></span> <span class='ocrx_word' id='word_1_31' title='bbox 315 570 565 624; x_wconf 84' lang='lat' dir='ltr'><strong>similia?</strong></span> <span class='ocrx_word' id='word_1_32' title='bbox 592 572 651 624; x_wconf 90' lang='lat' dir='ltr'><strong>ln</strong></span> <span class='ocrx_word' id='word_1_33' title='bbox 681 570 1006 641; x_wconf 88' lang='lat' dir='ltr'><strong>hujusmodi</strong></span> <span class='ocrx_word' id='word_1_34' title='bbox 1043 571 1494 626; x_wconf 89' lang='lat' dir='ltr'><strong>ordinationibus</strong></span> <span class='ocrx_word' id='word_1_35' title='bbox 1532 573 1841 628; x_wconf 80' lang='lat' dir='ltr'><strong>Archelaus</strong></span> 
     </span>
    </p>
   </div>
   <div class='ocr_carea' id='block_1_7' title="bbox 198 664 1840 737">
    <p class='ocr_par' dir='ltr' id='par_1_7' title="bbox 198 664 1840 737">
     <span class='ocr_line' id='line_1_7' title="bbox 198 664 1840 737; baseline 0.003 -20"><span class='ocrx_word' id='word_1_36' title='bbox 198 667 432 718; x_wconf 83' lang='lat' dir='ltr'><strong>secutus</strong></span> <span class='ocrx_word' id='word_1_37' title='bbox 460 667 713 734; x_wconf 63' lang='lat' dir='ltr'><strong>paterna:</strong></span> <span class='ocrx_word' id='word_1_38' title='bbox 741 664 991 734; x_wconf 85' lang='lat' dir='ltr'><strong>speciem</strong></span> <span class='ocrx_word' id='word_1_39' title='bbox 1020 666 1468 733; x_wconf 85' lang='lat' dir='ltr'><strong>consuetudinis,</strong></span> <span class='ocrx_word' id='word_1_40' title='bbox 1497 667 1840 737; x_wconf 84' lang='lat' dir='ltr'><strong>angustioris</strong></span> 
     </span>
    </p>
   </div>
   <div class='ocr_carea' id='block_1_8' title="bbox 193 757 1838 829">
    <p class='ocr_par' dir='ltr' id='par_1_8' title="bbox 193 757 1838 829">
     <span class='ocr_line' id='line_1_8' title="bbox 193 757 1838 829; baseline 0.004 -20"><span class='ocrx_word' id='word_1_41' title='bbox 193 757 375 812; x_wconf 87' lang='lat' dir='ltr'><strong>animi</strong></span> <span class='ocrx_word' id='word_1_42' title='bbox 433 757 616 812; x_wconf 84' lang='lat' dir='ltr'><strong>tenuit</strong></span> <span class='ocrx_word' id='word_1_43' title='bbox 664 758 1009 812; x_wconf 90' lang='lat' dir='ltr'><strong>sententiam</strong></span> <span class='ocrx_word' id='word_1_44' title='bbox 1069 775 1081 811; x_wconf 93' lang='lat'>:</span> <span class='ocrx_word' id='word_1_45' title='bbox 1145 774 1301 814; x_wconf 86' lang='lat' dir='ltr'><strong>more</strong></span> <span class='ocrx_word' id='word_1_46' title='bbox 1356 760 1610 829; x_wconf 88' lang='lat' dir='ltr'><strong>quodam</strong></span> <span class='ocrx_word' id='word_1_47' title='bbox 1668 762 1838 816; x_wconf 92' lang='lat' dir='ltr'><strong>insito</strong></span> 
     </span>
    </p>
   </div>
   <div class='ocr_carea' id='block_1_9' title="bbox 195 852 1839 925">
    <p class='ocr_par' dir='ltr' id='par_1_9' title="bbox 195 852 1839 925">
     <span class='ocr_line' id='line_1_9' title="bbox 195 852 1839 925; baseline 0.002 -20"><span class='ocrx_word' id='word_1_48' title='bbox 195 852 558 919; x_wconf 79' lang='lat' dir='ltr'><strong>mortalibus,</strong></span> <span class='ocrx_word' id='word_1_49' title='bbox 592 855 651 905; x_wconf 91' lang='lat' dir='ltr'><strong>ut</strong></span> <span class='ocrx_word' id='word_1_50' title='bbox 677 852 828 923; x_wconf 90' lang='lat' dir='ltr'><strong>apud</strong></span> <span class='ocrx_word' id='word_1_51' title='bbox 857 868 952 907; x_wconf 83' lang='lat' dir='ltr'><strong>eos</strong></span> <span class='ocrx_word' id='word_1_52' title='bbox 979 854 1171 907; x_wconf 90' lang='lat' dir='ltr'><strong>minus</strong></span> <span class='ocrx_word' id='word_1_53' title='bbox 1208 857 1467 924; x_wconf 88' lang='lat' dir='ltr'><strong>suspecta</strong></span> <span class='ocrx_word' id='word_1_54' title='bbox 1506 854 1577 908; x_wconf 87' lang='lat' dir='ltr'><strong>sit</strong></span> <span class='ocrx_word' id='word_1_55' title='bbox 1614 854 1839 925; x_wconf 83' lang='lat' dir='ltr'><strong>ignavia</strong></span> 
     </span>
    </p>
   </div>
   <div class='ocr_carea' id='block_1_10' title="bbox 194 945 1838 1017">
    <p class='ocr_par' dir='ltr' id='par_1_10' title="bbox 194 945 1838 1017">
     <span class='ocr_line' id='line_1_10' title="bbox 194 945 1838 1017; baseline 0.002 -18"><span class='ocrx_word' id='word_1_56' title='bbox 194 945 580 1011; x_wconf 86' lang='lat' dir='ltr'><strong>hebetiorum,</strong></span> <span class='ocrx_word' id='word_1_57' title='bbox 623 962 793 1016; x_wconf 84' lang='lat' dir='ltr'><strong>quam</strong></span> <span class='ocrx_word' id='word_1_58' title='bbox 833 946 1012 1017; x_wconf 85' lang='lat' dir='ltr'><strong>gratia</strong></span> <span class='ocrx_word' id='word_1_59' title='bbox 1050 946 1363 1015; x_wconf 87' lang='lat' dir='ltr'><strong>bonorum;</strong></span> <span class='ocrx_word' id='word_1_60' title='bbox 1404 963 1535 1002; x_wconf 93' lang='lat' dir='ltr'><strong>cum</strong></span> <span class='ocrx_word' id='word_1_61' title='bbox 1579 947 1838 1002; x_wconf 76' lang='lat' dir='ltr'><strong>infirmus</strong></span> 
     </span>
    </p>
   </div>
   <div class='ocr_carea' id='block_1_11' title="bbox 195 1038 1836 1113">
    <p class='ocr_par' dir='ltr' id='par_1_11' title="bbox 195 1038 1836 1113">
     <span class='ocr_line' id='line_1_11' title="bbox 195 1038 1836 1113; baseline 0.002 -20"><span class='ocrx_word' id='word_1_62' title='bbox 195 1038 428 1093; x_wconf 89' lang='lat' dir='ltr'><strong>animus</strong></span> <span class='ocrx_word' id='word_1_63' title='bbox 468 1038 811 1094; x_wconf 85' lang='lat' dir='ltr'><strong>insolentior</strong></span> <span class='ocrx_word' id='word_1_64' title='bbox 846 1040 919 1094; x_wconf 89' lang='lat' dir='ltr'><strong>sit</strong></span> <span class='ocrx_word' id='word_1_65' title='bbox 958 1039 1014 1094; x_wconf 92' lang='lat' dir='ltr'><strong>in</strong></span> <span class='ocrx_word' id='word_1_66' title='bbox 1057 1040 1225 1095; x_wconf 85' lang='lat' dir='ltr'><strong>rebus</strong></span> <span class='ocrx_word' id='word_1_67' title='bbox 1260 1040 1545 1109; x_wconf 88' lang='lat' dir='ltr'><strong>secundis,</strong></span> <span class='ocrx_word' id='word_1_68' title='bbox 1586 1042 1836 1113; x_wconf 85' lang='lat' dir='ltr'><strong>pruden-</strong></span> 
     </span>
    </p>
   </div>
   <div class='ocr_carea' id='block_1_12' title="bbox 194 1132 1839 1207">
    <p class='ocr_par' dir='ltr' id='par_1_12' title="bbox 194 1132 1839 1207">
     <span class='ocr_line' id='line_1_12' title="bbox 194 1132 1839 1207; baseline 0.003 -22"><span class='ocrx_word' id='word_1_69' title='bbox 194 1132 313 1186; x_wconf 90' lang='lat' dir='ltr'><strong>tior</strong></span> <span class='ocrx_word' id='word_1_70' title='bbox 344 1136 541 1189; x_wconf 87' lang='lat' dir='ltr'><strong>autem</strong></span> <span class='ocrx_word' id='word_1_71' title='bbox 580 1134 802 1189; x_wconf 90' lang='lat' dir='ltr'><strong>noverit</strong></span> <span class='ocrx_word' id='word_1_72' title='bbox 842 1133 1022 1189; x_wconf 86' lang='lat' dir='ltr'><strong>vicem</strong></span> <span class='ocrx_word' id='word_1_73' title='bbox 1067 1135 1283 1189; x_wconf 88' lang='lat' dir='ltr'><strong>referre</strong></span> <span class='ocrx_word' id='word_1_74' title='bbox 1324 1134 1631 1190; x_wconf 82' lang='lat' dir='ltr'><strong>beneficiis.</strong></span> <span class='ocrx_word' id='word_1_75' title='bbox 1663 1135 1839 1207; x_wconf 88' lang='lat' dir='ltr'><strong>Igitur</strong></span> 
     </span>
    </p>
   </div>
   <div class='ocr_carea' id='block_1_13' title="bbox 192 1228 1833 1302">
    <p class='ocr_par' dir='ltr' id='par_1_13' title="bbox 192 1228 1833 1302">
     <span class='ocr_line' id='line_1_13' title="bbox 192 1228 1833 1302; baseline 0.003 -22"><span class='ocrx_word' id='word_1_76' title='bbox 192 1244 227 1280; x_wconf 90' lang='lat' dir='ltr'><strong>a</strong></span> <span class='ocrx_word' id='word_1_77' title='bbox 264 1242 448 1297; x_wconf 87' lang='lat' dir='ltr'><strong>regno</strong></span> <span class='ocrx_word' id='word_1_78' title='bbox 489 1228 741 1294; x_wconf 82' lang='lat' dir='ltr'><strong>Herodis,</strong></span> <span class='ocrx_word' id='word_1_79' title='bbox 789 1243 964 1299; x_wconf 91' lang='lat' dir='ltr'><strong>usque</strong></span> <span class='ocrx_word' id='word_1_80' title='bbox 1008 1228 1076 1282; x_wconf 87' lang='lat' dir='ltr'><strong>ad</strong></span> <span class='ocrx_word' id='word_1_81' title='bbox 1126 1230 1447 1283; x_wconf 83' lang='lat' dir='ltr'><strong>Romanum</strong></span> <span class='ocrx_word' id='word_1_82' title='bbox 1494 1230 1607 1300; x_wconf 76' lang='lat'><strong>(62)</strong></span> <span class='ocrx_word' id='word_1_83' title='bbox 1650 1230 1833 1302; x_wconf 89' lang='lat' dir='ltr'><strong>impe-</strong></span> 
     </span>
    </p>
   </div>
   <div class='ocr_carea' id='block_1_14' title="bbox 190 1319 1838 1395">
    <p class='ocr_par' dir='ltr' id='par_1_14' title="bbox 190 1319 1838 1395">
     <span class='ocr_line' id='line_1_14' title="bbox 190 1319 1838 1395; baseline 0.002 -21"><span class='ocrx_word' id='word_1_84' title='bbox 190 1320 371 1388; x_wconf 89' lang='lat' dir='ltr'><strong>rium,</strong></span> <span class='ocrx_word' id='word_1_85' title='bbox 403 1319 556 1393; x_wconf 90' lang='lat' dir='ltr'><strong>quod</strong></span> <span class='ocrx_word' id='word_1_86' title='bbox 585 1322 861 1376; x_wconf 84' lang='lat' dir='ltr'><strong>Archelao</strong></span> <span class='ocrx_word' id='word_1_87' title='bbox 893 1322 1132 1393; x_wconf 87' lang='lat' dir='ltr'><strong>dejecto,</strong></span> <span class='ocrx_word' id='word_1_88' title='bbox 1165 1323 1421 1377; x_wconf 69' lang='lat' dir='ltr'><strong>Judaeam</strong></span> <span class='ocrx_word' id='word_1_89' title='bbox 1451 1323 1681 1395; x_wconf 89' lang='lat' dir='ltr'><strong>reliquis</strong></span> <span class='ocrx_word' id='word_1_90' title='bbox 1706 1340 1838 1395; x_wconf 88' lang='lat' dir='ltr'><strong>pro-</strong></span> 
     </span>
    </p>
   </div>
   <div class='ocr_carea' id='block_1_15' title="bbox 186 1415 1835 1489">
    <p class='ocr_par' dir='ltr' id='par_1_15' title="bbox 186 1415 1835 1489">
     <span class='ocr_line' id='line_1_15' title="bbox 186 1415 1835 1489; baseline 0.004 -24"><span class='ocrx_word' id='word_1_91' title='bbox 186 1415 399 1469; x_wconf 89' lang='lat' dir='ltr'><strong>vinciis</strong></span> <span class='ocrx_word' id='word_1_92' title='bbox 444 1415 836 1483; x_wconf 87' lang='lat' dir='ltr'><strong>associaverat,</strong></span> <span class='ocrx_word' id='word_1_93' title='bbox 880 1420 1052 1487; x_wconf 89' lang='lat' dir='ltr'><strong>atque</strong></span> <span class='ocrx_word' id='word_1_94' title='bbox 1104 1415 1238 1471; x_wconf 90' lang='lat' dir='ltr'><strong>inde</strong></span> <span class='ocrx_word' id='word_1_95' title='bbox 1286 1433 1466 1487; x_wconf 90' lang='lat' dir='ltr'><strong>usque</strong></span> <span class='ocrx_word' id='word_1_96' title='bbox 1516 1417 1585 1471; x_wconf 92' lang='lat' dir='ltr'><strong>ad</strong></span> <span class='ocrx_word' id='word_1_97' title='bbox 1634 1417 1835 1489; x_wconf 88' lang='lat' dir='ltr'><strong>templi</strong></span> 
     </span>
    </p>
   </div>
   <div class='ocr_carea' id='block_1_16' title="bbox 187 1509 1834 1581">
    <p class='ocr_par' dir='ltr' id='par_1_16' title="bbox 187 1509 1834 1581">
     <span class='ocr_line' id='line_1_16' title="bbox 187 1509 1834 1581; baseline 0.001 -17"><span class='ocrx_word' id='word_1_98' title='bbox 187 1509 485 1564; x_wconf 82' lang='lat' dir='ltr'><strong>excidium</strong></span> <span class='ocrx_word' id='word_1_99' title='bbox 531 1513 587 1564; x_wconf 92' lang='lat' dir='ltr'><strong>et</strong></span> <span class='ocrx_word' id='word_1_100' title='bbox 633 1510 987 1581; x_wconf 87' lang='lat' dir='ltr'><strong>triumphum</strong></span> <span class='ocrx_word' id='word_1_101' title='bbox 1032 1510 1141 1564; x_wconf 84' lang='lat' dir='ltr'><strong>Titi</strong></span> <span class='ocrx_word' id='word_1_102' title='bbox 1188 1510 1420 1565; x_wconf 90' lang='lat' dir='ltr'><strong>fuerunt</strong></span> <span class='ocrx_word' id='word_1_103' title='bbox 1473 1511 1834 1566; x_wconf 86' lang='lat' dir='ltr'><strong>sacerdotum</strong></span> 
     </span>
    </p>
   </div>
   <div class='ocr_carea' id='block_1_17' title="bbox 187 1603 1832 1677">
    <p class='ocr_par' dir='ltr' id='par_1_17' title="bbox 187 1603 1832 1677">
     <span class='ocr_line' id='line_1_17' title="bbox 187 1603 1832 1677; baseline 0.002 -19"><span class='ocrx_word' id='word_1_104' title='bbox 187 1603 484 1675; x_wconf 88' lang='lat' dir='ltr'><strong>principes</strong></span> <span class='ocrx_word' id='word_1_105' title='bbox 510 1603 715 1676; x_wconf 82' lang='lat' dir='ltr'><strong>viginti</strong></span> <span class='ocrx_word' id='word_1_106' title='bbox 753 1607 810 1659; x_wconf 90' lang='lat' dir='ltr'><strong>et</strong></span> <span class='ocrx_word' id='word_1_107' title='bbox 837 1610 984 1673; x_wconf 91' lang='lat' dir='ltr'><strong>octo,</strong></span> <span class='ocrx_word' id='word_1_108' title='bbox 1019 1621 1123 1675; x_wconf 91' lang='lat' dir='ltr'><strong>per</strong></span> <span class='ocrx_word' id='word_1_109' title='bbox 1150 1620 1331 1660; x_wconf 89' lang='lat' dir='ltr'><strong>annos</strong></span> <span class='ocrx_word' id='word_1_110' title='bbox 1361 1610 1593 1661; x_wconf 87' lang='lat' dir='ltr'><strong>centum</strong></span> <span class='ocrx_word' id='word_1_111' title='bbox 1622 1610 1679 1660; x_wconf 91' lang='lat' dir='ltr'><strong>et</strong></span> <span class='ocrx_word' id='word_1_112' title='bbox 1705 1622 1832 1677; x_wconf 89' lang='lat' dir='ltr'><strong>sep-</strong></span> 
     </span>
    </p>
   </div>
   <div class='ocr_carea' id='block_1_18' title="bbox 1942 480 3575 556">
    <p class='ocr_par' dir='ltr' id='par_1_18' title="bbox 1942 480 3575 556">
     <span class='ocr_line' id='line_1_18' title="bbox 1942 480 3575 556; baseline 0.004 -22"><span class='ocrx_word' id='word_1_113' title='bbox 1942 480 2332 537; x_wconf 91' lang='lat' dir='ltr'><strong>conferentem</strong></span> <span class='ocrx_word' id='word_1_114' title='bbox 2373 483 2537 554; x_wconf 89' lang='lat' dir='ltr'><strong>signa</strong></span> <span class='ocrx_word' id='word_1_115' title='bbox 2579 483 2804 538; x_wconf 87' lang='lat' dir='ltr'><strong>Gallum</strong></span> <span class='ocrx_word' id='word_1_116' title='bbox 2847 486 3216 556; x_wconf 64' lang='lat' dir='ltr'><strong>praepositum</strong></span> <span class='ocrx_word' id='word_1_117' title='bbox 3254 487 3575 543; x_wconf 90' lang='lat' dir='ltr'><strong>duodecimi</strong></span> 
     </span>
    </p>
   </div>
   <div class='ocr_carea' id='block_1_19' title="bbox 1941 575 3575 649">
    <p class='ocr_par' dir='ltr' id='par_1_19' title="bbox 1941 575 3575 649">
     <span class='ocr_line' id='line_1_19' title="bbox 1941 575 3575 649; baseline 0.004 -19"><span class='ocrx_word' id='word_1_118' title='bbox 1941 575 2157 631; x_wconf 88' lang='lat' dir='ltr'><strong>ordinis</strong></span> <span class='ocrx_word' id='word_1_119' title='bbox 2200 577 2387 632; x_wconf 87' lang='lat' dir='ltr'><strong>adorsi</strong></span> <span class='ocrx_word' id='word_1_120' title='bbox 2432 577 2656 632; x_wconf 78' lang='lat' dir='ltr'><strong>fortiter</strong></span> <span class='ocrx_word' id='word_1_121' title='bbox 2698 578 3153 649; x_wconf 75' lang='lat' dir='ltr'><strong>exagitaverant,</strong></span> <span class='ocrx_word' id='word_1_122' title='bbox 3196 585 3262 634; x_wconf 88' lang='lat' dir='ltr'><strong>ut</strong></span> <span class='ocrx_word' id='word_1_123' title='bbox 3300 581 3575 637; x_wconf 88' lang='lat' dir='ltr'><strong>ducentos</strong></span> 
     </span>
    </p>
   </div>
   <div class='ocr_carea' id='block_1_20' title="bbox 1941 670 3568 747">
    <p class='ocr_par' dir='ltr' id='par_1_20' title="bbox 1941 670 3568 747">
     <span class='ocr_line' id='line_1_20' title="bbox 1941 670 3568 747; baseline 0.004 -24"><span class='ocrx_word' id='word_1_124' title='bbox 1941 670 2124 724; x_wconf 85' lang='lat' dir='ltr'><strong>ferme</strong></span> <span class='ocrx_word' id='word_1_125' title='bbox 2174 671 2563 727; x_wconf 85' lang='lat' dir='ltr'><strong>Romanorum</strong></span> <span class='ocrx_word' id='word_1_126' title='bbox 2611 671 2953 727; x_wconf 89' lang='lat' dir='ltr'><strong>occiderent.</strong></span> <span class='ocrx_word' id='word_1_127' title='bbox 3003 674 3210 728; x_wconf 90' lang='lat' dir='ltr'><strong>Verum</strong></span> <span class='ocrx_word' id='word_1_128' title='bbox 3253 673 3351 729; x_wconf 90' lang='lat' dir='ltr'><strong>ubi</strong></span> <span class='ocrx_word' id='word_1_129' title='bbox 3399 690 3568 747; x_wconf 89' lang='lat' dir='ltr'><strong>supe-</strong></span> 
     </span>
    </p>
   </div>
   <div class='ocr_carea' id='block_1_21' title="bbox 1940 762 3574 838">
    <p class='ocr_par' dir='ltr' id='par_1_21' title="bbox 1940 762 3574 838">
     <span class='ocr_line' id='line_1_21' title="bbox 1940 762 3574 838; baseline 0.003 -22"><span class='ocrx_word' id='word_1_130' title='bbox 1940 762 2093 817; x_wconf 87' lang='lat' dir='ltr'><strong>riora</strong></span> <span class='ocrx_word' id='word_1_131' title='bbox 2116 764 2372 818; x_wconf 92' lang='lat' dir='ltr'><strong>locorum</strong></span> <span class='ocrx_word' id='word_1_132' title='bbox 2402 781 2774 836; x_wconf 85' lang='lat' dir='ltr'><strong>occupavere,</strong></span> <span class='ocrx_word' id='word_1_133' title='bbox 2810 782 2995 838; x_wconf 89' lang='lat' dir='ltr'><strong>neque</strong></span> <span class='ocrx_word' id='word_1_134' title='bbox 3033 766 3287 837; x_wconf 89' lang='lat' dir='ltr'><strong>peditem</strong></span> <span class='ocrx_word' id='word_1_135' title='bbox 3317 769 3574 823; x_wconf 78' lang='lat' dir='ltr'><strong>cominus</strong></span> 
     </span>
    </p>
   </div>
   <div class='ocr_carea' id='block_1_22' title="bbox 1941 858 3575 932">
    <p class='ocr_par' dir='ltr' id='par_1_22' title="bbox 1941 858 3575 932">
     <span class='ocr_line' id='line_1_22' title="bbox 1941 858 3575 932; baseline 0.003 -22"><span class='ocrx_word' id='word_1_136' title='bbox 1941 859 2253 927; x_wconf 89' lang='lat' dir='ltr'><strong>potuerunt</strong></span> <span class='ocrx_word' id='word_1_137' title='bbox 2291 858 2538 913; x_wconf 84' lang='lat' dir='ltr'><strong>latrones</strong></span> <span class='ocrx_word' id='word_1_138' title='bbox 2581 859 2715 930; x_wconf 86' lang='lat' dir='ltr'><strong>pati,</strong></span> <span class='ocrx_word' id='word_1_139' title='bbox 2763 862 2819 912; x_wconf 89' lang='lat' dir='ltr'><strong>et</strong></span> <span class='ocrx_word' id='word_1_140' title='bbox 2857 858 3141 930; x_wconf 79' lang='lat' dir='ltr'><strong>fugientes</strong></span> <span class='ocrx_word' id='word_1_141' title='bbox 3179 860 3250 914; x_wconf 90' lang='lat' dir='ltr'><strong>ab</strong></span> <span class='ocrx_word' id='word_1_142' title='bbox 3286 861 3575 932; x_wconf 82' lang='lat' dir='ltr'><strong>equitibus</strong></span> 
     </span>
    </p>
   </div>
   <div class='ocr_carea' id='block_1_23' title="bbox 1938 950 3571 1025">
    <p class='ocr_par' dir='ltr' id='par_1_23' title="bbox 1938 950 3571 1025">
     <span class='ocr_line' id='line_1_23' title="bbox 1938 950 3571 1025; baseline 0.004 -22"><span class='ocrx_word' id='word_1_143' title='bbox 1938 950 2102 1005; x_wconf 86' lang='lat' dir='ltr'><strong>facile</strong></span> <span class='ocrx_word' id='word_1_144' title='bbox 2132 950 2505 1005; x_wconf 85' lang='lat' dir='ltr'><strong>circumventi</strong></span> <span class='ocrx_word' id='word_1_145' title='bbox 2531 957 2825 1006; x_wconf 86' lang='lat' dir='ltr'><strong>necantur.</strong></span> <span class='ocrx_word' id='word_1_146' title='bbox 2855 952 2995 1007; x_wconf 65' lang='lat' dir='ltr'><strong>Caesi</strong></span> <span class='ocrx_word' id='word_1_147' title='bbox 3029 952 3224 1024; x_wconf 89' lang='lat' dir='ltr'><strong>itaque</strong></span> <span class='ocrx_word' id='word_1_148' title='bbox 3262 970 3435 1025; x_wconf 88' lang='lat' dir='ltr'><strong>supra</strong></span> <span class='ocrx_word' id='word_1_149' title='bbox 3458 955 3571 1010; x_wconf 87' lang='lat' dir='ltr'><strong>duo</strong></span> 
     </span>
    </p>
   </div>
   <div class='ocr_carea' id='block_1_24' title="bbox 1938 1043 3569 1119">
    <p class='ocr_par' dir='ltr' id='par_1_24' title="bbox 1938 1043 3569 1119">
     <span class='ocr_line' id='line_1_24' title="bbox 1938 1043 3569 1119; baseline 0.004 -22"><span class='ocrx_word' id='word_1_150' title='bbox 1938 1043 2138 1112; x_wconf 88' lang='lat' dir='ltr'><strong>millia,</strong></span> <span class='ocrx_word' id='word_1_151' title='bbox 2169 1044 2333 1115; x_wconf 87' lang='lat' dir='ltr'><strong>pauci</strong></span> <span class='ocrx_word' id='word_1_152' title='bbox 2363 1044 2563 1114; x_wconf 71' lang='lat' dir='ltr'><strong>fugati,</strong></span> <span class='ocrx_word' id='word_1_153' title='bbox 2598 1046 2692 1116; x_wconf 90' lang='lat' dir='ltr'><strong>qui</strong></span> <span class='ocrx_word' id='word_1_154' title='bbox 2726 1046 2783 1099; x_wconf 90' lang='lat' dir='ltr'><strong>in</strong></span> <span class='ocrx_word' id='word_1_155' title='bbox 2824 1046 3017 1100; x_wconf 86' lang='lat' dir='ltr'><strong>arduis</strong></span> <span class='ocrx_word' id='word_1_156' title='bbox 3048 1047 3334 1102; x_wconf 89' lang='lat' dir='ltr'><strong>montium</strong></span> <span class='ocrx_word' id='word_1_157' title='bbox 3372 1053 3569 1119; x_wconf 86' lang='lat' dir='ltr'><strong>potue-</strong></span> 
     </span>
    </p>
   </div>
   <div class='ocr_carea' id='block_1_25' title="bbox 1937 1138 3569 1214">
    <p class='ocr_par' dir='ltr' id='par_1_25' title="bbox 1937 1138 3569 1214">
     <span class='ocr_line' id='line_1_25' title="bbox 1937 1138 3569 1214; baseline 0.005 -23"><span class='ocrx_word' id='word_1_158' title='bbox 1937 1140 2075 1191; x_wconf 86' lang='lat' dir='ltr'><strong>runt</strong></span> <span class='ocrx_word' id='word_1_159' title='bbox 2106 1138 2299 1193; x_wconf 85' lang='lat' dir='ltr'><strong>latere.</strong></span> <span class='ocrx_word' id='word_1_160' title='bbox 2332 1140 2398 1194; x_wconf 87' lang='lat' dir='ltr'><strong>Et</strong></span> <span class='ocrx_word' id='word_1_161' title='bbox 2434 1138 2590 1193; x_wconf 89' lang='lat' dir='ltr'><strong>omni</strong></span> <span class='ocrx_word' id='word_1_162' title='bbox 2622 1155 2655 1193; x_wconf 91' lang='lat' dir='ltr'><strong>a</strong></span> <span class='ocrx_word' id='word_1_163' title='bbox 2681 1139 2983 1194; x_wconf 89' lang='lat' dir='ltr'><strong>latrocinio</strong></span> <span class='ocrx_word' id='word_1_164' title='bbox 3023 1141 3259 1211; x_wconf 85' lang='lat' dir='ltr'><strong>regione</strong></span> <span class='ocrx_word' id='word_1_165' title='bbox 3302 1147 3569 1214; x_wconf 87' lang='lat' dir='ltr'><strong>purgata.</strong></span> 
     </span>
    </p>
   </div>
   <div class='ocr_carea' id='block_1_26' title="bbox 1938 1230 3567 1292">
    <p class='ocr_par' dir='ltr' id='par_1_26' title="bbox 1938 1230 3567 1292">
     <span class='ocr_line' id='line_1_26' title="bbox 1938 1230 3567 1292; baseline 0.001 -6"><span class='ocrx_word' id='word_1_166' title='bbox 1938 1230 2125 1286; x_wconf 86' lang='lat' dir='ltr'><strong>Gallus</strong></span> <span class='ocrx_word' id='word_1_167' title='bbox 2167 1231 2225 1286; x_wconf 89' lang='lat' dir='ltr'><strong>in</strong></span> <span class='ocrx_word' id='word_1_168' title='bbox 2266 1234 2579 1288; x_wconf 65' lang='lat' dir='ltr'><strong>Cmsaream</strong></span> <span class='ocrx_word' id='word_1_169' title='bbox 2618 1232 2938 1288; x_wconf 83' lang='lat' dir='ltr'><strong>revertitur.</strong></span> <span class='ocrx_word' id='word_1_170' title='bbox 2977 1234 3193 1290; x_wconf 87' lang='lat' dir='ltr'><strong>Cestius</strong></span> <span class='ocrx_word' id='word_1_171' title='bbox 3241 1252 3372 1290; x_wconf 91' lang='lat' dir='ltr'><strong>cum</strong></span> <span class='ocrx_word' id='word_1_172' title='bbox 3412 1238 3567 1292; x_wconf 88' lang='lat' dir='ltr'><strong>omni</strong></span> 
     </span>
    </p>
   </div>
   <div class='ocr_carea' id='block_1_27' title="bbox 1937 1326 3567 1399">
    <p class='ocr_par' dir='ltr' id='par_1_27' title="bbox 1937 1326 3567 1399">
     <span class='ocr_line' id='line_1_27' title="bbox 1937 1326 3567 1399; baseline 0.004 -20"><span class='ocrx_word' id='word_1_173' title='bbox 1937 1340 2114 1381; x_wconf 90' lang='lat' dir='ltr'><strong>manu</strong></span> <span class='ocrx_word' id='word_1_174' title='bbox 2159 1326 2578 1398; x_wconf 87' lang='lat' dir='ltr'><strong>Antipatridem</strong></span> <span class='ocrx_word' id='word_1_175' title='bbox 2623 1328 2890 1398; x_wconf 89' lang='lat' dir='ltr'><strong>perrexit,</strong></span> <span class='ocrx_word' id='word_1_176' title='bbox 2939 1329 3145 1399; x_wconf 87' lang='lat' dir='ltr'><strong>quibus</strong></span> <span class='ocrx_word' id='word_1_177' title='bbox 3187 1345 3303 1384; x_wconf 92' lang='lat' dir='ltr'><strong>non</strong></span> <span class='ocrx_word' id='word_1_178' title='bbox 3348 1331 3567 1385; x_wconf 87' lang='lat' dir='ltr'><strong>medio-</strong></span> 
     </span>
    </p>
   </div>
   <div class='ocr_carea' id='block_1_28' title="bbox 1936 1419 3567 1496">
    <p class='ocr_par' dir='ltr' id='par_1_28' title="bbox 1936 1419 3567 1496">
     <span class='ocr_line' id='line_1_28' title="bbox 1936 1419 3567 1496; baseline 0.002 -23"><span class='ocrx_word' id='word_1_179' title='bbox 1936 1435 2087 1475; x_wconf 92' lang='lat' dir='ltr'><strong>crem</strong></span> <span class='ocrx_word' id='word_1_180' title='bbox 2116 1419 2295 1475; x_wconf 68' lang='lat' dir='ltr'><strong>Judaei</strong></span> <span class='ocrx_word' id='word_1_181' title='bbox 2321 1425 2725 1476; x_wconf 88' lang='lat' dir='ltr'><strong>coacervarunt</strong></span> <span class='ocrx_word' id='word_1_182' title='bbox 2755 1422 3198 1481; x_wconf 86' lang='lat' dir='ltr'><strong>multitudinem.</strong></span> <span class='ocrx_word' id='word_1_183' title='bbox 3236 1424 3347 1479; x_wconf 90' lang='lat' dir='ltr'><strong>Sed</strong></span> <span class='ocrx_word' id='word_1_184' title='bbox 3384 1424 3567 1496; x_wconf 80' lang='lat' dir='ltr'><strong>prius-</strong></span> 
     </span>
    </p>
   </div>
   <div class='ocr_carea' id='block_1_29' title="bbox 1935 1516 3570 1589">
    <p class='ocr_par' dir='ltr' id='par_1_29' title="bbox 1935 1516 3570 1589">
     <span class='ocr_line' id='line_1_29' title="bbox 1935 1516 3570 1589; baseline 0.001 -22"><span class='ocrx_word' id='word_1_185' title='bbox 1935 1530 2107 1586; x_wconf 87' lang='lat' dir='ltr'><strong>quam</strong></span> <span class='ocrx_word' id='word_1_186' title='bbox 2139 1517 2510 1569; x_wconf 88' lang='lat' dir='ltr'><strong>consererent</strong></span> <span class='ocrx_word' id='word_1_187' title='bbox 2546 1530 2800 1582; x_wconf 88' lang='lat' dir='ltr'><strong>manum,</strong></span> <span class='ocrx_word' id='word_1_188' title='bbox 2832 1532 2936 1585; x_wconf 88' lang='lat' dir='ltr'><strong>per</strong></span> <span class='ocrx_word' id='word_1_189' title='bbox 2972 1516 3197 1572; x_wconf 89' lang='lat' dir='ltr'><strong>diversa</strong></span> <span class='ocrx_word' id='word_1_190' title='bbox 3226 1517 3445 1589; x_wconf 87' lang='lat' dir='ltr'><strong>dilapsi,</strong></span> <span class='ocrx_word' id='word_1_191' title='bbox 3490 1536 3570 1570; x_wconf 70' lang='lat' dir='ltr'><strong>ru-</strong></span> 
     </span>
    </p>
   </div>
   <div class='ocr_carea' id='block_1_30' title="bbox 1938 1607 3564 1682">
    <p class='ocr_par' dir='ltr' id='par_1_30' title="bbox 1938 1607 3564 1682">
     <span class='ocr_line' id='line_1_30' title="bbox 1938 1607 3564 1682; baseline 0.002 -21"><span class='ocrx_word' id='word_1_192' title='bbox 1938 1607 2171 1679; x_wconf 88' lang='lat' dir='ltr'><strong>gionem</strong></span> <span class='ocrx_word' id='word_1_193' title='bbox 2215 1611 2271 1662; x_wconf 93' lang='lat' dir='ltr'><strong>et</strong></span> <span class='ocrx_word' id='word_1_194' title='bbox 2313 1607 2463 1663; x_wconf 90' lang='lat' dir='ltr'><strong>vicos</strong></span> <span class='ocrx_word' id='word_1_195' title='bbox 2503 1607 2812 1680; x_wconf 89' lang='lat' dir='ltr'><strong>direptioni</strong></span> <span class='ocrx_word' id='word_1_196' title='bbox 2856 1612 2913 1663; x_wconf 90' lang='lat' dir='ltr'><strong>et</strong></span> <span class='ocrx_word' id='word_1_197' title='bbox 2953 1610 3073 1681; x_wconf 88' lang='lat' dir='ltr'><strong>igni</strong></span> <span class='ocrx_word' id='word_1_198' title='bbox 3117 1609 3564 1682; x_wconf 87' lang='lat' dir='ltr'><strong>dereliquerunt.</strong></span> 
     </span>
    </p>
   </div>
   <div class='ocr_carea' id='block_1_31' title="bbox 184 1697 3566 1775">
    <p class='ocr_par' dir='ltr' id='par_1_31' title="bbox 184 1697 3566 1775">
     <span class='ocr_line' id='line_1_31' title="bbox 184 1697 3566 1775; baseline 0.002 -23"><span class='ocrx_word' id='word_1_199' title='bbox 184 1697 481 1769; x_wconf 87' lang='lat' dir='ltr'><strong>tuaginta.</strong></span> <span class='ocrx_word' id='word_1_200' title='bbox 527 1697 676 1752; x_wconf 86' lang='lat' dir='ltr'><strong>Sane</strong></span> <span class='ocrx_word' id='word_1_201' title='bbox 729 1699 878 1769; x_wconf 89' lang='lat' dir='ltr'><strong>apud</strong></span> <span class='ocrx_word' id='word_1_202' title='bbox 916 1699 1231 1775; x_wconf 89' lang='lat' dir='ltr'><strong>plerosque</strong></span> <span class='ocrx_word' id='word_1_203' title='bbox 1290 1715 1488 1753; x_wconf 88' lang='lat' dir='ltr'><strong>eorum</strong></span> <span class='ocrx_word' id='word_1_204' title='bbox 1543 1698 1836 1770; x_wconf 85' lang='lat' dir='ltr'><strong>dignitatis</strong></span> <span class='ocrx_word' id='word_1_205' title='bbox 1856 1770 1897 1775; x_wconf 76' lang='lat'><strong>__</strong></span> <span class='ocrx_word' id='word_1_206' title='bbox 1936 1701 2111 1756; x_wconf 86' lang='lat' dir='ltr'><strong>Lidda</strong></span> <span class='ocrx_word' id='word_1_207' title='bbox 2142 1718 2369 1774; x_wconf 90' lang='lat' dir='ltr'><strong>quoque</strong></span> <span class='ocrx_word' id='word_1_208' title='bbox 2396 1718 2569 1756; x_wconf 88' lang='lat' dir='ltr'><strong>vacua</strong></span> <span class='ocrx_word' id='word_1_209' title='bbox 2600 1702 2916 1758; x_wconf 88' lang='lat' dir='ltr'><strong>incolarum</strong></span> <span class='ocrx_word' id='word_1_210' title='bbox 2952 1709 3200 1775; x_wconf 88' lang='lat' dir='ltr'><strong>reperta,</strong></span> <span class='ocrx_word' id='word_1_211' title='bbox 3243 1708 3302 1759; x_wconf 91' lang='lat' dir='ltr'><strong>et</strong></span> <span class='ocrx_word' id='word_1_212' title='bbox 3340 1705 3566 1761; x_wconf 86' lang='lat' dir='ltr'><strong>incensa</strong></span> 
     </span>
    </p>
   </div>
   <div class='ocr_carea' id='block_1_32' title="bbox 184 1770 3567 1870">
    <p class='ocr_par' dir='ltr' id='par_1_32' title="bbox 184 1770 3567 1870">
     <span class='ocr_line' id='line_1_32' title="bbox 184 1770 3567 1870; baseline 0.002 -24"><span class='ocrx_word' id='word_1_213' title='bbox 184 1793 313 1847; x_wconf 90' lang='lat' dir='ltr'><strong>sola</strong></span> <span class='ocrx_word' id='word_1_214' title='bbox 339 1792 583 1861; x_wconf 86' lang='lat' dir='ltr'><strong>functio,</strong></span> <span class='ocrx_word' id='word_1_215' title='bbox 616 1808 791 1864; x_wconf 89' lang='lat' dir='ltr'><strong>penes</strong></span> <span class='ocrx_word' id='word_1_216' title='bbox 822 1774 1032 1864; x_wconf 84' lang='lat' dir='ltr'><strong>paucos</strong></span> <span class='ocrx_word' id='word_1_217' title='bbox 1060 1793 1231 1848; x_wconf 89' lang='lat' dir='ltr'><strong>etiam</strong></span> <span class='ocrx_word' id='word_1_218' title='bbox 1254 1793 1350 1863; x_wconf 89' lang='lat' dir='ltr'><strong>jus</strong></span> <span class='ocrx_word' id='word_1_219' title='bbox 1379 1793 1671 1863; x_wconf 87' lang='lat' dir='ltr'><strong>potestatis</strong></span> <span class='ocrx_word' id='word_1_220' title='bbox 1705 1793 1830 1848; x_wconf 81' lang='lat' dir='ltr'><strong>fuit.</strong></span> <span class='ocrx_word' id='word_1_221' title='bbox 1854 1770 1911 1841; x_wconf 81' lang='grc' dir='ltr'><strong>Β</strong></span> <span class='ocrx_word' id='word_1_222' title='bbox 1935 1770 2322 1868; x_wconf 41' lang='lat' dir='ltr'><strong>Gabaon&#39;qute</strong></span> <span class='ocrx_word' id='word_1_223' title='bbox 2362 1796 2432 1851; x_wconf 90' lang='lat' dir='ltr'><strong>ab</strong></span> <span class='ocrx_word' id='word_1_224' title='bbox 2474 1796 2880 1869; x_wconf 86' lang='lat' dir='ltr'><strong>Hierosolymis</strong></span> <span class='ocrx_word' id='word_1_225' title='bbox 2918 1770 3331 1870; x_wconf 78' lang='lat' dir='ltr'><strong>quinquaginta</strong></span> <span class='ocrx_word' id='word_1_226' title='bbox 3371 1800 3567 1855; x_wconf 89' lang='lat' dir='ltr'><strong>stadiis</strong></span> 
     </span>
    </p>
   </div>
   <div class='ocr_carea' id='block_1_33' title="bbox 182 1886 1833 1959">
    <p class='ocr_par' dir='ltr' id='par_1_33' title="bbox 182 1886 1833 1959">
     <span class='ocr_line' id='line_1_33' title="bbox 182 1886 1833 1959; baseline 0 -17"><span class='ocrx_word' id='word_1_227' title='bbox 182 1887 399 1958; x_wconf 87' lang='lat' dir='ltr'><strong>Liquet</strong></span> <span class='ocrx_word' id='word_1_228' title='bbox 429 1886 607 1959; x_wconf 87' lang='lat' dir='ltr'><strong>igitur</strong></span> <span class='ocrx_word' id='word_1_229' title='bbox 632 1886 688 1941; x_wconf 92' lang='lat' dir='ltr'><strong>in</strong></span> <span class='ocrx_word' id='word_1_230' title='bbox 721 1887 1102 1942; x_wconf 89' lang='lat' dir='ltr'><strong>sacerdotium</strong></span> <span class='ocrx_word' id='word_1_231' title='bbox 1128 1887 1480 1959; x_wconf 89' lang='lat' dir='ltr'><strong>principibus</strong></span> <span class='ocrx_word' id='word_1_232' title='bbox 1507 1903 1622 1942; x_wconf 91' lang='lat' dir='ltr'><strong>non</strong></span> <span class='ocrx_word' id='word_1_233' title='bbox 1650 1903 1833 1958; x_wconf 88' lang='lat' dir='ltr'><strong>perse-</strong></span> 
     </span>
    </p>
   </div>
   <div class='ocr_carea' id='block_1_34' title="bbox 182 1980 1830 2052">
    <p class='ocr_par' dir='ltr' id='par_1_34' title="bbox 182 1980 1830 2052">
     <span class='ocr_line' id='line_1_34' title="bbox 182 1980 1830 2052; baseline 0.001 -18"><span class='ocrx_word' id='word_1_234' title='bbox 182 1996 422 2035; x_wconf 87' lang='lat' dir='ltr'><strong>verasse</strong></span> <span class='ocrx_word' id='word_1_235' title='bbox 475 1980 720 2052; x_wconf 90' lang='lat' dir='ltr'><strong>legitimi</strong></span> <span class='ocrx_word' id='word_1_236' title='bbox 767 1981 993 2052; x_wconf 90' lang='lat' dir='ltr'><strong>generis</strong></span> <span class='ocrx_word' id='word_1_237' title='bbox 1035 1982 1481 2051; x_wconf 82' lang='lat' dir='ltr'><strong>successionem;</strong></span> <span class='ocrx_word' id='word_1_238' title='bbox 1538 1980 1673 2052; x_wconf 89' lang='lat' dir='ltr'><strong>quia</strong></span> <span class='ocrx_word' id='word_1_239' title='bbox 1716 1998 1830 2036; x_wconf 90' lang='lat' dir='ltr'><strong>non</strong></span> 
     </span>
    </p>
   </div>
   <div class='ocr_carea' id='block_1_35' title="bbox 182 2075 1831 2146">
    <p class='ocr_par' dir='ltr' id='par_1_35' title="bbox 182 2075 1831 2146">
     <span class='ocr_line' id='line_1_35' title="bbox 182 2075 1831 2146; baseline 0.001 -17"><span class='ocrx_word' id='word_1_240' title='bbox 182 2092 397 2130; x_wconf 87' lang='lat' dir='ltr'><strong>omnes</strong></span> <span class='ocrx_word' id='word_1_241' title='bbox 428 2092 494 2129; x_wconf 92' lang='lat' dir='ltr'><strong>ex</strong></span> <span class='ocrx_word' id='word_1_242' title='bbox 528 2078 719 2130; x_wconf 86' lang='lat' dir='ltr'><strong>Aaron</strong></span> <span class='ocrx_word' id='word_1_243' title='bbox 751 2091 936 2146; x_wconf 90' lang='lat' dir='ltr'><strong>neque</strong></span> <span class='ocrx_word' id='word_1_244' title='bbox 975 2075 1105 2129; x_wconf 84' lang='lat' dir='ltr'><strong>ﬁliis</strong></span> <span class='ocrx_word' id='word_1_245' title='bbox 1135 2075 1279 2146; x_wconf 88' lang='lat' dir='ltr'><strong>ejus,</strong></span> <span class='ocrx_word' id='word_1_246' title='bbox 1316 2075 1416 2146; x_wconf 89' lang='lat' dir='ltr'><strong>qui</strong></span> <span class='ocrx_word' id='word_1_247' title='bbox 1445 2075 1506 2129; x_wconf 89' lang='lat' dir='ltr'><strong>in</strong></span> <span class='ocrx_word' id='word_1_248' title='bbox 1544 2076 1667 2146; x_wconf 87' lang='lat' dir='ltr'><strong>ejus</strong></span> <span class='ocrx_word' id='word_1_249' title='bbox 1704 2076 1831 2130; x_wconf 89' lang='lat' dir='ltr'><strong>sub-</strong></span> 
     </span>
    </p>
   </div>
   <div class='ocr_carea' id='block_1_36' title="bbox 182 2169 1828 2240">
    <p class='ocr_par' dir='ltr' id='par_1_36' title="bbox 182 2169 1828 2240">
     <span class='ocr_line' id='line_1_36' title="bbox 182 2169 1828 2240; baseline 0.001 -17"><span class='ocrx_word' id='word_1_250' title='bbox 182 2169 381 2240; x_wconf 87' lang='lat' dir='ltr'><strong>rogati</strong></span> <span class='ocrx_word' id='word_1_251' title='bbox 413 2170 625 2235; x_wconf 92' lang='lat' dir='ltr'><strong>locum,</strong></span> <span class='ocrx_word' id='word_1_252' title='bbox 656 2169 902 2224; x_wconf 88' lang='lat' dir='ltr'><strong>formam</strong></span> <span class='ocrx_word' id='word_1_253' title='bbox 935 2169 1274 2240; x_wconf 64' lang='lat' dir='ltr'><strong>prasscriptaa</strong></span> <span class='ocrx_word' id='word_1_254' title='bbox 1314 2169 1682 2225; x_wconf 87' lang='lat' dir='ltr'><strong>successionis</strong></span> <span class='ocrx_word' id='word_1_255' title='bbox 1717 2186 1828 2225; x_wconf 70' lang='lat' dir='ltr'><strong>ca:-</strong></span> 
     </span>
    </p>
   </div>
   <div class='ocr_carea' id='block_1_37' title="bbox 182 2262 1829 2335">
    <p class='ocr_par' dir='ltr' id='par_1_37' title="bbox 182 2262 1829 2335">
     <span class='ocr_line' id='line_1_37' title="bbox 182 2262 1829 2335; baseline 0.001 -18"><span class='ocrx_word' id='word_1_256' title='bbox 182 2263 326 2318; x_wconf 88' lang='lat' dir='ltr'><strong>teris</strong></span> <span class='ocrx_word' id='word_1_257' title='bbox 356 2263 734 2335; x_wconf 88' lang='lat' dir='ltr'><strong>dereliquere.</strong></span> <span class='ocrx_word' id='word_1_258' title='bbox 766 2264 961 2334; x_wconf 89' lang='lat' dir='ltr'><strong>Itaque</strong></span> <span class='ocrx_word' id='word_1_259' title='bbox 1003 2279 1131 2318; x_wconf 90' lang='lat' dir='ltr'><strong>cum</strong></span> <span class='ocrx_word' id='word_1_260' title='bbox 1175 2262 1410 2318; x_wconf 88' lang='lat' dir='ltr'><strong>avaritia</strong></span> <span class='ocrx_word' id='word_1_261' title='bbox 1453 2270 1550 2318; x_wconf 85' lang='lat' dir='ltr'><strong>aut</strong></span> <span class='ocrx_word' id='word_1_262' title='bbox 1589 2263 1829 2335; x_wconf 85' lang='lat' dir='ltr'><strong>perﬁdia</strong></span> 
     </span>
    </p>
   </div>
   <div class='ocr_carea' id='block_1_38' title="bbox 178 2357 1830 2429">
    <p class='ocr_par' dir='ltr' id='par_1_38' title="bbox 178 2357 1830 2429">
     <span class='ocr_line' id='line_1_38' title="bbox 178 2357 1830 2429; baseline 0.001 -16"><span class='ocrx_word' id='word_1_263' title='bbox 178 2374 431 2413; x_wconf 86' lang='lat' dir='ltr'><strong>suorum</strong></span> <span class='ocrx_word' id='word_1_264' title='bbox 470 2363 734 2429; x_wconf 85' lang='lat' dir='ltr'><strong>corrupta</strong></span> <span class='ocrx_word' id='word_1_265' title='bbox 767 2362 951 2413; x_wconf 87' lang='lat' dir='ltr'><strong>essent</strong></span> <span class='ocrx_word' id='word_1_266' title='bbox 982 2357 1266 2428; x_wconf 85' lang='lat' dir='ltr'><strong>majorum</strong></span> <span class='ocrx_word' id='word_1_267' title='bbox 1306 2357 1583 2427; x_wconf 91' lang='lat' dir='ltr'><strong>instituta,</strong></span> <span class='ocrx_word' id='word_1_268' title='bbox 1624 2358 1830 2414; x_wconf 86' lang='lat' dir='ltr'><strong>violata</strong></span> 
     </span>
    </p>
   </div>
   <div class='ocr_carea' id='block_1_39' title="bbox 172 2450 1826 2523">
    <p class='ocr_par' dir='ltr' id='par_1_39' title="bbox 172 2450 1826 2523">
     <span class='ocr_line' id='line_1_39' title="bbox 172 2450 1826 2523; baseline 0.001 -17"><span class='ocrx_word' id='word_1_269' title='bbox 172 2453 319 2523; x_wconf 83' lang='lat' dir='ltr'><strong>jura</strong></span> <span class='ocrx_word' id='word_1_270' title='bbox 369 2450 680 2522; x_wconf 88' lang='lat' dir='ltr'><strong>religionis,</strong></span> <span class='ocrx_word' id='word_1_271' title='bbox 725 2452 992 2506; x_wconf 89' lang='lat' dir='ltr'><strong>convulsa</strong></span> <span class='ocrx_word' id='word_1_272' title='bbox 1037 2452 1316 2523; x_wconf 73' lang='lat' dir='ltr'><strong>mquitatis</strong></span> <span class='ocrx_word' id='word_1_273' title='bbox 1368 2452 1665 2523; x_wconf 66' lang='lat' dir='ltr'><strong>praesidia;</strong></span> <span class='ocrx_word' id='word_1_274' title='bbox 1713 2469 1826 2507; x_wconf 92' lang='lat' dir='ltr'><strong>non</strong></span> 
     </span>
    </p>
   </div>
   <div class='ocr_carea' id='block_1_40' title="bbox 180 2545 1826 2619">
    <p class='ocr_par' dir='ltr' id='par_1_40' title="bbox 180 2545 1826 2619">
     <span class='ocr_line' id='line_1_40' title="bbox 180 2545 1826 2619; baseline 0.001 -19"><span class='ocrx_word' id='word_1_275' title='bbox 180 2545 481 2600; x_wconf 87' lang='lat' dir='ltr'><strong>immerito</strong></span> <span class='ocrx_word' id='word_1_276' title='bbox 509 2562 605 2600; x_wconf 90' lang='lat' dir='ltr'><strong>eos</strong></span> <span class='ocrx_word' id='word_1_277' title='bbox 640 2545 831 2600; x_wconf 88' lang='lat' dir='ltr'><strong>divina</strong></span> <span class='ocrx_word' id='word_1_278' title='bbox 857 2545 1106 2601; x_wconf 88' lang='lat' dir='ltr'><strong>deseruit</strong></span> <span class='ocrx_word' id='word_1_279' title='bbox 1135 2545 1457 2617; x_wconf 91' lang='lat' dir='ltr'><strong>opitulatio,</strong></span> <span class='ocrx_word' id='word_1_280' title='bbox 1486 2562 1669 2619; x_wconf 91' lang='lat' dir='ltr'><strong>eoque</strong></span> <span class='ocrx_word' id='word_1_281' title='bbox 1700 2550 1826 2601; x_wconf 90' lang='lat' dir='ltr'><strong>tan-</strong></span> 
     </span>
    </p>
   </div>
   <div class='ocr_carea' id='block_1_41' title="bbox 181 2640 1827 2712">
    <p class='ocr_par' dir='ltr' id='par_1_41' title="bbox 181 2640 1827 2712">
     <span class='ocr_line' id='line_1_41' title="bbox 181 2640 1827 2712; baseline 0.001 -18"><span class='ocrx_word' id='word_1_282' title='bbox 181 2657 367 2712; x_wconf 89' lang='lat' dir='ltr'><strong>quam</strong></span> <span class='ocrx_word' id='word_1_283' title='bbox 398 2640 457 2694; x_wconf 92' lang='lat' dir='ltr'><strong>in</strong></span> <span class='ocrx_word' id='word_1_284' title='bbox 485 2656 723 2695; x_wconf 89' lang='lat' dir='ltr'><strong>vacuum</strong></span> <span class='ocrx_word' id='word_1_285' title='bbox 749 2641 1027 2711; x_wconf 88' lang='lat' dir='ltr'><strong>populum</strong></span> <span class='ocrx_word' id='word_1_286' title='bbox 1054 2640 1213 2695; x_wconf 91' lang='lat' dir='ltr'><strong>omni</strong></span> <span class='ocrx_word' id='word_1_287' title='bbox 1248 2640 1587 2710; x_wconf 89' lang='lat' dir='ltr'><strong>injuriarum</strong></span> <span class='ocrx_word' id='word_1_288' title='bbox 1616 2656 1827 2712; x_wconf 87' lang='lat' dir='ltr'><strong>genere</strong></span> 
     </span>
    </p>
   </div>
   <div class='ocr_carea' id='block_1_42' title="bbox 183 2734 1827 2805">
    <p class='ocr_par' dir='ltr' id='par_1_42' title="bbox 183 2734 1827 2805">
     <span class='ocr_line' id='line_1_42' title="bbox 183 2734 1827 2805; baseline 0.001 -18"><span class='ocrx_word' id='word_1_289' title='bbox 183 2750 543 2805; x_wconf 87' lang='lat' dir='ltr'><strong>processum,</strong></span> <span class='ocrx_word' id='word_1_290' title='bbox 593 2737 657 2787; x_wconf 89' lang='lat' dir='ltr'><strong>ut</strong></span> <span class='ocrx_word' id='word_1_291' title='bbox 707 2734 1080 2789; x_wconf 87' lang='lat' dir='ltr'><strong>seditionibus</strong></span> <span class='ocrx_word' id='word_1_292' title='bbox 1133 2734 1455 2789; x_wconf 90' lang='lat' dir='ltr'><strong>domesticis</strong></span> <span class='ocrx_word' id='word_1_293' title='bbox 1508 2734 1565 2788; x_wconf 90' lang='lat' dir='ltr'><strong>in</strong></span> <span class='ocrx_word' id='word_1_294' title='bbox 1614 2735 1827 2805; x_wconf 88' lang='lat' dir='ltr'><strong>seipsos</strong></span> 
     </span>
    </p>
   </div>
   <div class='ocr_carea' id='block_1_43' title="bbox 182 2828 1822 2901">
    <p class='ocr_par' dir='ltr' id='par_1_43' title="bbox 182 2828 1822 2901">
     <span class='ocr_line' id='line_1_43' title="bbox 182 2828 1822 2901; baseline 0 -18"><span class='ocrx_word' id='word_1_295' title='bbox 182 2845 399 2883; x_wconf 87' lang='lat' dir='ltr'><strong>manus</strong></span> <span class='ocrx_word' id='word_1_296' title='bbox 447 2832 763 2897; x_wconf 87' lang='lat' dir='ltr'><strong>verterent,</strong></span> <span class='ocrx_word' id='word_1_297' title='bbox 818 2828 1128 2883; x_wconf 89' lang='lat' dir='ltr'><strong>latrociniis</strong></span> <span class='ocrx_word' id='word_1_298' title='bbox 1173 2828 1434 2901; x_wconf 85' lang='lat' dir='ltr'><strong>gravibus</strong></span> <span class='ocrx_word' id='word_1_299' title='bbox 1477 2828 1822 2884; x_wconf 75' lang='lat' dir='ltr'><strong>afflictaren-</strong></span> 
     </span>
    </p>
   </div>
   <div class='ocr_carea' id='block_1_44' title="bbox 181 2921 1825 2993">
    <p class='ocr_par' dir='ltr' id='par_1_44' title="bbox 181 2921 1825 2993">
     <span class='ocr_line' id='line_1_44' title="bbox 181 2921 1825 2993; baseline 0.001 -18"><span class='ocrx_word' id='word_1_300' title='bbox 181 2927 306 2991; x_wconf 89' lang='lat' dir='ltr'><strong>tur,</strong></span> <span class='ocrx_word' id='word_1_301' title='bbox 352 2926 409 2976; x_wconf 91' lang='lat' dir='ltr'><strong>et</strong></span> <span class='ocrx_word' id='word_1_302' title='bbox 440 2922 762 2976; x_wconf 88' lang='lat' dir='ltr'><strong>teterrimos</strong></span> <span class='ocrx_word' id='word_1_303' title='bbox 794 2921 1139 2977; x_wconf 84' lang='lat' dir='ltr'><strong>sortirentur</strong></span> <span class='ocrx_word' id='word_1_304' title='bbox 1165 2921 1409 2993; x_wconf 90' lang='lat' dir='ltr'><strong>judices,</strong></span> <span class='ocrx_word' id='word_1_305' title='bbox 1452 2925 1513 2976; x_wconf 92' lang='lat' dir='ltr'><strong>ut</strong></span> <span class='ocrx_word' id='word_1_306' title='bbox 1552 2922 1825 2993; x_wconf 88' lang='lat' dir='ltr'><strong>improbis</strong></span> 
     </span>
    </p>
   </div>
   <div class='ocr_carea' id='block_1_45' title="bbox 180 3014 1822 3088">
    <p class='ocr_par' dir='ltr' id='par_1_45' title="bbox 180 3014 1822 3088">
     <span class='ocr_line' id='line_1_45' title="bbox 180 3014 1822 3088; baseline -0.001 -17"><span class='ocrx_word' id='word_1_307' title='bbox 180 3016 498 3088; x_wconf 87' lang='lat' dir='ltr'><strong>nequiores</strong></span> <span class='ocrx_word' id='word_1_308' title='bbox 540 3014 915 3070; x_wconf 86' lang='lat' dir='ltr'><strong>succederent</strong></span> <span class='ocrx_word' id='word_1_309' title='bbox 954 3039 963 3069; x_wconf 87' lang='lat'>:</span> <span class='ocrx_word' id='word_1_310' title='bbox 1008 3016 1256 3087; x_wconf 90' lang='lat' dir='ltr'><strong>denique</strong></span> <span class='ocrx_word' id='word_1_311' title='bbox 1302 3015 1538 3070; x_wconf 87' lang='lat' dir='ltr'><strong>Albinus</strong></span> <span class='ocrx_word' id='word_1_312' title='bbox 1579 3016 1822 3071; x_wconf 86' lang='lat' dir='ltr'><strong>deterri-</strong></span> 
     </span>
    </p>
   </div>
   <div class='ocr_carea' id='block_1_46' title="bbox 1933 1889 3565 1964">
    <p class='ocr_par' dir='ltr' id='par_1_46' title="bbox 1933 1889 3565 1964">
     <span class='ocr_line' id='line_1_46' title="bbox 1933 1889 3565 1964; baseline 0.004 -20"><span class='ocrx_word' id='word_1_313' title='bbox 1933 1889 2162 1957; x_wconf 89' lang='lat' dir='ltr'><strong>aberat,</strong></span> <span class='ocrx_word' id='word_1_314' title='bbox 2212 1890 2308 1944; x_wconf 89' lang='lat' dir='ltr'><strong>ubi</strong></span> <span class='ocrx_word' id='word_1_315' title='bbox 2352 1891 2671 1945; x_wconf 86' lang='lat' dir='ltr'><strong>Romanum</strong></span> <span class='ocrx_word' id='word_1_316' title='bbox 2718 1891 3030 1946; x_wconf 90' lang='lat' dir='ltr'><strong>exercitum</strong></span> <span class='ocrx_word' id='word_1_317' title='bbox 3072 1894 3291 1964; x_wconf 89' lang='lat' dir='ltr'><strong>accepit</strong></span> <span class='ocrx_word' id='word_1_318' title='bbox 3333 1895 3392 1949; x_wconf 91' lang='lat' dir='ltr'><strong>in</strong></span> <span class='ocrx_word' id='word_1_319' title='bbox 3437 1910 3565 1951; x_wconf 88' lang='lat' dir='ltr'><strong>cou-</strong></span> 
     </span>
    </p>
   </div>
   <div class='ocr_carea' id='block_1_47' title="bbox 1932 1984 3566 2058">
    <p class='ocr_par' dir='ltr' id='par_1_47' title="bbox 1932 1984 3566 2058">
     <span class='ocr_line' id='line_1_47' title="bbox 1932 1984 3566 2058; baseline 0.003 -19"><span class='ocrx_word' id='word_1_320' title='bbox 1932 1988 2131 2057; x_wconf 91' lang='lat' dir='ltr'><strong>spectu</strong></span> <span class='ocrx_word' id='word_1_321' title='bbox 2170 1985 2372 2056; x_wconf 90' lang='lat' dir='ltr'><strong>posita,</strong></span> <span class='ocrx_word' id='word_1_322' title='bbox 2402 1984 2643 2039; x_wconf 86' lang='lat' dir='ltr'><strong>armavit</strong></span> <span class='ocrx_word' id='word_1_323' title='bbox 2672 1984 2918 2041; x_wconf 81' lang='lat' dir='ltr'><strong>Judaeos.</strong></span> <span class='ocrx_word' id='word_1_324' title='bbox 2950 1986 3059 2050; x_wconf 88' lang='lat' dir='ltr'><strong>Qui</strong></span> <span class='ocrx_word' id='word_1_325' title='bbox 3085 1987 3411 2058; x_wconf 89' lang='lat' dir='ltr'><strong>posthabita</strong></span> <span class='ocrx_word' id='word_1_326' title='bbox 3445 1990 3566 2043; x_wconf 84' lang='lat' dir='ltr'><strong>sab-</strong></span> 
     </span>
    </p>
   </div>
   <div class='ocr_carea' id='block_1_48' title="bbox 1930 2078 3564 2150">
    <p class='ocr_par' dir='ltr' id='par_1_48' title="bbox 1930 2078 3564 2150">
     <span class='ocr_line' id='line_1_48' title="bbox 1930 2078 3564 2150; baseline 0.002 -19"><span class='ocrx_word' id='word_1_327' title='bbox 1930 2078 2046 2132; x_wconf 88' lang='lat' dir='ltr'><strong>bati</strong></span> <span class='ocrx_word' id='word_1_328' title='bbox 2080 2078 2408 2133; x_wconf 90' lang='lat' dir='ltr'><strong>celebritate</strong></span> <span class='ocrx_word' id='word_1_329' title='bbox 2429 2078 2605 2150; x_wconf 92' lang='lat' dir='ltr'><strong>(quod</strong></span> <span class='ocrx_word' id='word_1_330' title='bbox 2644 2079 2814 2133; x_wconf 88' lang='lat' dir='ltr'><strong>veteri</strong></span> <span class='ocrx_word' id='word_1_331' title='bbox 2858 2079 3013 2134; x_wconf 91' lang='lat' dir='ltr'><strong>cultu</strong></span> <span class='ocrx_word' id='word_1_332' title='bbox 3037 2085 3093 2134; x_wconf 88' lang='lat' dir='ltr'><strong>et</strong></span> <span class='ocrx_word' id='word_1_333' title='bbox 3115 2081 3356 2136; x_wconf 90' lang='lat' dir='ltr'><strong>solemni</strong></span> <span class='ocrx_word' id='word_1_334' title='bbox 3381 2082 3564 2137; x_wconf 88' lang='lat' dir='ltr'><strong>obser-</strong></span> 
     </span>
    </p>
   </div>
   <div class='ocr_carea' id='block_1_49' title="bbox 1930 2171 3562 2246">
    <p class='ocr_par' dir='ltr' id='par_1_49' title="bbox 1930 2171 3562 2246">
     <span class='ocr_line' id='line_1_49' title="bbox 1930 2171 3562 2246; baseline 0.004 -21"><span class='ocrx_word' id='word_1_335' title='bbox 1930 2172 2154 2227; x_wconf 91' lang='lat' dir='ltr'><strong>vatione</strong></span> <span class='ocrx_word' id='word_1_336' title='bbox 2184 2171 2510 2242; x_wconf 89' lang='lat' dir='ltr'><strong>iuitiabant)</strong></span> <span class='ocrx_word' id='word_1_337' title='bbox 2537 2177 2694 2227; x_wconf 88' lang='lat' dir='ltr'><strong>tanto</strong></span> <span class='ocrx_word' id='word_1_338' title='bbox 2734 2172 2955 2243; x_wconf 88' lang='lat' dir='ltr'><strong>impetu</strong></span> <span class='ocrx_word' id='word_1_339' title='bbox 2980 2172 3040 2227; x_wconf 91' lang='lat' dir='ltr'><strong>in</strong></span> <span class='ocrx_word' id='word_1_340' title='bbox 3070 2175 3351 2230; x_wconf 82' lang='lat' dir='ltr'><strong>Romanos</strong></span> <span class='ocrx_word' id='word_1_341' title='bbox 3381 2178 3562 2246; x_wconf 84' lang='lat' dir='ltr'><strong>prosi-</strong></span> 
     </span>
    </p>
   </div>
   <div class='ocr_carea' id='block_1_50' title="bbox 1930 2266 3563 2341">
    <p class='ocr_par' dir='ltr' id='par_1_50' title="bbox 1930 2266 3563 2341">
     <span class='ocr_line' id='line_1_50' title="bbox 1930 2266 3563 2341; baseline 0.001 -21"><span class='ocrx_word' id='word_1_342' title='bbox 1930 2266 2109 2333; x_wconf 89' lang='lat' dir='ltr'><strong>luere,</strong></span> <span class='ocrx_word' id='word_1_343' title='bbox 2140 2271 2201 2321; x_wconf 92' lang='lat' dir='ltr'><strong>ut</strong></span> <span class='ocrx_word' id='word_1_344' title='bbox 2228 2282 2462 2321; x_wconf 89' lang='lat' dir='ltr'><strong>omnem</strong></span> <span class='ocrx_word' id='word_1_345' title='bbox 2491 2266 2801 2321; x_wconf 87' lang='lat' dir='ltr'><strong>exercitum</strong></span> <span class='ocrx_word' id='word_1_346' title='bbox 2829 2271 3167 2335; x_wconf 87' lang='lat' dir='ltr'><strong>averterent,</strong></span> <span class='ocrx_word' id='word_1_347' title='bbox 3204 2269 3316 2323; x_wconf 90' lang='lat' dir='ltr'><strong>nisi</strong></span> <span class='ocrx_word' id='word_1_348' title='bbox 3346 2270 3563 2341; x_wconf 81' lang='lat' dir='ltr'><strong>equites</strong></span> 
     </span>
    </p>
   </div>
   <div class='ocr_carea' id='block_1_51' title="bbox 1930 2359 3559 2430">
    <p class='ocr_par' dir='ltr' id='par_1_51' title="bbox 1930 2359 3559 2430">
     <span class='ocr_line' id='line_1_51' title="bbox 1930 2359 3559 2430; baseline 0.002 -17"><span class='ocrx_word' id='word_1_349' title='bbox 1930 2359 2324 2414; x_wconf 88' lang='lat' dir='ltr'><strong>subvenissent</strong></span> <span class='ocrx_word' id='word_1_350' title='bbox 2350 2359 2635 2430; x_wconf 89' lang='lat' dir='ltr'><strong>peditibus</strong></span> <span class='ocrx_word' id='word_1_351' title='bbox 2660 2360 3067 2415; x_wconf 87' lang='lat' dir='ltr'><strong>laborantibus.</strong></span> <span class='ocrx_word' id='word_1_352' title='bbox 3101 2362 3240 2416; x_wconf 70' lang='lat' dir='ltr'><strong>Caesi</strong></span> <span class='ocrx_word' id='word_1_353' title='bbox 3273 2363 3559 2418; x_wconf 86' lang='lat' dir='ltr'><strong>Romano-</strong></span> 
     </span>
    </p>
   </div>
   <div class='ocr_carea' id='block_1_52' title="bbox 1928 2453 3562 2528">
    <p class='ocr_par' dir='ltr' id='par_1_52' title="bbox 1928 2453 3562 2528">
     <span class='ocr_line' id='line_1_52' title="bbox 1928 2453 3562 2528; baseline 0.002 -21"><span class='ocrx_word' id='word_1_354' title='bbox 1928 2469 2057 2508; x_wconf 90' lang='lat' dir='ltr'><strong>rum</strong></span> <span class='ocrx_word' id='word_1_355' title='bbox 2083 2453 2389 2524; x_wconf 92' lang='lat' dir='ltr'><strong>quingenti</strong></span> <span class='ocrx_word' id='word_1_356' title='bbox 2419 2456 2479 2507; x_wconf 92' lang='lat' dir='ltr'><strong>et</strong></span> <span class='ocrx_word' id='word_1_357' title='bbox 2506 2453 2832 2524; x_wconf 89' lang='lat' dir='ltr'><strong>quindecim</strong></span> <span class='ocrx_word' id='word_1_358' title='bbox 2858 2454 2985 2524; x_wconf 91' lang='lat' dir='ltr'><strong>viri,</strong></span> <span class='ocrx_word' id='word_1_359' title='bbox 3015 2454 3113 2509; x_wconf 91' lang='lat' dir='ltr'><strong>sed</strong></span> <span class='ocrx_word' id='word_1_360' title='bbox 3146 2471 3352 2511; x_wconf 88' lang='lat' dir='ltr'><strong>omnes</strong></span> <span class='ocrx_word' id='word_1_361' title='bbox 3382 2458 3562 2528; x_wconf 49' lang='lat' dir='ltr'><strong>gravi-</strong></span> 
     </span>
    </p>
   </div>
   <div class='ocr_carea' id='block_1_53' title="bbox 1929 2546 3561 2620">
    <p class='ocr_par' dir='ltr' id='par_1_53' title="bbox 1929 2546 3561 2620">
     <span class='ocr_line' id='line_1_53' title="bbox 1929 2546 3561 2620; baseline 0.002 -19"><span class='ocrx_word' id='word_1_362' title='bbox 1929 2552 2015 2601; x_wconf 92' lang='lat' dir='ltr'><strong>ter</strong></span> <span class='ocrx_word' id='word_1_363' title='bbox 2040 2547 2341 2618; x_wconf 90' lang='lat' dir='ltr'><strong>periclitati</strong></span> <span class='ocrx_word' id='word_1_364' title='bbox 2366 2565 2377 2600; x_wconf 92' lang='lat'><strong>:</strong></span> <span class='ocrx_word' id='word_1_365' title='bbox 2405 2547 2477 2601; x_wconf 88' lang='lat' dir='ltr'><strong>de</strong></span> <span class='ocrx_word' id='word_1_366' title='bbox 2503 2546 2712 2601; x_wconf 67' lang='lat' dir='ltr'><strong>Iudaeis</strong></span> <span class='ocrx_word' id='word_1_367' title='bbox 2736 2552 2927 2602; x_wconf 88' lang='lat' dir='ltr'><strong>autem</strong></span> <span class='ocrx_word' id='word_1_368' title='bbox 2956 2548 3070 2602; x_wconf 92' lang='lat' dir='ltr'><strong>duo</strong></span> <span class='ocrx_word' id='word_1_369' title='bbox 3102 2552 3159 2602; x_wconf 92' lang='lat' dir='ltr'><strong>et</strong></span> <span class='ocrx_word' id='word_1_370' title='bbox 3181 2548 3381 2620; x_wconf 88' lang='lat' dir='ltr'><strong>viginti</strong></span> <span class='ocrx_word' id='word_1_371' title='bbox 3412 2549 3561 2605; x_wconf 89' lang='lat' dir='ltr'><strong>bello</strong></span> 
     </span>
    </p>
   </div>
   <div class='ocr_carea' id='block_1_54' title="bbox 1927 2640 3555 2711">
    <p class='ocr_par' dir='ltr' id='par_1_54' title="bbox 1927 2640 3555 2711">
     <span class='ocr_line' id='line_1_54' title="bbox 1927 2640 3555 2711; baseline 0.002 -17"><span class='ocrx_word' id='word_1_372' title='bbox 1927 2641 2138 2694; x_wconf 86' lang='lat' dir='ltr'><strong>amissi.</strong></span> <span class='ocrx_word' id='word_1_373' title='bbox 2170 2640 2291 2705; x_wconf 92' lang='lat' dir='ltr'><strong>Quo</strong></span> <span class='ocrx_word' id='word_1_374' title='bbox 2327 2641 2451 2695; x_wconf 92' lang='lat' dir='ltr'><strong>loco</strong></span> <span class='ocrx_word' id='word_1_375' title='bbox 2489 2640 2725 2696; x_wconf 88' lang='lat' dir='ltr'><strong>emicuit</strong></span> <span class='ocrx_word' id='word_1_376' title='bbox 2753 2641 2929 2696; x_wconf 89' lang='lat' dir='ltr'><strong>virtus</strong></span> <span class='ocrx_word' id='word_1_377' title='bbox 2961 2642 3246 2696; x_wconf 82' lang='lat' dir='ltr'><strong>Monobazi</strong></span> <span class='ocrx_word' id='word_1_378' title='bbox 3272 2645 3329 2698; x_wconf 91' lang='lat' dir='ltr'><strong>et</strong></span> <span class='ocrx_word' id='word_1_379' title='bbox 3354 2644 3555 2711; x_wconf 87' lang='lat' dir='ltr'><strong>Cedei;</strong></span> 
     </span>
    </p>
   </div>
   <div class='ocr_carea' id='block_1_55' title="bbox 1927 2734 3560 2806">
    <p class='ocr_par' dir='ltr' id='par_1_55' title="bbox 1927 2734 3560 2806">
     <span class='ocr_line' id='line_1_55' title="bbox 1927 2734 3560 2806; baseline 0.003 -19"><span class='ocrx_word' id='word_1_380' title='bbox 1927 2735 2043 2806; x_wconf 91' lang='lat' dir='ltr'><strong>qui,</strong></span> <span class='ocrx_word' id='word_1_381' title='bbox 2073 2734 2300 2805; x_wconf 88' lang='lat' dir='ltr'><strong>cognito</strong></span> <span class='ocrx_word' id='word_1_382' title='bbox 2330 2734 2483 2806; x_wconf 90' lang='lat' dir='ltr'><strong>quod</strong></span> <span class='ocrx_word' id='word_1_383' title='bbox 2511 2751 2544 2789; x_wconf 88' lang='lat' dir='ltr'><strong>a</strong></span> <span class='ocrx_word' id='word_1_384' title='bbox 2566 2734 2775 2790; x_wconf 76' lang='lat' dir='ltr'><strong>Iudaeis</strong></span> <span class='ocrx_word' id='word_1_385' title='bbox 2800 2735 2859 2789; x_wconf 92' lang='lat' dir='ltr'><strong>in</strong></span> <span class='ocrx_word' id='word_1_386' title='bbox 2890 2736 3171 2790; x_wconf 85' lang='lat' dir='ltr'><strong>Romanas</strong></span> <span class='ocrx_word' id='word_1_387' title='bbox 3196 2736 3347 2791; x_wconf 87' lang='lat' dir='ltr'><strong>acies</strong></span> <span class='ocrx_word' id='word_1_388' title='bbox 3375 2737 3560 2792; x_wconf 89' lang='lat' dir='ltr'><strong>insur-</strong></span> 
     </span>
    </p>
   </div>
   <div class='ocr_carea' id='block_1_56' title="bbox 1929 2828 3555 2901">
    <p class='ocr_par' dir='ltr' id='par_1_56' title="bbox 1929 2828 3555 2901">
     <span class='ocr_line' id='line_1_56' title="bbox 1929 2828 3555 2901; baseline 0.001 -19"><span class='ocrx_word' id='word_1_389' title='bbox 1929 2832 2175 2900; x_wconf 90' lang='lat' dir='ltr'><strong>geretur,</strong></span> <span class='ocrx_word' id='word_1_390' title='bbox 2215 2845 2248 2883; x_wconf 91' lang='lat' dir='ltr'><strong>a</strong></span> <span class='ocrx_word' id='word_1_391' title='bbox 2283 2828 2474 2883; x_wconf 87' lang='lat' dir='ltr'><strong>fronte</strong></span> <span class='ocrx_word' id='word_1_392' title='bbox 2516 2829 2792 2900; x_wconf 88' lang='lat' dir='ltr'><strong>aggressi,</strong></span> <span class='ocrx_word' id='word_1_393' title='bbox 2836 2830 3098 2901; x_wconf 91' lang='lat' dir='ltr'><strong>repulere</strong></span> <span class='ocrx_word' id='word_1_394' title='bbox 3144 2830 3464 2901; x_wconf 89' lang='lat' dir='ltr'><strong>plerosque,</strong></span> <span class='ocrx_word' id='word_1_395' title='bbox 3504 2837 3555 2886; x_wconf 87' lang='lat' dir='ltr'><strong>et</strong></span> 
     </span>
    </p>
   </div>
   <div class='ocr_carea' id='block_1_57' title="bbox 1925 2921 2791 2993">
    <p class='ocr_par' dir='ltr' id='par_1_57' title="bbox 1925 2921 2791 2993">
     <span class='ocr_line' id='line_1_57' title="bbox 1925 2921 2791 2993; baseline 0.001 -17"><span class='ocrx_word' id='word_1_396' title='bbox 1925 2926 2238 2993; x_wconf 91' lang='lat' dir='ltr'><strong>coegerunt</strong></span> <span class='ocrx_word' id='word_1_397' title='bbox 2266 2921 2323 2977; x_wconf 91' lang='lat' dir='ltr'><strong>in</strong></span> <span class='ocrx_word' id='word_1_398' title='bbox 2351 2922 2553 2977; x_wconf 89' lang='lat' dir='ltr'><strong>urbem</strong></span> <span class='ocrx_word' id='word_1_399' title='bbox 2583 2922 2791 2977; x_wconf 88' lang='lat' dir='ltr'><strong>redire.</strong></span> 
     </span>
    </p>
   </div>
   <div class='ocr_carea' id='block_1_58' title="bbox 2562 3016 2925 3072">
    <p class='ocr_par' dir='ltr' id='par_1_58' title="bbox 2562 3016 2925 3072">
     <span class='ocr_line' id='line_1_58' title="bbox 2562 3016 2925 3072; baseline 0 -1"><span class='ocrx_word' id='word_1_400' title='bbox 2562 3016 2780 3072; x_wconf 84' lang='lat' dir='ltr'><strong>CAPUT</strong></span> <span class='ocrx_word' id='word_1_401' title='bbox 2816 3019 2925 3072; x_wconf 80' lang='lat' dir='ltr'><strong>XV.</strong></span> 
     </span>
    </p>
   </div>
   <div class='ocr_carea' id='block_1_59' title="bbox 181 3109 3556 3218">
    <p class='ocr_par' dir='ltr' id='par_1_59' title="bbox 181 3109 3556 3218">
     <span class='ocr_line' id='line_1_59' title="bbox 181 3109 3556 3218; baseline 0.001 -54"><span class='ocrx_word' id='word_1_402' title='bbox 181 3126 319 3164; x_wconf 87' lang='lat' dir='ltr'><strong>mus</strong></span> <span class='ocrx_word' id='word_1_403' title='bbox 352 3109 668 3164; x_wconf 85' lang='lat' dir='ltr'><strong>habebatur</strong></span> <span class='ocrx_word' id='word_1_404' title='bbox 696 3110 1084 3181; x_wconf 87' lang='lat' dir='ltr'><strong>superiorum;</strong></span> <span class='ocrx_word' id='word_1_405' title='bbox 1128 3110 1226 3165; x_wconf 89' lang='lat' dir='ltr'><strong>sed</strong></span> <span class='ocrx_word' id='word_1_406' title='bbox 1270 3110 1434 3165; x_wconf 88' lang='lat' dir='ltr'><strong>Floro</strong></span> <span class='ocrx_word' id='word_1_407' title='bbox 1472 3126 1820 3177; x_wconf 88' lang='lat' dir='ltr'><strong>successore,</strong></span> <span class='ocrx_word' id='word_1_408' title='bbox 1845 3146 1899 3218; x_wconf 61' lang='grc' dir='ltr'>Ο</span> <span class='ocrx_word' id='word_1_409' title='bbox 1997 3111 2197 3166; x_wconf 90' lang='lat' dir='ltr'><strong>Simon</strong></span> <span class='ocrx_word' id='word_1_410' title='bbox 2226 3125 2453 3182; x_wconf 88' lang='lat' dir='ltr'><strong>quoque</strong></span> <span class='ocrx_word' id='word_1_411' title='bbox 2494 3110 2868 3166; x_wconf 88' lang='lat' dir='ltr'><strong>ascendentes</strong></span> <span class='ocrx_word' id='word_1_412' title='bbox 2898 3113 3185 3166; x_wconf 83' lang='lat' dir='ltr'><strong>Romanos</strong></span> <span class='ocrx_word' id='word_1_413' title='bbox 3221 3115 3556 3185; x_wconf 70' lang='lat' dir='ltr'><strong>propinquu-</strong></span> 
     </span>
    </p>
   </div>
   <div class='ocr_carea' id='block_1_60' title="bbox 179 3204 1821 3276">
    <p class='ocr_par' dir='ltr' id='par_1_60' title="bbox 179 3204 1821 3276">
     <span class='ocr_line' id='line_1_60' title="bbox 179 3204 1821 3276; baseline 0.001 -19"><span class='ocrx_word' id='word_1_414' title='bbox 179 3206 230 3257; x_wconf 85' lang='lat' dir='ltr'><strong>is</strong></span> <span class='ocrx_word' id='word_1_415' title='bbox 287 3204 440 3258; x_wconf 89' lang='lat' dir='ltr'><strong>inter</strong></span> <span class='ocrx_word' id='word_1_416' title='bbox 492 3204 672 3258; x_wconf 91' lang='lat' dir='ltr'><strong>bonos</strong></span> <span class='ocrx_word' id='word_1_417' title='bbox 732 3205 961 3272; x_wconf 88' lang='lat' dir='ltr'><strong>relatus,</strong></span> <span class='ocrx_word' id='word_1_418' title='bbox 1019 3204 1116 3276; x_wconf 88' lang='lat' dir='ltr'><strong>qui</strong></span> <span class='ocrx_word' id='word_1_419' title='bbox 1174 3205 1359 3259; x_wconf 85' lang='lat' dir='ltr'><strong>facem</strong></span> <span class='ocrx_word' id='word_1_420' title='bbox 1412 3204 1545 3259; x_wconf 88' lang='lat' dir='ltr'><strong>belli</strong></span> <span class='ocrx_word' id='word_1_421' title='bbox 1599 3206 1821 3272; x_wconf 86' lang='lat' dir='ltr'><strong>extulit,</strong></span> 
     </span>
    </p>
   </div>
   <div class='ocr_carea' id='block_1_61' title="bbox 178 3289 1818 3369">
    <p class='ocr_par' dir='ltr' id='par_1_61' title="bbox 178 3289 1818 3369">
     <span class='ocr_line' id='line_1_61' title="bbox 178 3289 1818 3369; baseline 0 -17"><span class='ocrx_word' id='word_1_422' title='bbox 178 3297 567 3369; x_wconf 63' lang='lat' dir='ltr'><strong>praeliumque</strong></span> <span class='ocrx_word' id='word_1_423' title='bbox 622 3289 774 3352; x_wconf 81' lang='lat' dir='ltr'><strong>inter</strong></span> <span class='ocrx_word' id='word_1_424' title='bbox 824 3298 1051 3353; x_wconf 68' lang='lat' dir='ltr'><strong>Judaaos</strong></span> <span class='ocrx_word' id='word_1_425' title='bbox 1096 3303 1152 3353; x_wconf 90' lang='lat' dir='ltr'><strong>et</strong></span> <span class='ocrx_word' id='word_1_426' title='bbox 1199 3300 1483 3353; x_wconf 81' lang='lat' dir='ltr'><strong>Romanos</strong></span> <span class='ocrx_word' id='word_1_427' title='bbox 1534 3298 1818 3368; x_wconf 83' lang='lat' dir='ltr'><strong>accendit;</strong></span> 
     </span>
    </p>
   </div>
   <div class='ocr_carea' id='block_1_62' title="bbox 175 3392 1723 3464">
    <p class='ocr_par' dir='ltr' id='par_1_62' title="bbox 175 3392 1723 3464">
     <span class='ocr_line' id='line_1_62' title="bbox 175 3392 1723 3464; baseline 0 -18"><span class='ocrx_word' id='word_1_428' title='bbox 175 3409 312 3463; x_wconf 71' lang='lat' dir='ltr'><strong>quae</strong></span> <span class='ocrx_word' id='word_1_429' title='bbox 346 3408 513 3446; x_wconf 89' lang='lat' dir='ltr'><strong>causa</strong></span> <span class='ocrx_word' id='word_1_430' title='bbox 540 3408 811 3462; x_wconf 88' lang='lat' dir='ltr'><strong>supremo</strong></span> <span class='ocrx_word' id='word_1_431' title='bbox 843 3392 1044 3464; x_wconf 90' lang='lat' dir='ltr'><strong>templi</strong></span> <span class='ocrx_word' id='word_1_432' title='bbox 1072 3396 1130 3446; x_wconf 90' lang='lat' dir='ltr'><strong>et</strong></span> <span class='ocrx_word' id='word_1_433' title='bbox 1156 3392 1314 3446; x_wconf 90' lang='lat' dir='ltr'><strong>urbis</strong></span> <span class='ocrx_word' id='word_1_434' title='bbox 1348 3392 1569 3448; x_wconf 89' lang='lat' dir='ltr'><strong>excidio</strong></span> <span class='ocrx_word' id='word_1_435' title='bbox 1597 3393 1723 3447; x_wconf 90' lang='lat' dir='ltr'><strong>fuit.</strong></span> 
     </span>
    </p>
   </div>
   <div class='ocr_carea' id='block_1_63' title="bbox 811 3487 1198 3542">
    <p class='ocr_par' dir='ltr' id='par_1_63' title="bbox 811 3487 1198 3542">
     <span class='ocr_line' id='line_1_63' title="bbox 811 3487 1198 3542; baseline -0.005 -2"><span class='ocrx_word' id='word_1_436' title='bbox 811 3487 1029 3542; x_wconf 84' lang='lat' dir='ltr'><strong>CAPUT</strong></span> <span class='ocrx_word' id='word_1_437' title='bbox 1068 3487 1198 3541; x_wconf 85' lang='lat' dir='ltr'><strong>XIV.</strong></span> 
     </span>
    </p>
   </div>
   <div class='ocr_carea' id='block_1_64' title="bbox 254 3580 1815 3652">
    <p class='ocr_par' dir='ltr' id='par_1_64' title="bbox 254 3580 1815 3652">
     <span class='ocr_line' id='line_1_64' title="bbox 254 3580 1815 3652; baseline 0.001 -18"><span class='ocrx_word' id='word_1_438' title='bbox 254 3582 516 3651; x_wconf 76' lang='lat' dir='ltr'><strong>Namque</strong></span> <span class='ocrx_word' id='word_1_439' title='bbox 560 3580 809 3647; x_wconf 89' lang='lat' dir='ltr'><strong>Cestius,</strong></span> <span class='ocrx_word' id='word_1_440' title='bbox 868 3580 960 3634; x_wconf 90' lang='lat' dir='ltr'><strong>ubi</strong></span> <span class='ocrx_word' id='word_1_441' title='bbox 1012 3581 1212 3636; x_wconf 89' lang='lat' dir='ltr'><strong>ardere</strong></span> <span class='ocrx_word' id='word_1_442' title='bbox 1262 3582 1489 3636; x_wconf 74' lang='lat' dir='ltr'><strong>Judzeos</strong></span> <span class='ocrx_word' id='word_1_443' title='bbox 1536 3582 1815 3652; x_wconf 84' lang='lat' dir='ltr'><strong>comperit</strong></span> 
     </span>
    </p>
   </div>
   <div class='ocr_carea' id='block_1_65' title="bbox 175 3674 1819 3747">
    <p class='ocr_par' dir='ltr' id='par_1_65' title="bbox 175 3674 1819 3747">
     <span class='ocr_line' id='line_1_65' title="bbox 175 3674 1819 3747; baseline -0.001 -17"><span class='ocrx_word' id='word_1_444' title='bbox 175 3675 322 3730; x_wconf 82' lang='lat' dir='ltr'><strong>belli</strong></span> <span class='ocrx_word' id='word_1_445' title='bbox 372 3676 592 3741; x_wconf 89' lang='lat' dir='ltr'><strong>furore,</strong></span> <span class='ocrx_word' id='word_1_446' title='bbox 641 3675 739 3746; x_wconf 91' lang='lat' dir='ltr'><strong>qui</strong></span> <span class='ocrx_word' id='word_1_447' title='bbox 790 3691 1079 3729; x_wconf 89' lang='lat' dir='ltr'><strong>summam</strong></span> <span class='ocrx_word' id='word_1_448' title='bbox 1136 3674 1348 3729; x_wconf 74' lang='lat' dir='ltr'><strong>militim</strong></span> <span class='ocrx_word' id='word_1_449' title='bbox 1398 3676 1710 3747; x_wconf 86' lang='lat' dir='ltr'><strong>regendam</strong></span> <span class='ocrx_word' id='word_1_450' title='bbox 1764 3676 1819 3729; x_wconf 92' lang='lat' dir='ltr'><strong>in</strong></span> 
     </span>
    </p>
   </div>
   <div class='ocr_carea' id='block_1_66' title="bbox 177 3767 1821 3841">
    <p class='ocr_par' dir='ltr' id='par_1_66' title="bbox 177 3767 1821 3841">
     <span class='ocr_line' id='line_1_66' title="bbox 177 3767 1821 3841; baseline 0.001 -19"><span class='ocrx_word' id='word_1_451' title='bbox 177 3767 444 3841; x_wconf 86' lang='lat' dir='ltr'><strong>partibus</strong></span> <span class='ocrx_word' id='word_1_452' title='bbox 483 3767 660 3840; x_wconf 62' lang='lat' dir='ltr'><strong>Syriae</strong></span> <span class='ocrx_word' id='word_1_453' title='bbox 703 3786 736 3822; x_wconf 92' lang='lat' dir='ltr'><strong>a</strong></span> <span class='ocrx_word' id='word_1_454' title='bbox 773 3768 1041 3824; x_wconf 83' lang='lat' dir='ltr'><strong>Romanis</strong></span> <span class='ocrx_word' id='word_1_455' title='bbox 1092 3773 1438 3841; x_wconf 89' lang='lat' dir='ltr'><strong>susceperat,</strong></span> <span class='ocrx_word' id='word_1_456' title='bbox 1486 3768 1821 3824; x_wconf 90' lang='lat' dir='ltr'><strong>duodecimo</strong></span> 
     </span>
    </p>
   </div>
   <div class='ocr_carea' id='block_1_67' title="bbox 174 3862 1817 3934">
    <p class='ocr_par' dir='ltr' id='par_1_67' title="bbox 174 3862 1817 3934">
     <span class='ocr_line' id='line_1_67' title="bbox 174 3862 1817 3934; baseline -0.001 -16"><span class='ocrx_word' id='word_1_457' title='bbox 174 3880 341 3918; x_wconf 87' lang='lat' dir='ltr'><strong>anno</strong></span> <span class='ocrx_word' id='word_1_458' title='bbox 382 3862 611 3934; x_wconf 89' lang='lat' dir='ltr'><strong>imperii</strong></span> <span class='ocrx_word' id='word_1_459' title='bbox 642 3862 878 3917; x_wconf 79' lang='lat' dir='ltr'><strong>Neronis</strong></span> <span class='ocrx_word' id='word_1_460' title='bbox 917 3864 1094 3917; x_wconf 84' lang='lat' dir='ltr'><strong>movit</strong></span> <span class='ocrx_word' id='word_1_461' title='bbox 1128 3880 1305 3931; x_wconf 85' lang='lat' dir='ltr'><strong>arma,</strong></span> <span class='ocrx_word' id='word_1_462' title='bbox 1343 3868 1401 3916; x_wconf 92' lang='lat' dir='ltr'><strong>ut</strong></span> <span class='ocrx_word' id='word_1_463' title='bbox 1430 3862 1677 3917; x_wconf 89' lang='lat' dir='ltr'><strong>militum</strong></span> <span class='ocrx_word' id='word_1_464' title='bbox 1712 3864 1817 3917; x_wconf 86' lang='lat' dir='ltr'><strong>Ro-</strong></span> 
     </span>
    </p>
   </div>
   <div class='ocr_carea' id='block_1_68' title="bbox 174 3956 1820 4029">
    <p class='ocr_par' dir='ltr' id='par_1_68' title="bbox 174 3956 1820 4029">
     <span class='ocr_line' id='line_1_68' title="bbox 174 3956 1820 4029; baseline -0.001 -16"><span class='ocrx_word' id='word_1_465' title='bbox 174 3974 485 4013; x_wconf 88' lang='lat' dir='ltr'><strong>manorum</strong></span> <span class='ocrx_word' id='word_1_466' title='bbox 510 3957 717 4029; x_wconf 90' lang='lat' dir='ltr'><strong>quibus</strong></span> <span class='ocrx_word' id='word_1_467' title='bbox 738 3963 860 4011; x_wconf 88' lang='lat' dir='ltr'><strong>erat</strong></span> <span class='ocrx_word' id='word_1_468' title='bbox 887 3956 1142 4012; x_wconf 87' lang='lat' dir='ltr'><strong>custodia</strong></span> <span class='ocrx_word' id='word_1_469' title='bbox 1164 3956 1465 4011; x_wconf 82' lang='lat' dir='ltr'><strong>commissa</strong></span> <span class='ocrx_word' id='word_1_470' title='bbox 1492 3958 1820 4012; x_wconf 69' lang='lat' dir='ltr'><strong>coercenda)</strong></span> 
     </span>
    </p>
   </div>
   <div class='ocr_carea' id='block_1_69' title="bbox 98 4051 1815 4122">
    <p class='ocr_par' dir='ltr' id='par_1_69' title="bbox 98 4051 1815 4122">
     <span class='ocr_line' id='line_1_69' title="bbox 98 4051 1815 4122; baseline -0.003 -11"><span class='ocrx_word' id='word_1_471' title='bbox 98 4098 111 4111; x_wconf 90' lang='lat'><strong>.</strong></span> <span class='ocrx_word' id='word_1_472' title='bbox 173 4051 503 4107; x_wconf 71' lang='lat' dir='ltr'><strong>insolentia:</strong></span> <span class='ocrx_word' id='word_1_473' title='bbox 559 4056 618 4105; x_wconf 90' lang='lat' dir='ltr'><strong>et</strong></span> <span class='ocrx_word' id='word_1_474' title='bbox 668 4052 823 4122; x_wconf 87' lang='lat' dir='ltr'><strong>pacis</strong></span> <span class='ocrx_word' id='word_1_475' title='bbox 873 4051 1134 4117; x_wconf 80' lang='lat' dir='ltr'><strong>tuendae,</strong></span> <span class='ocrx_word' id='word_1_476' title='bbox 1188 4067 1384 4106; x_wconf 90' lang='lat' dir='ltr'><strong>necem</strong></span> <span class='ocrx_word' id='word_1_477' title='bbox 1433 4051 1815 4107; x_wconf 89' lang='lat' dir='ltr'><strong>ulcisceretur.</strong></span> 
     </span>
    </p>
   </div>
   <div class='ocr_carea' id='block_1_70' title="bbox 169 4144 1819 4216">
    <p class='ocr_par' dir='ltr' id='par_1_70' title="bbox 169 4144 1819 4216">
     <span class='ocr_line' id='line_1_70' title="bbox 169 4144 1819 4216; baseline -0.002 -14"><span class='ocrx_word' id='word_1_478' title='bbox 169 4144 668 4216; x_wconf 85' lang='lat' dir='ltr'><strong>Congregatisque</strong></span> <span class='ocrx_word' id='word_1_479' title='bbox 714 4144 884 4199; x_wconf 83' lang='lat' dir='ltr'><strong>etiam</strong></span> <span class='ocrx_word' id='word_1_480' title='bbox 935 4146 1216 4200; x_wconf 89' lang='lat' dir='ltr'><strong>sociorum</strong></span> <span class='ocrx_word' id='word_1_481' title='bbox 1261 4145 1509 4211; x_wconf 85' lang='lat' dir='ltr'><strong>auxiliis,</strong></span> <span class='ocrx_word' id='word_1_482' title='bbox 1559 4146 1819 4200; x_wconf 64' lang='lat' dir='ltr'><strong>Judteam</strong></span> 
     </span>
    </p>
   </div>
   <div class='ocr_carea' id='block_1_71' title="bbox 173 4238 1819 4311">
    <p class='ocr_par' dir='ltr' id='par_1_71' title="bbox 173 4238 1819 4311">
     <span class='ocr_line' id='line_1_71' title="bbox 173 4238 1819 4311; baseline 0 -18"><span class='ocrx_word' id='word_1_483' title='bbox 173 4240 506 4310; x_wconf 89' lang='lat' dir='ltr'><strong>ingressus,</strong></span> <span class='ocrx_word' id='word_1_484' title='bbox 566 4239 767 4294; x_wconf 91' lang='lat' dir='ltr'><strong>urbem</strong></span> <span class='ocrx_word' id='word_1_485' title='bbox 825 4238 914 4293; x_wconf 92' lang='lat' dir='ltr'><strong>cui</strong></span> <span class='ocrx_word' id='word_1_486' title='bbox 978 4255 1184 4294; x_wconf 91' lang='lat' dir='ltr'><strong>nomen</strong></span> <span class='ocrx_word' id='word_1_487' title='bbox 1238 4239 1527 4306; x_wconf 90' lang='lat' dir='ltr'><strong>Zabulon,</strong></span> <span class='ocrx_word' id='word_1_488' title='bbox 1587 4239 1819 4311; x_wconf 89' lang='lat' dir='ltr'><strong>dilapsis</strong></span> 
     </span>
    </p>
   </div>
   <div class='ocr_carea' id='block_1_72' title="bbox 173 4332 1819 4405">
    <p class='ocr_par' dir='ltr' id='par_1_72' title="bbox 173 4332 1819 4405">
     <span class='ocr_line' id='line_1_72' title="bbox 173 4332 1819 4405; baseline 0.001 -18"><span class='ocrx_word' id='word_1_489' title='bbox 173 4339 340 4389; x_wconf 88' lang='lat' dir='ltr'><strong>metu</strong></span> <span class='ocrx_word' id='word_1_490' title='bbox 373 4333 591 4400; x_wconf 89' lang='lat' dir='ltr'><strong>incolis,</strong></span> <span class='ocrx_word' id='word_1_491' title='bbox 633 4334 859 4404; x_wconf 88' lang='lat' dir='ltr'><strong>plenam</strong></span> <span class='ocrx_word' id='word_1_492' title='bbox 891 4332 1215 4387; x_wconf 88' lang='lat' dir='ltr'><strong>divitiarum</strong></span> <span class='ocrx_word' id='word_1_493' title='bbox 1251 4349 1390 4404; x_wconf 89' lang='lat' dir='ltr'><strong>quas</strong></span> <span class='ocrx_word' id='word_1_494' title='bbox 1420 4334 1489 4389; x_wconf 91' lang='lat' dir='ltr'><strong>ad</strong></span> <span class='ocrx_word' id='word_1_495' title='bbox 1522 4334 1819 4405; x_wconf 90' lang='lat' dir='ltr'><strong>superiora</strong></span> 
     </span>
    </p>
   </div>
   <div class='ocr_carea' id='block_1_73' title="bbox 178 4426 1814 4499">
    <p class='ocr_par' dir='ltr' id='par_1_73' title="bbox 178 4426 1814 4499">
     <span class='ocr_line' id='line_1_73' title="bbox 178 4426 1814 4499; baseline -0.001 -17"><span class='ocrx_word' id='word_1_496' title='bbox 178 4427 467 4482; x_wconf 88' lang='lat' dir='ltr'><strong>montium</strong></span> <span class='ocrx_word' id='word_1_497' title='bbox 510 4428 911 4499; x_wconf 89' lang='lat' dir='ltr'><strong>confugientes</strong></span> <span class='ocrx_word' id='word_1_498' title='bbox 954 4426 1176 4482; x_wconf 91' lang='lat' dir='ltr'><strong>domini</strong></span> <span class='ocrx_word' id='word_1_499' title='bbox 1217 4444 1411 4482; x_wconf 90' lang='lat' dir='ltr'><strong>secum</strong></span> <span class='ocrx_word' id='word_1_500' title='bbox 1449 4428 1672 4489; x_wconf 85' lang='lat' dir='ltr'><strong>auferre</strong></span> <span class='ocrx_word' id='word_1_501' title='bbox 1712 4445 1814 4483; x_wconf 91' lang='lat' dir='ltr'><strong>ne-</strong></span> 
     </span>
    </p>
   </div>
   <div class='ocr_carea' id='block_1_74' title="bbox 1929 3203 3554 3276">
    <p class='ocr_par' dir='ltr' id='par_1_74' title="bbox 1929 3203 3554 3276">
     <span class='ocr_line' id='line_1_74' title="bbox 1929 3203 3554 3276; baseline 0.002 -17"><span class='ocrx_word' id='word_1_502' title='bbox 1929 3205 2079 3259; x_wconf 89' lang='lat' dir='ltr'><strong>urbis</strong></span> <span class='ocrx_word' id='word_1_503' title='bbox 2117 3203 2544 3276; x_wconf 89' lang='lat' dir='ltr'><strong>impedimentis</strong></span> <span class='ocrx_word' id='word_1_504' title='bbox 2588 3204 2763 3259; x_wconf 85' lang='lat' dir='ltr'><strong>exuit.</strong></span> <span class='ocrx_word' id='word_1_505' title='bbox 2813 3205 2970 3260; x_wconf 90' lang='lat' dir='ltr'><strong>Unde</strong></span> <span class='ocrx_word' id='word_1_506' title='bbox 3009 3209 3066 3260; x_wconf 90' lang='lat' dir='ltr'><strong>et</strong></span> <span class='ocrx_word' id='word_1_507' title='bbox 3093 3206 3311 3262; x_wconf 89' lang='lat' dir='ltr'><strong>Cestius</strong></span> <span class='ocrx_word' id='word_1_508' title='bbox 3360 3208 3417 3260; x_wconf 91' lang='lat' dir='ltr'><strong>in</strong></span> <span class='ocrx_word' id='word_1_509' title='bbox 3468 3224 3554 3262; x_wconf 90' lang='lat' dir='ltr'><strong>re-</strong></span> 
     </span>
    </p>
   </div>
   <div class='ocr_carea' id='block_1_75' title="bbox 1924 3297 3560 3369">
    <p class='ocr_par' dir='ltr' id='par_1_75' title="bbox 1924 3297 3560 3369">
     <span class='ocr_line' id='line_1_75' title="bbox 1924 3297 3560 3369; baseline 0.002 -16"><span class='ocrx_word' id='word_1_510' title='bbox 1924 3299 2092 3369; x_wconf 89' lang='lat' dir='ltr'><strong>gione</strong></span> <span class='ocrx_word' id='word_1_511' title='bbox 2149 3314 2269 3353; x_wconf 91' lang='lat' dir='ltr'><strong>sese</strong></span> <span class='ocrx_word' id='word_1_512' title='bbox 2333 3297 2524 3353; x_wconf 91' lang='lat' dir='ltr'><strong>triduo</strong></span> <span class='ocrx_word' id='word_1_513' title='bbox 2583 3298 2784 3353; x_wconf 87' lang='lat' dir='ltr'><strong>tenuit.</strong></span> <span class='ocrx_word' id='word_1_514' title='bbox 2844 3299 2964 3362; x_wconf 89' lang='lat' dir='ltr'><strong>Qua</strong></span> <span class='ocrx_word' id='word_1_515' title='bbox 3025 3315 3183 3353; x_wconf 87' lang='lat' dir='ltr'><strong>mora</strong></span> <span class='ocrx_word' id='word_1_516' title='bbox 3237 3301 3560 3356; x_wconf 81' lang='lat' dir='ltr'><strong>circumfusi</strong></span> 
     </span>
    </p>
   </div>
   <div class='ocr_carea' id='block_1_76' title="bbox 1924 3391 3559 3467">
    <p class='ocr_par' dir='ltr' id='par_1_76' title="bbox 1924 3391 3559 3467">
     <span class='ocr_line' id='line_1_76' title="bbox 1924 3391 3559 3467; baseline 0.001 -20"><span class='ocrx_word' id='word_1_517' title='bbox 1924 3393 2137 3459; x_wconf 89' lang='lat' dir='ltr'><strong>hostes,</strong></span> <span class='ocrx_word' id='word_1_518' title='bbox 2180 3397 2238 3447; x_wconf 89' lang='lat' dir='ltr'><strong>et</strong></span> <span class='ocrx_word' id='word_1_519' title='bbox 2279 3392 2336 3446; x_wconf 91' lang='lat' dir='ltr'><strong>in</strong></span> <span class='ocrx_word' id='word_1_520' title='bbox 2381 3391 2765 3464; x_wconf 88' lang='lat' dir='ltr'><strong>superioribus</strong></span> <span class='ocrx_word' id='word_1_521' title='bbox 2816 3392 2927 3459; x_wconf 89' lang='lat' dir='ltr'><strong>siti,</strong></span> <span class='ocrx_word' id='word_1_522' title='bbox 2980 3393 3269 3464; x_wconf 88' lang='lat' dir='ltr'><strong>ingressus</strong></span> <span class='ocrx_word' id='word_1_523' title='bbox 3314 3396 3559 3467; x_wconf 79' lang='lat' dir='ltr'><strong>specula-</strong></span> 
     </span>
    </p>
   </div>
   <div class='ocr_carea' id='block_1_77' title="bbox 1923 3486 3555 3558">
    <p class='ocr_par' dir='ltr' id='par_1_77' title="bbox 1923 3486 3555 3558">
     <span class='ocr_line' id='line_1_77' title="bbox 1923 3486 3555 3558; baseline 0.004 -19"><span class='ocrx_word' id='word_1_524' title='bbox 1923 3487 2093 3541; x_wconf 88' lang='lat' dir='ltr'><strong>batur</strong></span> <span class='ocrx_word' id='word_1_525' title='bbox 2116 3487 2430 3553; x_wconf 89' lang='lat' dir='ltr'><strong>universos,</strong></span> <span class='ocrx_word' id='word_1_526' title='bbox 2463 3501 2536 3540; x_wconf 93' lang='lat' dir='ltr'><strong>ne</strong></span> <span class='ocrx_word' id='word_1_527' title='bbox 2564 3486 2694 3557; x_wconf 89' lang='lat' dir='ltr'><strong>quis</strong></span> <span class='ocrx_word' id='word_1_528' title='bbox 2719 3486 2959 3556; x_wconf 91' lang='lat' dir='ltr'><strong>impune</strong></span> <span class='ocrx_word' id='word_1_529' title='bbox 2991 3487 3361 3558; x_wconf 89' lang='lat' dir='ltr'><strong>irrumperet.</strong></span> <span class='ocrx_word' id='word_1_530' title='bbox 3393 3489 3555 3554; x_wconf 87' lang='lat' dir='ltr'><strong>Quod</strong></span> 
     </span>
    </p>
   </div>
   <div class='ocr_carea' id='block_1_78' title="bbox 1923 3578 3557 3654">
    <p class='ocr_par' dir='ltr' id='par_1_78' title="bbox 1923 3578 3557 3654">
     <span class='ocr_line' id='line_1_78' title="bbox 1923 3578 3557 3654; baseline 0.002 -20"><span class='ocrx_word' id='word_1_531' title='bbox 1923 3579 2311 3646; x_wconf 89' lang='lat' dir='ltr'><strong>considerans,</strong></span> <span class='ocrx_word' id='word_1_532' title='bbox 2357 3595 2474 3634; x_wconf 91' lang='lat' dir='ltr'><strong>non</strong></span> <span class='ocrx_word' id='word_1_533' title='bbox 2514 3578 2625 3650; x_wconf 87' lang='lat'><strong>(63)</strong></span> <span class='ocrx_word' id='word_1_534' title='bbox 2667 3579 2789 3633; x_wconf 88' lang='lat' dir='ltr'><strong>sine</strong></span> <span class='ocrx_word' id='word_1_535' title='bbox 2833 3579 3016 3633; x_wconf 91' lang='lat' dir='ltr'><strong>multa</strong></span> <span class='ocrx_word' id='word_1_536' title='bbox 3054 3580 3214 3635; x_wconf 89' lang='lat' dir='ltr'><strong>clade</strong></span> <span class='ocrx_word' id='word_1_537' title='bbox 3260 3582 3557 3654; x_wconf 88' lang='lat' dir='ltr'><strong>utriusque</strong></span> 
     </span>
    </p>
   </div>
   <div class='ocr_carea' id='block_1_79' title="bbox 1922 3672 3555 3748">
    <p class='ocr_par' dir='ltr' id='par_1_79' title="bbox 1922 3672 3555 3748">
     <span class='ocr_line' id='line_1_79' title="bbox 1922 3672 3555 3748; baseline 0.002 -21"><span class='ocrx_word' id='word_1_538' title='bbox 1922 3674 2101 3746; x_wconf 89' lang='lat' dir='ltr'><strong>partis</strong></span> <span class='ocrx_word' id='word_1_539' title='bbox 2156 3674 2361 3728; x_wconf 86' lang='lat' dir='ltr'><strong>tentari</strong></span> <span class='ocrx_word' id='word_1_540' title='bbox 2417 3672 2693 3744; x_wconf 91' lang='lat' dir='ltr'><strong>nequire,</strong></span> <span class='ocrx_word' id='word_1_541' title='bbox 2751 3672 2905 3727; x_wconf 90' lang='lat' dir='ltr'><strong>misit</strong></span> <span class='ocrx_word' id='word_1_542' title='bbox 2963 3688 3097 3728; x_wconf 91' lang='lat' dir='ltr'><strong>suos</strong></span> <span class='ocrx_word' id='word_1_543' title='bbox 3150 3690 3252 3728; x_wconf 88' lang='lat' dir='ltr'><strong>rex</strong></span> <span class='ocrx_word' id='word_1_544' title='bbox 3305 3676 3555 3748; x_wconf 80' lang='lat' dir='ltr'><strong>Agrippa</strong></span> 
     </span>
    </p>
   </div>
   <div class='ocr_carea' id='block_1_80' title="bbox 1926 3765 3558 3839">
    <p class='ocr_par' dir='ltr' id='par_1_80' title="bbox 1926 3765 3558 3839">
     <span class='ocr_line' id='line_1_80' title="bbox 1926 3765 3558 3839; baseline 0.001 -17"><span class='ocrx_word' id='word_1_545' title='bbox 1926 3769 2201 3839; x_wconf 85' lang='lat' dir='ltr'><strong>Lorcyum</strong></span> <span class='ocrx_word' id='word_1_546' title='bbox 2236 3772 2288 3822; x_wconf 90' lang='lat' dir='ltr'><strong>et</strong></span> <span class='ocrx_word' id='word_1_547' title='bbox 2327 3766 2619 3833; x_wconf 76' lang='lat' dir='ltr'><strong>thbam,</strong></span> <span class='ocrx_word' id='word_1_548' title='bbox 2664 3765 2759 3837; x_wconf 90' lang='lat' dir='ltr'><strong>qui</strong></span> <span class='ocrx_word' id='word_1_549' title='bbox 2804 3765 3061 3821; x_wconf 89' lang='lat' dir='ltr'><strong>dicerent</strong></span> <span class='ocrx_word' id='word_1_550' title='bbox 3096 3767 3327 3838; x_wconf 92' lang='lat' dir='ltr'><strong>populo,</strong></span> <span class='ocrx_word' id='word_1_551' title='bbox 3374 3769 3558 3824; x_wconf 53' lang='lat' dir='ltr'><strong>venia.</strong></span> 
     </span>
    </p>
   </div>
   <div class='ocr_carea' id='block_1_81' title="bbox 1921 3859 3555 3934">
    <p class='ocr_par' dir='ltr' id='par_1_81' title="bbox 1921 3859 3555 3934">
     <span class='ocr_line' id='line_1_81' title="bbox 1921 3859 3555 3934; baseline -0.001 -18"><span class='ocrx_word' id='word_1_552' title='bbox 1921 3862 2053 3930; x_wconf 88' lang='lat' dir='ltr'><strong>bile,</strong></span> <span class='ocrx_word' id='word_1_553' title='bbox 2119 3860 2398 3934; x_wconf 91' lang='lat' dir='ltr'><strong>quidquid</strong></span> <span class='ocrx_word' id='word_1_554' title='bbox 2450 3861 2521 3914; x_wconf 87' lang='lat' dir='ltr'><strong>ab</strong></span> <span class='ocrx_word' id='word_1_555' title='bbox 2573 3859 2655 3914; x_wconf 92' lang='lat' dir='ltr'><strong>eis</strong></span> <span class='ocrx_word' id='word_1_556' title='bbox 2714 3863 2863 3914; x_wconf 88' lang='lat' dir='ltr'><strong>esset</strong></span> <span class='ocrx_word' id='word_1_557' title='bbox 2919 3860 3220 3915; x_wconf 88' lang='lat' dir='ltr'><strong>adversum</strong></span> <span class='ocrx_word' id='word_1_558' title='bbox 3269 3862 3555 3917; x_wconf 82' lang='lat' dir='ltr'><strong>Romanos</strong></span> 
     </span>
    </p>
   </div>
   <div class='ocr_carea' id='block_1_82' title="bbox 1922 3953 3555 4027">
    <p class='ocr_par' dir='ltr' id='par_1_82' title="bbox 1922 3953 3555 4027">
     <span class='ocr_line' id='line_1_82' title="bbox 1922 3953 3555 4027; baseline -0.001 -18"><span class='ocrx_word' id='word_1_559' title='bbox 1922 3954 2124 4027; x_wconf 87' lang='lat' dir='ltr'><strong>ﬂagitii</strong></span> <span class='ocrx_word' id='word_1_560' title='bbox 2170 3954 2558 4021; x_wconf 89' lang='lat' dir='ltr'><strong>commissum,</strong></span> <span class='ocrx_word' id='word_1_561' title='bbox 2591 3954 2635 4007; x_wconf 91' lang='lat' dir='ltr'><strong>si</strong></span> <span class='ocrx_word' id='word_1_562' title='bbox 2681 3953 2856 4007; x_wconf 91' lang='lat' dir='ltr'><strong>modo</strong></span> <span class='ocrx_word' id='word_1_563' title='bbox 2907 3954 2965 4007; x_wconf 90' lang='lat' dir='ltr'><strong>in</strong></span> <span class='ocrx_word' id='word_1_564' title='bbox 3013 3953 3300 4025; x_wconf 90' lang='lat' dir='ltr'><strong>reliquum</strong></span> <span class='ocrx_word' id='word_1_565' title='bbox 3354 3955 3555 4025; x_wconf 77' lang='lat' dir='ltr'><strong>positis</strong></span> 
     </span>
    </p>
   </div>
   <div class='ocr_carea' id='block_1_83' title="bbox 1922 4046 3553 4120">
    <p class='ocr_par' dir='ltr' id='par_1_83' title="bbox 1922 4046 3553 4120">
     <span class='ocr_line' id='line_1_83' title="bbox 1922 4046 3553 4120; baseline -0.001 -16"><span class='ocrx_word' id='word_1_566' title='bbox 1922 4050 2117 4118; x_wconf 89' lang='lat' dir='ltr'><strong>armis,</strong></span> <span class='ocrx_word' id='word_1_567' title='bbox 2156 4048 2261 4103; x_wconf 91' lang='lat' dir='ltr'><strong>sibi</strong></span> <span class='ocrx_word' id='word_1_568' title='bbox 2296 4049 2661 4103; x_wconf 89' lang='lat' dir='ltr'><strong>consulerent</strong></span> <span class='ocrx_word' id='word_1_569' title='bbox 2697 4064 2709 4101; x_wconf 88' lang='lat'><strong>:</strong></span> <span class='ocrx_word' id='word_1_570' title='bbox 2755 4046 3065 4116; x_wconf 65' lang='lat' dir='ltr'><strong>aestimans,</strong></span> <span class='ocrx_word' id='word_1_571' title='bbox 3096 4048 3254 4120; x_wconf 90' lang='lat' dir='ltr'><strong>quod</strong></span> <span class='ocrx_word' id='word_1_572' title='bbox 3297 4048 3382 4103; x_wconf 89' lang='lat' dir='ltr'><strong>vel</strong></span> <span class='ocrx_word' id='word_1_573' title='bbox 3425 4049 3553 4103; x_wconf 89' lang='lat' dir='ltr'><strong>uni-</strong></span> 
     </span>
    </p>
   </div>
   <div class='ocr_carea' id='block_1_84' title="bbox 1921 4141 3555 4213">
    <p class='ocr_par' dir='ltr' id='par_1_84' title="bbox 1921 4141 3555 4213">
     <span class='ocr_line' id='line_1_84' title="bbox 1921 4141 3555 4213; baseline 0.001 -17"><span class='ocrx_word' id='word_1_574' title='bbox 1921 4144 2094 4198; x_wconf 84' lang='lat' dir='ltr'><strong>versis</strong></span> <span class='ocrx_word' id='word_1_575' title='bbox 2120 4142 2476 4197; x_wconf 86' lang='lat' dir='ltr'><strong>suadendum</strong></span> <span class='ocrx_word' id='word_1_576' title='bbox 2506 4141 2768 4197; x_wconf 89' lang='lat' dir='ltr'><strong>crederet</strong></span> <span class='ocrx_word' id='word_1_577' title='bbox 2806 4147 2865 4196; x_wconf 92' lang='lat' dir='ltr'><strong>ut</strong></span> <span class='ocrx_word' id='word_1_578' title='bbox 2898 4141 3094 4213; x_wconf 70' lang='lat' dir='ltr'><strong>proelio</strong></span> <span class='ocrx_word' id='word_1_579' title='bbox 3130 4143 3555 4210; x_wconf 88' lang='lat' dir='ltr'><strong>renuntiarent,</strong></span> 
     </span>
    </p>
   </div>
   <div class='ocr_carea' id='block_1_85' title="bbox 1919 4235 3550 4309">
    <p class='ocr_par' dir='ltr' id='par_1_85' title="bbox 1919 4235 3550 4309">
     <span class='ocr_line' id='line_1_85' title="bbox 1919 4235 3550 4309; baseline 0 -18"><span class='ocrx_word' id='word_1_580' title='bbox 1919 4239 2005 4293; x_wconf 90' lang='lat' dir='ltr'><strong>vel</strong></span> <span class='ocrx_word' id='word_1_581' title='bbox 2031 4240 2251 4309; x_wconf 90' lang='lat' dir='ltr'><strong>partem</strong></span> <span class='ocrx_word' id='word_1_582' title='bbox 2281 4237 2497 4291; x_wconf 68' lang='lat' dir='ltr'><strong>caeteris</strong></span> <span class='ocrx_word' id='word_1_583' title='bbox 2528 4235 2908 4291; x_wconf 90' lang='lat' dir='ltr'><strong>avellendam.</strong></span> <span class='ocrx_word' id='word_1_584' title='bbox 2939 4240 3008 4291; x_wconf 89' lang='lat' dir='ltr'><strong>At</strong></span> <span class='ocrx_word' id='word_1_585' title='bbox 3045 4240 3238 4292; x_wconf 91' lang='lat' dir='ltr'><strong>contra</strong></span> <span class='ocrx_word' id='word_1_586' title='bbox 3276 4236 3550 4303; x_wconf 88' lang='lat' dir='ltr'><strong>seditiosi,</strong></span> 
     </span>
    </p>
   </div>
   <div class='ocr_carea' id='block_1_86' title="bbox 1921 4330 3551 4403">
    <p class='ocr_par' dir='ltr' id='par_1_86' title="bbox 1921 4330 3551 4403">
     <span class='ocr_line' id='line_1_86' title="bbox 1921 4330 3551 4403; baseline -0.001 -16"><span class='ocrx_word' id='word_1_587' title='bbox 1921 4337 2082 4387; x_wconf 92' lang='lat' dir='ltr'><strong>metu</strong></span> <span class='ocrx_word' id='word_1_588' title='bbox 2108 4349 2180 4385; x_wconf 91' lang='lat' dir='ltr'><strong>ne</strong></span> <span class='ocrx_word' id='word_1_589' title='bbox 2215 4347 2415 4386; x_wconf 89' lang='lat' dir='ltr'><strong>eorum</strong></span> <span class='ocrx_word' id='word_1_590' title='bbox 2448 4331 2693 4385; x_wconf 87' lang='lat' dir='ltr'><strong>alterum</strong></span> <span class='ocrx_word' id='word_1_591' title='bbox 2726 4330 3084 4403; x_wconf 89' lang='lat' dir='ltr'><strong>procederet,</strong></span> <span class='ocrx_word' id='word_1_592' title='bbox 3113 4330 3336 4403; x_wconf 88' lang='lat' dir='ltr'><strong>legatos</strong></span> <span class='ocrx_word' id='word_1_593' title='bbox 3366 4332 3551 4387; x_wconf 89' lang='lat' dir='ltr'><strong>adorsi</strong></span> 
     </span>
    </p>
   </div>
   <div class='ocr_carea' id='block_1_87' title="bbox 1920 4425 3550 4496">
    <p class='ocr_par' dir='ltr' id='par_1_87' title="bbox 1920 4425 3550 4496">
     <span class='ocr_line' id='line_1_87' title="bbox 1920 4425 3550 4496; baseline -0.001 -15"><span class='ocrx_word' id='word_1_594' title='bbox 1920 4426 2189 4481; x_wconf 75' lang='lat' dir='ltr'><strong>thbam</strong></span> <span class='ocrx_word' id='word_1_595' title='bbox 2231 4425 2570 4480; x_wconf 90' lang='lat' dir='ltr'><strong>interfecere</strong></span> <span class='ocrx_word' id='word_1_596' title='bbox 2604 4441 2615 4479; x_wconf 92' lang='lat'><strong>:</strong></span> <span class='ocrx_word' id='word_1_597' title='bbox 2647 4426 2895 4496; x_wconf 83' lang='lat' dir='ltr'><strong>Lorcyus</strong></span> <span class='ocrx_word' id='word_1_598' title='bbox 2923 4427 3135 4491; x_wconf 91' lang='lat' dir='ltr'><strong>autem,</strong></span> <span class='ocrx_word' id='word_1_599' title='bbox 3167 4427 3402 4496; x_wconf 90' lang='lat' dir='ltr'><strong>excepto</strong></span> <span class='ocrx_word' id='word_1_600' title='bbox 3430 4426 3550 4479; x_wconf 91' lang='lat' dir='ltr'><strong>vul-</strong></span> 
     </span>
    </p>
   </div>
   <div class='ocr_carea' id='block_1_88' title="bbox 177 4516 3551 4593">
    <p class='ocr_par' dir='ltr' id='par_1_88' title="bbox 177 4516 3551 4593">
     <span class='ocr_line' id='line_1_88' title="bbox 177 4516 3551 4593; baseline -0.001 -18"><span class='ocrx_word' id='word_1_601' title='bbox 177 4523 514 4593; x_wconf 88' lang='lat' dir='ltr'><strong>quiverant,</strong></span> <span class='ocrx_word' id='word_1_602' title='bbox 573 4521 742 4592; x_wconf 84' lang='lat' dir='ltr'><strong>diripi</strong></span> <span class='ocrx_word' id='word_1_603' title='bbox 796 4520 866 4574; x_wconf 89' lang='lat' dir='ltr'><strong>ab</strong></span> <span class='ocrx_word' id='word_1_604' title='bbox 919 4521 1167 4576; x_wconf 78' lang='lat' dir='ltr'><strong>exercitu</strong></span> <span class='ocrx_word' id='word_1_605' title='bbox 1223 4537 1438 4593; x_wconf 88' lang='lat' dir='ltr'><strong>passus.</strong></span> <span class='ocrx_word' id='word_1_606' title='bbox 1494 4522 1817 4576; x_wconf 86' lang='lat' dir='ltr'><strong>Admiratus</strong></span> <span class='ocrx_word' id='word_1_607' title='bbox 1840 4517 1897 4588; x_wconf 89' lang='lat' dir='ltr'><strong>D</strong></span> <span class='ocrx_word' id='word_1_608' title='bbox 1920 4536 2077 4588; x_wconf 91' lang='lat' dir='ltr'><strong>nere,</strong></span> <span class='ocrx_word' id='word_1_609' title='bbox 2104 4519 2197 4574; x_wconf 87' lang='lat' dir='ltr'><strong>vix</strong></span> <span class='ocrx_word' id='word_1_610' title='bbox 2226 4519 2461 4574; x_wconf 89' lang='lat' dir='ltr'><strong>evadere</strong></span> <span class='ocrx_word' id='word_1_611' title='bbox 2498 4519 2701 4589; x_wconf 89' lang='lat' dir='ltr'><strong>potuit.</strong></span> <span class='ocrx_word' id='word_1_612' title='bbox 2736 4517 2943 4572; x_wconf 89' lang='lat' dir='ltr'><strong>Videns</strong></span> <span class='ocrx_word' id='word_1_613' title='bbox 2968 4516 3183 4572; x_wconf 90' lang='lat' dir='ltr'><strong>Cestius</strong></span> <span class='ocrx_word' id='word_1_614' title='bbox 3222 4517 3551 4589; x_wconf 91' lang='lat' dir='ltr'><strong>hujusmodi</strong></span> 
     </span>
    </p>
   </div>
   <div class='ocr_carea' id='block_1_89' title="bbox 174 4613 1815 4687">
    <p class='ocr_par' dir='ltr' id='par_1_89' title="bbox 174 4613 1815 4687">
     <span class='ocr_line' id='line_1_89' title="bbox 174 4613 1815 4687; baseline -0.001 -18"><span class='ocrx_word' id='word_1_615' title='bbox 174 4632 414 4687; x_wconf 86' lang='lat' dir='ltr'><strong>quoque</strong></span> <span class='ocrx_word' id='word_1_616' title='bbox 458 4613 819 4686; x_wconf 90' lang='lat' dir='ltr'><strong>publicorum</strong></span> <span class='ocrx_word' id='word_1_617' title='bbox 869 4631 1112 4686; x_wconf 91' lang='lat' dir='ltr'><strong>operum</strong></span> <span class='ocrx_word' id='word_1_618' title='bbox 1161 4614 1679 4685; x_wconf 88' lang='lat' dir='ltr'><strong>pulchritudinem,</strong></span> <span class='ocrx_word' id='word_1_619' title='bbox 1728 4615 1815 4668; x_wconf 89' lang='lat' dir='ltr'><strong>in-</strong></span> 
     </span>
    </p>
   </div>
   <div class='ocr_carea' id='block_1_90' title="bbox 170 4708 1814 4780">
    <p class='ocr_par' dir='ltr' id='par_1_90' title="bbox 170 4708 1814 4780">
     <span class='ocr_line' id='line_1_90' title="bbox 170 4708 1814 4780; baseline -0.001 -15"><span class='ocrx_word' id='word_1_620' title='bbox 170 4709 341 4765; x_wconf 87' lang='lat' dir='ltr'><strong>cendi</strong></span> <span class='ocrx_word' id='word_1_621' title='bbox 386 4708 588 4780; x_wconf 86' lang='lat' dir='ltr'><strong>jussit,</strong></span> <span class='ocrx_word' id='word_1_622' title='bbox 650 4712 705 4763; x_wconf 92' lang='lat' dir='ltr'><strong>et</strong></span> <span class='ocrx_word' id='word_1_623' title='bbox 757 4708 916 4779; x_wconf 81' lang='lat' dir='ltr'><strong>quasi</strong></span> <span class='ocrx_word' id='word_1_624' title='bbox 968 4708 1072 4763; x_wconf 91' lang='lat' dir='ltr'><strong>hoc</strong></span> <span class='ocrx_word' id='word_1_625' title='bbox 1123 4725 1325 4779; x_wconf 89' lang='lat' dir='ltr'><strong>parum</strong></span> <span class='ocrx_word' id='word_1_626' title='bbox 1379 4709 1450 4763; x_wconf 93' lang='lat' dir='ltr'><strong>ad</strong></span> <span class='ocrx_word' id='word_1_627' title='bbox 1504 4709 1814 4763; x_wconf 87' lang='lat' dir='ltr'><strong>vindictam</strong></span> 
     </span>
    </p>
   </div>
   <div class='ocr_carea' id='block_1_91' title="bbox 172 4801 1815 4875">
    <p class='ocr_par' dir='ltr' id='par_1_91' title="bbox 172 4801 1815 4875">
     <span class='ocr_line' id='line_1_91' title="bbox 172 4801 1815 4875; baseline 0.001 -18"><span class='ocrx_word' id='word_1_628' title='bbox 172 4805 347 4870; x_wconf 86' lang='lat' dir='ltr'><strong>foret,</strong></span> <span class='ocrx_word' id='word_1_629' title='bbox 377 4804 593 4874; x_wconf 82' lang='lat' dir='ltr'><strong>Joppen</strong></span> <span class='ocrx_word' id='word_1_630' title='bbox 620 4802 912 4874; x_wconf 67' lang='lat' dir='ltr'><strong>praemisso</strong></span> <span class='ocrx_word' id='word_1_631' title='bbox 952 4801 1225 4869; x_wconf 84' lang='lat' dir='ltr'><strong>exercitu,</strong></span> <span class='ocrx_word' id='word_1_632' title='bbox 1258 4819 1330 4857; x_wconf 92' lang='lat' dir='ltr'><strong>ne</strong></span> <span class='ocrx_word' id='word_1_633' title='bbox 1364 4802 1492 4874; x_wconf 88' lang='lat' dir='ltr'><strong>quis</strong></span> <span class='ocrx_word' id='word_1_634' title='bbox 1519 4804 1655 4875; x_wconf 87' lang='lat' dir='ltr'><strong>fuga</strong></span> <span class='ocrx_word' id='word_1_635' title='bbox 1694 4820 1815 4859; x_wconf 87' lang='lat' dir='ltr'><strong>sese</strong></span> 
     </span>
    </p>
   </div>
   <div class='ocr_carea' id='block_1_92' title="bbox 173 4895 1816 4968">
    <p class='ocr_par' dir='ltr' id='par_1_92' title="bbox 173 4895 1816 4968">
     <span class='ocr_line' id='line_1_92' title="bbox 173 4895 1816 4968; baseline 0.001 -17"><span class='ocrx_word' id='word_1_636' title='bbox 173 4897 353 4951; x_wconf 85' lang='lat' dir='ltr'><strong>exitio</strong></span> <span class='ocrx_word' id='word_1_637' title='bbox 382 4895 742 4962; x_wconf 89' lang='lat' dir='ltr'><strong>subduceret,</strong></span> <span class='ocrx_word' id='word_1_638' title='bbox 775 4898 923 4950; x_wconf 91' lang='lat' dir='ltr'><strong>terra</strong></span> <span class='ocrx_word' id='word_1_639' title='bbox 959 4895 1211 4967; x_wconf 85' lang='lat' dir='ltr'><strong>marique</strong></span> <span class='ocrx_word' id='word_1_640' title='bbox 1244 4896 1690 4967; x_wconf 86' lang='lat' dir='ltr'><strong>irrumpentibus</strong></span> <span class='ocrx_word' id='word_1_641' title='bbox 1719 4899 1816 4968; x_wconf 88' lang='lat' dir='ltr'><strong>qui</strong></span> 
     </span>
    </p>
   </div>
   <div class='ocr_carea' id='block_1_93' title="bbox 175 4989 1815 5061">
    <p class='ocr_par' dir='ltr' id='par_1_93' title="bbox 175 4989 1815 5061">
     <span class='ocr_line' id='line_1_93' title="bbox 175 4989 1815 5061; baseline 0.001 -17"><span class='ocrx_word' id='word_1_642' title='bbox 175 4989 452 5046; x_wconf 88' lang='lat' dir='ltr'><strong>destinati</strong></span> <span class='ocrx_word' id='word_1_643' title='bbox 490 4989 737 5059; x_wconf 87' lang='lat' dir='ltr'><strong>fuerant,</strong></span> <span class='ocrx_word' id='word_1_644' title='bbox 777 4991 1088 5061; x_wconf 89' lang='lat' dir='ltr'><strong>occupavit,</strong></span> <span class='ocrx_word' id='word_1_645' title='bbox 1122 4990 1451 5061; x_wconf 87' lang='lat' dir='ltr'><strong>necatisque</strong></span> <span class='ocrx_word' id='word_1_646' title='bbox 1486 4993 1614 5045; x_wconf 92' lang='lat' dir='ltr'><strong>octo</strong></span> <span class='ocrx_word' id='word_1_647' title='bbox 1648 4990 1815 5045; x_wconf 92' lang='lat' dir='ltr'><strong>milli-</strong></span> 
     </span>
    </p>
   </div>
   <div class='ocr_carea' id='block_1_94' title="bbox 176 5084 1817 5156">
    <p class='ocr_par' dir='ltr' id='par_1_94' title="bbox 176 5084 1817 5156">
     <span class='ocr_line' id='line_1_94' title="bbox 176 5084 1817 5156; baseline 0.001 -18"><span class='ocrx_word' id='word_1_648' title='bbox 176 5086 285 5138; x_wconf 90' lang='lat' dir='ltr'><strong>bus</strong></span> <span class='ocrx_word' id='word_1_649' title='bbox 316 5084 592 5151; x_wconf 87' lang='lat' dir='ltr'><strong>virorum,</strong></span> <span class='ocrx_word' id='word_1_650' title='bbox 625 5087 679 5139; x_wconf 88' lang='lat' dir='ltr'><strong>et</strong></span> <span class='ocrx_word' id='word_1_651' title='bbox 721 5084 1158 5155; x_wconf 87' lang='lat' dir='ltr'><strong>quadringentis</strong></span> <span class='ocrx_word' id='word_1_652' title='bbox 1198 5084 1377 5139; x_wconf 88' lang='lat' dir='ltr'><strong>ferme</strong></span> <span class='ocrx_word' id='word_1_653' title='bbox 1411 5084 1676 5156; x_wconf 89' lang='lat' dir='ltr'><strong>amplius,</strong></span> <span class='ocrx_word' id='word_1_654' title='bbox 1719 5085 1817 5140; x_wconf 89' lang='lat' dir='ltr'><strong>ubi</strong></span> 
     </span>
    </p>
   </div>
   <div class='ocr_carea' id='block_1_95' title="bbox 177 5177 1818 5251">
    <p class='ocr_par' dir='ltr' id='par_1_95' title="bbox 177 5177 1818 5251">
     <span class='ocr_line' id='line_1_95' title="bbox 177 5177 1818 5251; baseline 0 -18"><span class='ocrx_word' id='word_1_655' title='bbox 177 5177 375 5251; x_wconf 65' lang='lat' dir='ltr'><strong>prteda</strong></span> <span class='ocrx_word' id='word_1_656' title='bbox 433 5178 647 5250; x_wconf 73' lang='lat' dir='ltr'><strong>rupium</strong></span> <span class='ocrx_word' id='word_1_657' title='bbox 699 5179 892 5243; x_wconf 81' lang='lat' dir='ltr'><strong>cessit,</strong></span> <span class='ocrx_word' id='word_1_658' title='bbox 955 5183 1157 5233; x_wconf 87' lang='lat' dir='ltr'><strong>exusta</strong></span> <span class='ocrx_word' id='word_1_659' title='bbox 1214 5178 1408 5234; x_wconf 89' lang='lat' dir='ltr'><strong>civitas</strong></span> <span class='ocrx_word' id='word_1_660' title='bbox 1463 5183 1566 5235; x_wconf 89' lang='lat' dir='ltr'><strong>est.</strong></span> <span class='ocrx_word' id='word_1_661' title='bbox 1627 5179 1818 5233; x_wconf 86' lang='lat' dir='ltr'><strong>Vicina</strong></span> 
     </span>
    </p>
   </div>
   <div class='ocr_carea' id='block_1_96' title="bbox 178 5272 1813 5344">
    <p class='ocr_par' dir='ltr' id='par_1_96' title="bbox 178 5272 1813 5344">
     <span class='ocr_line' id='line_1_96' title="bbox 178 5272 1813 5344; baseline 0.003 -23"><span class='ocrx_word' id='word_1_662' title='bbox 178 5288 415 5343; x_wconf 72' lang='lat' dir='ltr'><strong>quoque</strong></span> <span class='ocrx_word' id='word_1_663' title='bbox 440 5273 711 5327; x_wconf 68' lang='lat' dir='ltr'><strong>Caesarem</strong></span> <span class='ocrx_word' id='word_1_664' title='bbox 749 5272 1153 5342; x_wconf 86' lang='lat' dir='ltr'><strong>depopulatus,</strong></span> <span class='ocrx_word' id='word_1_665' title='bbox 1193 5272 1429 5344; x_wconf 89' lang='lat' dir='ltr'><strong>diripuit</strong></span> <span class='ocrx_word' id='word_1_666' title='bbox 1456 5274 1703 5340; x_wconf 87' lang='lat' dir='ltr'><strong>inventa,</strong></span> <span class='ocrx_word' id='word_1_667' title='bbox 1734 5273 1813 5326; x_wconf 90' lang='lat' dir='ltr'><strong>vi-</strong></span> 
     </span>
    </p>
   </div>
   <div class='ocr_carea' id='block_1_97' title="bbox 177 5365 1814 5439">
    <p class='ocr_par' dir='ltr' id='par_1_97' title="bbox 177 5365 1814 5439">
     <span class='ocr_line' id='line_1_97' title="bbox 177 5365 1814 5439; baseline 0.001 -18"><span class='ocrx_word' id='word_1_668' title='bbox 177 5383 272 5421; x_wconf 88' lang='lat' dir='ltr'><strong>cos</strong></span> <span class='ocrx_word' id='word_1_669' title='bbox 300 5366 574 5421; x_wconf 88' lang='lat' dir='ltr'><strong>incendit.</strong></span> <span class='ocrx_word' id='word_1_670' title='bbox 602 5367 773 5435; x_wconf 91' lang='lat' dir='ltr'><strong>Cujus</strong></span> <span class='ocrx_word' id='word_1_671' title='bbox 820 5366 987 5435; x_wconf 87' lang='lat' dir='ltr'><strong>fregit</strong></span> <span class='ocrx_word' id='word_1_672' title='bbox 1019 5365 1295 5437; x_wconf 88' lang='lat' dir='ltr'><strong>impetum</strong></span> <span class='ocrx_word' id='word_1_673' title='bbox 1331 5367 1621 5439; x_wconf 84' lang='lat' dir='ltr'><strong>Sephoris,</strong></span> <span class='ocrx_word' id='word_1_674' title='bbox 1654 5384 1814 5438; x_wconf 80' lang='lat' dir='ltr'><strong>egre-</strong></span> 
     </span>
    </p>
   </div>
   <div class='ocr_carea' id='block_1_98' title="bbox 178 5458 1820 5528">
    <p class='ocr_par' dir='ltr' id='par_1_98' title="bbox 178 5458 1820 5528">
     <span class='ocr_line' id='line_1_98' title="bbox 178 5458 1820 5528; baseline 0.001 -13"><span class='ocrx_word' id='word_1_675' title='bbox 178 5460 468 5515; x_wconf 88' lang='lat' dir='ltr'><strong>dientibus</strong></span> <span class='ocrx_word' id='word_1_676' title='bbox 510 5458 726 5512; x_wconf 90' lang='lat' dir='ltr'><strong>cunctis</strong></span> <span class='ocrx_word' id='word_1_677' title='bbox 762 5459 984 5512; x_wconf 90' lang='lat' dir='ltr'><strong>obviam</strong></span> <span class='ocrx_word' id='word_1_678' title='bbox 1026 5460 1230 5528; x_wconf 90' lang='lat' dir='ltr'><strong>Cestio,</strong></span> <span class='ocrx_word' id='word_1_679' title='bbox 1278 5460 1484 5516; x_wconf 90' lang='lat' dir='ltr'><strong>civium</strong></span> <span class='ocrx_word' id='word_1_680' title='bbox 1524 5462 1719 5517; x_wconf 85' lang='lat' dir='ltr'><strong>favore</strong></span> <span class='ocrx_word' id='word_1_681' title='bbox 1761 5466 1820 5517; x_wconf 90' lang='lat' dir='ltr'><strong>et</strong></span> 
     </span>
    </p>
   </div>
   <div class='ocr_carea' id='block_1_99' title="bbox 182 5549 1814 5626">
    <p class='ocr_par' dir='ltr' id='par_1_99' title="bbox 182 5549 1814 5626">
     <span class='ocr_line' id='line_1_99' title="bbox 182 5549 1814 5626; baseline 0.001 -19"><span class='ocrx_word' id='word_1_682' title='bbox 182 5553 369 5619; x_wconf 79' lang='lat' dir='ltr'><strong>gratia</strong></span> <span class='ocrx_word' id='word_1_683' title='bbox 410 5551 703 5617; x_wconf 88' lang='lat' dir='ltr'><strong>delinitus,</strong></span> <span class='ocrx_word' id='word_1_684' title='bbox 739 5549 1054 5607; x_wconf 88' lang='lat' dir='ltr'><strong>immunem</strong></span> <span class='ocrx_word' id='word_1_685' title='bbox 1100 5553 1272 5608; x_wconf 90' lang='lat' dir='ltr'><strong>cladis</strong></span> <span class='ocrx_word' id='word_1_686' title='bbox 1321 5554 1518 5609; x_wconf 91' lang='lat' dir='ltr'><strong>urbem</strong></span> <span class='ocrx_word' id='word_1_687' title='bbox 1564 5555 1814 5626; x_wconf 85' lang='lat' dir='ltr'><strong>reliquit.</strong></span> 
     </span>
    </p>
   </div>
   <div class='ocr_carea' id='block_1_100' title="bbox 183 5644 1818 5718">
    <p class='ocr_par' dir='ltr' id='par_1_100' title="bbox 183 5644 1818 5718">
     <span class='ocr_line' id='line_1_100' title="bbox 183 5644 1818 5718; baseline 0.002 -19"><span class='ocrx_word' id='word_1_688' title='bbox 183 5645 457 5701; x_wconf 75' lang='lat' dir='ltr'><strong>Fervebat</strong></span> <span class='ocrx_word' id='word_1_689' title='bbox 506 5645 566 5700; x_wconf 93' lang='lat' dir='ltr'><strong>in</strong></span> <span class='ocrx_word' id='word_1_690' title='bbox 622 5644 711 5700; x_wconf 89' lang='lat' dir='ltr'><strong>his</strong></span> <span class='ocrx_word' id='word_1_691' title='bbox 756 5645 890 5701; x_wconf 87' lang='lat' dir='ltr'><strong>locis</strong></span> <span class='ocrx_word' id='word_1_692' title='bbox 940 5647 1304 5718; x_wconf 88' lang='lat' dir='ltr'><strong>congregatio</strong></span> <span class='ocrx_word' id='word_1_693' title='bbox 1355 5649 1671 5717; x_wconf 90' lang='lat' dir='ltr'><strong>latronum,</strong></span> <span class='ocrx_word' id='word_1_694' title='bbox 1720 5650 1818 5703; x_wconf 91' lang='lat' dir='ltr'><strong>sed</strong></span> 
     </span>
    </p>
   </div>
   <div class='ocr_carea' id='block_1_101' title="bbox 247 5769 967 5828">
    <p class='ocr_par' dir='ltr' id='par_1_101' title="bbox 247 5769 967 5828">
     <span class='ocr_line' id='line_1_101' title="bbox 247 5769 967 5828; baseline 0 -9"><span class='ocrx_word' id='word_1_695' title='bbox 247 5769 346 5828; x_wconf 73' lang='lat'><strong>{62)</strong></span> <span class='ocrx_word' id='word_1_696' title='bbox 376 5770 754 5820; x_wconf 82' lang='lat' dir='ltr'><strong>Romanorum.</strong></span> <span class='ocrx_word' id='word_1_697' title='bbox 790 5769 967 5821; x_wconf 61' lang='grc' dir='ltr'><strong>ΒΑΜ.</strong></span> 
     </span>
    </p>
   </div>
   <div class='ocr_carea' id='block_1_102' title="bbox 244 5840 1379 5903">
    <p class='ocr_par' dir='ltr' id='par_1_102' title="bbox 244 5840 1379 5903">
     <span class='ocr_line' id='line_1_102' title="bbox 244 5840 1379 5903; baseline 0.001 -11"><span class='ocrx_word' id='word_1_698' title='bbox 244 5841 346 5903; x_wconf 80' lang='lat'><strong>(63)</strong></span> <span class='ocrx_word' id='word_1_699' title='bbox 378 5840 515 5893; x_wconf 60' lang='lat' dir='ltr'><strong>Hec</strong></span> <span class='ocrx_word' id='word_1_700' title='bbox 541 5855 650 5893; x_wconf 87' lang='lat' dir='ltr'><strong>vox</strong></span> <span class='ocrx_word' id='word_1_701' title='bbox 678 5855 793 5893; x_wconf 89' lang='lat' dir='ltr'><strong>non</strong></span> <span class='ocrx_word' id='word_1_702' title='bbox 818 5841 1054 5896; x_wconf 85' lang='lat' dir='ltr'><strong>habetur</strong></span> <span class='ocrx_word' id='word_1_703' title='bbox 1077 5842 1135 5894; x_wconf 87' lang='lat' dir='ltr'><strong>in</strong></span> <span class='ocrx_word' id='word_1_704' title='bbox 1163 5857 1267 5895; x_wconf 87' lang='lat' dir='ltr'><strong>ms.</strong></span> <span class='ocrx_word' id='word_1_705' title='bbox 1298 5843 1379 5894; x_wconf 87' lang='lat' dir='ltr'><strong>In.</strong></span> 
     </span>
    </p>
   </div>
   <div class='ocr_carea' id='block_1_103' title="bbox 1919 4610 3550 4682">
    <p class='ocr_par' dir='ltr' id='par_1_103' title="bbox 1919 4610 3550 4682">
     <span class='ocr_line' id='line_1_103' title="bbox 1919 4610 3550 4682; baseline -0.001 -15"><span class='ocrx_word' id='word_1_706' title='bbox 1919 4614 1975 4668; x_wconf 92' lang='lat' dir='ltr'><strong>in</strong></span> <span class='ocrx_word' id='word_1_707' title='bbox 2006 4614 2146 4668; x_wconf 88' lang='lat' dir='ltr'><strong>urbe</strong></span> <span class='ocrx_word' id='word_1_708' title='bbox 2186 4612 2599 4681; x_wconf 88' lang='lat' dir='ltr'><strong>contentiones,</strong></span> <span class='ocrx_word' id='word_1_709' title='bbox 2632 4611 2837 4682; x_wconf 89' lang='lat' dir='ltr'><strong>quibus</strong></span> <span class='ocrx_word' id='word_1_710' title='bbox 2879 4610 2973 4665; x_wconf 92' lang='lat' dir='ltr'><strong>alii</strong></span> <span class='ocrx_word' id='word_1_711' title='bbox 3006 4611 3063 4664; x_wconf 92' lang='lat' dir='ltr'><strong>in</strong></span> <span class='ocrx_word' id='word_1_712' title='bbox 3104 4612 3324 4682; x_wconf 88' lang='lat' dir='ltr'><strong>legatos</strong></span> <span class='ocrx_word' id='word_1_713' title='bbox 3362 4610 3550 4667; x_wconf 89' lang='lat' dir='ltr'><strong>insur-</strong></span> 
     </span>
    </p>
   </div>
   <div class='ocr_carea' id='block_1_104' title="bbox 1918 4704 3548 4778">
    <p class='ocr_par' dir='ltr' id='par_1_104' title="bbox 1918 4704 3548 4778">
     <span class='ocr_line' id='line_1_104' title="bbox 1918 4704 3548 4778; baseline -0.001 -15"><span class='ocrx_word' id='word_1_714' title='bbox 1918 4711 2154 4778; x_wconf 89' lang='lat' dir='ltr'><strong>gerent,</strong></span> <span class='ocrx_word' id='word_1_715' title='bbox 2211 4706 2308 4760; x_wconf 90' lang='lat' dir='ltr'><strong>alii</strong></span> <span class='ocrx_word' id='word_1_716' title='bbox 2365 4707 2646 4759; x_wconf 83' lang='lat' dir='ltr'><strong>Romanos</strong></span> <span class='ocrx_word' id='word_1_717' title='bbox 2709 4704 2847 4759; x_wconf 89' lang='lat' dir='ltr'><strong>urbe</strong></span> <span class='ocrx_word' id='word_1_718' title='bbox 2902 4704 3296 4776; x_wconf 89' lang='lat' dir='ltr'><strong>suscipiendos</strong></span> <span class='ocrx_word' id='word_1_719' title='bbox 3351 4705 3548 4761; x_wconf 89' lang='lat' dir='ltr'><strong>suade-</strong></span> 
     </span>
    </p>
   </div>
   <div class='ocr_carea' id='block_1_105' title="bbox 1920 4799 3549 4872">
    <p class='ocr_par' dir='ltr' id='par_1_105' title="bbox 1920 4799 3549 4872">
     <span class='ocr_line' id='line_1_105' title="bbox 1920 4799 3549 4872; baseline -0.001 -18"><span class='ocrx_word' id='word_1_720' title='bbox 1920 4804 2066 4867; x_wconf 88' lang='lat' dir='ltr'><strong>rent,</strong></span> <span class='ocrx_word' id='word_1_721' title='bbox 2109 4802 2430 4870; x_wconf 89' lang='lat' dir='ltr'><strong>irrumpere</strong></span> <span class='ocrx_word' id='word_1_722' title='bbox 2471 4804 2723 4866; x_wconf 86' lang='lat' dir='ltr'><strong>conatus,</strong></span> <span class='ocrx_word' id='word_1_723' title='bbox 2765 4816 2945 4870; x_wconf 87' lang='lat' dir='ltr'><strong>usque</strong></span> <span class='ocrx_word' id='word_1_724' title='bbox 2994 4799 3436 4872; x_wconf 84' lang='lat' dir='ltr'><strong>Hierosolymam</strong></span> <span class='ocrx_word' id='word_1_725' title='bbox 3471 4816 3549 4853; x_wconf 89' lang='lat' dir='ltr'><strong>re-</strong></span> 
     </span>
    </p>
   </div>
   <div class='ocr_carea' id='block_1_106' title="bbox 1917 4892 3547 4965">
    <p class='ocr_par' dir='ltr' id='par_1_106' title="bbox 1917 4892 3547 4965">
     <span class='ocr_line' id='line_1_106' title="bbox 1917 4892 3547 4965; baseline -0.002 -15"><span class='ocrx_word' id='word_1_726' title='bbox 1917 4895 2175 4950; x_wconf 89' lang='lat' dir='ltr'><strong>sistentes</strong></span> <span class='ocrx_word' id='word_1_727' title='bbox 2212 4893 2445 4965; x_wconf 88' lang='lat' dir='ltr'><strong>repulit;</strong></span> <span class='ocrx_word' id='word_1_728' title='bbox 2485 4898 2541 4947; x_wconf 89' lang='lat' dir='ltr'><strong>et</strong></span> <span class='ocrx_word' id='word_1_729' title='bbox 2581 4893 2698 4963; x_wconf 89' lang='lat' dir='ltr'><strong>ipse</strong></span> <span class='ocrx_word' id='word_1_730' title='bbox 2738 4892 2806 4947; x_wconf 88' lang='lat' dir='ltr'><strong>ad</strong></span> <span class='ocrx_word' id='word_1_731' title='bbox 2853 4892 3086 4947; x_wconf 87' lang='lat' dir='ltr'><strong>tertium</strong></span> <span class='ocrx_word' id='word_1_732' title='bbox 3130 4892 3383 4947; x_wconf 91' lang='lat' dir='ltr'><strong>stadium</strong></span> <span class='ocrx_word' id='word_1_733' title='bbox 3427 4908 3547 4947; x_wconf 90' lang='lat' dir='ltr'><strong>me-</strong></span> 
     </span>
    </p>
   </div>
   <div class='ocr_carea' id='block_1_107' title="bbox 1918 4985 3549 5058">
    <p class='ocr_par' dir='ltr' id='par_1_107' title="bbox 1918 4985 3549 5058">
     <span class='ocr_line' id='line_1_107' title="bbox 1918 4985 3549 5058; baseline -0.004 -13"><span class='ocrx_word' id='word_1_734' title='bbox 1918 4994 2156 5045; x_wconf 61' lang='lat' dir='ltr'><strong>moratae</strong></span> <span class='ocrx_word' id='word_1_735' title='bbox 2193 4987 2349 5041; x_wconf 91' lang='lat' dir='ltr'><strong>urbis</strong></span> <span class='ocrx_word' id='word_1_736' title='bbox 2378 5002 2508 5041; x_wconf 89' lang='lat' dir='ltr'><strong>cum</strong></span> <span class='ocrx_word' id='word_1_737' title='bbox 2550 4986 2799 5042; x_wconf 90' lang='lat' dir='ltr'><strong>exercitu</strong></span> <span class='ocrx_word' id='word_1_738' title='bbox 2845 4985 3338 5058; x_wconf 88' lang='lat' dir='ltr'><strong>appropinquavit,</strong></span> <span class='ocrx_word' id='word_1_739' title='bbox 3378 4988 3549 5056; x_wconf 89' lang='lat' dir='ltr'><strong>atque</strong></span> 
     </span>
    </p>
   </div>
   <div class='ocr_carea' id='block_1_108' title="bbox 1920 5079 3553 5153">
    <p class='ocr_par' dir='ltr' id='par_1_108' title="bbox 1920 5079 3553 5153">
     <span class='ocr_line' id='line_1_108' title="bbox 1920 5079 3553 5153; baseline -0.003 -16"><span class='ocrx_word' id='word_1_740' title='bbox 1920 5084 2031 5138; x_wconf 92' lang='lat' dir='ltr'><strong>illic</strong></span> <span class='ocrx_word' id='word_1_741' title='bbox 2074 5080 2269 5153; x_wconf 85' lang='lat' dir='ltr'><strong>exegit</strong></span> <span class='ocrx_word' id='word_1_742' title='bbox 2304 5081 2584 5136; x_wconf 89' lang='lat' dir='ltr'><strong>triduum.</strong></span> <span class='ocrx_word' id='word_1_743' title='bbox 2617 5080 2827 5145; x_wconf 91' lang='lat' dir='ltr'><strong>Quarto</strong></span> <span class='ocrx_word' id='word_1_744' title='bbox 2871 5080 2961 5135; x_wconf 90' lang='lat' dir='ltr'><strong>die</strong></span> <span class='ocrx_word' id='word_1_745' title='bbox 3002 5080 3218 5151; x_wconf 91' lang='lat' dir='ltr'><strong>impetu</strong></span> <span class='ocrx_word' id='word_1_746' title='bbox 3266 5079 3433 5147; x_wconf 89' lang='lat' dir='ltr'><strong>facto,</strong></span> <span class='ocrx_word' id='word_1_747' title='bbox 3472 5079 3553 5132; x_wconf 89' lang='lat' dir='ltr'><strong>in-</strong></span> 
     </span>
    </p>
   </div>
   <div class='ocr_carea' id='block_1_109' title="bbox 1918 5172 3548 5249">
    <p class='ocr_par' dir='ltr' id='par_1_109' title="bbox 1918 5172 3548 5249">
     <span class='ocr_line' id='line_1_109' title="bbox 1918 5172 3548 5249; baseline -0.003 -17"><span class='ocrx_word' id='word_1_748' title='bbox 1918 5193 2147 5249; x_wconf 88' lang='lat' dir='ltr'><strong>gressus</strong></span> <span class='ocrx_word' id='word_1_749' title='bbox 2184 5175 2519 5230; x_wconf 89' lang='lat' dir='ltr'><strong>Bethesdam</strong></span> <span class='ocrx_word' id='word_1_750' title='bbox 2563 5174 2715 5229; x_wconf 92' lang='lat' dir='ltr'><strong>illico</strong></span> <span class='ocrx_word' id='word_1_751' title='bbox 2757 5173 3038 5241; x_wconf 90' lang='lat' dir='ltr'><strong>incendit,</strong></span> <span class='ocrx_word' id='word_1_752' title='bbox 3090 5177 3149 5227; x_wconf 89' lang='lat' dir='ltr'><strong>et</strong></span> <span class='ocrx_word' id='word_1_753' title='bbox 3191 5172 3548 5245; x_wconf 89' lang='lat' dir='ltr'><strong>Cenopolim.</strong></span> 
     </span>
    </p>
   </div>
   <div class='ocr_carea' id='block_1_110' title="bbox 1920 5266 3549 5340">
    <p class='ocr_par' dir='ltr' id='par_1_110' title="bbox 1920 5266 3549 5340">
     <span class='ocr_line' id='line_1_110' title="bbox 1920 5266 3549 5340; baseline -0.004 -14"><span class='ocrx_word' id='word_1_754' title='bbox 1920 5271 2029 5337; x_wconf 87' lang='lat' dir='ltr'><strong>Qui</strong></span> <span class='ocrx_word' id='word_1_755' title='bbox 2058 5269 2443 5325; x_wconf 88' lang='lat' dir='ltr'><strong>conscendens</strong></span> <span class='ocrx_word' id='word_1_756' title='bbox 2475 5268 2585 5338; x_wconf 67' lang='lat'><strong>(64)</strong></span> <span class='ocrx_word' id='word_1_757' title='bbox 2615 5269 2684 5324; x_wconf 90' lang='lat' dir='ltr'><strong>ad</strong></span> <span class='ocrx_word' id='word_1_758' title='bbox 2716 5268 3008 5340; x_wconf 89' lang='lat' dir='ltr'><strong>superiora</strong></span> <span class='ocrx_word' id='word_1_759' title='bbox 3043 5266 3222 5334; x_wconf 91' lang='lat' dir='ltr'><strong>urbis,</strong></span> <span class='ocrx_word' id='word_1_760' title='bbox 3256 5266 3549 5338; x_wconf 88' lang='lat' dir='ltr'><strong>refugien-</strong></span> 
     </span>
    </p>
   </div>
   <div class='ocr_carea' id='block_1_111' title="bbox 1920 5359 3553 5431">
    <p class='ocr_par' dir='ltr' id='par_1_111' title="bbox 1920 5359 3553 5431">
     <span class='ocr_line' id='line_1_111' title="bbox 1920 5359 3553 5431; baseline -0.003 -12"><span class='ocrx_word' id='word_1_761' title='bbox 1920 5365 2071 5419; x_wconf 89' lang='lat' dir='ltr'><strong>tibus</strong></span> <span class='ocrx_word' id='word_1_762' title='bbox 2119 5364 2177 5419; x_wconf 92' lang='lat' dir='ltr'><strong>in</strong></span> <span class='ocrx_word' id='word_1_763' title='bbox 2237 5364 2514 5418; x_wconf 88' lang='lat' dir='ltr'><strong>interiora</strong></span> <span class='ocrx_word' id='word_1_764' title='bbox 2563 5361 2864 5428; x_wconf 88' lang='lat' dir='ltr'><strong>seditiosis,</strong></span> <span class='ocrx_word' id='word_1_765' title='bbox 2917 5360 2966 5414; x_wconf 90' lang='lat' dir='ltr'><strong>si</strong></span> <span class='ocrx_word' id='word_1_766' title='bbox 3012 5360 3449 5431; x_wconf 87' lang='lat' dir='ltr'><strong>irrumpendum</strong></span> <span class='ocrx_word' id='word_1_767' title='bbox 3496 5359 3553 5414; x_wconf 90' lang='lat' dir='ltr'><strong>in</strong></span> 
     </span>
    </p>
   </div>
   <div class='ocr_carea' id='block_1_112' title="bbox 1920 5453 3551 5529">
    <p class='ocr_par' dir='ltr' id='par_1_112' title="bbox 1920 5453 3551 5529">
     <span class='ocr_line' id='line_1_112' title="bbox 1920 5453 3551 5529; baseline -0.002 -17"><span class='ocrx_word' id='word_1_768' title='bbox 1920 5459 2121 5514; x_wconf 89' lang='lat' dir='ltr'><strong>urbem</strong></span> <span class='ocrx_word' id='word_1_769' title='bbox 2148 5460 2418 5529; x_wconf 87' lang='lat' dir='ltr'><strong>putasset,</strong></span> <span class='ocrx_word' id='word_1_770' title='bbox 2446 5456 2605 5511; x_wconf 91' lang='lat' dir='ltr'><strong>haud</strong></span> <span class='ocrx_word' id='word_1_771' title='bbox 2642 5455 2812 5510; x_wconf 90' lang='lat' dir='ltr'><strong>dubie</strong></span> <span class='ocrx_word' id='word_1_772' title='bbox 2842 5470 3013 5510; x_wconf 91' lang='lat' dir='ltr'><strong>omne</strong></span> <span class='ocrx_word' id='word_1_773' title='bbox 3045 5453 3259 5509; x_wconf 88' lang='lat' dir='ltr'><strong>bellum</strong></span> <span class='ocrx_word' id='word_1_774' title='bbox 3287 5459 3437 5509; x_wconf 89' lang='lat' dir='ltr'><strong>esset</strong></span> <span class='ocrx_word' id='word_1_775' title='bbox 3463 5471 3551 5509; x_wconf 88' lang='lat' dir='ltr'><strong>so-</strong></span> 
     </span>
    </p>
   </div>
   <div class='ocr_carea' id='block_1_113' title="bbox 1918 5548 3556 5623">
    <p class='ocr_par' dir='ltr' id='par_1_113' title="bbox 1918 5548 3556 5623">
     <span class='ocr_line' id='line_1_113' title="bbox 1918 5548 3556 5623; baseline -0.002 -17"><span class='ocrx_word' id='word_1_776' title='bbox 1918 5554 2121 5607; x_wconf 90' lang='lat' dir='ltr'><strong>lutum.</strong></span> <span class='ocrx_word' id='word_1_777' title='bbox 2170 5552 2423 5623; x_wconf 90' lang='lat' dir='ltr'><strong>Denique</strong></span> <span class='ocrx_word' id='word_1_778' title='bbox 2474 5551 2775 5621; x_wconf 90' lang='lat' dir='ltr'><strong>plerosque</strong></span> <span class='ocrx_word' id='word_1_779' title='bbox 2824 5551 3057 5604; x_wconf 88' lang='lat' dir='ltr'><strong>Ananus</strong></span> <span class='ocrx_word' id='word_1_780' title='bbox 3105 5549 3359 5603; x_wconf 67' lang='lat' dir='ltr'><strong>Jonathaa</strong></span> <span class='ocrx_word' id='word_1_781' title='bbox 3403 5548 3556 5602; x_wconf 75' lang='lat' dir='ltr'><strong>filius</strong></span> 
     </span>
    </p>
   </div>
   <div class='ocr_carea' id='block_1_114' title="bbox 1920 5642 3552 5714">
    <p class='ocr_par' dir='ltr' id='par_1_114' title="bbox 1920 5642 3552 5714">
     <span class='ocr_line' id='line_1_114' title="bbox 1920 5642 3552 5714; baseline -0.003 -13"><span class='ocrx_word' id='word_1_782' title='bbox 1920 5648 2307 5714; x_wconf 89' lang='lat' dir='ltr'><strong>collocaverat,</strong></span> <span class='ocrx_word' id='word_1_783' title='bbox 2349 5649 2413 5699; x_wconf 94' lang='lat' dir='ltr'><strong>ut</strong></span> <span class='ocrx_word' id='word_1_784' title='bbox 2455 5644 2763 5699; x_wconf 88' lang='lat' dir='ltr'><strong>invitarent</strong></span> <span class='ocrx_word' id='word_1_785' title='bbox 2811 5644 3100 5699; x_wconf 82' lang='lat' dir='ltr'><strong>Romanos</strong></span> <span class='ocrx_word' id='word_1_786' title='bbox 3141 5642 3374 5698; x_wconf 89' lang='lat' dir='ltr'><strong>vocibus</strong></span> <span class='ocrx_word' id='word_1_787' title='bbox 3416 5642 3552 5707; x_wconf 88' lang='lat' dir='ltr'><strong>suis,</strong></span> 
     </span>
    </p>
   </div>
   <div class='ocr_carea' id='block_1_115' title="bbox 1986 5768 2575 5833">
    <p class='ocr_par' dir='ltr' id='par_1_115' title="bbox 1986 5768 2575 5833">
     <span class='ocr_line' id='line_1_115' title="bbox 1986 5768 2575 5833; baseline -0.007 -12"><span class='ocrx_word' id='word_1_788' title='bbox 1986 5772 2083 5833; x_wconf 77' lang='grc'><strong>(64)</strong></span> <span class='ocrx_word' id='word_1_789' title='bbox 2112 5769 2459 5823; x_wconf 64' lang='lat' dir='ltr'><strong>Contentum.</strong></span> <span class='ocrx_word' id='word_1_790' title='bbox 2496 5768 2575 5818; x_wconf 85' lang='lat' dir='ltr'><strong>In.</strong></span> 
     </span>
    </p>
   </div>
  </div>
