4000 6166
616 233 751 285 2163

2032 231 2087 281 s.
2127 202 2441 283 AMBROSII

3743 249 3783 299 il
3793 251 3836 302 6i

526 396 538 411 ,
614 352 768 422 quasi
811 358 1002 422 portas
1050 352 1376 406 reseraturi.
1425 354 1535 408 Sed
1579 353 1716 409 dum
1758 353 1973 408 Cestius
2012 354 2097 407 vel
2145 369 2238 407 re-
2262 358 2625 436 Apoterant,
2667 370 2964 409 armorum
3001 353 3257 426 pondere
3304 355 3405 425 ipsi
3447 374 3630 428 graves,
3661 363 3838 423 hostibus

614 449 848 501 vocatur
880 465 912 500 a
950 447 1162 515 Prisco,
1212 448 1295 501 vel
1342 448 1626 518 plerisque
1670 447 2094 502 centurionibus
2140 447 2241 518 qui

613 540 865 611 corrupti
893 557 922 594 a
955 541 1142 609 Floro,
1184 540 1396 595 bellum
1437 541 1761 596 adolescere
1790 541 2116 611 cupiebant,
2149 542 2239 596 vel

612 650 815 706 parum
871 634 1069 700 credit,
1116 638 1345 689 Ananus
1389 651 1516 688 cum
1570 634 1684 688 suis
1744 651 1908 689 muro
1955 634 2235 706 dejicitur.

609 728 822 793 Quibus
850 728 920 782 ad
950 745 1053 783 sua
1082 729 1522 799 refugientibus,
1544 730 1734 784 locum
1763 746 1963 784 eorum
1986 730 2239 784 seditiosi

613 839 961 893 occupavere
998 840 1011 877 :
1047 823 1399 894 Romanique
1439 824 1693 894 quinque
1723 824 1924 877 diebus
1956 826 2239 877 tentantes

614 916 865 971 diversos
906 916 1120 982 aditus,
1161 933 1291 970 cum
1334 916 1743 987 impossibitem
1791 917 1895 971 sibi
1939 923 2239 971 cernerent

612 1011 1011 1081 irruptionem,
1052 1010 1243 1065 electis
1282 1010 1650 1064 validioribus
1693 1010 2008 1080 quibusque
2049 1016 2106 1065 et
2147 1028 2236 1065 sa-

615 1104 880 1176 gittariis,
903 1120 936 1158 a
958 1104 1386 1175 septentrionali
1414 1104 1590 1158 latere
1624 1106 1899 1175 templum
1928 1106 2193 1174 petebant
2223 1122 2234 1159 :

610 1198 791 1253 Judaei
819 1214 1049 1270 quoque
1079 1214 1194 1253 non
1232 1198 1589 1253 feriebantur
1624 1200 1951 1269 praeliantes
1988 1200 2234 1267 fortiter,

612 1296 667 1346 et
697 1292 934 1362 repulsis
963 1291 1157 1345 crebro
1185 1292 1439 1346 hostibus
1464 1293 1743 1346 elatiores.
1776 1293 1855 1347 Ad
1886 1299 2235 1363 postremum

615 1390 802 1440 tamen
853 1386 956 1454 (65)
1007 1386 1371 1440 multitudine
1416 1387 1753 1455 sagittarum
1801 1386 2078 1440 vulnerati
2120 1387 2233 1449 alii,

610 1478 706 1533 alii
753 1479 999 1549 percussi
1045 1486 1101 1534 et
1146 1480 1348 1545 territi,
1390 1496 1636 1549 cessere;
1690 1481 1964 1534 Romanis
2010 1497 2236 1534 murum

612 1572 925 1637 suffodere,
986 1576 1043 1628 et
1100 1576 1320 1644 portam
1381 1573 1682 1629 incendere
1742 1575 1937 1645 templi
2000 1574 2235 1629 adorsis.

612 1669 813 1735 Magna
859 1667 1154 1722 seditiosos
1202 1667 1446 1721 formido
1495 1668 1820 1733 incesserat,
1873 1672 1931 1722 et
1979 1669 2239 1739 quaedam

2342 447 2730 514 velocioribus,
2777 464 2919 518 quos
2964 463 3148 519 neque
3194 450 3459 520 consequi
3497 453 3631 508 facile
3660 464 3775 527 erat,
3807 470 3843 515 et

2341 544 2523 596 metus
2550 558 2828 609 summus,
2862 558 2933 596 ne
2974 542 3123 596 acies
3163 542 3634 615 interrumperetur
3669 568 3679 601 :
3710 551 3844 622 iniqua

2340 651 2477 705 ergo
2507 634 2835 690 certaminis
2859 635 3182 689 conditione
3208 652 3413 690 nocere
3450 637 3577 693 hosti
3605 644 3844 713 nequibant,

2340 745 2470 785 cum
2527 728 2632 799 ipsi
2687 728 2935 799 graviter
2993 730 3374 784 afficerentur.
3431 733 3652 787 “terebat
3695 739 3846 793 Cestius

2338 822 2560 877 consilii
2596 822 2866 889 incertus,
2895 838 3027 876 cum
3068 838 3173 893 per
3212 826 3397 876 totum
3436 823 3529 878 iter
3566 842 3671 880 suos
3700 836 3850 885 conteri

2340 916 2563 970 videret
2594 933 2607 969 :
2649 916 2824 970 etiam
2862 916 3149 986 plerisque
3186 916 3406 970 afﬂictis
3448 918 3632 973 militize
3666 922 3850 991 primori.

2338 1010 2459 1078 bus,
2503 1010 2751 1065 substitit
2786 1010 2982 1078 biduo,
3013 1011 3172 1082 quasi
3209 1012 3384 1066 fessos
3426 1019 3752 1082 reparaturus.
3781 1018 3850 1072 Sed

2340 1120 2469 1158 cum
2526 1103 2707 1175 magis
2761 1120 2825 1157 ac
2880 1103 3062 1175 magis
3113 1105 3310 1175 augeri
3366 1121 3641 1161 numerum
3680 1108 3851 1164 hostium

2338 1202 2618 1266 cerneret,
2651 1201 2710 1252 et
2734 1199 2928 1252 omnia
2967 1198 3028 1252 in
3069 1198 3309 1252 circuitu
3354 1199 3550 1253 referta
3586 1199 3854 1263 adversariis,

2338 1291 2557 1362 sibique
2601 1291 2825 1346 officere
2870 1293 3027 1363 quod
3073 1298 3422 1360 moraretur,
3468 1310 3529 1346 eo
3562 1295 3693 1364 quod
3728 1296 3855 1364 plures

2340 1391 2853 1455 congregarentur;
2899 1386 3068 1440 tertio
3114 1386 3206 1439 die
3256 1386 3636 1457 compendium
3674 1404 3857 1458 quaerens

2338 1478 2605 1533 transitus
2654 1479 2952 1547 facilioris,
3007 1479 3423 1549 impedimenta
3469 1481 3683 1550 agminis
3728 1482 3856 1535 adma

2340 1573 2454 1627 veri
2490 1575 2592 1641 (67)
2634 1573 2904 1643 praecepit
2934 1588 2947 1627 :
2983 1588 3125 1628 caesa
3162 1574 3450 1643 jumenta,
3495 1575 3725 1644 pleraque
3757 1576 3860 1629 vehi-

2341 1667 2465 1721 cula
2491 1666 2861 1733 comminuta,
2895 1667 3120 1737 aliaque
3147 1668 3479 1737 hujusmodi
3502 1685 3613 1739 quae
3636 1669 3763 1722 oneri
3784 1685 3858 1721 ma-

611 1761 895 1815 mentium
924 1762 1307 1816 consternatio
1340 1779 1351 1816 :
1380 1762 1625 1832 denique
1652 1762 1882 1832 plurimi
1913 1763 2074 1833 quasi
2104 1779 2234 1817 con-
2260 1732 2315 1802 B
2342 1761 2425 1831 gis
2470 1777 2643 1831 quam
2687 1762 2809 1814 usui
2853 1761 2909 1815 in
2954 1761 3219 1832 periculis
3263 1769 3449 1827 erant,
3495 1768 3779 1832 consumpta
3802 1768 3864 1815 aut

610 1853 773 1908 tinuo
801 1855 1073 1925 periturae
1104 1855 1257 1909 urbis
1290 1854 1507 1909 excidio
1542 1872 1599 1909 se
1637 1855 2040 1909 subtrahebant
2069 1857 2232 1925 fuga;

611 1963 715 2002 nec
745 1948 1056 2003 consistere
1084 1949 1229 2016 ausi,
1258 1949 1533 2003 dederant
1562 1951 1768 2020 populo
1806 1950 2232 2016 conﬁdentiam,

610 2046 676 2095 ut
704 2040 1121 2096 discedentibus
1158 2043 1239 2096 eis
1275 2059 1521 2113 quorum
1559 2044 2009 2097 circumvallatus
2048 2044 2237 2098 fuerat

609 2134 999 2203 multitudine,
1026 2140 1303 2205 tanquam
1324 2136 1446 2206 jam
1479 2136 1636 2203 liber,
1675 2140 1733 2189 et
1756 2137 2001 2207 quadam
2032 2144 2235 2191 exutus

611 2227 1003 2298 improborum
1028 2229 1323 2283 obsidione
1352 2230 1499 2283 circa
1522 2233 1709 2301 portas
1734 2247 1855 2283 sese
1888 2230 2232 2295 infunderet,

612 2322 818 2392 quibus
846 2322 1055 2393 apertis
1082 2325 1333 2378 Cestium
1362 2324 1658 2394 reciperet,
1688 2324 1851 2395 quasi
1878 2341 1990 2378 non
2022 2341 2235 2396 oppug-

606 2420 805 2470 natum
841 2416 1067 2485 urbem,
1102 2418 1196 2472 sed
1244 2417 1547 2471 defensum
1592 2416 1838 2473 venisset
1871 2434 1883 2473 :
1915 2418 2013 2473 sed
2044 2420 2230 2490 ipsum

609 2524 836 2580 quoque
869 2509 1117 2565 Cestium
1156 2510 1343 2565 subito
1382 2510 1618 2581 quidem
1662 2511 1869 2566 invasit
1911 2517 2129 2584 stupor,
2172 2517 2236 2566 ut

605 2618 715 2666 nec~
746 2602 1203 2674 desperationem
1242 2604 1661 2675 improborum,
1701 2622 1804 2660 nec
1830 2606 2081 2660 studium
2114 2608 2229 2677 ple-

605 2697 692 2751 bis
730 2697 1072 2751 intueretur.
1112 2697 1217 2761 Qui
1258 2698 1300 2752 si
1332 2698 1618 2768 paulisper
1642 2700 1839 2770 eoeptis
1864 2700 2231 2765 incubuisset,

605 2792 821 2846 bellum
880 2791 1207 2862 depulerat,
1270 2792 1467 2847 urbem
1527 2799 1776 2864 ceperat.
1839 2794 1949 2848 Sed
2005 2794 2235 2848 adversa

606 2886 905 2957 (quantum
938 2885 1183 2956 intelligi
1211 2885 1397 2956 datur)
1432 2886 1640 2942 Iudaeis
1670 2888 1929 2941 voluntas
1965 2887 2082 2953 Dei,
2122 2887 2229 2941 im-

606 2980 923 3033 minentem
978 2979 1108 3033 belli
1168 2979 1379 3035 exitum
1441 2980 1997 3051 comperendinavit,
2057 2980 2232 3034 donec

2340 1855 2707 1925 praecipitata,
2739 1861 2799 1909 ut
2828 1855 3194 1911 obsidionum
3222 1855 3592 1910 instrumenta
3617 1862 3699 1909 aut
3722 1872 3863 1927 genera

2336 1949 2602 2015 telorum,
2635 1948 2839 2018 quibus
2868 1949 3034 2003 rebus
3073 1949 3317 2020 amplius
3363 1949 3793 2013 conterrebantur,
3822 1964 3865 2001 ue

2335 2043 2631 2096 adversum
2660 2058 2717 2096 se
2754 2042 2976 2097 hostem
3013 2042 3128 2096 suis
3170 2042 3435 2097 subsidiis
3470 2042 3864 2104 armarent.0uod

2338 2135 2432 2189 ubi
2463 2135 2916 2191 animadvertere
2941 2136 3141 2204 Judaei,
3186 2137 3387 2207 fugam
3428 2136 3605 2207 potius
3631 2152 3660 2189 a
3681 2134 3869 2189 Romanis

2336 2246 2508 2300 quam
2556 2230 2768 2284 bellum
2820 2229 3039 2300 parari,
3090 2246 3442 2301 occupavere
3487 2230 3685 2284 itineris
3724 2245 3869 2297 angus-

2336 2322 2497 2391 tiora,
2543 2322 2925 2378 diffusior-ibus
2966 2323 3097 2378 locis
3145 2324 3335 2377 minus
3382 2325 3607 2391 instare,
3647 2320 3869 2394 prohibere

2334 2434 2365 2469 a
2421 2418 2630 2485 fronte,
2676 2435 2708 2470 a
2759 2418 3031 2473 lateribus
3081 2422 3408 2487 coarctare,
3461 2435 3649 2488 urgere
3689 2435 3717 2471 a
3751 2421 3870 2485 tergo.

2335 2527 2537 2581 cogere
2569 2512 2629 2566 in
2670 2511 3075 2582 praecipitium,
3118 2513 3176 2565 in
3223 2513 3383 2583 quod
3428 2513 3659 2583 undique
3698 2508 3871 2564 coactus

2337 2610 2436 2659 aut
2460 2605 2603 2675 lapsi
2648 2605 3063 2676 dejiciebantur
3098 2622 3112 2659 :
3146 2606 3411 2677 plerique
3457 2607 3704 2661 obterere
3737 2603 3874 2657 coelum

2329 2699 2555 2768 jaculis,
2598 2700 2819 2769 operire
2861 2716 3069 2770 agmen
3111 2701 3346 2771 sagittis,
3395 2716 3672 2771 nunquam
3711 2697 3872 2752 remisso

2334 2792 2538 2860 officio,
2584 2793 2680 2847 sed
2721 2792 2843 2847 sola
2884 2793 3337 2849 adversariorum
3389 2794 3648 2865 pernicie.
3684 2794 3783 2846 lam
3814 2804 3875 2841 nec

2340 2887 2445 2956 ipsi
2502 2885 2722 2957 pedites
2778 2886 3085 2942 subsistere
3138 2892 3439 2958 poterant;
3497 2887 3750 2958 equitibus
3793 2898 3876 2934 vero

2336 2981 2516 3050 majus
2561 2980 2900 3051 periculum,
2950 2981 3048 3052 qui
3090 2998 3195 3053 per
3242 2985 3539 3052 praerupta
3586 2994 3803 3034 saxorum
3840 2992 3877 3027 ac

607 3075 927 3143 complures
954 3090 1017 3128 ac
1044 3090 1193 3144 pene
1234 3074 1523 3127 universos
1558 3074 1801 3128 Judaicae
1849 3074 2032 3145 gentis
2070 3074 2233 3128 ruina
2256 3103 2311 3177 Ο
2336 3073 2548 3127 lubrica
2589 3074 2907 3129 labentibus
2954 3075 3115 3145 equis
3154 3075 3615 3141 devolvebantur,
3663 3089 3747 3127 nec
3782 3068 3878 3123 ordi-
3932 3114 3933 3171 ι

604 3167 938 3221 involveret.
980 3167 1428 3237 Exspectabatur
1461 3173 1541 3233 (ut
1579 3168 1730 3238 reor)
1771 3173 1831 3221 ut
1865 3184 2034 3222 omne
2074 3168 2235 3223 nefas

604 3260 879 3314 scelerum
923 3261 1347 3330 enormitasqne
1390 3267 1684 3326 cresceret,
1729 3268 1784 3315 et
1820 3261 2129 3332 impietatis
2157 3263 2235 3317 iu-

606 3358 897 3408 eremento
930 3369 1325 3424 supremorum
1361 3354 1692 3424 adaequaret
1723 3372 2049 3410 mensuram
2077 3357 2234 3427 ﬂagi-

606 3447 837 3501 tiorum.
865 3447 1010 3511 Quid
1038 3446 1145 3500 fuit
1170 3447 1328 3513 illud,
1352 3448 1501 3518 quod
1531 3464 1660 3503 cum
1684 3466 1997 3519 perurgcre
2026 3451 2234 3504 debue-

606 3547 693 3595 rat
738 3541 975 3607 Cestius,
1023 3541 1209 3596 subito
1256 3542 1564 3597 exercitum
1610 3544 1908 3609 revocavit,
1956 3545 2231 3616 solvitque

602 3634 996 3691 obsidionem?
1052 3635 1197 3699 Quia
1252 3636 1545 3706 repentina
1599 3643 1793 3691 contra
1848 3645 2233 3709 exspectatum

605 3729 1052 3783 commutatione
1101 3746 1318 3797 rerum,
1374 3730 1538 3784 fracti
1588 3731 1764 3784 animi
1818 3732 2122 3797 bonorum,
2176 3739 2234 3785 et

556 3838 564 3849 '
605 3823 776 3878 erecti
816 3824 1101 3878 latronum
1143 3840 1435 3894 sumpsere
1480 3824 1782 3889 ﬁduciam;
1827 3831 1996 3895 atque
2034 3844 2065 3877 ει.
2098 3827 2231 3891 fuga

601 3918 670 3971 ad
696 3917 1117 3988 insequendum
1155 3918 1418 3987 regressi,
1462 3918 1737 3971 invadunt
1780 3920 2091 3989 posteriora
2131 3938 2228 3989 ag-

602 4011 790 4077 minis,
832 4013 1153 4081 multosque
1190 4012 1301 4065 illic
1342 4012 1573 4066 confuse
1614 4020 1842 4066 ruentes
1876 4014 2136 4083 equitum
2177 4020 2229 4067 et

598 4104 860 4175 peditum
903 4104 1333 4158 obtruncavere.
1375 4108 1440 4160 Et
1474 4106 1593 4175 jam
1640 4107 2011 4160 inclinaverat
2053 4108 2172 4161 dies
2213 4126 2225 4162 :

602 4197 753 4251 unde
781 4200 1039 4251 metuens
1067 4197 1284 4251 Cestius
1317 4199 1494 4252 noctis
1524 4200 2010 4270 prepinquitatem
2051 4206 2107 4254 et
2148 4207 2226 4255 tc-

599 4290 909 4346 nebrarum
938 4290 1263 4361 caliginem,
1289 4293 1493 4361 quibus
1521 4294 1765 4362 amplius
1796 4294 2039 4349 fiderent
2068 4298 2227 4366 gnari

599 4386 874 4451 locorum,
919 4400 1032 4454 quo
1063 4384 1307 4438 incertos
1343 4385 1597 4455 regionis
1637 4386 1895 4457 undique
1940 4396 2225 4457 urgerent,

2336 3183 2469 3222 nem
2524 3184 2751 3223 servare
2802 3174 3065 3239 poterant
3118 3176 3366 3240 angusto
3412 3170 3660 3241 impediti
3704 3163 3879 3220 tramite.
3932 3163 3933 3205 1

2338 3263 2417 3316 Ex
2444 3261 2624 3316 altera
2652 3265 2811 3333 parte
2842 3278 3034 3334 rupes,
3064 3279 3135 3317 ex
3161 3263 3345 3317 altera
3388 3260 3685 3334 praecipitia
3708 3264 3753 3313 et
3780 3258 3875 3325 fuge

2339 3357 2521 3409 locum
2559 3362 2614 3410 et
2654 3357 2997 3411 defensionis
3042 3356 3352 3429 negabant.
3398 3357 3577 3412 Judaei
3624 3360 3786 3410 contra
3823 3366 3879 3418 spe

2338 3450 2585 3503 victoriae
2626 3451 2873 3521 amplius
2915 3450 3398 3519 accendebantur,
3446 3448 3787 3505 imminebant
3818 3444 3878 3496 {es

2335 3544 2427 3609 sis,
2477 3543 2766 3599 instabant
2807 3544 3176 3614 haerentibus,
3222 3546 3579 3600 insultabant
3621 3544 3882 3613 desperanti-

2333 3637 2457 3697 bus.
2511 3644 2566 3692 et
2611 3654 2787 3709 prope
2834 3655 3034 3692 omnes
3075 3639 3317 3693 Romani
3363 3640 3639 3694 exercitus
3680 3633 3878 3690 delessent

2335 3731 2541 3801 cepias,
2573 3732 2676 3785 nisi
2706 3749 2813 3786 nox
2853 3733 3204 3789 subvenisset
3237 3753 3247 3786 :
3275 3735 3442 3804 cujus
3484 3731 3715 3788 tenebris
3736 3726 3878 3782 bellum

2336 3825 2708 3895 impeditum,
2755 3843 2927 3897 quam
2981 3827 3224 3882 Romani
3271 3827 3330 3882 in
3383 3828 3639 3898 proximo
3682 3824 3781 3877 loco
3826 3832 3881 3868 cm

2336 3920 2612 3973 Bethornn
2665 3921 2897 3989 nomen)
2948 3925 3192 3991 egerunt
3239 3938 3250 3975 :
3296 3923 3376 3995 ita
3417 3925 3483 3975 ut
3521 3919 3691 3976 Judaei
3719 3916 3885 3971 circum-

2334 4012 2440 4065 fusi
2502 4014 2751 4083 undique
2815 4014 3243 4085 specularentur
3299 4016 3557 4070 locorum
3617 4012 3794 4071 exitus,
3841 4018 3885 4054 [ιθ

2333 4106 2574 4160 Romani
2618 4107 3023 4161 dilaberentur.
3070 4109 3285 4163 Cestius
3331 4115 3530 4180 aperto
3578 4107 3756 4162 itinere
3791 4096 3887 4154 diffl-

2333 4199 2501 4265 dens,
2562 4200 2694 4254 dolo
2758 4201 2955 4272 fugam
3013 4203 3269 4256 tentavit.
3331 4202 3709 4273 Quadraginta
3753 4197 3885 4261 itaque

2332 4293 2505 4363 elegit
2535 4294 2706 4359 viros,
2748 4295 2952 4365 quibus
2982 4297 3257 4351 evadendi
3301 4296 3622 4368 desperatio
3660 4294 3884 4353 contemp-

2330 4394 2450 4442 tum
2514 4389 2713 4442 mortis
2781 4388 3103 4454 infuderat;
3164 4407 3258 4445 eos
3314 4390 3606 4445 constituit
3653 4389 3701 4440 in
3752 4378 3885 4436 muni-

599 4478 810 4533 vallum
840 4482 971 4533 ante
1005 4480 1200 4533 urbem
1232 4479 1542 4547 constituit,
1578 4481 1952 4551 sequentique
1979 4483 2066 4536 die
2099 4500 2223 4538 eum
2248 4474 2305 4545 D
2328 4481 2579 4537 tionibus
2641 4490 2945 4554 prmcepto,
3007 4491 3066 4539 ut
3125 4490 3243 4539 tota
3304 4492 3469 4540 nocte
3533 4500 3654 4538 cum
3712 4472 3888 4545 strepitu

597 4574 820 4627 hostem
847 4572 1215 4643 relinqueret,
1246 4573 1305 4628 in
1334 4590 1453 4629 sese
1486 4575 1747 4640 armavit,
1783 4581 1842 4630 ut
1877 4575 2227 4631 discessionis

597 4667 720 4736 ejus
784 4681 1008 4719 causam
1081 4670 1296 4721 metum
1374 4668 1814 4724 arbitrarentur.
1884 4671 2222 4726 Circumfusi

597 4757 792 4829 itaque
845 4760 1093 4814 latrones
1142 4760 1248 4831 (66)
1296 4778 1329 4815 a
1376 4761 1667 4827 lateribus,
1712 4780 1745 4816 a
1787 4770 1949 4835 tergo
2004 4770 2221 4835 postre-

596 4869 723 4908 mos
780 4852 1032 4921 caedere;
1092 4854 1457 4909 incedentem
1504 4857 1707 4927 jaculis
1763 4860 2077 4912 exercitum
2136 4859 2221 4913 in-

590 4947 817 5013 festare,
847 4947 904 5002 in
932 4946 1214 5001 confertos
1252 4947 1420 5002 missa
1460 4950 1704 5005 telorum
1741 4950 1822 5004 vis
1862 4952 2012 5006 haud
2056 4952 2222 5007 facile

591 5041 874 5095 frustrari.
918 5040 974 5094 Si
1008 5042 1137 5111 quis
1166 5040 1397 5096 referire
1435 5043 1699 5109 audebat,
1734 5051 1928 5115 patere
1970 5047 2217 5113 vulneri;

591 5134 639 5189 si
684 5135 809 5206 quis
851 5139 1180 5189 convertere
1224 5151 1345 5191 sese
1390 5136 1460 5190 ad
1510 5137 1891 5205 infestantem,
1924 5156 1957 5193 a
1983 5140 2098 5194 suis
2144 5157 2220 5196 re-

588 5227 791 5299 linqui,
823 5228 893 5282 ab
925 5229 1083 5283 hoste
1110 5229 1315 5284 claudi.
1345 5229 1613 5284 Munitior
1649 5230 1804 5286 enim
1840 5249 2070 5304 semper
2114 5240 2216 5299 est,

590 5322 688 5392 qui
725 5322 999 5393 sequitur,
1032 5339 1202 5393 quam
1233 5323 1329 5394 qui
1360 5324 1637 5395 praecedit
1666 5341 1678 5379 :
1714 5325 1851 5395 quia
1897 5327 1987 5380 hic
2028 5332 2218 5398 pectus

589 5414 748 5486 tegit,
782 5416 875 5470 ille
918 5417 1065 5471 hosti
1109 5423 1269 5488 terga
1307 5434 1405 5472 sua
1443 5417 1675 5487 detegit.
1707 5419 2088 5477 Vehementer
2116 5422 2218 5485 igi-

586 5512 680 5562 tur
744 5509 979 5565 Bomani
1048 5512 1426 5583 urgebantur,
1501 5517 1776 5583 tanquam
1840 5513 2050 5568 obsessi
2120 5517 2216 5586 qni

586 5600 874 5657 obsessum
902 5610 1213 5660 venerant:
1249 5623 1353 5661 nec
1389 5606 1509 5675 jam
1549 5606 1824 5662 sustinere
1856 5612 1953 5661 aut
1992 5610 2212 5680 perpeti

649 5720 744 5791 ςᾳεξ)
773 5718 933 5791 lianc
954 5736 1151 5791 vocem
1179 5739 1291 5775 non
1317 5728 1571 5791 agnoscit
1598 5742 1700 5779 ms.
1730 5729 1910 5781 BARR.

649 5785 746 5847 (66)
784 5785 920 5837 Haec
949 5789 1079 5840 item
1106 5806 1213 5843 vox
1241 5785 1589 5850 desideratur
1614 5802 1670 5851 in
1698 5814 1798 5851 ms.
1832 5801 1913 5851 ID.

2328 4576 2572 4631 maximo
2622 4576 2807 4631 officia
2853 4578 3333 4648 preetendentium
3380 4580 3530 4633 vallo
3580 4576 3890 4631 circumsona-

2328 4674 2484 4735 reut,
2538 4686 2609 4724 ne
2670 4671 2875 4725 Judmis
2927 4672 3337 4743 proficiscentis
3390 4671 3663 4727 exercitus
3710 4677 3889 4736 appara-

2329 4769 2435 4825 tus,
2483 4764 2766 4836 aliquibus
2810 4765 2986 4819 solitis
3033 4766 3256 4822 indiciis
3299 4766 3737 4821 manifestaretur
3768 4774 3778 4808 :
3805 4754 3889 4824 qui-

2324 4859 2428 4912 bus
2455 4875 2576 4913 sese
2610 4858 2712 4928 ipsi
2745 4858 3070 4931 quicunque
3102 4861 3431 4928 turbantur,
3466 4858 3688 4931 prodere
3718 4851 3885 4908 solent:

2326 4953 2543 5007 silentio
2598 4960 2788 5007 autem
2843 4954 3254 5024 egrederentur
3310 4954 3598 5022 universi,
3656 4947 3774 5003 nihil
3821 4955 3879 4993 su-

2324 5047 2704 5117 spectantibns
2772 5047 3011 5117 Judzeis;
3076 5049 3171 5119 qui
3231 5051 3509 5103 solemnes
3573 5041 3880 5101 custodiarum

2323 5142 2591 5212 strepitus
2636 5142 2898 5196 audirent
2942 5159 3011 5197 ex
3059 5143 3264 5213 quibus
3309 5160 3512 5197 omnes
3555 5142 3610 5195 in
3654 5140 3759 5191 loco
3795 5144 3881 5184 ωδ·

2320 5250 2456 5289 nere
2513 5236 2792 5289 Romanos
2843 5236 3261 5291 arbitrarentur
3305 5254 3321 5289 ;
3365 5237 3472 5292 hac
3512 5232 3699 5291 fraude
3735 5222 3877 5284 eduxit

2320 5329 2626 5383 exercitum
2674 5331 2924 5399 Cestius;
2970 5336 3026 5385 et
3072 5331 3192 5401 jam
3247 5331 3568 5386 confecerat
3618 5325 3769 5381 stadia
3805 5318 3874 5371 tri-

2321 5423 2492 5494 ginta,
2550 5440 2680 5477 usus
2730 5440 3037 5495 paucorum
3092 5425 3149 5479 in
3202 5426 3370 5480 rebus
3418 5424 3601 5479 dubiis
3649 5418 3761 5481 fide,
3805 5408 3874 5481 (illi

2318 5516 2557 5587 perituri
2599 5518 2806 5590 gratias
2836 5522 3110 5589 prmstare
3140 5519 3305 5573 sociis
3336 5519 3581 5589 pericula
3618 5530 3723 5575 sua,
3748 5519 3871 5577 φιλίη

2318 5611 2555 5680 perdere
2599 5612 2903 5667 malebant.
2938 5615 2999 5667 Et
3042 5613 3278 5684 quidem
3317 5630 3427 5666 nox
3471 5611 3649 5665 dolum
3694 5610 3869 5657 texerat

2381 5734 2475 5794 (67)
2501 5734 2719 5783 Moveri.
2753 5734 2831 5782 In.
