4072 6192
231 289 371 341 21δῦ

1274 290 1360 344 DE
1401 288 1675 344 EXCIDIU
1714 288 1910 342 URBIS
1951 286 2308 343 HIEROSOL.
2342 290 2468 344 LIB.
2512 291 2574 343 11.

3475 292 3610 343 2166

228 408 329 463 sed
358 410 480 464 dies
510 410 780 480 prodidit.
814 412 953 466 Nam
985 411 1078 466 ubi
1120 414 1244 466 luce
1282 411 1485 466 diffusa
1530 428 1619 466 res
1658 416 1867 483 aperta).
1890 414 2239 497 Amysterio
2289 413 2528 477 silentii,
2588 418 2649 466 ut
2699 429 2769 465 ne
2817 412 2889 465 ad
2947 428 3144 466 uxores
3192 412 3423 484 quidem
3477 430 3603 467 suas

228 507 385 568 sunt,
422 508 477 557 et
513 505 701 558 omnis
737 505 888 558 locus
928 505 983 559 in
1025 521 1137 575 quo
1181 506 1578 561 habitaverant
1610 506 1866 571 Romani,

226 612 442 651 vacuus
479 598 774 668 apparuit;
824 599 1046 669 impetu
1104 602 1248 653 l'acto
1294 600 1474 653 Judaei
1520 600 1576 653 in
1625 617 1719 653 cos
1764 599 1869 670 pri-

225 707 390 744 mum
445 707 693 761 quorum
748 692 1021 746 simulatis
1074 693 1276 748 officiis
1325 694 1550 764 decepti
1606 694 1867 757 fuerant,

226 785 485 851 irruunt,
527 785 745 855 levique
787 786 1018 856 negotio
1065 786 1264 841 deletis
1305 787 1689 858 quadraginta
1717 786 1868 851 viris,

229 879 545 932 exercitum
575 885 913 949 sequuntur,
943 880 1039 950 qui
1068 885 1125 933 et
1155 887 1318 935 nocte
1360 881 1672 951 plurimum
1708 881 1873 951 spatii

227 972 625 1040 confecerant,
668 978 724 1027 et
764 990 870 1044 per
914 974 1066 1027 diem
1120 976 1516 1045 properantius
1556 976 1668 1027 iter
1710 991 1869 1043 urge-

225 1065 392 1132 bant,
432 1082 505 1120 ne
542 1068 722 1121 noctis
752 1069 875 1137 jam
918 1068 1183 1138 periculis
1214 1069 1654 1124 involverentur.
1694 1070 1871 1123 Plena

229 1165 356 1212 erat
395 1159 485 1213 via
519 1159 1089 1231 impedimentorum,
1134 1180 1261 1233 quae
1300 1162 1586 1233 fugientes
1626 1163 1873 1217 Romani

231 1252 744 1324 derelinquebant,
806 1272 878 1310 ne
935 1255 1147 1327 injusto
1202 1256 1504 1327 quisquam
1563 1257 1667 1311 sub
1726 1257 1874 1311 fasce

230 1352 669 1402 remoraretur:
713 1349 923 1419 passim
955 1350 1223 1420 jacebant
1268 1366 1420 1415 vasa,
1461 1350 1745 1416 utensilia,
1788 1352 1868 1404 vel

227 1440 410 1495 etiam
451 1441 602 1496 bello
647 1443 985 1509 necessaria,
1025 1444 1400 1513 arcubalistie,
1441 1444 1668 1511 arietes,
1711 1450 1873 1499 caste-

229 1551 410 1605 raque
462 1536 844 1590 instrumenta
888 1539 944 1591 iu
995 1539 1340 1593 excisiouem
1391 1538 1549 1592 urbis
1601 1538 1868 1607 adducta,

228 1645 361 1699 quae
387 1632 692 1699 sequentes
714 1630 894 1685 Judaei
924 1633 1315 1702 prmteribant,
1341 1649 1412 1686 ne
1434 1635 1625 1687 essent
1651 1649 1831 1687 mora:
1856 1650 1868 1685 :

230 1726 585 1778 revertentes
622 1724 986 1795 colligebant,
1030 1731 1091 1780 ut
1134 1726 1221 1780 bis
1266 1727 1569 1781 adversum
1617 1743 1712 1782 eos
1749 1730 1870 1781 ute-

234 1822 458 1883 rentur,
491 1833 739 1888 quorum
782 1819 914 1872 socii
945 1819 1289 1875 dimisissent
1321 1821 1455 1891 (68).
1489 1821 1676 1877 Secuti
1713 1822 1867 1875 enim
1892 1800 1948 1871 Β

240 1926 424 1980 usque
462 1911 533 1965 ad
568 1912 771 1966 urbem
810 1912 1253 1984 Antipatridem,
1286 1919 1487 1985 postea
1519 1931 1693 1985 quam
1733 1932 1871 1986 prte-

232 2012 587 2076 tergressum
612 2022 844 2061 omnem
873 2006 1162 2061 offendere
1190 2009 1501 2063 exercitum
1524 2010 1867 2074 Romanum,

230 2104 287 2152 et
332 2100 865 2169 comprehendendi
914 2118 1040 2171 spes
1088 2101 1275 2171 lapsa;
1329 2107 1665 2174 retorquent
1713 2104 1872 2158 vesti-

230 2193 418 2263 gium,
450 2196 854 2265 captantesque
881 2196 1058 2265 spolia
1086 2212 1388 2264 caesorum,
1416 2214 1546 2251 cum
1577 2198 1871 2269 triumpho

230 2291 291 2339 et
356 2287 581 2357 hymnis
649 2288 1100 2359 Hierosolymam
1164 2290 1591 2360 regrediuntur.
1654 2291 1871 2355 Quibus

231 2383 456 2434 tantum
494 2380 707 2435 laetitia:
746 2386 1012 2451 cesserat,
1042 2389 1105 2438 ut
1129 2383 1327 2455 paucis
1361 2402 1596 2440 suorum
1624 2385 1867 2453 amissis,

229 2473 487 2544 quinque
535 2474 714 2528 millia
764 2476 1021 2547 peditum
1077 2476 1146 2531 de
1195 2478 1449 2532 exercitu
1501 2481 1757 2533 Romano
1812 2483 1869 2533 et

229 2569 475 2621 trecenti
543 2569 765 2639 equites
837 2571 1353 2641 exstinguerentur.
1411 2572 1570 2636 Quod
1640 2576 1865 2644 gestum

229 2664 319 2714 est
359 2677 435 2715 xu
473 2678 625 2717 anno
672 2662 896 2734 imperii
936 2665 1191 2731 Neronis,
1224 2670 1288 2719 ut
1318 2682 1489 2736 supra
1529 2668 1870 2721 memoravi-

230 2770 386 2808 IDUS.

855 2906 1076 2960 CAPUT
1113 2907 1241 2961 XVI.

298 3079 405 3134 Sed
439 3096 549 3134 non
580 3080 839 3134 omnium
868 3079 1200 3135 Judazorum
1240 3081 1333 3136 illa
1380 3081 1688 3137 exsultatio
1722 3087 1863 3137 erat.

1970 510 2205 559 conatus
2252 506 2573 560 istiusmodi
2617 509 2828 559 tractus
2875 509 3112 571 mearet,
3157 506 3423 577 quoniam
3470 506 3608 577 ipszr

1972 615 2203 671 quoque
2246 616 2309 654 ex
2354 604 2513 671 parte
2557 600 2801 653 maxima
2842 599 3168 653 Judazorum
3216 599 3462 654 cultibus
3504 602 3604 654 ad-

1976 692 2381 746 miscebantur.

2586 810 2806 863 CAPUT
2846 811 2991 862 XVII.

2046 939 2301 1003 Angusto
2345 933 2533 1002 itaque
2577 933 2633 984 in
2680 932 2803 986 loco
2854 948 3050 986 omnes
3088 933 3295 999 adorsi,
3339 950 3595 1005 pereme-

1973 1030 2109 1079 runt
2142 1025 2470 1081 Judaaorum
2516 1024 2711 1079 decem
2754 1025 2946 1079 millia.
2987 1024 3152 1090 Quod
3188 1026 3346 1082 facile
3385 1028 3513 1095 fuit,
3548 1034 3610 1083 ut

1972 1119 2245 1191 praeventi
2291 1119 2359 1173 ab
2393 1119 2622 1172 armatis
2661 1119 2908 1174 inermes
2947 1120 3224 1191 perirent.
3268 1122 3334 1175 Et
3372 1121 3603 1192 quidem

1973 1214 2096 1284 ejus
2162 1212 2538 1268 immanitatis
2600 1214 2922 1284 exemplum
2984 1230 3216 1283 recens,
3282 1215 3606 1287 Scythopoli

1974 1306 2145 1361 etiam
2176 1306 2235 1360 in
2267 1307 2451 1378 majus
2483 1312 2851 1377 processerat,
2881 1325 2994 1380 quo
3026 1308 3291 1363 incitatos
3318 1311 3607 1365 Damasce-

1974 1417 2076 1454 nos
2111 1416 2259 1456 reor.
2296 1401 2438 1455 Nam
2481 1417 2609 1455 cum
2638 1401 2819 1455 Judmi
2856 1402 3096 1456 ﬁnitima
3137 1419 3382 1474 quaeque
3424 1421 3603 1475 popu-

1973 1496 2247 1563 larentur,
2280 1500 2561 1551 venerunt
2579 1496 2988 1567 ScythOpolim,
3021 1503 3188 1567 atque
3220 1496 3336 1550 illic
3370 1497 3598 1551 inhabi-

1975 1594 2157 1643 tantes
2195 1591 2417 1645 Judzeos
2464 1594 2690 1645 tentare
2733 1590 2939 1659 adorsi,
2987 1590 3341 1645 adversarios
3383 1593 3604 1662 experti

1972 1687 2123 1752 sunt,
2154 1700 2297 1755 quos
2326 1684 2429 1737 sibi
2455 1684 2599 1739 ﬁdos
2639 1684 3092 1753 arbitrabantur,
3131 1685 3407 1756 quoniam
3449 1701 3605 1739 more

1974 1778 2193 1849 ingenii
2223 1779 2485 1845 humani,
2520 1778 2990 1849 praeponderatur
3018 1780 3127 1849 (69)
3155 1779 3305 1849 apud
3334 1796 3433 1834 eos
3461 1780 3604 1833 salu-

1972 1872 2042 1926 tis
2068 1889 2204 1926 cura
2237 1872 2671 1941 necessitudini;
2698 1872 2959 1927 secundis
2985 1872 3166 1943 igitur
3190 1873 3606 1927 constituentes

1974 1965 2179 2020 tribute
2221 1967 2550 2038 collegium,
2583 1967 2899 2037 praferunt
2938 1966 3387 2020 inhabitantium
3427 1968 3604 2020 socie-

1974 2063 2171 2126 tatem,
2215 2060 2517 2114 tribulibus
2561 2059 2788 2114 cladem
2834 2060 3148 2115 miuantur.
3188 2061 3347 2124 Quod
3385 2078 3608 2131 suspec-

1973 2159 2095 2208 tum
2126 2154 2451 2225 gentilibus,
2475 2155 2609 2226 quia
2636 2154 3085 2225 promptioribus
3112 2154 3312 2209 studiis
3340 2155 3602 2209 odiorum

1974 2248 2030 2301 in
2083 2265 2215 2303 suos
2259 2250 2545 2303 exsecutio
2586 2248 3069 2319 praetendebatur,
3116 2264 3185 2303 ne
3230 2249 3607 2303 simulationis

1972 2343 2159 2414 specie
2193 2343 2352 2398 dolus
2378 2342 2777 2408 adornaretur,
2814 2346 2986 2413 atque
3023 2342 3220 2397 urbem
3264 2344 3599 2398 incautiori-

1971 2438 2077 2492 bus
2115 2437 2315 2491 accolis
2353 2439 2521 2491 noctu
2551 2436 2941 2503 adorirentur,
2973 2436 3386 2508 prostratisque
3416 2437 3603 2490 omni-

1970 2532 2074 2585 bus
2100 2530 2389 2602 gentibus,
2419 2529 2570 2601 apud
2600 2530 2822 2584 Iudaeos
2852 2529 2959 2583 sibi
2986 2530 3236 2599 gratiam
3264 2529 3600 2584 reconcilia—

1970 2630 2099 2679 rent
2129 2642 2142 2677 :
2171 2641 2235 2678 ac
2265 2640 2367 2694 per
2392 2624 2497 2677 hoc
2528 2624 2573 2677 si
2614 2624 2825 2677 vellent
2854 2621 3029 2678 fidem
3063 2639 3225 2676 suam
3255 2622 3428 2677 etiam
3454 2623 3604 2677 circa

1970 2718 2216 2788 gentiles
2253 2717 2517 2789 probare,
2545 2733 2675 2771 cum
2717 2717 2877 2771 omni
2913 2715 3280 2788 generatione
3317 2732 3421 2770 sua
3464 2716 3600 2770 urbe

1970 2811 2329 2878 excederent,
2358 2810 2722 2882 vicinumque
2744 2813 3009 2882 peterent
3038 2826 3262 2865 nemus.
3289 2810 3409 2873 Quo
3433 2810 3599 2873 facto,

1970 2922 2071 2977 per
2094 2905 2333 2960 biduum
2364 2904 2701 2976 quieverunt
2735 2904 3161 2976 Scythopolitaz,
3194 2908 3249 2957 ut
3290 2904 3478 2975 portio
3505 2905 3596 2959 Ju-

1971 3000 2231 3054 dzeorum
2276 2998 2661 3071 suspicionem
2705 2998 3042 3070 deponeret,
3077 2997 3346 3052 indueret
3386 2999 3599 3053 securi-

1968 3098 2163 3150 tatem.
2195 3093 2379 3149 Tertia
2406 3098 2568 3148 nocte
2590 3110 2722 3148 cum
2745 3094 2865 3164 jam
2900 3098 3255 3164 priesumpta
3280 3091 3422 3147 ﬁdes
3454 3108 3596 3163 gen-

229 3175 377 3228 Nam
416 3173 594 3239 fuere,
628 3174 728 3245 qui
766 3191 824 3227 se
866 3180 993 3244 post
1028 3175 1181 3228 illam
1226 3192 1341 3229 non
1380 3192 1633 3247 pugnam
1669 3176 1863 3243 Cestii,

1973 3188 2163 3243 tilibus
2207 3187 2541 3242 removisset
2588 3186 3031 3242 sollicitudinem
3076 3188 3207 3257 (70),
3253 3187 3496 3241 incautis
3546 3194 3601 3241 et

227 3267 331 3321 sed
372 3283 690 3321 aerumnam
732 3269 889 3338 quasi
927 3268 996 3322 de
1037 3284 1307 3339 supremo
1346 3270 1604 3340 periculo
1652 3270 1865 3340 navigii

226 3360 546 3431 mergentis
571 3362 794 3432 eripere
823 3362 1122 3432 gestirent,
1148 3367 1321 3433 atque
1352 3368 1585 3418 enatare
1624 3364 1696 3417 de
1729 3364 1864 3417 civi-

228 3456 362 3509 tatis
426 3455 754 3526 naufragio,
816 3473 880 3510 ac
944 3472 1063 3527 prae
1127 3458 1345 3511 caeteris
1407 3457 1746 3513 Custobarus
1812 3463 1869 3511 et

226 3551 429 3604 Saulus
457 3550 632 3604 frater
672 3565 802 3603 cum
849 3550 1109 3621 Philippo
1148 3551 1403 3622 principe
1446 3551 1670 3605 militia-
1712 3552 1866 3621 regis

227 3644 495 3714 Agrippa:
524 3661 536 3697 :
568 3643 629 3697 hi
660 3644 945 3713 fugientes
988 3646 1057 3699 ad
1101 3645 1351 3700 Cestium
1383 3661 1508 3700 sese
1552 3645 1863 3710 contulere,

228 3740 491 3807 petentes
523 3741 584 3792 ut
623 3737 696 3791 ad
725 3740 1008 3793 Neronem
1048 3738 1105 3791 in
1140 3738 1414 3792 Achaiam
1452 3739 1861 3809 dirigerentur.

229 3830 399 3893 Quod
442 3830 656 3885 Cestius
691 3831 882 3885 volens
920 3831 1157 3902 accepit,
1197 3848 1300 3885 nec
1340 3832 1617 3902 postulata
1644 3831 1863 3896 abnuit,

230 3928 295 3977 ut
338 3940 439 3993 per
479 3925 633 3994 ipsos
672 3925 861 3980 Cmsar
904 3926 1261 3992 edoceretur,
1299 3942 1531 3980 causam
1572 3924 1709 3979 belli
1740 3926 1863 3980 Flo-

227 4034 363 4072 rum
415 4018 619 4086 fuisse,
675 4019 782 4072 sibi
835 4020 948 4073 vim
1014 4019 1264 4073 maxime
1322 4018 1665 4074 necessitatis
1720 4019 1865 4073 bello

230 4111 576 4179 incubuisse,
604 4118 667 4167 ut
691 4112 983 4184 inopinata
1010 4114 1462 4184 conspirantium
1496 4113 1866 4168 multitudine

227 4204 516 4261 exercitus
562 4206 1073 4262 circumveniretur
1113 4225 1126 4260 :
1176 4223 1348 4278 quem
1399 4207 1580 4278 magis
1625 4207 1865 4261 consilio

228 4299 396 4354 ducis
426 4302 684 4370 ereptum
724 4301 996 4371 periculo,
1029 4317 1205 4372 quam
1248 4301 1603 4371 implicatum
1642 4301 1863 4372 linque-

230 4398 340 4448 ret.
397 4394 662 4449 Tentasse
716 4394 966 4449 Cestium
1033 4395 1271 4449 excitata
1327 4394 1387 4449 in
1454 4395 1679 4449 Florum
1739 4394 1867 4449 odia

231 4487 467 4553 sedare,
520 4488 618 4542 sed
676 4488 1015 4559 nequivisse.
1069 4490 1262 4560 Itaque
1315 4488 1581 4544 incidisse
1627 4488 1862 4555 bellum,

229 4598 345 4635 non
380 4581 659 4637 intulisse.
703 4584 830 4637 Haec
875 4583 1029 4637 enim
1076 4582 1341 4637 mandata
1380 4586 1564 4649 erant,
1600 4586 1664 4637 ut
1704 4599 1862 4637 com-

1968 3282 2383 3339 dormientibus
2408 3283 2491 3335 vis
2518 3281 2694 3350 illata,
2718 3282 3031 3353 decemque
3056 3286 3111 3335 et
3141 3281 3324 3336 tribus
3346 3280 3597 3335 millibus

1966 3376 2271 3432 hominum
2325 3375 2557 3442 necatis,
2615 3391 2970 3446 quaecunque
3025 3376 3198 3429 etiam
3253 3375 3595 3435 habuerunt,

1968 3470 2190 3541 direpta
2215 3475 2367 3524 sunt.

2563 3590 2784 3645 CAPUT
2822 3590 2995 3645 XVlll.

2039 3736 2459 3809 Expositionem
2506 3735 2685 3806 exigit
2722 3736 2973 3790 Simonis
3008 3735 3205 3791 acerba
3242 3739 3448 3809 passio,
3477 3739 3597 3795 visu

1969 3837 2024 3886 et
2048 3831 2245 3886 auditu
2276 3830 2619 3897 miseranda,
2647 3830 2749 3883 sed
2784 3830 3034 3884 novitate
3070 3830 3153 3885 rei
3186 3832 3592 3887 memorabilis.

1966 3928 2014 3980 ls
2057 3932 2178 3980 erat
2221 3925 2279 3979 in
2321 3924 2531 3996 populo
2565 3923 2915 3992 Judaaorum,
2956 3924 3119 3978 Saule
3157 3924 3311 3980 haud
3357 3926 3597 3997 ignobili

1969 4020 2196 4091 genitus
2236 4023 2413 4090 patre,
2454 4019 2630 4073 animi
2667 4017 2902 4073 audacia
2936 4017 3233 4089 praeditus,
3264 4024 3321 4074 et
3347 4020 3598 4091 corporis

1968 4112 2324 4168 fortitudine.
2346 4114 2594 4177 Quarum
2621 4114 2925 4183 utramque
2948 4112 3005 4166 in
3033 4112 3270 4167 exitium
3297 4112 3590 4168 tribulium

1969 4223 2203 4263 suorum
2231 4205 2499 4275 exercuit,
2527 4207 2624 4277 qui
2661 4206 2943 4278 plurimos
2983 4224 3052 4261 ex
3092 4207 3300 4279 pepulo
3330 4208 3591 4264 adventi-

1968 4303 2046 4357 tio
2074 4301 2405 4356 Iudaeorum
2446 4300 2647 4355 crebro
2687 4299 2915 4355 incursu
2946 4302 3192 4373 peremit
3224 4318 3237 4356 :
3273 4319 3338 4357 ac
3368 4301 3413 4357 si
3452 4303 3595 4359 forte

1968 4396 2274 4468 conspirati
2324 4395 2611 4461 adessent,
2670 4395 2821 4450 solus
2881 4398 3229 4451 sustentaret
3282 4397 3487 4463 aciem,
3543 4406 3597 4451 et

1968 4490 2340 4563 conglobatus
2384 4490 2582 4543 solitus
2622 4494 2901 4554 avertere,
2940 4489 3113 4542 totius
3153 4492 3276 4542 erat
3310 4490 3490 4544 nodus
3530 4506 3596 4544 ac

1969 4601 2133 4640 mora
2158 4584 2310 4649 belli,
2341 4588 2399 4637 et
2433 4582 2775 4654 plerumque
2808 4581 3117 4653 desperatis
3156 4582 3326 4636 rebus
3359 4599 3592 4639 conver-

228 4677 487 4731 motione
526 4676 684 4730 omni
716 4677 950 4730 Caesaris
993 4677 1052 4730 in
1096 4677 1328 4731 Florum
1379 4677 1640 4745 excitata,
1684 4676 1864 4730 minui
1967 4679 2068 4733 sio.
2113 4678 2499 4732 Exhibuerant
2547 4678 2654 4745 (7t)
2696 4676 2821 4746 jam
2868 4674 3083 4729 civibus
3122 4676 3422 4731 adversum
3465 4694 3597 4733 suus

225 4771 383 4824 circa
414 4787 474 4825 se
504 4775 758 4842 speraret
795 4771 1031 4827 Cassaris
1072 4770 1469 4836 offensionem,
1506 4786 1681 4842 quam
1713 4771 1863 4825 male
1966 4771 2416 4843 Scythopolitani
2457 4770 2734 4825 incolatus
2762 4768 3058 4835 militiam;
3096 4770 3191 4825 sed
3230 4787 3345 4825 non
3386 4770 3597 4827 diutius

227 4868 408 4935 gesta:
459 4864 540 4919 rei
607 4864 956 4919 conscientia
1017 4864 1481 4935 pertimescebat.
1540 4867 1619 4920 lta
1671 4867 1862 4918 autem
1967 4871 2209 4938 cognato
2248 4866 2440 4921 debita
2487 4863 2750 4935 sanguini
2802 4863 2979 4918 defuit
3023 4864 3289 4919 vindicta.
3336 4866 3594 4937 Namque

224 4958 495 5030 plerique
540 4958 836 5030 perterriti
880 4964 1013 5013 sunt
1056 4958 1302 5013 Romani
1348 4957 1512 5012 clade
1565 4958 1861 5026 exercitus,

223 5058 295 5107 ut
338 5052 675 5107 Damasceni
712 5054 1042 5107 metuentes
1087 5056 1360 5123 suspecta:
1405 5051 1687 5108 societatis
1728 5067 1862 5106 con-

222 5146 409 5217 tagia,
461 5149 699 5217 propter
744 5146 1122 5201 habitationis
1174 5146 1524 5200 consortium
1578 5144 1860 5201 interﬁce-

222 5244 362 5295 rent
407 5239 637 5295 Judreos
675 5241 734 5295 in
778 5240 1074 5311 gymnasio
1110 5246 1489 5311 congregatos
1531 5240 1628 5311 qui
1668 5256 1861 5293 secum

222 5333 433 5388 urbem
487 5334 812 5388 incolebant
858 5350 870 5387 :
931 5333 1084 5404 quod
1136 5333 1215 5387 illi
1264 5334 1350 5387 vel
1400 5334 1719 5404 suspicione
1776 5335 1861 5386 vel

223 5427 359 5480 dolo
398 5427 519 5496 jam
573 5427 791 5482 dudum
846 5431 1309 5498 procuraverant,
1369 5433 1427 5482 ut
1475 5445 1507 5480 a
1556 5427 1863 5499 gentilibus

223 5520 465 5575 coetibus
509 5524 973 5592 segregarentur,
1020 5539 1091 5576 ne
1141 5522 1279 5593 quid
1331 5538 1434 5593 per
1476 5525 1707 5577 noctem
1755 5538 1860 5576 no-

224 5619 450 5684 varent,
493 5616 579 5669 vel
625 5620 691 5670 ut
738 5616 935 5671 exsilio
978 5616 1077 5671 soli
1122 5620 1402 5687 paterent.
1446 5615 1687 5670 Summo
1726 5632 1862 5670 sane

294 5793 389 5851 (68)
426 5792 526 5854 Qui
555 5805 619 5842 ea
646 5791 962 5843 divisissent.
993 5795 1173 5845 ΒΑΜ.

290 5862 389 5924 (69)
415 5863 813 5927 Praponderat.
843 5865 928 5915 In.

1968 4960 2062 5015 ubi
2101 4959 2282 5014 fracta
2323 4959 2481 5027 tides,
2523 4964 2581 5013 et
2620 4957 3023 5029 Scythopolitaa
3066 4957 3459 5024 circumventi,
3499 4960 3593 5029 qui

1966 5073 2031 5109 ex
2084 5054 2406 5125 composito
2455 5069 2512 5107 se
2575 5052 2644 5106 ad
2697 5068 2899 5106 nemus
2946 5052 3327 5120 contulerant,
3387 5052 3595 5107 instare

1965 5149 2113 5205 bello
2141 5152 2313 5220 atque
2346 5148 2620 5219 ingruere
2660 5150 2976 5217 casperunt.
3011 5146 3194 5200 Etiam
3239 5146 3381 5200 filios
3413 5162 3476 5201 ac
3506 5164 3597 5217 pa-

1966 5245 2155 5298 rentes
2182 5242 2424 5299 Simonis
2452 5241 2637 5296 deleta
2667 5239 3037 5294 multitudine
3065 5244 3427 5307 cieterorum,
3459 5242 3596 5294 emi-

1967 5354 2073 5391 nus
2117 5337 2249 5391 licet
2290 5335 2597 5390 missilibus
2644 5342 2709 5389 ac
2755 5333 2877 5388 telis
2925 5333 3215 5404 petebant.
3267 5333 3475 5390 Videns
3520 5335 3599 5390 Si-

1965 5447 2103 5486 mon
2156 5429 2633 5486 innumerabilem
2688 5426 3116 5483 multitudinem
3172 5426 3319 5482 facili
3366 5429 3597 5500 negotio

1965 5525 2335 5596 superiorem,
2382 5528 2444 5578 ut
2483 5524 2694 5578 diutius
2738 5522 2971 5576 tolerari
3014 5522 3297 5593 nequiret,
3339 5521 3596 5593 gladium

1965 5619 2247 5687 extraxit,
2306 5623 2477 5689 atque
2537 5617 2593 5671 in
2662 5616 2888 5671 hostem
2955 5631 3259 5670 conversus
3315 5617 3595 5671 clamabat

2045 5796 2126 5856 70)
2153 5795 2237 5846 Al.
2269 5794 2393 5859 ﬁdos
2418 5794 2613 5858 gratia
2640 5794 2940 5845 removisset
2964 5794 3212 5845 custodiae
3238 5793 3405 5847 sollic.
3439 5795 3525 5846 In.

2028 5866 2125 5928 (71)
2154 5864 2465 5918 Εεὴὶὸοὸαι.
2494 5865 2577 5918 In.
