4000 6166
495 174 629 225 2167

1943 174 1996 225 s.
2040 172 2351 227 AMBROStl
2404 130 2407 135 ί

3657 182 3764 233 2168

490 293 723 349 dicens:
772 293 974 365 Digna,
1017 293 1445 365 Scythopolitae,
1491 293 1650 350 factis
1693 294 1901 366 recipio
1950 294 2114 361 meis,
2139 298 2341 379 Atum
2370 296 2430 350 in
2470 296 2677 352 liberos
2715 298 3116 368 parentesque,
3145 300 3204 350 et
3245 295 3636 367 indignantibus
3659 316 3766 356 ocu-

490 387 587 459 qui
613 392 995 460 cognatorum
1027 403 1231 443 necem
1261 388 1394 459 (72),
1422 405 1595 460 quam
1625 388 1787 444 vobis
1825 388 2119 460 impende-

492 498 614 538 rem
642 481 1043 538 benevolentia
1073 482 1398 537 testiﬁcatus
1428 499 1575 552 sum,
1615 487 1672 539 et
1706 483 1946 538 fratrum
1987 499 2117 538 san-

493 576 729 649 guinem
770 575 925 631 vobis
962 576 1223 631 obsidem
1266 577 1395 631 dedi
1439 577 1657 648 gratim,
1687 577 1894 649 quibus
1912 577 2121 649 justius

494 670 735 742 perﬁdia
773 671 1142 727 tribueretur.
1182 673 1340 726 Nunc
1390 671 1528 726 dum
1570 671 1909 742 alienigenis
1948 672 2118 727 ﬁdem

494 765 708 833 defero,
736 765 793 821 in
831 766 1172 821 domesticos
1203 764 1367 819 amisi
1400 781 1412 818 :
1450 765 1671 835 prodidi
1713 766 1888 821 etiam
1915 766 2121 821 liberos

490 865 895 933 parentesque,
926 876 1071 932 quos
1108 878 1139 914 a
1179 858 1339 914 vobis
1367 864 1560 913 tamen
1600 860 1786 914 necari
1822 861 2122 931 oportebat

495 953 630 1023 (73),
662 955 708 1009 si
736 954 1063 1009 mercedem
1104 953 1332 1008 sceleris
1370 952 1752 1008 aestimaretis.
1782 953 1986 1009 Moriar
2011 954 2118 1025 igi-

494 1051 606 1115 tur,
635 1048 680 1103 si
706 1047 887 1103 iratus
915 1048 1204 1114 omnibus,
1236 1046 1377 1101 nulli
1402 1048 1643 1116 amicus,
1674 1048 1773 1119 qui
1800 1048 2118 1104 circumve-

494 1143 679 1197 nerim
719 1158 880 1197 meos
922 1145 979 1196 et
1018 1141 1265 1213 propriis
1297 1141 1560 1195 manibus
1603 1141 1885 1197 ultionem
1924 1143 1993 1197 de
2031 1159 2122 1197 me

493 1236 650 1308 prius
699 1241 1005 1307 expetam:
1058 1235 1272 1307 peremi
1316 1235 1498 1289 socios
1541 1235 1855 1306 religionis,
1895 1242 1949 1291 et
1989 1236 2122 1291 ﬁdei

496 1334 787 1386 consortes
819 1346 832 1384 :
866 1345 1212 1401 recognosco
1252 1329 1479 1383 sceleris
1509 1330 1625 1384 mei
1659 1329 1865 1385 debita.
1896 1330 2123 1385 Solvam

496 1427 655 1480 tanto
687 1424 925 1495 dignum
971 1423 1273 1495 sacrilegio
1324 1423 1713 1496 parricidium,
1745 1428 1809 1478 ut
1848 1441 1916 1478 ea
1954 1425 2026 1478 sit
2068 1428 2125 1480 et

494 1535 600 1590 pro
630 1517 849 1589 ﬂagitio
884 1534 1071 1589 paena,
1112 1523 1168 1572 et
1219 1517 1289 1572 ad
1324 1518 1594 1572 virtutem
1637 1518 1842 1589 gloria,
1886 1536 1954 1573 ne
1996 1520 2124 1590 quis

497 1629 554 1668 se
601 1613 785 1684 jactet
828 1612 974 1667 alius
1025 1628 1154 1667 meo
1212 1612 1445 1667 vulnere
1499 1612 1629 1683 (74),
1674 1612 1733 1667 in
1789 1629 1880 1668 me
1937 1612 2122 1685 ipsum

2220 390 2312 457 lis,
2364 406 2494 445 cum
2532 390 2654 462 jam
2701 389 3093 445 misericordia
3134 389 3305 444 mista
3346 389 3439 444 irre
3483 393 3769 464 succederet,

2218 484 2521 556 abreptum
2564 500 2593 539 e
2640 483 2829 539 medio
2875 486 3097 555 patrem
3144 482 3333 555 gladio
3375 486 3770 544 transverberat:

2220 584 2345 651 post
2398 594 2531 634 eum
2587 583 2775 633 mater
2835 577 3173 644 attrahitur,
3237 593 3309 631 ne
3373 582 3511 633 esset
3566 579 3649 651 qui
3700 598 3776 652 pro

2219 672 2522 744 nepotibus
2564 670 2953 727 interveniret.
2996 670 3175 727 Oft‘ert
3209 686 3269 725 se
3310 686 3408 742 per
3439 671 3665 727 ordinem
3701 691 3775 729 vo-

2220 768 2340 823 lens
2385 783 2541 834 uxor,
2580 783 2650 822 ne
2697 768 2854 821 tanto
2898 765 3119 837 dejecta
3158 765 3401 836 conjuge
3437 767 3777 837 superviveret.

2220 862 2537 917 Occurrunt
2580 859 2703 930 ﬁlii,
2752 877 2825 915 ne
2870 860 3183 931 degeneres
3226 864 3387 914 tanto
3427 864 3572 930 patre
3610 861 3661 915 in
3691 861 3782 933 ipsa

2221 957 2405 1011 morte
2424 954 2834 1026 judicarentur.
2870 953 3195 1009 Festinabat
3224 953 3346 1026 ipse
3377 953 3486 1007 ictu
3514 954 3669 1009 celeri
3685 955 3786 1010 bos-

2222 1053 2341 1104 tem
2360 1049 2697 1121 praevenire.
2729 1047 2898 1103 Omni
2928 1047 3120 1119 itaque
3146 1051 3449 1120 perempta
3473 1047 3681 1115 familia,
3703 1056 3781 1104 ste

2220 1143 2292 1198 tit
2314 1143 2373 1197 in
2412 1141 2604 1197 medio
2630 1143 2903 1197 funerum
2940 1157 3198 1196 suorum.
3229 1142 3299 1195 Et
3332 1146 3593 1212 tanquam
3622 1142 3785 1197 trium-

2222 1237 2407 1308 phans
2432 1236 2540 1307 (76)
2577 1235 2907 1292 domesticis
2949 1234 3327 1306 passionibus,
3362 1234 3506 1305 quod
3544 1235 3783 1290 nemiuem

2222 1347 2458 1386 suorum
2497 1330 2685 1385 alieno
2730 1329 2919 1401 gladio
2957 1328 3099 1384 vidit
3128 1328 3335 1400 perire,
3377 1329 3601 1383 elevavit
3633 1330 3789 1384 dexte-

2226 1441 2367 1492 ram,
2412 1430 2476 1479 ut
2517 1440 2720 1479 omnes
2756 1423 3034 1491 viderent,
3071 1440 3135 1477 ac
3176 1421 3585 1477 formidabilem
3620 1424 3790 1477 cunctis

2225 1517 2530 1589 subjiciens
2563 1517 2671 1572 sibi
2711 1519 2981 1585 mortem,
3014 1515 3250 1587 proprio
3294 1514 3471 1569 victor
3510 1532 3623 1570 sese
3648 1521 3791 1570 trans-

2224 1611 2349 1667 ﬁxit
2389 1628 2688 1667 mucrone.
2737 1609 3121 1666 Memorabilis
3161 1609 3392 1680 juvenis
3432 1609 3500 1663 ob
3554 1610 3793 1680 egregiam

495 1711 694 1779 postea
718 1708 1081 1761 convertetur
1117 1705 1315 1760 dextra
1354 1722 1503 1775 mea,
1534 1711 1597 1761 ut
1632 1706 1893 1762 videatur
1920 1707 2126 1762 furoris
2148 1696 2203 1767 Β
2224 1706 2620 1762 fortitudinem
2649 1704 2922 1776 corporis,
2952 1710 3008 1760 et
3032 1704 3212 1758 animi
3242 1703 3698 1775 magnitudinem,
3725 1704 3795 1758 sed

498 1816 618 1857 esse
644 1800 797 1872 quod
832 1800 1070 1869 morior,
1101 1815 1215 1854 non
1244 1798 1666 1867 imbecillitatis,
1696 1816 1767 1855 ne
1801 1801 1928 1872 quis
1958 1801 2132 1855 insul-

497 1898 578 1951 tet
626 1894 879 1962 cadenti,
926 1894 997 1948 sit
1043 1893 1251 1948 vindex
1297 1893 1590 1964 parricidii
1642 1894 1947 1949 clementia
1996 1895 2128 1965 (75),

499 1988 868 2060 parricidium
895 1986 1194 2058 sacrilegii.
1221 1988 1350 2042 Haec
1386 1988 1627 2056 locutus,
1657 1988 1936 2043 convertit
1962 1988 2127 2042 obtu-

561 2110 658 2174 (72)
689 2112 879 2162 Nsce...
908 2108 1340 2161 benevolentiam.
1372 2109 1440 2159 Et
1468 2124 1597 2160 mox
1634 2109 1933 2171 fraternum
1976 2123 2126 2173 song.

499 2183 882 2317 ΒῒξὲΝσοανί
908 2265 1020 2303 non
1048 2251 1340 2316 Oportebat.
1370 2251 1451 2301 In.

500 2474 2107 2485 —ww—w—-—_W.—_
2120 2476 2213 2482 .—

2231 1801 2367 1874 quia
2407 1800 2582 1855 ﬁdem
2631 1798 2974 1871 alienigenis
3014 1798 3205 1871 potius
3250 1814 3427 1869 quam
3473 1797 3579 1851 suis
3620 1797 3794 1862 detulit,

2229 1894 2327 1950 tali
2360 1894 2570 1965 dignus
2599 1894 2751 1949 exitu
2780 1893 2907 1948 fuit.

2293 2113 2389 2175 (74)
2419 2114 2661 2163 Meorum
2689 2110 2835 2161 vuln.
2869 2110 2950 2161 In.

2289 2184 2391 2245 (75)
2416 2183 2502 2234 Al.
2530 2183 2599 2234 sit
2624 2181 2788 2234 induo:
2813 2180 3105 2247 parricidii
3129 2182 3415 2233 dementia.
3445 2182 3524 2231 In.

2295 2254 2391 2315 (76)
2422 2253 2796 2317 Triumphatis.
2829 2254 2911 2304 In.

2218 2476 2391 2482 _.___._
2404 2476 2632 2484 —__._.————

1702 2663 2041 2756 LIBER
2133 2662 2645 2758 TERTIUS.

1163 3046 1385 3103 CAPUT
1425 3048 1465 3100 l.

564 3143 643 3196 Ea
686 3143 992 3211 postquam
1035 3140 1250 3195 Neroni
1297 3140 1554 3195 nuntiata
1607 3145 1739 3195 sunt
1794 3141 1851 3196 in
1902 3142 2127 3196 Achaiae

497 3233 752 3305 partibus
799 3234 927 3297 cito,
972 3233 1070 3305 qui
1115 3233 1464 3303 tragicorum
1511 3234 1829 3290 carminum
1879 3235 2125 3291 medita-

498 3328 652 3383 tione
693 3326 1091 3395 contenderat,
1128 3332 1191 3381 ut
1232 3326 1302 3381 de
1346 3327 1605 3398 pluribus
1646 3329 1930 3385 scenicam
1963 3346 2125 3385 coro-

499 3436 632 3477 nam
676 3421 961 3477 referret:
1011 3420 1247 3490 nescias,
1292 3438 1406 3493 quo
1452 3422 1641 3494 magis
1686 3423 1889 3494 turpis,
1940 3427 2129 3478 utrum

499 3515 650 3588 quod
685 3514 743 3570 in
784 3530 1015 3570 scenam
1044 3514 1361 3586 imperator
1398 3515 1676 3587 prodiret,
1708 3533 1779 3571 an
1812 3517 1970 3589 quod
2010 3532 2125 3573 sce-

500 3625 634 3665 nam
682 3609 796 3665 suis
837 3608 1068 3680 flagitiis
1112 3609 1400 3680 impleret,
1444 3611 1543 3681 qui
1580 3616 1834 3681 turparet
1868 3612 2128 3667 Orestem

496 3702 779 3771 canendo,
825 3709 881 3758 et
926 3703 1234 3774 parricidio
1281 3708 1731 3775 repraesentaret,
1772 3705 1958 3775 gravis
1999 3722 2129 3761 eum

495 3796 696 3852 invasit
722 3800 929 3853 metus.
960 3798 1084 3852 Non
1127 3797 1228 3852 illa
1256 3797 1525 3852 ludorum
1565 3798 1792 3865 similia,
1822 3799 1924 3853 sed
1951 3799 2125 3853 bello-

497 3908 625 3947 rum
656 3908 927 3963 suprema
950 3891 1474 3963 pertimescentem.
1503 3895 1563 3944 ut
1585 3892 1891 3962 aliquando
1919 3910 1951 3946 a
1979 3892 2129 3947 thea-

501 3985 732 4040 tralium
791 3985 1146 4055 voluptatum
1212 3984 1595 4051 obscenitate,
1660 3992 1716 4040 et
1780 3985 2133 4056 parricidalis

500 4078 768 4135 amentiae
813 4078 1006 4133 furore
1055 4079 1432 4149 resipisceret,
1478 4084 1649 4150 atque
1698 4080 1767 4134 ad
1812 4096 1976 4134 curas
2019 4079 2129 4133 rei-

497 4172 741 4243 publicae
771 4188 1097 4238 conversus,
1134 4172 1285 4226 intra
1324 4189 1380 4227 sc
1417 4172 1689 4227 fremeret
1718 4180 1774 4227 et
1815 4173 2130 4239 desaeviret,

500 4266 658 4339 quod
702 4266 922 4321 incuria
963 4265 1121 4320 ducis
1167 4264 1354 4337 potius
1399 4282 1568 4337 quam
1616 4266 1821 4321 virtute
1867 4268 2133 4321 adversam.

500 4362 713 4416 riorum
760 4361 975 4414 tantam
1012 4358 1235 4414 cladem
1268 4358 1588 4430 respublica
1616 4360 1868 4414 Romana
1902 4377 2129 4432 accepe-

2152 3061 2205 3134 ρ
2232 3049 2290 3103 in
2339 3048 2553 3103 bellum
2604 3049 2876 3119 relapsas,
2934 3065 3073 3119 pace
3122 3048 3397 3104 diuturna
3452 3048 3813 3119 composuerat.
3920 3048 3921 3121 1

2232 3142 2578 3197 Britanniam
2616 3158 2843 3214 quoque
2888 3142 3042 3198 inter
3082 3142 3267 3198 undas
3310 3143 3501 3198 adhuc
3538 3143 3636 3210 (77)
3674 3141 3814 3193 laten-

2233 3240 2349 3291 tem
2399 3237 2658 3292 Romano
2715 3236 2957 3308 imperio
3010 3237 3183 3291 armis
3235 3237 3646 3308 acquisiverat,
3692 3232 3815 3302 cujus

2230 3328 2597 3401 triumphatae
2637 3329 2838 3401 opibus
2881 3330 3062 3385 Roma
3104 3329 3299 3396 ditior,
3330 3329 3601 3387 Claudius
3636 3325 3815 3382 consul-

2230 3424 2369 3489 tior,
2429 3424 2574 3479 Nero
2625 3424 2829 3479 fortior
2893 3423 3299 3479 aestimabatur.
3362 3426 3557 3496 Itaque
3615 3433 3811 3494 quarum

2232 3518 2492 3589 gentium
2516 3517 2666 3573 bella
2706 3534 2825 3573 non
2860 3518 3135 3587 viderant,
3167 3518 3612 3590 subjugatarum
3651 3519 3814 3584 tropea

2231 3611 2677 3667 celebraverant.
2732 3612 2845 3668 Sub
2895 3612 3005 3666 hoc
3056 3612 3199 3667 duce
3244 3611 3489 3681 (iterum
3528 3610 3666 3679 dico)
3705 3608 3813 3662 Nero

2231 3705 2497 3760 terribilis
2562 3710 2713 3774 erat,
2781 3705 2926 3760 Nero
2997 3705 3370 3769 metuendus,
3430 3710 3628 3776 potens
3685 3699 3813 3758 foris.

2232 3804 2385 3853 tutus
2439 3799 2614 3865 domi,
2668 3798 2905 3871 aequatis
2954 3799 3104 3854 inter
3157 3816 3217 3853 se
3269 3797 3599 3869 Vespasiani
3644 3794 3741 3850 ﬁde
3772 3806 3815 3845 ac
3920 3832 3921 3847 χ

2232 3892 2583 3947 fortitudine.
2644 3894 2901 3957 Quantus
2962 3893 3067 3948 iste
3123 3892 3228 3959 vir,
3286 3893 3456 3963 cujus
3510 3891 3673 3946 armis
3725 3885 3819 3940 vitia
3920 3916 3921 3923 ι

2233 3986 2469 4040 Neronis
2514 3986 2664 4057 apud
2720 3991 2936 4042 exteras
2988 3991 3191 4057 gentes
3244 3985 3744 4043 abscondebantur,
3775 3982 3820 4030 ut

2232 4078 2548 4133 ludibrium
2590 4095 2783 4133 rerum
2823 4079 3228 4147 humanarum,
3260 4082 3319 4133 et
3360 4080 3595 4150 ejurata:
3628 4070 3817 4144 impuri-
3920 4112 3921 4167 ἐ

2234 4172 2366 4227 tatis
2394 4172 2791 4244 opprobrium,
2832 4173 3143 4243 triumphis
3174 4189 3411 4244 quoque
3454 4161 3816 4227 illustraretur!

2234 4266 2377 4322 Cum
2418 4266 2801 4337 prmliandum
2846 4266 3037 4337 itaque
3082 4266 3139 4320 in
3182 4266 3400 4321 ultimis
3441 4264 3668 4321 Romani
3705 4256 3821 4314 orbis

2237 4365 2386 4414 esset
2420 4360 2704 4428 conﬁniis,
2732 4359 3107 4431 Vespasianus
3151 4376 3221 4414 ex
3263 4359 3538 4415 omnibus
3576 4353 3819 4427 eligeban-

502 4456 594 4510 rit.
631 4453 910 4509 Tentabat
952 4453 1183 4524 quidem
1225 4452 1495 4507 simulare
1543 4452 1863 4520 audaciam,
1910 4454 2005 4508 sed
2038 4431 2348 4509 ire-Dtur.
2416 4456 2558 4509 Cum
2623 4454 2838 4508 bellum
2899 4453 3225 4525 depositum
3276 4454 3449 4521 foret,
3503 4448 3821 4521 Vespasianus

502 4547 816 4619 darguebat
852 4546 1044 4614 timor,
1079 4551 1137 4602 et
1175 4546 1338 4619 quasi
1364 4546 1612 4619 speciem
1641 4546 2136 4619 magnanimitatis

500 4646 841 4713 praetexere,
886 4645 950 4695 ut
988 4657 1163 4713 supra
1204 4657 1524 4696 aerumnam
1571 4641 1938 4713 negotiorum
1975 4659 2131 4697 men-

505 4744 613 4791 tem
667 4733 924 4790 haberet.
980 4734 1095 4790 Sed
1138 4735 1590 4807 distringebatur
1632 4735 1810 4791 animi
1860 4734 2132 4791 sollicitu-

502 4830 654 4899 dine,
702 4845 875 4901 quem
926 4828 1224 4884 demendae
1269 4828 1603 4901 ignominiaa
1644 4830 1908 4901 belloque
1957 4831 2131 4885 conﬁ-

500 4924 702 4980 ciendo
748 4925 965 4995 legeret
1009 4923 1238 4978 ducem.
1286 4922 1578 4995 Urgebant
1612 4924 1868 4979 Judteam
1922 4925 2134 4979 ultimae

502 5019 638 5073 labis
667 5018 858 5073 futura
891 5016 1127 5084 excidia,
1164 5022 1227 5072 ut
1252 5017 1397 5072 Nero
1426 5018 1683 5089 regalem
1709 5035 2016 5090 personam
2049 5018 2132 5073 in-

502 5115 720 5179 dueret,
750 5118 807 5167 et
836 5111 1054 5183 providi
1082 5111 1421 5167 consultoris
1448 5128 1602 5181 voce,
1636 5113 1921 5168 salubrem
1947 5112 2132 5184 expri-

503 5213 685 5264 meret
736 5205 1104 5262 sententiam.
1163 5205 1563 5277 Vespasianum
1623 5206 1806 5260 solum
1859 5224 1981 5261 esse
2046 5207 2135 5261 cui

501 5318 726 5357 summa
752 5299 971 5356 militiae
1008 5300 1243 5356 orientis
1272 5299 1331 5354 in
1364 5300 1622 5372 partibus
1644 5300 1777 5371 jure
1813 5302 2132 5356 committe-

504 5399 678 5462 retur,
729 5394 909 5450 virum
965 5395 1035 5449 ab
1085 5394 1462 5449 adolescentia
1509 5393 1727 5449 militiae
1774 5394 2136 5471 triumphalis

500 5487 881 5543 inveteratum
916 5488 1235 5560 stipendiis,
1273 5488 1374 5559 qui
1415 5488 1720 5559 impacatas
1760 5487 1966 5543 Gallias
2001 5490 2133 5544 Ger-

501 5595 810 5633 manorum
844 5582 1118 5648 tumultu,
1153 5586 1210 5636 et
1246 5581 1458 5637 ferocia
1496 5581 1760 5652 genuina:
1802 5582 2136 5637 temeritatis

565 5743 664 5805 (77)
697 5741 1080 5802 Hancjvocem
1105 5758 1217 5794 non
1247 5747 1412 5798 habet
1441 5761 1547 5799 ms.
1573 5748 1750 5803 Baaa.

2235 4564 2354 4618 prae.
2384 4547 2605 4602 caeteris
2643 4546 2988 4616 sociabatur,
3022 4563 3096 4602 ne
3134 4547 3222 4602 vel
3251 4546 3516 4618 publicus
3550 4540 3819 4614 superesset
3920 4540 3921 4605 Ἰ

2236 4640 2431 4708 hostis,
2462 4642 2549 4695 vel
2577 4640 2921 4696 domesticus
2946 4640 3252 4711 obreperet
3289 4640 3606 4694 insidiator.
3646 4634 3819 4704 Dignus
3920 4654 3921 4669 ι

2238 4734 2333 4806 qui
2362 4734 2660 4806 stipendiis
2699 4734 2900 4789 militis
2938 4750 3187 4805 regnum
3224 4725 3817 4804 prmveniret.'Docebal

2236 4828 2443 4895 iidem,
2500 4827 2843 4899 praeferebat
2893 4828 3179 4882 virtutem.
3236 4827 3458 4882 Invitus
3509 4824 3653 4880 misit
3700 4821 3819 4874 hunc

2236 4923 2403 4990 Nero,
2449 4921 2546 4993 qui
2594 4922 2699 4976 sibi
2737 4921 3031 4977 auferebat
3071 4919 3435 4992 praesidium;
3474 4917 3572 4974 sed
3607 4911 3814 4971 arctaba-

2236 5023 2329 5071 tur
2380 5015 2587 5071 futuris
2636 5012 3198 5070 scelerum'suorum
3245 5013 3451 5085 poenis,
3501 5017 3559 5067 ut
3599 5026 3652 5064 se
3691 5012 3813 5060 tanto

2236 5109 2595 5164 dissociatum
2644 5110 2919 5164 comitatu
2960 5107 3138 5175 ducis,
3170 5108 3461 5162 inermem
3498 5100 3811 5173 relinqueret.
3920 5156 3921 5159 η

2237 5203 2538 5275 Nunquam
2588 5204 2844 5274 profecto
2892 5201 3062 5258 Galba
3106 5200 3403 5274 aspirandi
3449 5199 3518 5254 ad
3564 5193 3812 5266 imperium

2238 5300 2419 5355 studia
2448 5302 2794 5370 usurpasset,
2828 5297 2935 5353 nisi
2957 5296 3368 5369 Vespasianum
3395 5295 3674 5350 absentem
3696 5298 3812 5342 com-

2238 5393 2495 5465 perisset.
2547 5392 2657 5448 Sed
2700 5391 3021 5464 procuravit
3065 5391 3169 5445 hoc
3216 5391 3384 5458 Deus,
3437 5393 3497 5442 ut
3540 5387 3595 5441 in
3636 5379 3811 5452 Syriam

2239 5486 2587 5558 dirigeretur
2629 5487 2731 5555 vir,
2777 5486 2873 5557 qui
2914 5489 2971 5539 et
3007 5486 3332 5539 Judazorum
3374 5478 3707 5536 insolentiam
3739 5486 3808 5523 su-

2239 5596 2437 5652 premo
2507 5580 2694 5651 gentis
2769 5579 2987 5633 excidio
3065 5577 3514 5649 captivitatisquc
3583 5569 3809 5625 dedecun'
