4000 6166
202 287 247 337 21
257 285 313 335 69

1156 273 1243 326 DE
1284 272 1557 328 EXCIDIO
1598 272 1795 327 URBIS
1844 269 2199 325 HIEROSUL.
2247 269 2370 322 ωδ.
2416 269 2503 323 Ill.

3376 270 3516 321 2170

193 401 537 462 labefactaret,
572 399 629 451 et
666 396 951 451 Neronem
984 396 1195 451 auxilio
1225 395 1564 453 destitueret.
1592 412 1603 449 :
1647 396 1779 450 licet
1801 406 1858 478 Α
1881 409 2014 448 vero
2044 391 2439 464 praevaluisset
2475 393 2672 446 Petrus
2702 392 2765 445 in
2795 390 3105 458 Simonem,
3133 390 3260 461 pari
3300 405 3511 463 genere

197 496 375 553 nullius
406 491 570 547 virtus
598 490 819 546 statutis
852 489 1055 546 afferre
1094 491 1274 563 possit
1314 490 1634 546 caelestibus
1666 490 1775 544 im-

190 589 557 664 pedimentum.
589 586 835 639 Demens
866 588 1059 640 tamen
1094 584 1202 655 (78)
1234 586 1380 641 Nero
1406 602 1535 640 cum
1560 585 1781 640 Judaeu-

191 700 296 739 mm
350 680 486 737 bello
536 678 806 734 afﬂictam
872 680 1115 734 Romani
1180 680 1463 735 exercitus
1529 678 1777 734 validam

191 792 394 833 manum
441 773 811 845 cognovisset,
863 773 1132 829 adversus
1186 774 1534 830 Christianos
1588 775 1776 829 insur—

188 872 324 940 rexit,
353 875 408 924 ut
434 868 482 923 ei
509 867 735 923 debitus
762 866 891 923 finis
913 868 1420 940 appropinquaret.

803 1060 1019 1116 CAPUT
1062 1062 1123 1114 ll.

236 1246 395 1299 Erant
444 1245 579 1295 tunc
625 1240 901 1312 temporis
959 1244 1153 1297 Romae
1201 1244 1399 1298 Petrus
1451 1247 1509 1298 et
1553 1244 1775 1310 Paulus,

178 1339 409 1394 doctores
452 1334 930 1406 Christianorum,
980 1336 1251 1392 sublimes
1296 1337 1588 1409 operibus,
1639 1337 1777 1392 clari

177 1429 498 1503 magisterio,
541 1428 641 1502 qui
677 1429 884 1485 virtute
926 1446 1163 1486 suorum
1206 1447 1447 1502 operum
1490 1432 1771 1487 Neronem

177 1526 448 1580 adversum
487 1523 741 1579 fecerant
776 1523 909 1595 (79),
937 1526 1169 1595 captum
1203 1524 1349 1595 Magi
1388 1524 1635 1580 Simonis
1672 1525 1773 1580 de-

172 1618 478 1685 linimentis,
512 1616 613 1690 qui
641 1616 747 1671 sibi
778 1616 1035 1672 animum
1068 1618 1190 1689 ejus
1226 1618 1641 1675 conciliaverat.
1675 1619 1776 1675 Cui

172 1712 541 1783 adjumentum
590 1711 863 1780 victorias,
899 1711 1283 1783 subjectiones
1327 1712 1607 1785 gentium,
1650 1712 1777 1768 vitae

168 1780 596 1877 longaevitatem,
641 1805 842 1861 salutis
887 1780 1209 1861 custodiam
1254 1780 1527 1861 feralibus
1566 1780 1854 1862 artibusB

165 1900 541 1972 pollicebatur,
583 1904 756 1973 atque
802 1899 897 1955 ille
944 1899 1236 1968 credebat,
1284 1900 1383 1972 qui
1424 1900 1540 1956 vim
1584 1917 1776 1956 rerum

164 1995 385 2050 nesciret
422 1994 779 2049 examinare.
822 1994 1071 2066 Denique
1108 2010 1400 2049 summum
1445 1995 1597 2067 apud
1641 2012 1775 2050 eum

1076 2088 1538 2161 quandoquidem
1601 2090 1777 2145 etiam

162 2088 366 2143 tenebat
425 2088 695 2143 amicitiai
758 2088 948 2143 locum
1000 2106 1013 2143 :

162 2183 442 2254 presulem
484 2198 608 2237 suae
651 2182 848 2237 salutis
892 2182 1131 2254 vitaque
1179 2182 1477 2239 custodem
1526 2182 1772 2239 arbitra-

161 2277 322 2330 batur.
373 2276 487 2332 Sed
537 2276 637 2331 ubi
693 2278 894 2331 Petrus
948 2276 1071 2348 ejus
1123 2276 1398 2332 vanitates
1451 2283 1507 2332 et
1557 2277 1775 2350 ﬂagitia

157 2370 366 2439 detexit,
409 2374 467 2426 et
518 2369 739 2441 species
782 2370 946 2425 illum
990 2387 1189 2425 rerum
1230 2371 1481 2439 mentiri,
1524 2388 1637 2426 non
1681 2389 1771 2427 so-

157 2463 316 2519 lidum
369 2464 596 2536 aliquid
656 2467 756 2519 aut
803 2480 1002 2519 verum
1060 2464 1281 2520 efﬁcere
1335 2465 1769 2535 demonstravit;

153 2557 374 2613 ludibrio
403 2559 661 2626 habitus,
691 2564 749 2615 et
783 2558 959 2630 digno
990 2562 1073 2614 est
1107 2564 1476 2630 consumptus
1505 2575 1768 2614 mmrore.

155 2653 210 2706 Et
239 2652 496 2723 quamvis
540 2653 606 2707 in
647 2652 772 2707 aliis
816 2659 1095 2707 terrarum
1145 2652 1396 2724 partibus
1436 2654 1587 2708 Petri
1626 2659 1773 2708 esset

149 2752 395 2818 expertus
441 2746 800 2819 potentiam,
848 2751 1043 2802 tamen
1096 2747 1451 2819 praeveniens
1496 2741 1774 2816 Romam,

148 2856 295 2895 ausus
330 2846 418 2896 est
452 2841 706 2912 jactare,
748 2841 901 2912 quod
944 2846 1197 2896 mortuos
1243 2841 1625 2896 resuscitaret.
1668 2843 1768 2896 De-

142 2934 349 2989 functus
389 2939 521 2990 erat
567 2935 631 2989 id
672 2935 942 3007 temporis
986 2936 1184 2991 Romae
1227 2935 1559 2991 adolescens
1604 2935 1767 2990 nobi-

144 3028 217 3095 lis,
252 3031 618 3103 propinquus
647 3029 900 3096 Caesaris,
934 3046 1066 3084 cum
1105 3029 1507 3085 universorum
1548 3028 1768 3085 dolore.

139 3123 489 3180 Admonuere
532 3124 802 3196 plerique
853 3123 1291 3195 experiendum,
1343 3126 1535 3178 utrum
1582 3127 1845 3226 possetc

139 3218 464 3273 resuscitari.
510 3217 942 3273 Celeberrimus
983 3218 1039 3272 in
1090 3217 1178 3271 his
1214 3217 1477 3288 operibus
1513 3216 1767 3272 habeba—

138 3316 215 3364 tur
264 3312 497 3379 Petrus;
553 3312 663 3367 sed
724 3312 876 3382 apud
942 3312 1182 3383 gentiles
1246 3312 1406 3365 nulla
1469 3311 1600 3366 facti
1658 3314 1768 3382 (80)

137 3404 457 3474 hujusmodi
505 3404 883 3461 deferebatur
930 3405 1092 3460 ﬁdes.
1142 3406 1312 3461 Dolor
1354 3404 1541 3477 exegit
1584 3422 1768 3461 reme-

132 3497 271 3553 dium
304 3516 317 3554 :
348 3505 697 3571 perrectum
738 3504 820 3555 est
858 3500 927 3553 ad
963 3500 1214 3554 Petrum.
1245 3500 1442 3567 Fuere,
1472 3499 1570 3571 qui
1597 3500 1769 3555 etiam

132 3592 409 3648 Simonem
449 3593 877 3648 accersendum
920 3598 1191 3664 putarent
1232 3614 1242 3647 :
1291 3598 1525 3663 uterque
1572 3593 1767 3646 adfue-

128 3691 268 3742 runt.
313 3688 411 3742 Ait
455 3690 671 3743 Petrus
713 3703 726 3740 :
779 3686 991 3742 Simoni
1033 3686 1130 3758 qui
1172 3704 1230 3741 se
1279 3687 1348 3741 de
1389 3704 1487 3741 sua
1527 3689 1773 3757 jactaret

130 3783 389 3850 potentia,
425 3782 671 3854 priores
697 3797 817 3835 sese
840 3785 1030 3852 partes
1057 3782 1211 3849 dare,
1242 3788 1301 3835 ut
1327 3781 1373 3835 si
1398 3787 1598 3852 posset,
1627 3798 1772 3835 mor-

128 3877 276 3931 tuum
320 3876 732 3931 resuscitaret.
776 3874 834 3930 Si
873 3875 967 3929 ille
999 3884 1112 3928 nun
1156 3874 1533 3942 resuscitaret,
1569 3891 1626 3930 se
1658 3891 1773 3930 non

125 3967 449 4025 defuturum
492 3974 564 4025 ut
610 3969 866 4026 Christus
911 3985 1082 4041 opem
1124 3970 1303 4024 ferret
1342 3969 1631 4037 defuncto,
1660 3986 1773 4041 quo

118 4070 294 4132 posset
335 4080 689 4136 resurgere.
732 4063 948 4129 Simon,
991 4062 1089 4135 qui
1126 4066 1349 4135 putaret
1389 4063 1539 4135 apud
1576 4064 1771 4120 urbem

121 4158 418 4226 gentilium
462 4158 793 4231 plurimum
829 4175 958 4213 suas
999 4157 1262 4212 valituras
1290 4162 1462 4225 artes,
1494 4157 1769 4213 conditio-

117 4266 241 4307 nem
263 4254 613 4326 proposuit,
639 4252 762 4307 utsi
792 4252 912 4324 ipse
933 4251 1314 4307 resuscitasset
1338 4256 1651 4321 mortuum,
1675 4254 1775 4307 Pe-

120 4348 227 4398 trus
271 4347 678 4415 occideretur,
723 4346 820 4417 qui
864 4362 1085 4402 manu
1128 4362 1429 4401 POTENTIAM
1477 4346 1569 4416 (sic
1614 4346 1771 4402 enim

118 4440 574 4511 appellabatur),
610 4440 940 4495 lacessendo
977 4440 1217 4512 injurias
1256 4440 1648 4511 irrogavisset;
1685 4441 1771 4494 sin

167 4563 263 4623 (78)
302 4564 451 4614 Haec
524 4568 589 4613 et
640 4564 930 4626 sequentia
972 4563 1226 4628 pluribus
1275 4563 1532 4613 edisserit
1587 4525 1852 4613 Mazo-D

112 4632 263 4685 chius
295 4650 349 4685 γ.
379 4649 433 4686 c.
475 4636 541 4685 in
575 4639 874 4685 comment.
910 4634 978 4684 ad
1010 4649 1261 4685 marmor.
1303 4635 1520 4699 Neapol.
1567 4636 1771 4685 Kalen-

109 4704 217 4753 dar.
255 4708 371 4757 vol.
412 4708 519 4765 III,
553 4720 611 4770 p.
642 4707 756 4756 854.

167 4777 260 4838 (79)
320 4776 726 4828 Scribendum
776 4790 1023 4827 aversum
1070 4793 1086 4825 :
1141 4776 1289 4842 quod
1345 4782 1402 4828 et
1454 4778 1773 4842 elegantius

106 4852 154 4896 et
202 4850 385 4913 magis
451 4847 906 4899 Ambrosianum
965 4852 1063 4898 est.
1126 4849 1276 4898 Nihil
1347 4853 1528 4900 tamen
1589 4854 1770 4905 muto.

106 4920 342 4971 maxime
395 4932 549 4970 cum
606 4918 816 4968 Abdias
863 4920 1147 4969 adversum
1198 4920 1255 4968 in
1318 4932 1420 4970 suo
1484 4921 1769 4984 Exjosippi

106 4991 412 5055 exemplari
455 4990 677 5054 legisse
715 4990 984 5049 videatur,
1026 4994 1087 5039 ut
1129 4992 1222 5054 qui
1270 4991 1325 5039 in
1370 5004 1471 5039 sua
1516 4992 1772 5047 Historia,

101 5071 213 5123 cap.
258 5061 343 5121 £6,
388 5062 485 5112 sic
536 5062 922 5111 immutaverit
961 5076 973 5109 :
1019 5062 1157 5111 Nero
1202 5074 1298 5123 per
1336 5074 1548 5123 magum
1592 5062 1771 5111 Simo-

100 5143 209 5251 ἓὲἔι
253 5132 578 5183 adversari
623 5133 771 5194 erepit
816 5132 1088 5194 apostolis.
1144 5132 1223 5181 In.
1282 5132 1377 5182 lor.
1425 5135 1535 5191 cit.,
1566 5135 1770 5197 pagina

156 5274 251 5337 (80)
288 5275 445 5325 Puto
498 5273 797 5324 excidisse
841 5286 909 5323 ex
957 5272 1065 5323 hoc
1112 5273 1384 5324 vocabulo
1428 5273 1677 5334 sibilum,
1721 5280 1773 5325 et

102 5354 325 5405 sacris,
358 5359 489 5396 non
542 5343 682 5405 facti
718 5344 789 5395 ab
835 5344 1131 5394 Ambrosio
1173 5345 1443 5408 scriptum
1486 5346 1687 5407 fuisse;
1725 5346 1773 5395 is

98 5414 240 5467 enim
270 5429 454 5468 casus
488 5428 635 5467 cum
663 5428 727 5466 ea
759 5415 1038 5465 locutione
1058 5416 1325 5480 jungitur.
1360 5417 1440 5466 in.
1478 5417 1511 5466 l.
1559 5432 1624 5476 (κ,
1652 5432 1768 5482 pag.

155 5559 251 5616 (8!)
302 5557 605 5610 Famula
670 5562 753 5609 est
806 5558 1037 5619 eadem,
1083 5562 1249 5625 atque
1303 5558 1397 5609 illa
1457 5573 1569 5624 qua
1626 5560 1773 5611 idem

99 5626 288 5681 Petrus
349 5632 580 5691 utitur,
632 5630 766 5687 Act,
823 5643 912 5691 IX,
968 5631 1030 5681 34
1086 5647 1095 5679 :
1154 5633 1349 5688 As‘nea,
1404 5636 1561 5681 sonat
1608 5633 1774 5693 (ἰᾶται)

100 5704 141 5745 Ie
184 5701 457 5751 Dominus
504 5700 675 5750 Jesus
714 5700 987 5763 Christus;
1025 5715 1185 5765 surge
1224 5707 1271 5751 et
1311 5705 1488 5752 sterne
1532 5702 1643 5750 tibi.
1692 5703 1774 5752 Ex

98 5783 206 5834 quo
250 5774 557 5824 Actorum
611 5771 732 5823 loco
772 5772 994 5824 videtur
1034 5773 1127 5824 hic
1169 5787 1394 5839 quoque
1442 5774 1776 5827 Ambrosius

94 5851 252 5895 sanat
330 5844 692 5909 scripsisse,
757 5858 866 5896 non
933 5844 1296 5911 deprecativo
1366 5846 1533 5898 modo
1599 5853 1770 5899 sanet.

1880 486 2283 542 vindicaretur.
2315 484 2610 557 Acquievit
2645 485 2845 539 Petrus
2874 500 2886 538 ε
2916 484 3151 539 adorsus
3177 488 3262 540 est
3287 483 3510 551 Simon,

1880 581 2118 637 accessit
2173 580 2248 635 ad
2300 580 2570 636 lectulum
2625 579 2879 635 defuncti
2930 596 2943 632 :
3000 578 3287 634 incantare
3342 587 3511 651 atque

1879 676 2330 731 immurmurare
2380 674 2507 730 dira
2566 673 2823 729 carmina
2873 677 2935 728 ut
2980 671 3168 743 coepit,
3227 671 3375 727 visus
3427 676 3513 728 est

1879 772 2053 841 caput
2097 769 2334 840 agitare,
2378 770 2477 841 qui
2527 770 2788 823 mortuus
2832 769 2978 821 erat.
3028 766 3255 822 Clamor
3309 765 3511 836 ingens

1880 862 2202 936 gentilium,
2231 862 2385 934 quod
2407 862 2528 934 jam
2566 861 2802 929 viveret,
2836 861 2988 932 quod
3021 861 3355 932 loqueretur
3381 874 3511 913 cum

1879 957 2134 1014 Simone.
2175 960 2264 1013 lra
2304 963 2359 1012 et
2398 956 2719 1029 indignatio
2761 955 2818 1010 in
2862 956 3114 1024 Petrum,
3152 953 3306 1026 quod
3342 968 3514 1008 ausus

1880 1056 2029 1109 esset
2077 1051 2332 1108 conferre
2374 1067 2495 1106 sese
2539 1052 2713 1106 tanta:
2763 1048 3051 1121 potestati.
3098 1048 3336 1103 Sanctus
3372 1063 3507 1119 apo-

1879 1148 2057 1202 stolus
2097 1146 2354 1219 poposcit
2398 1145 2711 1212 silentium,
2766 1150 2822 1199 et
2868 1142 3007 1199 dixit
3053 1161 3067 1197 :
3121 1142 3177 1198 Si
3220 1140 3355 1196 vivit
3409 1141 3507 1196 de-

1879 1241 2126 1310 functus,
2171 1241 2469 1312 loquatur;
2510 1239 2555 1294 si
2598 1238 2959 1294 resuscitatus
2986 1241 3090 1306 est,
3122 1238 3340 1308 surgat,
3381 1252 3507 1290 am-

1877 1335 2055 1403 bulet,
2084 1334 2371 1391 fabuletur
2404 1351 2416 1389 :
2460 1334 2798 1405 phantasma
2837 1331 2981 1386 illud
3021 1347 3163 1400 esse,
3201 1346 3320 1386 non
3362 1330 3505 1386 veri-

1876 1433 2073 1500 tatem,
2113 1430 2269 1502 quod
2309 1428 2569 1484 videatur
2610 1432 2780 1499 caput
2820 1426 3080 1481 movisse.
3122 1425 3377 1496 Denique
3416 1441 3505 1479 se-

1879 1527 2133 1595 paretur,
2185 1524 2389 1595 inquit,
2439 1523 2639 1578 Simon
2682 1539 2714 1575 a
2758 1521 2992 1587 lectulo,
3037 1525 3095 1575 et
3146 1523 3280 1574 tunc
3322 1535 3395 1573 ne
3450 1517 3505 1571 id

1879 1618 2114 1690 quidem
2181 1618 2427 1673 ostentui
2493 1618 2771 1671 futurum.
2831 1614 3146 1669 Abducitur
3209 1612 3410 1668 Simon
3476 1629 3509 1665 a

1878 1712 2086 1767 lectulo
2138 1730 2150 1766 :
2210 1718 2407 1766 manet
2457 1711 2578 1765 sine
2624 1709 2811 1780 specie
2860 1714 3047 1763 motus
3101 1707 3361 1778 alicujus,
3409 1705 3508 1777 qui

1879 1812 2139 1861 mortuus
2184 1810 2327 1861 erat.
2376 1805 2566 1860 Astitit
2616 1806 2813 1859 Petrus
2858 1802 3102 1873 longius,
3150 1806 3205 1856 et
3248 1801 3402 1855 intra
3449 1816 3505 1853 se

1878 1901 2162 1972 paulisper
2239 1899 2477 1955 orationi
2542 1898 2833 1965 intentus,
2904 1912 3034 1950 cum
3100 1911 3314 1967 magna
3371 1909 3508 1948 voce

1878 1995 1957 2050 ait
2008 1996 2119 2065 (81)
2165 2012 2177 2048 :
2225 1994 2585 2059 Adolescens,
2644 2008 2815 2063 surge
2862 2008 2875 2045 :
2926 1994 3085 2045 sanet
3132 1992 3188 2044 te
3232 1987 3508 2044 Dominus

1875 2090 2049 2143 Jesus.
2110 2090 2175 2142 Et
2227 2088 2418 2143 statim
2474 2086 2720 2141 surrexit
2775 2085 3120 2152 adolescens,
3174 2086 3228 2138 et
3284 2083 3507 2137 locutus

1876 2186 1979 2251 est,
2013 2186 2069 2237 et
2099 2181 2432 2249 ambulavit,
2462 2186 2519 2236 et
2557 2181 2747 2236 cibum
2788 2178 3052 2250 sumpsit,
3093 2180 3149 2233 et
3179 2177 3337 2233 dedit
3374 2191 3507 2231 eum

1877 2277 2073 2331 Petrus
2116 2276 2285 2331 matri
2338 2292 2477 2330 sum.
2522 2275 2629 2339 Qui
2668 2291 2799 2329 cum
2851 2278 3167 2345 rogaretur,
3211 2275 3276 2325 ut
3318 2269 3387 2325 ab
3441 2285 3507 2324 eo

1873 2386 1988 2425 non
2022 2370 2353 2437 discederet,
2393 2368 2473 2423 ait
2505 2386 2518 2423 :
2562 2370 2683 2424 Non
2728 2367 3160 2438 derelinquetur
3189 2364 3261 2419 ab
3301 2380 3370 2418 eo
3410 2362 3502 2434 qui

1874 2480 2007 2519 eum
2058 2462 2192 2519 fecit
2237 2479 2552 2535 resurgere,
2599 2463 2760 2533 cujus
2808 2478 2914 2515 nos
2949 2460 3094 2516 servi
3141 2474 3353 2513 sumus.
3407 2456 3502 2511 Se-

1873 2574 2007 2613 cura
2041 2563 2161 2612 esto
2204 2562 2390 2612 mater
2428 2556 2499 2611 de
2541 2556 2678 2623 filio,
2713 2572 2828 2610 non
2871 2552 3138 2623 verearis,
3171 2551 3344 2607 habet
3373 2566 3501 2605 cus-

1874 2651 2069 2707 todem
2109 2668 2295 2707 suum.
2327 2653 2393 2707 Et
2426 2667 2555 2705 cum
2598 2650 2843 2722 populus
2880 2649 2939 2702 in
2979 2648 3271 2702 Simonem
3310 2644 3502 2699 insur—

1874 2749 2054 2818 geret,
2110 2751 2170 2800 ut
2228 2744 2599 2816 lapidaretur,
2644 2744 2720 2797 ait
2772 2744 2972 2797 Petrus
3023 2760 3036 2796 :
3098 2740 3246 2796 Satis
3299 2742 3384 2792 est
3431 2738 3501 2792 ad

1872 2857 2096 2912 pmnam
2127 2839 2269 2910 ejus,
2299 2839 2454 2909 quod
2478 2838 2769 2909 cognoscit
2798 2853 2927 2892 suas
2948 2841 3098 2890 artes
3126 2834 3268 2889 nihil
3294 2833 3499 2899 valere,

1872 2934 2036 3000 vivat,
2070 2939 2127 2989 et
2154 2932 2359 2990 Christi
2390 2948 2631 3003 regnum
2662 2947 2910 2986 crescere
2940 2929 3128 2984 videat
3154 2928 3240 2982 vel
3268 2926 3497 2982 invitus.

1870 3028 2265 3100 Torquebatur
2303 3028 2496 3098 Magus
2538 3024 2775 3097 apostoli
2826 3024 3025 3097 gloria.
3073 3020 3313 3094 Collegit
3355 3037 3498 3085 sese,

1870 3129 2039 3194 atque
2081 3138 2310 3176 omnem
2357 3122 2605 3176 excitans
2649 3120 2974 3175 carminum
3022 3133 3256 3172 suorum
3303 3121 3499 3187 poten-

1870 3217 2033 3284 tiam,
2075 3220 2388 3287 congregat
2426 3215 2723 3287 populum,
2767 3212 3163 3283 oti‘ensumque
3206 3227 3264 3265 se
3296 3209 3433 3265 dicit
3471 3226 3503 3263 a

1872 3312 2114 3367 Galileeis
2155 3330 2169 3366 :
2218 3311 2550 3366 relicturum
2591 3326 2649 3363 se
2686 3308 2910 3376 urbem,
2957 3322 3126 3378 quam
3165 3304 3309 3360 tueri
3355 3304 3501 3358 sole-

1876 3411 1975 3460 ret.
2012 3405 2169 3459 Diem
2209 3403 2425 3471 statuit,
2460 3402 2763 3474 pollicetur
2788 3402 3058 3467 volatum,
3094 3416 3206 3470 quo
3240 3396 3506 3470 supernis

1872 3499 2098 3555 sedibus
2148 3498 2513 3552 inveheretur
2560 3514 2572 3551 :
2623 3496 2735 3561 cui,
2782 3495 3017 3567 quando
3068 3494 3255 3559 vellet,
3297 3492 3500 3546 caelum

1876 3598 2109 3666 pateret.
2156 3590 2495 3647 Conscendit
2539 3592 2748 3645 statuto
2790 3589 2883 3643 die
2932 3590 3187 3642 montem
3234 3585 3499 3657 Capitoli-

1871 3703 2033 3753 num,
2078 3702 2142 3741 ac
2191 3702 2248 3740 se
2290 3685 2361 3739 de
2412 3700 2551 3755 rupe
2594 3682 2885 3753 dejiciens,
2929 3681 3121 3736 volare
3167 3679 3354 3750 cmpit.
3405 3678 3499 3732 Mi-

1873 3781 1989 3835 rari
2035 3780 2279 3852 populus
2323 3784 2381 3834 et
2423 3776 2681 3833 venerari
2733 3794 2744 3831 :
2795 3776 3050 3848 plerique
3104 3774 3360 3828 dicentes
3401 3772 3502 3826 Dei

1874 3892 1991 3930 esse
2019 3874 2356 3948 potentiam,
2387 3889 2500 3928 non
2530 3869 2785 3927 hominis
2816 3870 2945 3940 (82),
2977 3869 3075 3940 qui
3106 3883 3237 3923 cum
3263 3881 3501 3937 corpore

1873 3969 2146 4036 volitaret,
2190 3967 2331 4023 nihil
2375 3968 2486 4023 tale
2528 3966 2724 4021 fecisse
2765 3965 3075 4022 Christum.
3116 3964 3269 4018 Tunc
3306 3963 3503 4016 Petrus

1871 4065 1931 4119 in
1993 4063 2180 4119 medio
2231 4067 2407 4129 stans,
2461 4061 2541 4116 ait
2590 4078 2603 4115 :
2659 4062 2789 4115 Jesu
2843 4059 3112 4123 Domine,
3166 4055 3401 4111 ostende
3452 4054 3506 4109 ei

1872 4175 2046 4214 vanas
2083 4161 2232 4212 artes
2275 4173 2403 4211 suas
2442 4172 2582 4224 esse,
2617 4172 2689 4210 ne
2732 4156 2837 4209 hac
2866 4152 3049 4224 specie
3087 4151 3334 4223 populus
3373 4150 3500 4217 iste,

1874 4253 1972 4325 qui
2016 4251 2337 4307 crediturus
2386 4255 2489 4319 est,
2544 4249 2881 4320 decipiatur.
2928 4246 3178 4315 Decidat,
3226 4244 3500 4310 Domine;

1871 4348 1950 4403 sic
1984 4351 2199 4414 tamen,
2231 4350 2294 4400 ut
2326 4344 2470 4399 nihil
2507 4360 2565 4399 se
2604 4343 2853 4415 potuisse
2892 4341 3083 4395 vivens
3114 4344 3501 4411 recognoscat.

1873 4443 1943 4497 Et
1967 4441 2162 4496 statim
2187 4440 2245 4494 in
2284 4455 2416 4493 voce
2446 4438 2614 4505 Petri,
2648 4436 2950 4508 implicatis
2994 4432 3250 4505 remigiis
3284 4432 3502 4487 alarum

1874 4562 2127 4622 Accedit,
2160 4560 2312 4625 quod
2351 4560 2459 4609 nisi
2500 4561 2615 4621 jam
2655 4557 2910 4609 Christus
2956 4556 3255 4606 sanitatem
3297 4565 3505 4617 reprac-

1872 4637 2169 4695 sentasset,
2227 4644 2339 4681 non
2395 4634 2513 4680 erat
2568 4642 2668 4679 cur
2720 4629 2915 4679 Petrus
2973 4628 3267 4691 imperaret
3324 4636 3500 4687 surge.

1873 4704 1984 4756 Sed
2026 4710 2079 4755 et
2125 4702 2334 4753 Abdias
2371 4715 2501 4753 cum
2545 4700 2750 4751 diserte
2796 4698 3099 4750 indicativo
3149 4694 3315 4746 modo
3350 4700 3509 4745 sanat

1873 4776 2174 4840 scripserit,
2204 4774 2259 4824 id
2299 4778 2450 4824 certo
2495 4775 2826 4836 argumento
2868 4774 2972 4831 est,
3000 4770 3069 4820 ab
3113 4781 3178 4819 eo
3197 4780 3319 4840 non
3348 4766 3507 4840 aliter

1873 4847 1930 4896 in
1960 4836 2063 4896 suo
2098 4845 2381 4908 Exjosippi
2418 4842 2613 4893 codice
2645 4842 2818 4891 fuisse
2858 4844 3155 4904 repertum.
3190 4836 3433 4888 Mazoch.
3472 4836 3500 4885 l.

1872 4932 1937 4977 c.,
1965 4931 2090 4982 pag.
2116 4918 2227 4969 861.

1939 4990 2034 5053 (82)
2090 4988 2184 5039 Sic
2229 4987 2365 5038 editi
2415 4986 2599 5050 vulgo.
2650 4986 2861 5036 Tamen
2911 4983 3252 5037 Gualtherus
3298 4982 3352 5053 in
3409 4993 3506 5030 an-

1873 5052 2080 5112 nulatis
2115 5059 2385 5122 reperisse
2423 5058 2632 5108 alicubi
2670 5071 2730 5107 se
2780 5058 3029 5115 testatur,
3060 5067 3165 5103 non
3201 5052 3462 5103 hominem
3489 5067 3507 5100 .-

1875 5146 2000 5197 qum
2027 5144 2152 5181 meo
2170 5130 2385 5195 judicio
2414 5129 2875 5193 praestantissima
2908 5126 3074 5197 lectio
3102 5130 3188 5176 est
3226 5124 3507 5197 uniceque

1874 5194 2020 5255 vera.
2078 5194 2217 5254 Nam
2266 5215 2397 5250 eum
2439 5200 2631 5251 Simon
2679 5200 2789 5250 hoc
2852 5196 3093 5248 credulis
3144 5194 3506 5260 persuaderet

1874 5289 1934 5325 se
1982 5276 2074 5323 Dei
2118 5274 2403 5337 potentiam
2450 5284 2549 5320 seu
2589 5271 2848 5321 virtutem
2890 5279 3033 5328 esse,
3076 5270 3138 5317 ut
3179 5269 3397 5317 constat
3438 5280 3503 5315 ex

1873 5347 2010 5404 Act,
2061 5358 2177 5403 vm,
2235 5344 2312 5404 10,
2366 5343 2498 5393 hinc
2550 5344 2748 5393 merito
2794 5340 3038 5404 populus
3084 5338 3363 5388 volantem
3415 5339 3508 5387 vi-

1875 5417 2032 5477 dens,
2071 5417 2159 5465 Dei
2203 5428 2311 5467 esse
2351 5415 2661 5477 potentiam,
2689 5425 2796 5461 non
2836 5410 3099 5461 hominem
3139 5408 3503 5459 acclamabat.

1875 5488 2020 5551 Ergo
2068 5492 2179 5537 tota
2222 5487 2347 5537 hinc
2396 5484 2653 5549 periodus
2698 5484 2779 5534 sic
2824 5482 3080 5545 castigari
3125 5494 3189 5531 ac
3239 5480 3507 5543 distingui

1876 5560 2060 5621 debet,
2088 5560 2192 5608 nisi
2233 5572 2323 5608 me
2364 5559 2500 5607 ratio
2546 5557 2687 5619 fugit
2718 5568 2729 5601 :
2768 5554 2965 5604 Mirari
3000 5551 3228 5617 populus
3262 5557 3309 5603 et
3346 5566 3509 5601 nme-

1877 5634 1997 5681 ,ἀνί
2031 5647 2044 5679 :
2073 5631 2316 5695 plerique
2344 5630 2569 5678 dicentes
2598 5630 2765 5690 (eum:
2805 5625 2897 5673 Dei
2929 5637 3036 5674 esse
3062 5625 3369 5687 potentiam,
3402 5637 3509 5673 non

1874 5706 2151 5761 hominem,
2182 5702 2275 5766 qui
2301 5715 2413 5749 rum
2446 5711 2666 5763 corpore
2698 5697 2960 5747 volitaret.
2999 5696 3077 5744 lu.
3113 5695 3206 5745 loc.
3244 5697 3353 5755 cit,
3379 5709 3500 5759 pug.

1873 5780 1981 5827 863.
