4072 6192
506 274 636 327 2171

1942 273 1995 327 S.
2040 272 2352 329 AMBROSll

3685 279 3804 333 2172

505 410 647 466 quas
685 399 1021 466 sumpserat,
1064 398 1297 464 corruit,
1343 413 1445 453 nec
1487 398 1843 453 exanimatus
1878 402 1991 467 est;
2031 397 2129 451 sed
2152 394 2434 481 Anuntio
2500 395 2677 462 Nero,
2730 394 2901 450 rebus
2956 395 3013 450 in
3076 394 3270 450 Judaaa
3332 398 3516 452 minus
3572 414 3806 470 prospere

502 486 682 542 fracto
712 487 1115 560 debilitatoque
1144 505 1331 559 crure,
1362 490 1602 547 Aritiam
1628 491 1926 559 concessit,
1955 495 2126 561 atque

504 580 581 636 ibi
612 584 873 636 mortuus
900 587 1001 636 est.
1040 583 1162 647 Quo
1193 588 1505 655 comperto,
1538 585 1843 656 deceptum
1886 600 1946 639 se
1986 586 2129 639 Nero

504 677 561 729 et
598 674 935 729 destitutum
983 692 997 729 :
1044 676 1239 732 dolens
1283 678 1428 732 tanti
1472 694 1662 733 casum
1705 678 1889 746 amici,
1938 677 2127 733 subla-

503 773 743 839 tumque
764 768 868 823 sibi
894 769 1080 824 virum
1102 771 1300 825 utilem
1322 776 1379 826 et
1402 772 1782 826 necessarium
1804 772 2130 843 reipublicae

505 860 867 932 indignatus,
934 879 1192 933 quaerere
1264 866 1433 935 coepit
1498 866 1602 934 (83)
1670 882 1862 919 causas
1930 865 2132 937 quibus

501 956 735 1010 Petrum
796 956 1100 1012 occideret.
1156 959 1222 1011 Et
1269 959 1390 1028 jam
1456 965 1683 1029 tempus
1728 960 1965 1025 aderat,
2020 977 2131 1031 quo

505 1049 682 1104 sancti
730 1054 1075 1105 vocarentur
1122 1052 1360 1122 apostoli
1406 1054 1598 1107 Petrus
1644 1055 1703 1107 et
1749 1054 1975 1108 Paulus.
2028 1056 2130 1108 De—

505 1142 678 1215 nique
725 1143 880 1211 dato,
924 1151 984 1199 ut
1028 1146 1657 1215 comprehenderentur
1696 1154 1999 1218 praecepto,
2052 1165 2134 1202 ro-

508 1237 747 1307 gabatur
796 1239 995 1293 Petrus
1043 1242 1103 1293 ut
1146 1254 1265 1294 sese
1308 1240 1420 1294 alio
1466 1241 1773 1294 conferret.
1820 1242 2135 1297 Resistebat

508 1330 601 1385 ille
640 1331 851 1399 dicens,
894 1348 1262 1403 nequaquam
1306 1349 1363 1387 se
1411 1335 1711 1401 facturum,
1760 1341 1824 1389 ut
1858 1339 2131 1407 tanquam

507 1430 664 1479 metu
709 1426 903 1480 mortis
956 1426 1188 1481 territus
1244 1428 1469 1483 cederet
1518 1445 1530 1482 :
1582 1430 1797 1484 bonum
1857 1447 1976 1484 esse
2032 1448 2133 1500 pro

504 1518 724 1573 Christo
756 1520 890 1590 pati,
922 1521 1018 1590 qui
1058 1538 1161 1591 pro
1195 1522 1468 1576 omnibus
1510 1539 1568 1577 se
1606 1523 1773 1577 morti
1804 1523 2130 1594 obtulisset;

506 1628 619 1665 non
656 1617 905 1667 mortem
943 1614 1124 1681 illam,
1158 1615 1259 1669 sed
1300 1616 1793 1671 immortalitatem
1832 1619 2085 1672 futuram
2116 1636 2128 1673 :

508 1710 777 1777 tanquam
814 1707 1143 1778 indignum,
1180 1716 1240 1762 ut
1274 1710 1392 1779 ipse
1437 1711 1659 1781 fugeret
1692 1712 2017 1783 passionem
2048 1713 2133 1766 sui

2231 490 2424 560 gestis,
2472 489 2875 560 Vespasianum
2919 492 3218 561 expertum
3266 489 3400 545 belli
3443 491 3635 560 virum,
3675 496 3807 549 omni

2232 583 2449 638 militiai
2490 600 2618 654 quas
2654 584 2714 638 in
2755 583 2914 655 Syria
2949 590 3088 652 erat,
3132 584 3401 655 praefecit.
3444 584 3536 638 llle
3581 601 3809 657 propere,

2232 693 2416 748 neque
2464 677 2770 732 differendi
2818 682 3046 749 tempus
3091 677 3351 745 dabatur,
3398 678 3563 733 misso
3602 680 3808 735 Alexan-

2232 772 2417 826 driam
2444 772 2559 826 filio
2585 772 2734 842 Tito,
2772 776 2834 826 ut
2855 772 2987 826 inde
3023 771 3270 827 militum
3300 772 3396 844 qui
3429 773 3815 843 praetendebant

2231 872 2450 937 partem
2497 867 2753 937 aliquam
2793 865 3046 933 duceret,
3092 866 3213 937 ipse
3260 866 3582 922 transmisso
3632 869 3815 924 Helles-

2236 960 2495 1030 pontiaco
2532 960 2679 1015 freto
2722 960 2897 1031 pedes
2939 959 2996 1014 in
3028 959 3251 1028 Syriam
3291 960 3593 1016 contendit.
3627 963 3819 1017 Interea

2231 1053 2408 1108 Judaei
2443 1053 2611 1108 rebus
2637 1054 2771 1109 elati
2812 1054 3091 1122 secundis,
3125 1054 3412 1126 principes
3448 1055 3654 1109 militiae
3690 1056 3819 1112 bello

2235 1148 2451 1218 legunt.
2499 1147 2852 1202 Distribuunt
2888 1147 3028 1217 loca,
3063 1148 3268 1218 quibus
3310 1148 3546 1220 quisque
3590 1156 3821 1219 praeesset

2236 1256 2362 1311 quae
2410 1240 2605 1295 munia
2657 1240 2889 1312 singuli,
2939 1256 3080 1312 quos
3134 1241 3385 1311 ordines,
3427 1242 3561 1312 quid
3604 1244 3824 1297 muneris

2235 1338 2687 1405 exsequerentur
2733 1353 2745 1387 :
2786 1335 3097 1406 losephum
3134 1335 3379 1390 Cutione
3422 1336 3531 1403 (86)
3578 1336 3822 1407 genitum,

2235 1436 2289 1481 et
2340 1431 2604 1482 Ananum
2651 1428 2971 1500 principem
3025 1429 3408 1497 sacerdotum,
3455 1429 3823 1501 Hierosolymi-

2235 1526 2380 1576 tanaa
2410 1522 2565 1576 urbis
2588 1522 2855 1593 negotiis,
2886 1526 2942 1576 et
2970 1523 3256 1594 praecipue
3283 1523 3654 1578 instaurandis
3678 1524 3827 1578 muris

2234 1614 2571 1685 praeficiunt.
2599 1615 2853 1670 Ardebat
2893 1615 3189 1670 Eleazarus
3223 1616 3474 1672 Simonis
3507 1617 3707 1689 aliquid
3740 1617 3830 1671 sibi

2237 1708 2589 1778 publicorum
2636 1709 2913 1763 committi
2963 1726 3291 1765 munerum.
3338 1712 3411 1765 Et
3456 1710 3581 1765 licet
3624 1727 3828 1765 onmem

505 1801 778 1870 corporis,
823 1803 919 1872 qui
968 1792 1175 1857 multos
1219 1804 1479 1858 doctrina
1525 1822 1624 1859 sua
1674 1806 2018 1877 compulerit
2074 1776 2508 1873 seBpraedam,
2554 1794 2739 1874 quam
2801 1803 2870 1856 de
2930 1805 3182 1858 Romano
3242 1805 3500 1859 exercitu
3563 1809 3827 1875 ceperant,

505 1894 720 1948 hostias
751 1911 856 1966 pro
886 1896 1106 1950 Christo
1150 1897 1355 1951 otl‘crre
1389 1915 1400 1951 :
1443 1898 1641 1952 deberi
1679 1899 1781 1954 sibi
1820 1900 2131 1955 secundum

508 1988 732 2042 Domini
758 2005 974 2056 vocem,
1009 1995 1068 2044 ut
1110 1995 1167 2044 et
1206 1991 1323 2061 ipse
1366 1991 1422 2044 in
1465 1993 1727 2062 passione
1773 2010 1871 2047 sua
1911 1995 2133 2049 Christo

507 2080 749 2151 gloriam
785 2085 958 2153 atque
1000 2084 1273 2139 honorem
1307 2085 1484 2138 daret.
1527 2088 1651 2141 Haec
1694 2092 1749 2141 et
1787 2088 1894 2141 alia
1936 2090 2135 2143 Petrus

507 2173 806 2241 obtexere;
853 2177 948 2229 sed
992 2177 1154 2247 plebs
1198 2178 1463 2249 lacrymis
1510 2196 1778 2251 querens,
1829 2197 1900 2235 ne
1939 2198 1996 2236 se
2042 2199 2129 2236 re-

508 2266 810 2337 linqueret,
841 2271 899 2322 et
934 2268 1307 2325 ﬂuctuantem
1348 2273 1498 2327 inter
1524 2274 1801 2343 procellas
1833 2276 2133 2344 gentilium

508 2360 863 2429 destitueret,
896 2365 1075 2420 victus
1114 2366 1341 2421 fletibus
1369 2368 1590 2434 Petrus,
1631 2369 1799 2423 cessit
1826 2385 1839 2423 :
1872 2370 2135 2440 promisit

507 2472 565 2510 se
626 2456 828 2511 urbem
884 2474 1271 2528 egressurum.
1328 2461 1594 2515 Proxima
1658 2467 1821 2517 nocte
1882 2464 2136 2519 salutatis

504 2549 790 2619 fratribus,
817 2556 873 2606 et
907 2553 1187 2608 celebrata
1230 2554 1484 2609 oratione
1524 2557 1629 2626 (84)
1670 2557 1944 2627 proﬁcisci
1983 2558 2135 2613 solus

505 2644 692 2715 coepit.
729 2645 833 2699 Ubi
858 2650 1093 2701 ventum
1134 2652 1221 2701 est
1256 2649 1327 2702 ad
1360 2653 1610 2719 portam,
1639 2649 1793 2706 videt
1819 2651 1923 2705 sibi
1954 2653 2133 2707 Chris-

503 2742 627 2792 tum
667 2754 983 2807 occurrere,
1034 2744 1093 2795 et
1138 2741 1386 2797 adorans
1434 2759 1587 2810 eum,
1632 2742 1772 2798 dixit
1814 2761 1826 2799 :
1875 2746 2131 2813 Domine,

504 2848 617 2903 quo
647 2832 842 2888 vadis?
880 2833 1023 2889 Dicit
1059 2835 1113 2889 ei
1153 2835 1407 2890 Christus
1440 2855 1452 2889 :
1500 2839 1710 2891 lterum
1754 2839 1919 2893 venio
1960 2841 2136 2894 cruci-

506 2926 623 2997 figi.
659 2927 938 2982 Intellexit
965 2930 1160 2983 Petrus
1196 2930 1265 2985 de
1298 2947 1399 2984 sua
1428 2931 1642 2986 dictum
1674 2932 1949 3002 passione,
1980 2934 2132 3004 quod

506 3020 563 3074 in
605 3038 671 3074 ea
712 3022 968 3077 Christus
1008 3040 1279 3095 passurus
1322 3024 1633 3094 videretur,
1681 3027 1778 3097 qui
1823 3027 2039 3098 patitur
2077 3028 2135 3082 in

2234 1897 2334 1950 sub
2381 1901 2721 1967 potestatem
2760 1913 2919 1951 suam
2958 1897 3289 1967 redegisset,
3332 1898 3513 1953 ditem
3549 1898 3830 1968 praesertim

2236 1993 2409 2061 atque
2466 1990 2720 2061 Opimam
2772 1989 3012 2045 avaritia
3068 1990 3267 2057 Cestii,
3321 1994 3493 2063 atque
3550 1990 3833 2046 immodicis

2235 2084 2447 2154 rapinis
2499 2088 2923 2149 coacervatam,
2968 2088 3157 2139 tamen
3206 2086 3472 2155 parandae
3526 2086 3702 2156 magis
3749 2084 3832 2138 sibi

2235 2178 2504 2248 potentia:
2545 2178 2851 2244 intentum,
2899 2194 3075 2249 quam
3118 2180 3416 2234 communi
3457 2179 3582 2234 usui
3624 2195 3834 2250 pronum

2234 2270 2510 2339 arbitrati,
2561 2272 2969 2326 declinandum
3013 2271 3393 2327 aastimavere.
3444 2272 3556 2327 Sed
3597 2273 3834 2344 paulatim

2232 2364 2533 2420 ambiendo
2574 2365 2846 2436 singulos,
2889 2364 3077 2419 dando
3117 2369 3174 2421 et
3215 2365 3518 2436 largiendo
3565 2365 3753 2433 eli‘ecit,
3787 2368 3835 2418 ut

2236 2474 2431 2513 rerum
2473 2459 2735 2513 omnium
2779 2475 3000 2513 summa
3041 2459 3162 2528 ejus
3204 2460 3446 2515 arbitrio
3487 2460 3834 2514 committere-

2235 2558 2348 2607 tur.
2378 2552 2684 2607 ldumaaam
2715 2569 2942 2625 quoque
2970 2556 3153 2622 Jesus,
3189 2572 3336 2609 unus
3365 2556 3435 2610 de
3462 2554 3835 2617 sacerdotibus,

2237 2651 2293 2700 et
2348 2648 2651 2701 Eleazarus
2699 2647 3008 2702 sacerdotis
3060 2648 3210 2703 illius
3274 2648 3497 2703 militia:
3561 2647 3835 2718 praepositi,

2238 2741 2509 2795 tuendam
2556 2747 2920 2813 receperunt.
2975 2742 3220 2813 Principi
3269 2745 3469 2797 tamen
3522 2741 3690 2797 totius
3730 2740 3838 2794 ldu—

2238 2851 2395 2888 mrem
2426 2834 2597 2904 Nigro
2620 2835 2687 2889 de
2715 2835 2954 2888 summis
2977 2836 3145 2889 rebus
3167 2837 3611 2907 praerogativam
3634 2849 3840 2889 omnem

2238 2933 2623 2995 reservantes,
2679 2929 2930 3000 losepho
2978 2928 3231 2984 Simonis
3285 2929 3554 2985 Hiericho
3603 2929 3839 2991 obvenit,

2236 3023 2482 3077 Manasse
2532 3024 2743 3078 Petraea
2793 3024 2896 3092 (87)
2950 3024 3109 3093 regio
3159 3024 3500 3090 commissa,
3555 3031 3701 3079 trans
3750 3023 3840 3075 Eu-

508 3115 744 3185 singulis
775 3132 787 3170 :
832 3133 947 3171 non
984 3117 1178 3188 utique
1209 3118 1464 3190 corporis
1501 3119 1716 3183 dolore,
1750 3121 1844 3175 sed
1884 3122 2132 3191 quadam
2156 3148 2211 3221 Ο
2238 3117 2496 3187 pllt‘alem
2537 3117 2660 3184 Sita,
2695 3118 2783 3171 clli
2814 3118 2881 3170 ab
2910 3134 2977 3172 eo
3013 3118 3136 3173 Indi
3164 3134 3403 3187 nomen,
3434 3117 3589 3190 quod
3616 3116 3839 3188 Ευρὶιτειο

503 3208 913 3264 misericordiae
962 3210 1379 3280 compassione,
1425 3215 1525 3265 aut
1568 3213 1761 3282 gloriae
1807 3214 2133 3269 celebritate

508 3304 638 3370 (85).
698 3302 765 3356 Et
816 3318 1147 3370 conversus,
1207 3304 1265 3358 in
1327 3305 1527 3359 urbem
1582 3307 1763 3373 redit;
1822 3312 2134 3380 captusque

503 3412 533 3447 a
587 3395 1065 3465 persecutoribus,
1121 3399 1274 3452 cruci
1325 3399 1704 3469 adiudicatus,
1759 3404 2021 3473 poposcit
2074 3408 2135 3458 ut

505 3488 747 3543 inversis
784 3490 1033 3561 vestigiis
1073 3492 1225 3546 cruci
1270 3493 1623 3564 afﬁgeretur,
1662 3496 1813 3566 quod
1862 3497 2134 3568 indignus

506 3588 672 3651 esset,
722 3584 820 3654 qui
871 3584 1041 3639 simili
1090 3586 1266 3641 modo
1312 3587 1767 3657 cruciﬁgeretur,
1821 3595 1878 3644 ut
1936 3607 2134 3661 passus

504 3684 583 3729 est
618 3678 711 3731 Dei
741 3678 932 3733 Filius.
967 3681 1088 3744 Quo
1120 3680 1442 3751 impetrato,
1480 3684 1564 3736 vel
1608 3684 1740 3754 quia
1771 3684 1847 3738 ita
1889 3685 2132 3740 debeba-

503 3772 612 3831 tur,
659 3773 721 3821 ut
770 3769 1025 3833 Christus
1081 3771 1431 3841 praedixerat,
1483 3775 1568 3827 vel
1620 3775 1752 3843 quia
1806 3784 2135 3845 persecutor

500 3876 617 3912 non
675 3860 884 3915 invitus
949 3861 1208 3930 indulget
1270 3879 1563 3932 poenarum
1636 3864 2021 3929 incrementa,
2076 3875 2129 3920 et

490 3948 621 4018 ipse
672 3955 725 4003 et
780 3949 1001 4016 Paulus,
1060 3952 1202 4005 alter
1255 3967 1448 4018 cruce,
1504 3953 1646 4006 alter
1702 3954 1888 4021 gladio
1953 3958 2131 4012 necati

504 4044 654 4091 sunt.

1141 4113 1361 4165 CAPUT
1406 4114 1488 4166 Ill.

573 4217 685 4270 Sed
718 4221 776 4269 ut
804 4217 876 4270 ad
919 4218 1272 4288 propositum
1310 4219 1607 4274 redeamus
1642 4239 1651 4273 ε
1690 4222 1941 4277 turbatus
1979 4226 2129 4295 gravi

564 4332 662 4394 {83)
710 4334 873 4384 Hunc
919 4334 1103 4385 locum
1142 4336 1225 4384 sic
1264 4337 1608 4399 interpungit
1640 4338 1955 4389 Mazochius
1993 4341 2027 4389 ι.
2062 4355 2131 4402 c.,

500 4406 699 4469 pagina
763 4405 890 4464 465,
952 4407 1186 4470 ejusque
1258 4406 1762 4470 interpunctionem
1837 4412 2131 4462 continuat

503 4476 728 4538 Abdias,
756 4480 850 4541 qui
884 4478 966 4528 sic
994 4482 1208 4528 textum
1236 4478 1522 4542 Exjosippi
1551 4480 1825 4531 interdum
1860 4484 2131 4546 immutat,

500 4552 561 4595 ut
607 4552 789 4599 tamen
837 4550 971 4613 quid
1017 4551 1073 4599 in
1120 4562 1224 4600 suo
1275 4549 1467 4601 codice
1518 4554 1809 4613 invenerit,
1842 4556 1977 4603 satis
2016 4569 2129 4618 prae

500 4633 558 4668 se
619 4620 773 4669 ferat.
838 4622 1008 4670 Aliter
1061 4621 1227 4684 vulgo
1289 4621 1437 4671 editi.
1510 4624 1785 4674 Caeterum
1852 4626 1997 4675 idem
2049 4628 2133 4677 vir

500 4689 748 4739 eruditus
812 4703 879 4739 ex
961 4691 1299 4747 Gualthero,
1360 4694 1453 4756 qui
1527 4694 1747 4756 legebat
1824 4698 1876 4745 in
1950 4702 2132 4747 vetere

500 4761 723 4821 codice,
789 4764 925 4811 tanti
994 4777 1122 4811 casu
1192 4764 1386 4819 amici,
1445 4765 1631 4815 locum
1704 4769 1980 4830 integrum
2059 4770 2131 4819 ita

502 4831 908 4883 restituendum
956 4835 1239 4883 existimat
1269 4849 1278 4881 :
1315 4836 1425 4895 Quo
1478 4843 1757 4901 comperto,
1786 4840 2054 4901 dereptum
2079 4851 2134 4888 se

500 4907 638 4954 Nero
672 4911 717 4955 et
746 4905 1049 4955 destitutum
1076 4904 1257 4955 dolens
1286 4909 1421 4955 tanti
1450 4920 1577 4957 casu
1606 4910 1764 4958 amici
1790 4925 1806 4958 ,ο
1830 4909 2131 4959 sublatum-

499 4991 653 5040 que...
692 5017 698 5023 .
732 4978 1061 5041 indignatus,
1092 4992 1328 5041 quaerere
1366 4980 1538 5042 carpit,
1570 4986 1671 5030 etc.
1707 4981 2003 5033 GALLAND.

563 5050 659 5106 (δι)
724 5050 955 5097 Prorsus
1013 5062 1124 5098 non
1184 5053 1267 5098 est
1328 5049 1730 5112 dubitandum,
1787 5054 1921 5114 quin
1985 5052 2132 5117 apud

502 5121 857 5169 Ambrosium
928 5121 1021 5171 hic
1092 5121 1364 5171 celebrare
1427 5123 1724 5172 oralionem
1797 5125 1866 5172 sit
1952 5124 2134 5173 Missae

501 5192 835 5241 sacriﬁcium
884 5204 1165 5254 peragere.
1217 5192 1277 5241 In
1334 5194 1489 5243 Actis
1540 5192 1592 5243 S.
1649 5192 1829 5243 Pionii
1875 5195 2133 5257 martyris

500 5262 643 5324 apud
694 5263 1047 5313 Ruinartium
1097 5267 1230 5312 sect.
1275 5264 1306 5311 5
1358 5279 1367 5310 ;
1420 5266 1585 5313 Facta
1641 5279 1767 5328 ergo
1827 5266 2130 5317 ORATIONE

498 5334 722 5382 solemni
751 5348 865 5383 cum
910 5334 994 5383 die
1040 5333 1256 5383 sabbato
1296 5347 1572 5386 SANCTUM
1615 5350 1817 5387 mnam
1848 5343 1893 5387 et
1933 5352 2135 5401 aquam

496 5405 930 5468 degustavissent,
964 5406 1192 5456 Pionius
1238 5420 1367 5456 cum
1405 5409 1572 5457 sociis
1619 5414 1817 5472 captus
1862 5414 2132 5458 narratur.

500 5474 561 5522 In
618 5475 816 5538 synodi
866 5476 1193 5528 Laodiceam
1246 5492 1369 5529 can.
1428 5479 1504 5538 t3,
1554 5492 1621 5529 ex
1680 5480 2135 5542 interpretatione

500 5546 751 5609 Dionysii
803 5563 813 5595 :
868 5549 1164 5613 Presbyteri
1214 5553 1382 5608 ruris,
1436 5553 1675 5615 episcopo
1723 5557 1995 5614 praesente,
2058 5549 2135 5599 vel

499 5615 785 5679 presbyteri
840 5620 986 5670 urbis
1040 5621 1226 5684 ipsius,
1285 5623 1473 5686 offerre
1528 5636 1636 5673 non
1681 5627 1920 5685 possunt,
1972 5634 2137 5685 neque

498 5700 690 5751 panem
732 5690 1117 5753 sanctiﬁcatum
1154 5694 1288 5744 dare
1328 5695 1453 5757 (hoc
1484 5696 1767 5755 ultimum,
1797 5694 1991 5746 Grmce
2033 5697 2131 5754 est,

504 5756 613 5831 οὔτε
662 5760 753 5820 μήν
797 5761 936 5822 ἄρκον
984 5763 1162 5812 διδόναι
1206 5764 1253 5811 ἐν
1303 5768 1489 5830 ΕΥΧῌ,
1540 5780 1631 5816 nec
1672 5780 1853 5831 pacem
1898 5766 2030 5815 dare
2081 5767 2135 5814 in

506 5828 827 5889 ORATIONE)
889 5831 1205 5897 calicsmqus
1255 5828 1550 5900 porrigere.
1606 5828 1687 5887 .ςῖ
1722 5850 1846 5888 vero
1901 5836 2137 5889 absentes

2154 4520 2213 4591 D

2239 3213 2321 3263 tes
2382 3210 2448 3264 ad
2515 3227 2641 3264 eam
2708 3214 2933 3281 partem
2998 3212 3375 3282 pergentibus
3445 3210 3840 3266 transmittitur.

2234 3306 2477 3359 Joannes
2540 3306 2775 3372 Esszeus,
2831 3305 2977 3360 alius
3038 3322 3264 3377 quoque
3320 3308 3576 3361 Joannes
3633 3304 3840 3359 Ananiae

2236 3397 2404 3467 filius,
2450 3398 2752 3469 caeterique
2799 3398 3045 3453 adversis
3090 3399 3348 3454 attributi
3404 3400 3678 3471 partibus,
3723 3414 3842 3468 quas

2237 3508 2335 3546 sua
2360 3495 2660 3546 tuerentur
2681 3491 3081 3547 sollicitudine.
3108 3495 3302 3565 Itaque
3318 3494 3543 3566 singuli
3570 3491 3842 3548 commissa

2236 3585 2341 3639 sibi
2372 3586 2565 3639 munia
2594 3602 2709 3640 non
2750 3586 3038 3654 deserere,
3069 3587 3351 3641 instruere
3387 3604 3605 3653 muros,
3635 3599 3840 3641 manum

2236 3681 2429 3750 legere
2456 3679 2834 3747 bellatoriam,
2865 3698 2930 3734 ex
2954 3681 3161 3751 quibus
3185 3681 3470 3751 Josephus
3501 3682 3557 3736 in
3584 3680 3840 3735 Galilaeam

2238 3769 2607 3835 descendi-ns,
2642 3770 2866 3823 munire
2909 3770 3154 3833 castella,
3188 3770 3515 3825 instaurare
3545 3783 3839 3842 propugna-

2236 3861 2379 3923 cula,
2415 3859 2787 3913 validissimos
2826 3875 3087 3929 quosque
3128 3863 3185 3911 et
3228 3859 3380 3913 bello
3416 3857 3843 3931 promptissimos

2237 3950 2509 4004 asciscere
2553 3948 2658 4001 sibi
2692 3948 2933 4018 impigre
2975 3947 3249 4001 curabat:
3293 3949 3604 4018 prohibere
3644 3944 3840 4001 latroci-

2241 4042 2353 4105 nia,
2402 4037 2756 4109 pra=tendcre
2806 4037 3057 4107 quotidie
3109 4037 3163 4090 in
3213 4038 3438 4104 castris,
3484 4037 3715 4091 militem
3749 4035 3841 4090 Ro-

2236 4145 2418 4183 manis
2467 4127 2678 4181 militiae
2725 4143 2884 4191 more
2935 4127 3269 4195 exercitare,
3317 4127 3599 4194 dividere,
3644 4125 3842 4181 ordines

2235 4217 2592 4282 distribuere,
2623 4217 2988 4270 centuriones
3016 4217 3291 4287 plurimos
3321 4217 3633 4288 przeticere,
3657 4231 3760 4289 quo
3783 4215 3842 4267 fa-

2235 4334 2288 4382 hi
2352 4331 2585 4395 fuerint,
2640 4337 2685 4381 et
2763 4333 2844 4393 (si;
2911 4331 3072 4395 εὐχὴν)
3137 4334 3208 4382 ad
3265 4333 3509 4383 dandam
3579 4334 3841 4383 orationem

2238 4410 2518 4460 vocentur,
2573 4402 2674 4453 soli
2746 4404 2880 4453 dare
2937 4404 3213 4453 debebunt?
3282 4406 3528 4456 Zonaras
3587 4406 3652 4456 ad
3714 4404 3842 4453 hunc

2237 4489 2508 4528 canonem
2574 4475 2711 4525 illud
2774 4475 2821 4522 ἐν
2883 4475 3004 4537 εὐχῇ
3056 4477 3449 4539 interpretatur
3506 4477 3554 4524 ἐν
3605 4473 3842 4540 ἱερουργίας

2235 4559 2405 4613 καιρῷ,
2459 4552 2690 4611 tempore
2727 4548 3000 4611 sacrificii.
3045 4548 3191 4598 Hinc
3238 4550 3294 4597 in
3341 4549 3503 4597 libris
3548 4549 3838 4599 Graecorum

2233 4620 2505 4684 liturgicis
2569 4618 2790 4675 Μυστικὴ
2843 4618 2981 4682 εὐχὴ,
3036 4621 3257 4681 Mystica
3321 4619 3535 4678 oratio,
3589 4623 3667 4670 est
3713 4613 3838 4680 quod

2235 4705 2336 4741 nos
2380 4691 2598 4741 Missam
2646 4689 2905 4739 dicimus.
2962 4689 3257 4738 Balsamon
3317 4688 3385 4738 ad
3439 4690 3672 4753 Nysseni
3716 4687 3840 4750 epis«

2235 4764 2404 4813 tolam
2483 4761 2551 4811 ad
2623 4762 2909 4824 Letojum,
2972 4760 3140 4819 illud,
3205 4762 3438 4823 μυστικῆς
3513 4758 3841 4822 ἐπιτελουμένης

2234 4834 2397 4897 εὐχῆς,
2451 4833 2521 4883 de
2572 4834 2732 4897 panis
2782 4836 2835 4883 et
2898 4831 3088 4882 calicis
3137 4834 3561 4883 consecratione
3607 4831 3823 4895 explicat

2235 4908 2327 4956 cui
2374 4907 2585 4956 secreta
2624 4905 2799 4954 oratio
2844 4917 2873 4951 a
2922 4902 3208 4954 sacerdote
3254 4906 3626 4967 praemittitur,
3664 4907 3719 4951 ut
3753 4913 3836 4964 pa-

2234 4978 2321 5025 nis
2357 4980 2409 5027 et
2452 4976 2595 5025 calix
2641 4975 3035 5025 sanctiﬂcetur.
3079 4974 3344 5025 MAZOCH.
3393 4974 3490 5026 loc.
3533 4976 3639 5033 cit.,
3668 4982 3839 5039 pagina

2299 5121 2394 5181 (85)
2435 5119 2585 5182 Quid
2631 5117 2815 5181 gloriae
2860 5115 3217 5190 celebritatem
3267 5116 3360 5190 hic
3418 5120 3578 5190 vocet
3626 5113 3837 5190 Ambro-

2236 5194 2373 5250 sius,
2422 5191 2584 5254 plane
2632 5202 2745 5239 non
2796 5187 3187 5251 intelligerem,
3234 5188 3341 5238 nisi
3393 5189 3558 5253 primi
3612 5187 3837 5245 martyris

2237 5261 2502 5326 Stephani
2542 5262 2655 5321 (cui
2699 5260 2872 5310 Filius
2912 5258 3156 5308 hominis
3183 5262 3336 5310 stans
3364 5274 3396 5309 a
3432 5258 3640 5310 dextris
3675 5257 3836 5306 virtu—

2238 5336 2306 5384 tis
2332 5332 2452 5393 Dei,
2485 5331 2592 5381 hoc
2627 5335 2712 5381 est
2746 5332 2803 5380 in
2843 5329 3016 5395 gloria
3047 5333 3385 5390 sanctorum,
3427 5344 3489 5382 se
3520 5328 3835 5394 conspicien-

2236 5406 2371 5455 dum
2402 5404 2601 5453 ultimo
2646 5404 2703 5452 in
2746 5414 2922 5465 agone
2960 5400 3218 5464 praebuit)
3253 5406 3310 5452 et
3341 5402 3580 5452 aliorum
3613 5398 3834 5464 pugilum

2237 5477 2442 5541 quibus
2512 5475 2724 5539 aliquid
2795 5471 3120 5537 ἰσοδυναμοῦν
3191 5474 3340 5523 haud
3415 5488 3538 5524 raro
3613 5468 3833 5532 contigit.

2237 5548 2505 5612 exemplis
2529 5546 2584 5597 id
2617 5546 2883 5611 quidnam
2911 5550 3076 5605 esset,
3110 5545 3353 5596 docerer.
3383 5545 3465 5594 In.
3489 5545 3580 5595 loc.
3607 5543 3707 5598 cit,
3730 5551 3832 5604 pag.

2302 5692 2400 5755 (86)
2435 5691 2556 5739 Vet.
2598 5688 2741 5747 cod,
2782 5689 3035 5739 Gurione.
3075 5690 3369 5752 Josephus.
3415 5685 3657 5739 Gorionis
3694 5681 3833 5743 ﬁlius.

2239 5766 2416 5816 Baaa.

2301 5837 2401 5899 (87)
2431 5834 2568 5888 Cod.
2599 5838 2729 5897 vet.,
2759 5833 2955 5884 Parma.
2991 5833 3072 5883 1D.
