4072 6192
319 286 457 337 2173

315 399 480 459 cilius
507 404 808 476 disciplina
842 404 912 459 ab
949 404 1215 461 omnibus
1255 405 1580 476 exigeretur

311 515 489 569 quam
520 499 737 568 lateret,
765 498 1089 570 quicunque
1119 498 1351 570 propria
1386 498 1584 555 munia
1617 499 1949 570 dereliquis-

312 597 420 646 set.
454 591 788 647 Instituebat
824 590 1021 658 etiam,
1052 598 1113 646 ut
1152 596 1529 662 agnoscerent
1566 582 1962 647 institutiones

310 684 580 740 tubarum
644 692 699 740 et
762 686 1180 756 repressiones,
1237 690 1614 757 sequerentur
1668 685 1947 752 ordinem,

313 778 499 833 aciem
553 779 890 850 dirigerent,
945 780 1170 851 clypeos
1221 779 1569 847 iutexerent,
1624 785 1686 835 ut
1741 780 1951 834 murali

311 872 456 941 vice,
503 872 551 926 si
596 873 740 926 forte
784 889 995 944 magna
1043 872 1297 927 hostium
1338 873 1420 927 vis
1464 873 1779 943 ingrueret,
1827 889 1949 927 sese

312 966 620 1021 adversum
650 965 1007 1021 incursantes
1048 966 1432 1033 defensarent,
1463 966 1764 1021 subvenire
1798 966 1953 1021 labo-

312 1058 589 1126 tantibus,
644 1059 804 1114 fessis
857 1059 1125 1131 compati,
1185 1059 1439 1131 pericula
1489 1060 1737 1115 aliorum
1782 1059 1840 1114 in
1892 1076 1950 1114 se

312 1152 756 1207 transfundere:
793 1168 897 1207 nec
938 1152 1122 1207 solum
1157 1153 1290 1207 belli
1329 1156 1483 1208 artes
1518 1154 1589 1207 ad
1626 1154 1803 1209 instar
1838 1155 1947 1209 Ro-

315 1263 507 1301 manae
534 1247 741 1301 docere
775 1246 1013 1315 militia,
1046 1247 1149 1301 sed
1186 1248 1359 1302 etiam
1401 1252 1534 1302 ante
1572 1247 1813 1315 bellum,
1853 1248 1950 1319 qui

312 1340 561 1410 amplius
615 1340 896 1394 bellantes
938 1341 1206 1410 juvarent
1258 1340 1630 1407 denuntiare,
1681 1346 1741 1395 ut
1788 1340 1949 1396 miles

317 1434 513 1487 cibum
555 1433 663 1488 sibi
707 1438 765 1488 et
812 1449 976 1488 arma
1019 1436 1289 1505 portaret,
1341 1434 1487 1488 vallo
1533 1437 1591 1488 et
1634 1434 1788 1489 fossa
1831 1450 1950 1489 sese

317 1527 596 1595 muniret,
642 1526 957 1598 castrisque
999 1527 1282 1598 ponendis
1324 1528 1663 1598 praeveniret
1701 1528 1946 1595 hostem,

314 1621 744 1692 obtemperaret
768 1621 1086 1692 praeceptis,
1114 1622 1267 1676 furto
1309 1638 1372 1677 ac
1413 1622 1628 1692 rapinis
1663 1622 1947 1678 abstinere

314 1716 699 1779 assuesceret,
760 1714 983 1769 lucrum
1036 1714 1332 1786 proprium
1400 1718 1658 1786 putaret,
1706 1716 1751 1769 si
1800 1715 1946 1770 nihil

1341 284 1426 338 DE
1467 282 1732 339 EXCIDIO
1776 283 1971 338 ΗΚΒιὸ
2008 282 2365 338 HIEROSOL.
2408 282 2535 335 LlB.
2578 281 2668 336 ΙΙΙ.

3544 280 3681 333 2174

1624 423 1637 460 ;
1678 422 1749 459 ne
1794 406 1949 476 quis-
1976 408 2182 490 Atur;
2216 420 2288 461 ne
2316 404 2614 476 quisquam
2656 418 2833 459 vacua
2880 404 3069 474 potius
3108 418 3284 474 quam
3322 401 3535 457 referta
3566 401 3683 456 bel-

2052 498 2325 554 latoribus
2380 498 2712 553 aestimaret.
2767 499 2888 566 Quo
2943 496 3159 563 territi,
3210 495 3361 568 quod
3416 495 3681 551 adversus

2055 597 2273 648 tantam
2329 590 2761 647 multitudinem
2822 590 3081 646 infirmos
3141 606 3263 645 sese
3326 589 3676 645 arbitraren-

2050 692 2164 755 tur,
2207 687 2577 758 projecerunt
2607 701 2789 753 arma,
2829 685 3120 756 portisque
3158 683 3442 751 reseratis,
3471 682 3679 738 effude-

2050 786 2186 836 runt
2223 797 2280 836 se
2318 779 2596 852 supplices
2634 779 2899 851 Josepho,
2930 778 3029 850 qui
3070 777 3248 832 veluti
3288 776 3400 831 dux
3434 775 3681 847 agminis

2050 874 2317 929 militaris
2362 874 2597 945 propius
2639 875 2971 929 accesserat.
3015 869 3350 937 Quaesitum,
3399 885 3511 940 qua
3549 874 3677 923 tan-

2052 967 2183 1023 dem
2221 968 2449 1023 vesania
2489 967 2893 1023 discessionem
2928 964 3135 1020 animis
3174 963 3516 1032 induissent,
3553 962 3678 1034 qui-

2048 1062 2155 1116 bus
2201 1061 2526 1117 auctoribus
2573 1061 2805 1133 impulsi
2854 1076 2979 1115 sese
3029 1056 3365 1114 adversariis
3414 1055 3679 1113 tradituri

2050 1155 2272 1225 forent;
2320 1160 2378 1210 et
2413 1155 2584 1210 simul
2631 1156 2995 1210 occurrentes
3045 1151 3151 1206 sibi
3184 1150 3423 1221 jubebat
3468 1149 3679 1221 guber-

2050 1248 2343 1304 natoribus
2407 1255 2467 1303 ut
2531 1247 2831 1303 Taricheas
2890 1246 3274 1314 deducerent,
3335 1248 3507 1316 atque
3565 1242 3681 1296 illic

2050 1345 2337 1398 trecentos
2364 1341 2478 1413 (88)
2506 1342 2687 1398 ferme
2728 1340 2991 1411 curiales,
3023 1340 3325 1412 plerosque
3362 1339 3422 1392 in
3453 1336 3679 1391 vincula

2052 1436 2121 1491 de
2144 1437 2309 1507 plebe
2336 1437 2504 1507 rapit.
2537 1437 2759 1507 Clytum
2791 1451 3015 1507 quoque
3044 1434 3092 1505 ej
3104 1450 3167 1487 us
3192 1432 3464 1487 facinoris
3488 1446 3677 1487 accer-

2049 1530 2223 1584 situm
2258 1530 2599 1601 principem,
2633 1530 2898 1584 manibus
2931 1527 3244 1599 amputatis
3286 1541 3484 1598 poenas
3526 1525 3683 1578 luere

2043 1624 2240 1696 jubet;
2267 1628 2438 1695 atque
2472 1626 2569 1677 illo
2610 1629 2865 1694 rogante,
2898 1626 2965 1676 ut
3004 1638 3116 1676 una
3159 1621 3366 1675 saltem
3411 1618 3517 1673 sibi
3556 1634 3679 1672 ma-

2047 1735 2155 1773 nus
2193 1718 2636 1788 relinqueretur,
2676 1717 2945 1788 praecepit
2980 1715 3277 1785 Josephus,
3314 1716 3379 1767 ut
3417 1712 3535 1782 ipse
3574 1710 3683 1764 sibi

314 1807 594 1878 dispendii
650 1807 934 1863 ruralibus
996 1785 1307 1863 cultoribus
1356 1785 1728 1880 irrogaretur.
1796 1785 2219 1883 Quiqunam
2273 1785 2443 1866 vellet
2493 1785 2769 1865 demeret.
2815 1812 2957 1864 Tum
3008 1808 3100 1863 ille
3159 1806 3442 1878 arripiens
3488 1805 3681 1859 dextra

315 1901 471 1955 enim
502 1901 666 1956 distet
690 1901 761 1956 ab
790 1901 1067 1969 hostibus,
1104 1902 1150 1956 si
1193 1901 1309 1973 ipse
1349 1902 1542 1957 hostili
1572 1902 1744 1958 modo
1784 1903 1946 1957 aufe-

315 1995 451 2049 rat?
481 1995 590 2049 nisi
620 1996 771 2067 quod
801 1995 1029 2065 gravius
1066 2001 1169 2065 est,
1202 2012 1306 2051 sua
1332 2013 1504 2068 quam
1541 1997 1728 2051 aliena
1764 1996 1949 2051 inces-

315 2105 465 2157 sere,
504 2096 559 2143 et
598 2089 797 2158 socios,
843 2106 1012 2161 quam
1061 2090 1415 2145 adversarios
1458 2090 1717 2161 spoliare.
1769 2090 1948 2145 Pluri-

319 2200 478 2237 mum
509 2184 691 2238 valere
720 2185 778 2238 iu
810 2184 956 2239 bello
990 2185 1206 2239 bonam
1233 2184 1659 2252 conscientiam,
1695 2201 1765 2239 eo
1799 2186 1950 2256 quod

314 2277 561 2347 amplius
591 2278 659 2331 de
689 2278 878 2333 divino
910 2278 1123 2333 auxilio
1153 2282 1548 2349 praesumeret,
1582 2279 1678 2349 qui
1711 2295 1769 2333 se
1808 2278 1948 2333 nulli

315 2370 551 2426 affinem
579 2371 803 2426 crimini
836 2378 1287 2444 recognosceret.
1322 2372 1435 2428 Sed
1463 2372 1554 2426 his
1581 2372 1750 2427 rebus
1788 2372 1950 2427 citius

316 2464 429 2518 sibi
455 2465 606 2536 apud
630 2465 917 2536 improbos
944 2473 1208 2538 expertus
1240 2470 1325 2520 est
1351 2466 1606 2521 nocuisse
1649 2465 1945 2533 invidiam,

317 2575 495 2629 quam
552 2559 704 2630 apud
750 2560 926 2614 bonos
974 2560 1255 2631 profuisse
1312 2560 1575 2631 gratiam.
1624 2560 1765 2612 Nam
1820 2575 1950 2612 cum

319 2652 393 2706 ad
427 2653 722 2723 sexaginta
752 2653 928 2708 millia
956 2654 1233 2725 peditum,
1276 2653 1650 2724 paucissimos
1692 2653 1949 2724 equitum

318 2746 779 2817 congregavisset
813 2765 825 2801 :
858 2764 951 2802 eos
992 2764 1126 2802 vero
1174 2749 1268 2818 qui
1315 2748 1456 2802 bella
1499 2749 1760 2803 mercede
1802 2756 1948 2803 trac-

315 2844 512 2895 tarent
553 2840 623 2894 ad
672 2844 915 2911 quatuor
966 2842 1144 2896 millia
1183 2842 1352 2907 viros,
1400 2846 1692 2896 sexcentos
1727 2858 1951 2914 quoque

319 2935 530 2990 electos
573 2935 839 2989 custodes
878 2936 962 2990 sui
1002 2935 1271 3007 corporis,
1308 2939 1467 2990 tanta
1498 2954 1531 2990 a
1572 2936 1777 2991 Iudaeis
1819 2954 1949 3008 per-

316 3029 446 3082 tulit
476 3034 536 3082 ut
562 3030 685 3100 plus
707 3033 839 3084 ante
866 3029 1081 3084 bellum
1104 3047 1136 3084 a
1163 3030 1297 3098 suis,
1330 3047 1499 3100 quam
1523 3032 1580 3084 in
1605 3030 1726 3101 ipso
1751 3031 1898 3086 bello
1920 3048 1952 3084 a

318 3123 589 3176 Romanis
612 3122 863 3194 pericula
892 3124 1375 3194 perhorresceret.
1403 3124 1619 3179 Omitto
1641 3125 1777 3195 quid
1806 3125 1948 3179 sedi-
1973 3156 2029 3229 Ο

318 3216 490 3271 tionis
518 3218 823 3271 excitatum
849 3238 858 3271 :
892 3217 1023 3289 quia
1054 3218 1350 3272 latrocinio
1380 3222 1579 3289 erepta
1608 3219 1845 3274 reddere
1867 3219 1954 3272 his

315 3311 415 3381 qui
446 3312 767 3378 amiserant,
798 3312 1226 3383 suspectabatur
1256 3330 1268 3365 :
1303 3329 1365 3365 ac
1398 3313 1641 3367 maxime
1684 3313 1954 3385 Agrippae

316 3409 371 3459 et
418 3405 735 3470 Berenicae,
777 3406 980 3477 quibus
1028 3405 1385 3461 redhibenda
1422 3407 1574 3478 juste
1617 3407 1832 3474 forent,
1880 3424 1953 3462 ne

318 3516 513 3569 regem
576 3500 830 3554 facerent
884 3499 1253 3555 infestiorem.
1307 3501 1374 3554 Et
1425 3506 1621 3554 tamen
1678 3501 1789 3570 ille,
1844 3517 1955 3572 quo

319 3594 517 3664 populi
548 3594 793 3648 molliret
819 3594 1122 3665 impetum,
1153 3593 1224 3647 ad
1249 3595 1725 3648 constructionem
1767 3595 1957 3664 potius

320 3704 639 3756 murorum,
672 3704 844 3758 quam
874 3688 943 3741 ad
968 3687 1330 3742 dominorum
1359 3687 1800 3742 indemnitatem
1835 3705 1952 3741 ser-

323 3786 507 3836 vatam
536 3782 837 3852 pecuniam
870 3798 881 3835 :
916 3781 1238 3853 omniaque,
1264 3781 1359 3835 ille
1379 3781 1586 3848 aiebat,
1612 3798 1739 3851 quea
1764 3785 1955 3851 erepta

318 3875 624 3930 Ptolemaeo
655 3875 863 3942 forent,
896 3876 991 3946 qui
1036 3875 1261 3946 regium
1303 3892 1527 3941 aurum,
1558 3878 1760 3942 vestes,
1795 3881 1957 3930 caste-

322 3986 503 4040 raque
554 3986 791 4024 munera
828 3970 1184 4039 portavisset,
1221 3968 1502 4023 aestimare
1541 3968 1754 4023 debere
1799 3969 1952 4023 Tari~

319 4064 553 4118 cheatas
591 4080 604 4116 :
652 4062 806 4133 apud
844 4079 938 4116 eos
975 4062 1126 4117 enim
1162 4078 1253 4116 res
1297 4062 1624 4133 gerebatur,
1671 4066 1860 4116 utrum
1900 4063 1955 4117 id

323 4157 711 4211 instaurationi
761 4173 996 4211 suorum
1047 4172 1345 4210 murorum
1402 4155 1739 4211 servandum
1790 4162 1952 4227 puta-

320 4256 481 4319 rent,
539 4268 611 4305 an
669 4250 1059 4322 diripiendum
1108 4250 1427 4305 latronibus
1492 4250 1954 4321 depromeretur.

323 4345 630 4416 Indignum
678 4348 831 4399 certe
880 4343 1078 4411 videri,
1132 4347 1193 4397 ut
1247 4360 1314 4398 eo
1368 4360 1596 4414 poenam
1649 4344 1954 4416 exciperet,

322 4438 458 4510 quia
495 4438 699 4493 melius
735 4438 1120 4494 consuluisset.
1172 4439 1367 4509 Itaque
1403 4454 1705 4493 conversus
1748 4438 1855 4492 illis
1901 4439 1956 4492 in

2050 1906 2323 1977 gladium,
2356 1906 2555 1959 laavam
2605 1904 2863 1958 abscidit.
2895 1904 2976 1957 lta
3020 1906 3242 1971 recepta
3286 1900 3535 1954 Tiberius
3572 1904 3676 1951 est.

2050 1999 2160 2054 Sed
2219 1999 2393 2053 etiam
2453 1998 2724 2068 Seplioris
2769 2000 2983 2051 tentata
3035 1995 3397 2057 discessione,
3454 1991 3683 2062 .losephi
3750 2044 3759 2053 ,

2050 2099 2244 2148 tamen
2308 2092 2604 2146 vivacitate
2671 2092 2817 2145 inter
2880 2090 3213 2144 Judzcorum
3278 2088 3449 2142 urbes
3506 2085 3684 2140 socias

2048 2187 2414 2241 attinebatur.
2484 2184 2994 2256 Tranquillioribus
3058 2183 3211 2237 enim
3276 2180 3523 2236 consiliis
3589 2195 3685 2233 sua

2051 2280 2380 2347 defendere,
2415 2296 2584 2350 quam
2608 2279 2799 2333 aliena
2828 2278 3111 2331 incmsare
3144 2275 3407 2330 malebat.

2690 2420 2911 2475 CAPUT
2951 2419 3035 2471 IV.

2122 2569 2191 2620 At
2238 2583 2369 2619 vero
2409 2568 2625 2619 Petates
2675 2563 2866 2633 Niger,
2921 2568 2975 2615 et
3022 2560 3363 2632 Babylonius
3408 2557 3585 2629 Syllas
3632 2565 3683 2611 et

2049 2663 2292 2715 Joannes
2337 2660 2550 2712 Esseeus
2594 2674 2764 2712 omne
2812 2656 2961 2726 quod
3003 2661 3122 2709 erat
3171 2655 3230 2707 in
3277 2651 3471 2707 Judaea
3522 2650 3686 2723 pubis

2052 2754 2250 2808 validae
2305 2755 2745 2822 congregantes,
2793 2750 3125 2803 Ascalonem
3174 2751 3392 2818 petunt,
3437 2745 3685 2816 amplam

2054 2848 2279 2918 quidem
2344 2852 2399 2901 et
2458 2845 2636 2899 muris
2702 2844 3002 2897 subnixam
3071 2841 3265 2895 validis
3315 2840 3544 2903 urbem,
3592 2839 3683 2892 sed

2054 2942 2173 3011 opis
2209 2940 2557 3010 subsidiique
2603 2939 2879 3009 indigam,
2912 2955 3037 3009 qum
3078 2933 3450 3006 septingentis
3486 2932 3682 3003 viginti

2054 3035 2246 3089 stadiis
2286 3034 2355 3088 ab
2403 3032 2906 3103 Hierosolymitana
2952 3030 3092 3086 urbe
3142 3027 3587 3093 discernebatur,
3634 3032 3691 3078 et

2054 3130 2196 3184 odiis
2247 3127 2597 3199 ingentibus.
2646 3128 2951 3197 Propterea
2999 3124 3181 3180 Judaei
3234 3122 3530 3177 inimicam
3581 3120 3687 3174 sibi

2057 3224 2256 3278 urbem
2287 3222 2516 3276 diruere
2541 3220 2854 3292 cupientes,
2887 3220 3123 3274 collecta
3148 3233 3323 3271 manu
3350 3215 3684 3270 involavere.

2056 3319 2300 3372 Praeerat
2355 3315 2481 3370 urbi
2536 3315 2815 3370 Antonius
2877 3314 3099 3367 minore
3159 3326 3398 3366 numero
3449 3308 3684 3363 Romani

2057 3411 2363 3477 exercitus,
2405 3425 2581 3481 quam
2619 3425 2732 3479 quo
2768 3408 2953 3462 resisti
2998 3422 3161 3477 posse
3204 3404 3412 3461 Judzeis
3456 3403 3691 3461 aestima—

2058 3510 2231 3559 retur.
2267 3503 2374 3558 Sed
2402 3503 2487 3556 vir
2519 3501 2749 3556 acrioris
2787 3501 3027 3572 ingenii,
3057 3506 3112 3555 et
3138 3517 3206 3554 ex
3239 3515 3403 3569 aequo
3440 3496 3690 3568 prudens

2056 3599 2315 3663 bellator,
2370 3595 2605 3650 diffusos
2650 3602 2705 3649 et
2754 3611 2995 3649 numero
3037 3594 3217 3664 magis
3267 3608 3439 3663 quam
3485 3591 3688 3644 virtute

2055 3692 2295 3746 fidentes
2325 3690 2543 3744 eductis
2571 3688 2859 3759 equitibus
2891 3688 3129 3741 transire
3167 3686 3239 3740 ad
3279 3686 3482 3740 urbem
3520 3683 3691 3749 sinit;

2058 3786 2262 3839 deinde
2328 3784 2387 3837 in
2450 3798 2618 3837 cursu
2684 3797 3039 3852 progressos,
3094 3780 3297 3850 fatigat
3366 3781 3685 3850 sequentes,

2057 3878 2341 3934 confertos
2382 3876 2636 3948 dissipat,
2679 3874 2932 3929 turbatos
2981 3875 3165 3945 fugat,
3216 3878 3447 3943 totoque
3484 3887 3689 3941 campo

2060 3974 2370 4028 insectatur
2416 3971 2711 4042 palantes;
2760 3968 2852 4022 alii
2905 3985 3062 4022 versa
3112 3967 3227 4022 vice
3284 3969 3563 4036 urgentur
3618 3964 3690 4018 ad

2058 4082 2274 4131 muros,
2320 4064 2629 4118 interclusa
2668 4062 2819 4133 fugas
2859 4062 3043 4133 copia,
3073 4060 3169 4115 alii
3206 4059 3429 4115 diversa
3463 4060 3687 4129 petunt,

2059 4161 2156 4215 sed
2194 4157 2566 4213 circumventi
2610 4156 2680 4211 ab
2736 4156 3019 4228 equitibus
3060 4156 3491 4209 obtruncantur.
3535 4151 3689 4206 Multi

2058 4270 2231 4325 supra
2260 4271 2316 4308 se
2344 4255 2538 4319 ruunt,
2570 4254 2628 4305 et
2652 4266 2711 4305 se
2741 4251 2984 4305 invicem
3019 4251 3239 4321 impetu
3271 4265 3372 4303 suo
3402 4249 3688 4311 sternunt;

2060 4349 2249 4419 itaque
2300 4364 2479 4419 usque
2523 4346 2597 4402 ad
2637 4362 2935 4419 vesperum
2983 4345 3135 4411 caesi,
3178 4343 3419 4397 amisere
3467 4358 3529 4395 ex
3580 4339 3691 4393 suis

2063 4442 2259 4497 decem
2313 4443 2490 4497 millia
2543 4442 2823 4509 virorum,
2875 4444 3089 4497 Joanne
3140 4441 3197 4492 et
3250 4437 3398 4507 Sylla
3455 4434 3692 4488 ducibus

324 4533 410 4587 sui
462 4533 709 4603 gratiam
762 4532 1040 4587 invidiam
1082 4532 1251 4587 simul
1294 4537 1351 4586 et
1397 4532 1714 4603 periculum
1763 4523 2277 4607 evasit.Dpariter
2340 4536 2647 4590 exstinctis.
2708 4536 2873 4590 Pauci
2941 4539 3128 4587 autem
3191 4533 3575 4585 Romanorum
3625 4543 3691 4581 eo

324 4630 539 4680 lterum
566 4644 696 4680 cum
726 4627 967 4696 gratiam
1000 4626 1146 4696 regis
1176 4625 1443 4697 Agrippae
1483 4626 1730 4680 Tiberias
1772 4626 1953 4680 socie-

321 4726 614 4793 tatemque
668 4721 1021 4791 deposceret,
1074 4720 1394 4791 proripiens
1439 4737 1497 4774 se
1549 4721 1824 4791 Josephus
1888 4720 1957 4774 de

320 4818 636 4869 memorata
686 4814 847 4880 urbe,
884 4814 1344 4869 Taricheatarum
1391 4814 1587 4868 clausit
1632 4818 1840 4885 portas,
1886 4832 1955 4868 ne

321 4909 453 4980 quis
498 4908 729 4963 nuntius
781 4908 852 4962 ad
904 4908 1102 4962 urbem
1154 4907 1515 4963 Tiberiadem
1567 4913 1852 4978 pergeret,
1900 4913 1958 4961 et

321 5006 518 5057 deesse
561 5002 806 5073 Josepbo
857 5002 1066 5057 auxilia
1115 5001 1387 5056 militaria
1433 5001 1794 5072 signiﬁcaret.
1840 5004 1957 5072 Ipse

322 5102 518 5153 autem
545 5097 915 5167 congregavit
943 5097 1010 5150 de
1050 5098 1171 5150 lacu
1221 5095 1439 5167 navigia
1486 5095 1781 5166 piscatoria
1830 5112 1955 5167 qum

320 5194 378 5247 in
415 5198 670 5261 tempore
698 5191 883 5261 potuit
919 5190 1277 5261 investigare,
1310 5196 1367 5244 et
1395 5189 1756 5244 Tiberiadem
1791 5190 1957 5243 remi-

321 5286 434 5357 giis
480 5284 658 5356 petiit.
708 5284 817 5339 Sed
863 5284 959 5338 ubi
1007 5284 1075 5338 ad
1125 5300 1254 5338 eum
1300 5285 1483 5337 locum
1522 5284 1694 5350 venit,
1741 5284 1797 5338 in
1848 5300 1958 5354 quo

320 5378 635 5449 conspicua
690 5378 921 5449 quidem
980 5379 1034 5432 in
1101 5378 1242 5432 urbe
1309 5380 1497 5449 positis
1548 5379 1692 5433 foret
1746 5378 1959 5450 species

318 5472 711 5545 navigiorum,
769 5472 1121 5544 deprehendi
1178 5478 1364 5528 tamen
1434 5474 1698 5544 nequiret
1767 5481 1956 5527 utrum

320 5570 517 5623 essent
557 5582 734 5622 vacua
776 5567 1166 5638 praeliatorum
1198 5584 1210 5622 :
1246 5566 1417 5636 jussit
1462 5584 1526 5622 ea
1566 5567 1813 5637 dispergi
1858 5584 1960 5638 per

318 5667 509 5717 totum
543 5662 793 5733 spatium
824 5661 995 5727 lacus,
1029 5665 1089 5715 ut
1120 5661 1298 5732 major
1332 5677 1603 5717 numerus
1643 5661 1955 5716 restituere-

385 5849 480 5911 (88)
509 5846 646 5899 Cod.
680 5852 813 5909 vet.,
842 5853 1124 5899 sexcentos.
1159 5848 1334 5901 Bun.

2057 4629 2336 4685 vulnerati
2378 4629 2615 4699 praelio:
2663 4646 2765 4683 nec
2812 4635 3001 4683 tamen
3046 4641 3307 4697 repressa
3344 4626 3430 4679 est
3468 4622 3691 4678 Judan-

2058 4741 2185 4779 rum
2225 4722 2536 4789 temeritas,
2583 4723 2681 4777 sed
2730 4722 3027 4777 incanduit
3066 4739 3077 4774 :
3130 4736 3267 4775 nam
3315 4719 3476 4773 dolor
3526 4715 3689 4770 auda-

2059 4818 2206 4872 ciam
2253 4815 2529 4882 accendit,
2572 4820 2627 4870 et
2660 4816 2818 4870 labes
2865 4815 3166 4870 ulciscendi
3208 4813 3555 4884 cupidinem.
3588 4812 3689 4863 Ar-

2060 4916 2289 4965 mantnr
2334 4910 2524 4981 itaque
2562 4912 2777 4979 majore
2817 4910 2984 4979 longe
3026 4909 3241 4976 furore,
3288 4904 3533 4961 necdum
3574 4920 3691 4957 sau-

2059 5004 2273 5059 ciorum
2312 5005 2520 5058 sanatis
2558 5005 2908 5071 vulneribus,
2936 5007 2993 5058 et
3031 5000 3397 5073 congregatis
3435 4997 3694 5070 pluribus

2061 5116 2234 5169 quam
2266 5098 2383 5153 vice
2415 5099 2624 5170 priore,
2666 5099 2923 5161 irruunt;
2955 5097 3053 5151 sed
3092 5112 3191 5151 eos
3231 5094 3515 5165 dispositis
3552 5092 3691 5146 insi-

2061 5192 2169 5247 diis
2196 5196 2480 5263 exceptos,
2512 5192 2845 5263 priusquam
2876 5191 2933 5245 in
2966 5207 3165 5245 manus
3189 5190 3468 5254 venirent,
3498 5187 3697 5242 clausit

2060 5286 2404 5341 circumfuso
2475 5286 2727 5357 equitatu
2794 5285 3109 5348 Antonius,
3168 5288 3223 5337 et
3276 5282 3695 5336 circumventos

2064 5381 2334 5452 praecepit
2380 5380 2557 5435 sterni
2599 5396 2611 5432 :
2648 5397 2792 5435 caesa
2830 5380 3041 5435 iterum
3084 5393 3289 5433 novem
3330 5376 3528 5442 millia,
3572 5374 3698 5429 reli-

2061 5475 2155 5547 qui
2192 5476 2392 5545 fugati.
2431 5477 2604 5546 Niger
2644 5474 2761 5546 ipse
2807 5475 3031 5544 elapsus
3072 5473 3129 5526 in
3171 5470 3593 5525 munimentum
3635 5486 3695 5523 se

2062 5570 2321 5623 contulit.
2374 5570 2566 5623 Turris
2615 5574 2735 5622 erat
2784 5572 2939 5637 septa
2996 5566 3246 5638 undique
3299 5563 3483 5619 valido
3536 5580 3695 5627 savo,

2063 5680 2234 5733 quam
2268 5663 2527 5727 Romani,
2560 5662 2694 5732 quia
2736 5661 2995 5714 excidere
3036 5677 3151 5714 non
3200 5662 3481 5729 poterant,
3517 5674 3694 5727 appu-
