4000 6166
460 252 515 303 2i
530 252 594 302 75

1919 250 1974 303 S.
2015 247 2331 305 AMBROSII

3636 258 3736 315 2176

453 370 575 425 sitis
604 369 834 441 ignibus
862 369 1318 427 circumdedere.
1349 374 1423 427 Ea
1448 372 1680 430 incensa
1714 374 1777 428 in
1812 374 2082 445 spelaeum
2109 384 2168 458 Α
2188 372 2432 428 rioribus
2482 369 2747 443 gentibus
2792 370 3108 426 interclusit
3143 369 3270 439 iter,
3311 371 3745 435 memoratam'ur-

452 463 707 535 quodam
767 464 836 519 de
902 469 1059 520 turre
1124 471 1538 538 transgressus,
1606 468 1825 524 hostem
1888 467 2086 535 latuit,

453 557 651 628 ignem
693 558 908 613 evasit:
950 560 1334 633 Romanisque
1378 561 1611 629 securis,
1653 561 1810 633 quod
1851 562 1971 633 ipse
2022 562 2090 616 sio

2189 467 2319 522 bem
2373 466 2627 538 quietam
2674 464 2944 533 reddidit,
2989 464 3098 519 nisi
3146 464 3294 519 forte
3336 466 3510 520 motus
3549 468 3746 529 Persicos

2191 563 2630 631 suspectantem.
2681 561 2742 613 In
2789 574 2855 614 ea
2896 558 3038 613 urbe
3071 557 3321 630 Agrippa
3354 575 3445 613 rex
3487 576 3597 617 cum
3625 569 3749 622 omni

459 651 580 705 mul
607 652 875 707 incendio
909 660 1282 726 consumptus
1305 656 1471 723 foret,
1504 662 1631 727 post
1666 656 2089 724 tertiumdiem
2189 655 2396 709 virtute
2422 671 2526 709 sua
2554 652 2916 725 exspectabat
2951 652 3358 725 Vespasianum
3396 652 3748 729 advenientem,

461 745 855 815 quaerentibus
880 747 994 801 suis
1018 764 1221 819 corpus
1247 749 1369 820 ejus
1396 750 1466 804 ad
1494 750 1866 820 sepulturam,
1898 750 2090 805 vivens
2192 765 2293 805 nec
2323 747 2537 803 diutius
2582 763 2648 801 eo
2684 750 2968 815 morante,
3011 746 3309 801 comitatui
3351 746 3566 804 adhaesit
3602 767 3612 805 :
3648 769 3749 808 con-

458 844 514 892 et
568 838 766 909 vigens
802 839 1078 895 redditur.
1122 846 1305 915 Atque
1348 844 1428 897 ita
1463 859 1591 897 cum
1636 859 1845 916 magno
1885 845 2090 915 gaudio
2183 842 2383 913 juncto
2423 842 2626 896 itinere
2681 840 3082 896 Ptolemaidem
3138 846 3330 912 petere
3379 850 3658 912 coeperunt.
3693 850 3754 902 Ad

448 931 656 987 Judaais
685 937 958 1009 servatus,
988 935 1058 990 ab
1088 935 1247 991 hoste
1278 940 1742 1008 repraesentetur.

1104 1030 1325 1085 CAPUT
1365 1032 1425 1086 V.

528 1120 897 1193 Vespasianus
926 1124 1140 1178 interea
1167 1128 1430 1195 superato
1475 1126 1859 1196 Hellesponto,
1894 1126 2084 1198 Bithy-

453 1214 613 1269 niam
641 1214 1008 1287 Ciliciamque
1037 1217 1453 1286 transmittens,
1491 1218 1587 1273 ubi
1615 1220 1837 1290 Syriam
1875 1220 2083 1290 attigit,

452 1307 708 1379 legiones
757 1314 1099 1381 caeterasque
1153 1310 1426 1365 militares
1474 1312 1668 1382 copias
1714 1329 1854 1384 quas
1906 1314 1962 1368 in
2020 1328 2086 1367 ea

451 1401 685 1472 reperit,
730 1402 1086 1459 Antiochiam
1132 1404 1381 1459 deduxit.
1432 1406 1574 1460 Urbs
1621 1423 1687 1461 ea
1736 1407 1911 1478 Syriae
1960 1409 2084 1462 sine

454 1496 855 1551 retractatione
888 1496 1115 1568 prima:
1145 1498 1395 1570 ideoque
1436 1499 1769 1571 metropolis
1796 1500 2035 1555 habetur
2070 1520 2082 1556 :

452 1589 680 1644 condita
706 1590 775 1644 ab
807 1590 893 1645 his
918 1591 1015 1663 qui
1043 1592 1361 1647 Alexandro
1388 1593 1588 1664 Magno
1614 1593 1846 1649 bellanti
1898 1595 2087 1650 adhae-

452 1699 597 1751 sere,
625 1683 931 1739 conditoris
958 1686 1045 1740 sui
1072 1692 1397 1759 nuncupata
1429 1688 1716 1743 vocabulo.
1751 1688 1900 1743 Situs
1931 1688 2084 1743 urbis

449 1781 741 1848 porrectus
798 1779 857 1833 in
920 1780 1257 1835 immensam
1321 1781 1742 1853 longitudinem
1791 1800 1803 1836 :

455 1872 772 1941 angustior,
804 1873 939 1943 quia
980 1881 1266 1945 praerupto
1303 1876 1516 1930 montis
1558 1893 1591 1931 a
1632 1877 1770 1930 lmva
1809 1882 2079 1946 arctatur,

450 1968 513 2019 ut
545 1965 771 2021 extendi
796 1966 1029 2022 ulterius
1073 1968 1357 2023 metanda:
1402 1969 1558 2024 urbis
1595 1973 1778 2041 spatia
1816 1971 2083 2043 nequive-

451 2059 583 2115 rint.
622 2060 927 2115 Necessitas
978 2062 1169 2116 locum
1213 2063 1479 2134 signavit,
1523 2065 1657 2136 quia
1708 2081 1814 2136 per
1861 2066 2084 2120 occulta

454 2156 511 2206 et
586 2152 746 2209 devia
817 2154 1271 2227 irrumpentibus
1332 2157 1579 2225 Parthis,
1647 2175 1813 2213 mons
1888 2160 2085 2215 celsior

450 2247 749 2303 latibulum
792 2248 974 2316 daret,
1020 2265 1086 2303 ex
1136 2267 1249 2322 quo
1296 2267 1355 2305 se
1392 2251 1692 2323 inopinato
1735 2253 1979 2308 adventu
2029 2257 2085 2308 et

451 2341 805 2413 promptiore
844 2341 1064 2414 impetu
1092 2343 1151 2398 in
1190 2343 1523 2417 imperatam
1571 2346 1798 2417 Syriam
1835 2346 2084 2403 effunde-

452 2437 582 2490 rent
612 2452 624 2490 :
654 2435 763 2491 nisi
785 2436 981 2492 civitas
1010 2438 1193 2494 monti
1228 2440 1383 2494 valut
1422 2439 1734 2496 claustrum
1779 2441 2081 2513 objaceret,

451 2530 747 2602 exitusque
777 2531 1098 2587 obstrueret
1120 2532 1555 2588 advenientibus
1590 2552 1602 2589 :
1634 2538 1697 2588 ut
1723 2535 1769 2589 si
1796 2534 1923 2607 quis
1950 2536 2080 2590 Bar-

451 2623 721 2679 barorum
776 2626 1127 2694 ascenderet,
1180 2627 1373 2682 statim
1419 2644 1449 2682 e
1500 2628 1689 2684 medio
1743 2629 1895 2684 urbis
1956 2630 2082 2685 sinu

451 2722 925 2790 prospectaretur.
980 2720 1237 2793 Denique
1288 2738 1419 2777 cum
1481 2722 1600 2777 ludi
1650 2722 1857 2779 scenici
1904 2723 1964 2777 in
2022 2740 2087 2780 ea

452 2812 875 2870 celebrarentur
943 2814 1110 2884 urbe,
1175 2816 1368 2872 ferunt
1431 2817 1735 2890 quemdam
1795 2820 2085 2873 auctorem

451 2906 765 2963 mimorum
797 2909 1026 2965 elevatis
1056 2910 1230 2965 oculis
1254 2912 1313 2965 in
1346 2916 1627 2979 montem,
1655 2914 1852 2967 Persas
1876 2912 2085 2967 vidisse

454 3001 841 3073 advenientes,
893 3006 951 3059 et
992 3003 1197 3059 dixisse
1249 3005 1522 3060 continuo
1570 3024 1580 3058 :
1628 3007 1740 3061 Aut
1794 3007 2087 3062 somnium

455 3095 641 3163 video,
689 3103 787 3152 aut
832 3114 1111 3169 magnum
1153 3099 1472 3170 periculum
1522 3116 1535 3154 :
1574 3115 1701 3155 ecce
1748 3102 1951 3156 Persae.
2004 3102 2162 3202 ltaC

453 3206 616 3245 mons
661 3190 757 3245 ubi
804 3191 1164 3262 praeeminet,
1208 3196 1270 3247 ut
1322 3208 1426 3247 nec
1475 3193 1685 3248 theatri
1729 3194 1968 3249 altitudo
2017 3196 2087 3251 ad

456 3283 911 3354 prospiciendum
956 3289 1213 3340 montem
1266 3286 1683 3358 impedimento
1738 3288 1831 3355 sit,
1884 3288 2088 3343 ﬂuvius

338 3392 349 3399 ‘
457 3393 580 3432 eam
632 3378 856 3433 medius
903 3379 1226 3447 intersecat,
1279 3381 1376 3452 qui
1428 3398 1461 3435 a
1511 3382 1640 3436 solis
1695 3386 1821 3437 ortu
1878 3382 2085 3453 oriens,

455 3488 572 3527 non
613 3471 786 3545 longe
830 3472 901 3527 ab
946 3473 1086 3529 urbe
1130 3474 1190 3528 in
1235 3491 1389 3531 mare
1433 3475 1697 3530 conditur
1742 3492 1756 3530 :
1798 3494 1971 3548 quem
2020 3477 2089 3532 de

455 3565 692 3637 originis
739 3583 854 3621 suae
895 3571 1077 3623 tractu
1119 3568 1408 3624 Orientem
1453 3575 1665 3625 veteres
1708 3571 2085 3641 appellavere,

453 3664 517 3714 ut
561 3662 730 3733 vulgo
776 3664 1005 3733 putetur
1048 3664 1185 3717 locis
1234 3680 1443 3718 nomen
1490 3663 1730 3731 dedisse,
1776 3682 1905 3718 cum
1956 3665 2087 3719 inde

447 3756 746 3826 acceperit.
775 3755 945 3827 Cujus
974 3756 1203 3810 fluentis
1244 3758 1362 3827 ipso
1405 3757 1621 3830 impetu
1672 3758 2085 3829 frigidioribus,

451 3855 505 3903 et
551 3849 812 3920 zephyris
857 3849 1082 3905 assiduo
1127 3867 1231 3921 per
1289 3868 1354 3904 ea
1404 3852 1659 3905 locorum
1716 3851 2083 3922 spirantibus,

452 3946 568 3997 tota
592 3943 785 3998 civitas
816 3943 1124 3999 momentis
1173 3960 1346 4015 prope
1390 3944 1658 3999 omnibus
1698 3944 2083 4016 refrigeretur,

456 4040 517 4090 ut
557 4037 801 4092 Orientis
840 4037 900 4091 in
947 4038 1204 4109 partibus
1234 4039 1525 4093 Orientem
1564 4039 1893 4094 abscondat.
1932 4041 2087 4095 Intus

451 4130 641 4184 dulces
669 4146 868 4202 aquae;
908 4131 1049 4186 foris
1084 4132 1396 4186 ﬁnitimum
1424 4149 1629 4187 nemus
1666 4133 1946 4188 intextum
1986 4150 2082 4187 cu-

2189 953 2311 991 eam
2351 936 2551 991 urbem
2590 950 2897 991 occurrere
2937 933 3326 989 inhabitantes
3368 934 3654 1006 Sephorim,
3680 956 3753 1011 pa-

2190 1046 2316 1085 cem
2342 1046 2473 1085 cum
2498 1029 2761 1087 Cesentio
2795 1029 2950 1085 Gallo
2973 1029 3321 1100 jamdudum
3347 1029 3560 1098 initam,
3586 1031 3759 1089 ﬁrmari

2190 1142 2223 1178 a
2250 1124 2591 1195 Vespasiano
2623 1128 2900 1196 petentes.
2933 1124 3188 1187 Quorum
3224 1122 3455 1177 laudata
3488 1124 3757 1194 prudentia,

2190 1218 2343 1289 quod
2386 1217 2554 1272 saluti
2605 1217 2858 1289 propriae
2905 1216 3292 1271 consuluerint
3330 1232 3447 1271 non
3489 1216 3762 1274 lacessendo

2190 1312 2500 1379 Romanos,
2527 1315 2697 1383 atque
2718 1317 2950 1382 accepta
2975 1310 3111 1379 ﬁde,
3138 1317 3196 1365 et
3221 1311 3281 1364 in
3319 1310 3607 1365 amicitiam
3641 1328 3761 1367 rece-

2189 1406 2272 1476 pit
2297 1422 2415 1472 eos,
2446 1408 2502 1459 et
2532 1404 2737 1460 additis
2764 1405 3024 1475 peditum
3058 1404 3527 1476 equestribusque
3566 1406 3764 1473 auxiliis,

2187 1499 2325 1554 fovit
2352 1499 2676 1567 securitate,
2710 1515 2781 1553 ne
2813 1498 2959 1553 forte
2989 1498 3376 1554 destitutionis
3406 1500 3656 1554 commoti
3691 1501 3759 1555 do-

2187 1594 2323 1661 lore,
2355 1593 2719 1664 insurgerent
2749 1593 2803 1647 in
2846 1611 2940 1648 eos
2970 1593 3103 1647 belli
3140 1593 3477 1649 excitatores
3505 1610 3517 1648 :
3550 1610 3666 1648 cum
3705 1611 3770 1649 ve-

2189 1688 2270 1743 lut
2314 1690 2619 1742 claustrum
2665 1687 2953 1759 quoddam
2990 1688 3220 1755 Judaaaz,
3265 1687 3636 1758 Sephoritanis
3674 1704 3769 1743 sese

1851 1784 1908 1837 in
1968 1757 2442 1838 altoBRomauo
2492 1781 2737 1852 imperio
2784 1780 3155 1835 offerentibus
3210 1782 3597 1849 resolveretur,
3644 1786 3695 1835 ut
3728 1781 3773 1834 in

2185 1891 2315 1929 eam
2346 1875 2603 1946 pervium
2634 1874 2741 1930 iter
2776 1875 2925 1929 hosti
2960 1878 3199 1947 pateret,
3228 1892 3357 1947 qua:
3402 1875 3473 1929 ad
3511 1874 3773 1929 custodiam

2186 1969 2357 2023 totius
2384 1970 2566 2041 gentis
2597 1972 2921 2040 opportuno
2944 1968 3195 2041 quodam
3234 1970 3291 2023 in
3336 1969 3558 2023 hostem
3593 1968 3776 2039 objecta

2184 2068 2523 2118 occurreret.
2555 2065 2689 2118 Erat
2714 2063 2872 2118 enim
2900 2068 3111 2134 praeter
3134 2062 3467 2135 opinionem
3494 2063 3597 2116 loci
3620 2063 3773 2117 muni-

2185 2156 2345 2212 tioris
2372 2156 2504 2211 urbs
2532 2157 2776 2212 Galilaea:
2806 2156 3059 2212 maxima
3088 2173 3100 2210 :
3131 2173 3259 2229 quae
3291 2174 3382 2212 res
3419 2157 3712 2221 admonuit,
3732 2159 3781 2208 ut

2184 2268 2312 2306 cum
2360 2251 2485 2306 duae
2521 2250 2636 2305 sint
2670 2251 2931 2318 Galilaeaa,
2972 2268 3081 2306 una
3121 2251 3402 2322 superior,
3446 2252 3617 2305 altera
3662 2251 3778 2303 infc-

2186 2346 2317 2414 rior,
2348 2361 2618 2400 connexae
2644 2350 2699 2400 et
2727 2346 3050 2416 conjunctae
3091 2345 3217 2411 sibi,
3246 2346 3491 2400 alteram
3534 2344 3600 2399 ab
3638 2344 3782 2398 altera

2185 2438 2625 2510 distinguamus.
2659 2440 2773 2494 Sed
2803 2440 2960 2511 prius
2986 2439 3053 2495 de
3083 2443 3323 2511 utraque
3353 2439 3665 2494 dicendum.

2832 2534 3051 2588 CAPUT
3089 2535 3175 2589 Vl.

2258 2628 2493 2699 Utrique
2520 2626 2766 2683 Galilaeae
2795 2626 2955 2698 Syria
2979 2630 3035 2683 et
3064 2627 3327 2683 thnice
3361 2628 3675 2693 adhaerent,
3701 2625 3784 2680 dis-

2186 2721 2613 2794 terminantque
2648 2738 2777 2776 eam
2806 2738 2839 2776 a
2865 2720 3000 2777 solis
3026 2738 3227 2777 occasu
3253 2722 3561 2779 Ptolemais
3590 2720 3785 2776 territo-

2186 2816 2259 2870 rii
2285 2816 2369 2870 sui
2403 2815 2632 2882 ﬁnibus,
2664 2820 2717 2870 et
2746 2832 2909 2870 mons
2936 2816 3248 2885 Carmelus,
3281 2816 3382 2888 qui
3415 2820 3537 2871 erat
3562 2819 3682 2869 ante
3706 2814 3789 2868 Ga-

2189 2909 2370 2978 lilreis,
2411 2926 2564 2965 nunc
2608 2925 2743 2965 vero
2783 2911 3079 2981 Tyriorum
3115 2909 3322 2965 ﬁnibus
3365 2909 3685 2976 associatus,
3719 2906 3787 2962 cui

2187 3004 2544 3059 connectitur
2587 3004 2779 3059 Gabaa
2833 3004 3025 3058 civitas
3081 3020 3210 3077 qua:
3265 3003 3561 3075 quondam
3614 3001 3790 3057 Iudaeis

2188 3114 2355 3153 causa
2405 3098 2589 3169 gravis
2640 3097 2796 3153 exitii
2839 3098 2947 3152 fuit
3004 3115 3015 3151 :
3074 3098 3143 3151 ab
3196 3098 3418 3153 oriente
3484 3113 3609 3152 eam
3667 3097 3786 3166 [lyp-

2188 3207 2353 3263 penae
2421 3195 2479 3246 et
2540 3192 2762 3247 Gadara
2823 3192 2938 3246 suis
3001 3191 3209 3246 ﬁnibus
3272 3196 3561 3246 resecant.
3612 3188 3790 3245 Eadem

2188 3291 2380 3340 autem
2430 3289 2486 3339 et
2535 3285 2881 3339 Gaulanitidi
2930 3284 3151 3357 regioni
3201 3289 3258 3340 et
3309 3301 3496 3358 regno
3558 3283 3791 3355 Agrippa.

2188 3380 2433 3435 conﬁnia
2459 3379 2788 3451 praescripta
2826 3380 3002 3435 veteri
3041 3395 3159 3435 aevo
3196 3379 3403 3434 fuere:
3439 3397 3474 3434 a
3516 3378 3793 3433 meridiano

2187 3474 2368 3529 latere
2421 3473 2781 3545 Scythopolis
2829 3478 2886 3529 et
2926 3474 3180 3529 Samaria
3226 3474 3344 3528 suis
3396 3476 3639 3546 utraque
3680 3467 3793 3525 exci-

2188 3568 2425 3639 piuntur
2463 3567 2815 3640 regionibus,
2845 3584 2950 3622 nec
2990 3568 3141 3623 ultra
3182 3568 3397 3624 ﬂuenta
3436 3565 3688 3623 Iordanis
3724 3578 3794 3634 pa-

2187 3662 2407 3716 tiuntur
2440 3662 2692 3717 extendi.
2738 3663 3209 3733 Septentrionalia
3258 3662 3385 3733 ejus
3419 3680 3454 3716 a
3495 3661 3687 3716 dextro
3726 3656 3790 3709 la-

2190 3762 2305 3810 tere
2338 3757 2513 3827 Tyrus
2537 3755 2769 3826 claudit,
2799 3756 3099 3828 omnisque
3129 3757 3286 3828 regio
3310 3756 3639 3827 Tyriorum,
3665 3753 3794 3822 cujus

2188 3849 2410 3921 objectu
2471 3850 2718 3905 Galilaeae
2773 3851 2956 3921 spatia
3014 3850 3391 3905 deﬁniuntur.
3449 3853 3591 3921 Ipsa:
3636 3849 3793 3900 autem

2187 3945 2337 3998 inter
2358 3960 2477 3998 sese
2507 3945 2614 3998 hoc
2640 3944 3073 4015 distinguuntur
3104 3945 3293 4011 modo,
3324 3948 3393 3999 ut
3419 3960 3553 4015 qua:
3592 3939 3795 3996 inferior

2188 4037 2415 4092 Galilzea
2442 4037 2667 4104 dicitur,
2702 4038 2773 4092 ab
2804 4038 2942 4092 urbe
2978 4038 3276 4093 Tiberiade
3306 4054 3496 4109 usque
3527 4035 3597 4090 ad
3628 4032 3792 4089 urbem

2188 4132 2277 4186 cui
2325 4148 2537 4187 nomen
2582 4131 2856 4200 Zabulon,
2910 4148 3078 4202 supra
3124 4132 3422 4187 maritima
3474 4126 3796 4186 Ptolemaidis

454 4224 658 4294 pressis
706 4224 939 4291 crebris,
982 4226 1160 4280 fontes
1206 4227 1364 4296 aquis
1405 4226 1625 4294 uberes,
1660 4228 1957 4298 Daphnem
2000 4244 2087 4281 vo-
2186 4228 2408 4281 extenta
2468 4224 2823 4297 longitudine
2889 4225 3277 4294 diffundatur;
3331 4225 3579 4281 latitudo
3636 4226 3792 4275 autem

450 4322 601 4385 cant,
632 4317 786 4389 quod
818 4334 1115 4389 nunquam
1146 4320 1394 4390 deponat
1415 4320 1794 4375 viriditatem:
1824 4321 2087 4391 frequens
2187 4321 2309 4391 ejus
2336 4337 2367 4373 a
2396 4320 2515 4375 vico
2544 4320 2739 4375 Zaloth
2766 4319 2865 4392 qui
2894 4323 2980 4374 est
3007 4321 3065 4374 in
3094 4337 3297 4391 campo
3338 4320 3616 4385 maxime,
3649 4329 3794 4385 usque

450 4418 505 4467 et
529 4411 711 4466 laetior
740 4413 999 4483 populus,
1030 4418 1090 4467 ut
1124 4414 1393 4485 pleraque
1431 4414 1699 4481 Orientis,
1735 4414 2083 4485 facetiorque
2184 4415 2253 4467 ad
2304 4413 2600 4468 Bersabem
2647 4413 2800 4467 haud
2852 4413 3023 4468 dubie
3067 4414 3390 4468 deducitur.
3448 4413 3601 4469 Unde
3649 4410 3792 4463 etiam

450 4522 625 4578 prope
657 4507 943 4574 omnibus,
985 4508 1085 4561 sed
1129 4507 1409 4579 propitior
1438 4506 1696 4562 lascivias.
1741 4507 1881 4564 Urbs
1917 4507 2467 4579 tertioDsuperiori
2514 4506 2757 4561 Galilaza:
2802 4507 3055 4578 aperitur
3101 4508 3423 4575 exordium,
3487 4506 3665 4578 quoad
3707 4500 3789 4553 vici

449 4600 574 4655 loco
614 4605 745 4655 ante
793 4618 861 4654 ex
904 4602 1167 4656 omnibus
1202 4619 1328 4673 quae
1373 4602 1430 4656 in
1476 4601 1611 4656 orbe
1653 4603 1913 4656 Romano
1951 4605 2085 4656 sunt

450 4694 770 4750 civitatibus
812 4696 1112 4764 aestimata,
1140 4713 1293 4750 nunc
1338 4702 1539 4767 quarto
1581 4702 1883 4767 postquam
1933 4696 2080 4750 Con-

449 4789 845 4863 stantinopolis
891 4788 1133 4844 excrevit
1176 4788 1370 4843 civitas
1418 4790 1840 4860 Byzantiorum,
1888 4792 2079 4844 Persa-

452 4900 579 4938 rum
635 4884 926 4955 quondam
982 4887 1169 4954 caput,
1220 4899 1369 4938 nunc
1416 4884 1778 4955 repulsorum
1830 4900 1842 4937 :
1896 4884 2084 4955 prima

449 4978 601 5032 enim
645 4979 845 5045 Roma,
874 4978 1127 5033 secunda
1165 4978 1523 5045 Alexandria,
1560 4979 1727 5033 tertia
1766 4978 2080 5046 Antiochia,

449 5079 647 5143 quarta
675 5071 1215 5143 Constantinopolis.
1252 5073 1329 5127 De
1360 5072 1471 5126 situ
1505 5072 1659 5126 urbis
1687 5073 1822 5127 satis
1862 5073 2080 5127 dictum

446 5170 605 5236 puto.
632 5168 821 5238 Neque
851 5166 1005 5222 enim
1037 5166 1099 5221 in
1129 5165 1517 5221 describendis
1544 5166 1665 5237 ejus
1696 5167 1951 5221 aediﬁciis
1977 5167 2084 5221 im-

449 5262 788 5315 morandum
841 5260 1080 5330 videtur,
1131 5261 1293 5333 cujus
1338 5278 1367 5314 a
1417 5264 1581 5331 tergo
1627 5277 1757 5316 cum
1801 5262 2083 5316 orientem

446 5355 701 5420 dixerim,
732 5357 867 5410 satis
904 5355 1085 5427 liquet
1111 5372 1142 5408 a
1186 5357 1326 5410 laeva
1363 5355 1433 5409 ad
1474 5355 1773 5409 meridiem
1805 5357 2017 5424 jacere,
2052 5372 2083 5409 a

447 5447 629 5504 fronte
658 5449 939 5520 Europam
983 5464 1301 5517 occurrere,
1338 5450 1390 5503 in
1432 5449 1634 5503 dextra
1673 5449 2082 5519 septentriona-

450 5541 529 5594 les
579 5547 775 5610 gentes
819 5544 1046 5612 degere,
1094 5542 1406 5615 Caspiaque
1452 5559 1630 5613 regna
1684 5541 1905 5608 haberi,
1954 5558 2082 5612 quae

449 5640 583 5688 ante
618 5635 1039 5703 promptissima
1076 5638 1145 5691 ad
1197 5638 1591 5692 incursandam
1632 5636 1852 5706 Syriam
1896 5642 2080 5690 erant.

450 5725 559 5781 Sed
591 5729 893 5793 postquam
924 5728 1235 5783 Alexander
1272 5732 1508 5801 Magnus
1555 5730 1816 5800 Caspiam
1860 5733 2082 5801 portam

449 5816 617 5875 Tauri
649 5813 858 5867 montis
888 5823 1175 5887 praerupto
1204 5820 1494 5892 imposuit,
1524 5828 1693 5896 atque
1724 5839 1895 5880 omne
1935 5823 2082 5879 inte-

2188 4602 2439 4656 Bathatae
2461 4601 2601 4656 ﬁnes
2627 4601 2892 4671 attingat.
2921 4602 3044 4672 Ipso
3071 4604 3261 4655 autem
3289 4601 3417 4655 vico
3448 4600 3619 4656 etiam
3637 4594 3787 4667 Tyria?

2187 4699 2354 4751 terrae
2400 4696 2542 4750 ﬁnes
2593 4694 3047 4750 determinantur
3094 4713 3106 4748 :
3156 4695 3541 4766 longitudinis
3593 4703 3789 4763 quoque

2185 4789 2306 4860 ejus
2356 4789 2580 4844 initium
2644 4789 2795 4842 vicus
2851 4794 2935 4843 est
2984 4788 3208 4855 Thalia,
3266 4790 3399 4843 linis
3451 4794 3536 4844 est
3585 4783 3786 4840 Hothald

2183 4882 2416 4937 Jordani
2466 4881 2763 4936 ﬁnitimus.
2813 4881 2949 4936 Hinc
3000 4881 3241 4953 intelligi
3295 4882 3491 4948 datur,
3544 4882 3787 4952 quantum

2186 4992 2243 5030 se
2288 4976 2587 5048 porrigant
2627 4975 2807 5047 spatia
2841 4976 3085 5031 Galilasae
3128 4977 3468 5048 superioris,
3513 4975 3665 5045 cujus
3699 4968 3784 5023 ini-

2185 5071 2329 5125 tium
2362 5070 2625 5125 Jordanis
2649 5074 2734 5124 est
2769 5069 2855 5124 vel
2882 5071 3005 5139 ejus
3040 5069 3305 5125 conﬁnia.
3340 5071 3457 5124 Hac
3492 5069 3662 5140 igitur
3693 5078 3786 5118 sua!

2188 5164 2594 5237 magnitudinis
2649 5164 3031 5218 aestimatione
3072 5166 3309 5235 utraque
3353 5163 3585 5219 Galilaea
3624 5157 3784 5214 distin-

2186 5259 2399 5330 guitur.
2433 5260 2606 5314 Terra
2629 5264 2821 5313 autem
2850 5257 3103 5329 pinguis,
3133 5258 3403 5328 herbosa,
3444 5258 3657 5313 diverso
3693 5248 3783 5306 cul-

2185 5356 2328 5407 turae
2356 5368 2567 5423 genere
2593 5351 2798 5419 nitens,
2831 5350 3099 5406 distincta
3124 5351 3447 5419 arboribus,
3482 5358 3541 5406 ut
3563 5344 3781 5421 quemvis

2183 5446 2392 5502 alliciat
2434 5447 2507 5501 ad
2549 5446 2633 5500 sui
2687 5445 2950 5517 gratiam,
2993 5452 3049 5499 et
3096 5446 3443 5518 fugitantem
3492 5445 3696 5500 labores
3725 5434 3778 5490 ad

2184 5540 2372 5595 studia
2398 5542 2633 5596 cultura:
2664 5540 2865 5594 invitet
2892 5544 3063 5610 atque
3092 5540 3314 5594 excitet.
3368 5539 3613 5610 Denique
3652 5531 3777 5587 nulla

2184 5635 2296 5688 illic
2333 5635 2419 5688 vel
2473 5634 2677 5704 exigua
2717 5640 2883 5688 terra;
2925 5634 3111 5704 portio
3163 5637 3319 5687 vacat
3368 5651 3380 5687 ε
3424 5630 3779 5703 frequentatur

2184 5729 2471 5799 plerisque
2519 5728 2969 5783 inhabitantibus
3014 5750 3022 5780 :
3064 5727 3276 5783 crebras
3326 5727 3515 5791 urbes,
3555 5724 3651 5777 vici
3690 5722 3774 5773 fre-

2185 5824 2461 5894 quentes,
2511 5822 2818 5878 multitudo
2876 5823 3177 5879 hominum
3239 5818 3683 5883 innumerabilis,
3727 5817 3771 5867 ut
