  <div class='ocr_page' id='page_1' title='image "/cluster/home/n/w/nwhite01/storage/ocr_20150623/15/hvd.32044048207278/470.png"; bbox 0 0 4000 6166; ppageno 0'>
   <div class='ocr_carea' id='block_1_1' title="bbox 251 331 364 382">
    <p class='ocr_par' dir='ltr' id='par_1_1' title="bbox 251 331 364 382">
     <span class='ocr_line' id='line_1_1' title="bbox 251 331 364 382; baseline -0.035 0"><span class='ocrx_word' id='word_1_1' title='bbox 251 331 364 382; x_wconf 75' lang='grc'><strong>2177</strong></span> 
     </span>
    </p>
   </div>
   <div class='ocr_carea' id='block_1_2' title="bbox 1209 321 2525 378">
    <p class='ocr_par' dir='ltr' id='par_1_2' title="bbox 1209 321 2525 378">
     <span class='ocr_line' id='line_1_2' title="bbox 1209 321 2525 378; baseline 0 -4"><span class='ocrx_word' id='word_1_2' title='bbox 1209 321 1288 375; x_wconf 89' lang='lat' dir='ltr'><strong>DE</strong></span> <span class='ocrx_word' id='word_1_3' title='bbox 1333 323 1599 378; x_wconf 83' lang='lat' dir='ltr'><strong>EXCIDIO</strong></span> <span class='ocrx_word' id='word_1_4' title='bbox 1638 321 1832 378; x_wconf 82' lang='lat' dir='ltr'><strong>URBIS</strong></span> <span class='ocrx_word' id='word_1_5' title='bbox 1873 322 2224 377; x_wconf 82' lang='lat' dir='ltr'><strong>HIEROSOL.</strong></span> <span class='ocrx_word' id='word_1_6' title='bbox 2268 323 2394 376; x_wconf 83' lang='lat' dir='ltr'><strong>LIB.</strong></span> <span class='ocrx_word' id='word_1_7' title='bbox 2440 323 2525 377; x_wconf 88' lang='lat' dir='ltr'><strong>lll.</strong></span> 
     </span>
    </p>
   </div>
   <div class='ocr_carea' id='block_1_3' title="bbox 3428 332 3564 382">
    <p class='ocr_par' dir='ltr' id='par_1_3' title="bbox 3428 332 3564 382">
     <span class='ocr_line' id='line_1_3' title="bbox 3428 332 3564 382; baseline -0.007 0"><span class='ocrx_word' id='word_1_8' title='bbox 3428 332 3564 382; x_wconf 78' lang='grc'><strong>2178</strong></span> 
     </span>
    </p>
   </div>
   <div class='ocr_carea' id='block_1_4' title="bbox 248 444 3558 529">
    <p class='ocr_par' dir='ltr' id='par_1_4' title="bbox 248 444 3558 529">
     <span class='ocr_line' id='line_1_4' title="bbox 248 444 3558 529; baseline 0 -25"><span class='ocrx_word' id='word_1_9' title='bbox 248 450 454 519; x_wconf 78' lang='lat' dir='ltr'><strong>exiguus</strong></span> <span class='ocrx_word' id='word_1_10' title='bbox 477 445 622 498; x_wconf 90' lang='lat' dir='ltr'><strong>vicus</strong></span> <span class='ocrx_word' id='word_1_11' title='bbox 657 444 711 496; x_wconf 92' lang='lat' dir='ltr'><strong>in</strong></span> <span class='ocrx_word' id='word_1_12' title='bbox 739 459 839 497; x_wconf 90' lang='lat' dir='ltr'><strong>suo</strong></span> <span class='ocrx_word' id='word_1_13' title='bbox 874 447 1054 498; x_wconf 86' lang='lat' dir='ltr'><strong>tractu</strong></span> <span class='ocrx_word' id='word_1_14' title='bbox 1089 444 1292 499; x_wconf 88' lang='lat' dir='ltr'><strong>habeat</strong></span> <span class='ocrx_word' id='word_1_15' title='bbox 1327 447 1529 515; x_wconf 78' lang='lat' dir='ltr'><strong>viginti</strong></span> <span class='ocrx_word' id='word_1_16' title='bbox 1561 447 1669 517; x_wconf 76' lang='lat'><strong>(89)</strong></span> <span class='ocrx_word' id='word_1_17' title='bbox 1701 447 1829 500; x_wconf 89' lang='lat' dir='ltr'><strong>mil-</strong></span> <span class='ocrx_word' id='word_1_18' title='bbox 1856 458 1910 529; x_wconf 70' lang='grc' dir='ltr'><strong>Α</strong></span> <span class='ocrx_word' id='word_1_19' title='bbox 1935 447 2244 500; x_wconf 88' lang='lat' dir='ltr'><strong>Nemorosa</strong></span> <span class='ocrx_word' id='word_1_20' title='bbox 2285 447 2467 516; x_wconf 84' lang='lat' dir='ltr'><strong>regio,</strong></span> <span class='ocrx_word' id='word_1_21' title='bbox 2514 451 2569 500; x_wconf 86' lang='lat' dir='ltr'><strong>et</strong></span> <span class='ocrx_word' id='word_1_22' title='bbox 2619 447 2748 528; x_wconf 88' lang='lat' dir='ltr'><strong>ideo</strong></span> <span class='ocrx_word' id='word_1_23' title='bbox 2796 448 2944 502; x_wconf 83' lang='lat' dir='ltr'>dives</span> <span class='ocrx_word' id='word_1_24' title='bbox 2989 450 3229 518; x_wconf 83' lang='lat' dir='ltr'><strong>pecoris,</strong></span> <span class='ocrx_word' id='word_1_25' title='bbox 3278 455 3336 504; x_wconf 90' lang='lat' dir='ltr'><strong>et</strong></span> <span class='ocrx_word' id='word_1_26' title='bbox 3377 451 3558 506; x_wconf 89' lang='lat' dir='ltr'><strong>abun-</strong></span> 
     </span>
    </p>
   </div>
   <div class='ocr_carea' id='block_1_5' title="bbox 247 536 1833 611">
    <p class='ocr_par' dir='ltr' id='par_1_5' title="bbox 247 536 1833 611">
     <span class='ocr_line' id='line_1_5' title="bbox 247 536 1833 611; baseline -0.002 -15"><span class='ocrx_word' id='word_1_27' title='bbox 247 543 309 596; x_wconf 88' lang='lat' dir='ltr'><strong>lia</strong></span> <span class='ocrx_word' id='word_1_28' title='bbox 345 537 781 593; x_wconf 73' lang='lat' dir='ltr'><strong>inhabitantium.</strong></span> <span class='ocrx_word' id='word_1_29' title='bbox 822 536 1193 592; x_wconf 89' lang='lat' dir='ltr'><strong>Circumfusis</strong></span> <span class='ocrx_word' id='word_1_30' title='bbox 1235 555 1460 611; x_wconf 89' lang='lat' dir='ltr'><strong>quoque</strong></span> <span class='ocrx_word' id='word_1_31' title='bbox 1509 540 1833 594; x_wconf 79' lang='lat' dir='ltr'><strong>nationibus</strong></span> 
     </span>
    </p>
   </div>
   <div class='ocr_carea' id='block_1_6' title="bbox 240 631 1833 702">
    <p class='ocr_par' dir='ltr' id='par_1_6' title="bbox 240 631 1833 702">
     <span class='ocr_line' id='line_1_6' title="bbox 240 631 1833 702; baseline -0.001 -13"><span class='ocrx_word' id='word_1_32' title='bbox 240 631 537 702; x_wconf 82' lang='lat' dir='ltr'><strong>alienigenis</strong></span> <span class='ocrx_word' id='word_1_33' title='bbox 583 635 822 702; x_wconf 89' lang='lat' dir='ltr'><strong>utraque</strong></span> <span class='ocrx_word' id='word_1_34' title='bbox 870 632 1096 687; x_wconf 62' lang='lat' dir='ltr'><strong>Galilaaa</strong></span> <span class='ocrx_word' id='word_1_35' title='bbox 1151 633 1567 699; x_wconf 79' lang='lat' dir='ltr'><strong>circumdatur,</strong></span> <span class='ocrx_word' id='word_1_36' title='bbox 1609 637 1666 687; x_wconf 89' lang='lat' dir='ltr'><strong>et</strong></span> <span class='ocrx_word' id='word_1_37' title='bbox 1708 632 1833 688; x_wconf 90' lang='lat' dir='ltr'><strong>ideo</strong></span> 
     </span>
    </p>
   </div>
   <div class='ocr_carea' id='block_1_7' title="bbox 240 724 1830 800">
    <p class='ocr_par' dir='ltr' id='par_1_7' title="bbox 240 724 1830 800">
     <span class='ocr_line' id='line_1_7' title="bbox 240 724 1830 800; baseline -0.002 -18"><span class='ocrx_word' id='word_1_38' title='bbox 240 743 396 800; x_wconf 87' lang='lat' dir='ltr'><strong>genus</strong></span> <span class='ocrx_word' id='word_1_39' title='bbox 424 724 708 779; x_wconf 88' lang='lat' dir='ltr'><strong>hominum</strong></span> <span class='ocrx_word' id='word_1_40' title='bbox 746 724 1099 794; x_wconf 91' lang='lat' dir='ltr'><strong>bellicosum,</strong></span> <span class='ocrx_word' id='word_1_41' title='bbox 1129 743 1163 780; x_wconf 91' lang='lat' dir='ltr'><strong>a</strong></span> <span class='ocrx_word' id='word_1_42' title='bbox 1191 727 1376 797; x_wconf 89' lang='lat' dir='ltr'><strong>prima</strong></span> <span class='ocrx_word' id='word_1_43' title='bbox 1418 730 1585 781; x_wconf 74' lang='lat' dir='ltr'><strong>aetate</strong></span> <span class='ocrx_word' id='word_1_44' title='bbox 1615 727 1830 781; x_wconf 82' lang='lat' dir='ltr'><strong>exerci-</strong></span> 
     </span>
    </p>
   </div>
   <div class='ocr_carea' id='block_1_8' title="bbox 239 817 1828 890">
    <p class='ocr_par' dir='ltr' id='par_1_8' title="bbox 239 817 1828 890">
     <span class='ocr_line' id='line_1_8' title="bbox 239 817 1828 890; baseline -0.001 -15"><span class='ocrx_word' id='word_1_45' title='bbox 239 826 341 875; x_wconf 89' lang='lat' dir='ltr'><strong>tum</strong></span> <span class='ocrx_word' id='word_1_46' title='bbox 384 817 720 890; x_wconf 62' lang='lat' dir='ltr'><strong>praaliaribus</strong></span> <span class='ocrx_word' id='word_1_47' title='bbox 762 820 1159 886; x_wconf 87' lang='lat' dir='ltr'><strong>tentamentis,</strong></span> <span class='ocrx_word' id='word_1_48' title='bbox 1209 820 1508 874; x_wconf 88' lang='lat' dir='ltr'><strong>abundans</strong></span> <span class='ocrx_word' id='word_1_49' title='bbox 1559 837 1828 884; x_wconf 90' lang='lat' dir='ltr'><strong>numero,</strong></span> 
     </span>
    </p>
   </div>
   <div class='ocr_carea' id='block_1_9' title="bbox 236 913 1832 984">
    <p class='ocr_par' dir='ltr' id='par_1_9' title="bbox 236 913 1832 984">
     <span class='ocr_line' id='line_1_9' title="bbox 236 913 1832 984; baseline 0 -16"><span class='ocrx_word' id='word_1_50' title='bbox 236 913 443 968; x_wconf 82' lang='lat' dir='ltr'><strong>audacia</strong></span> <span class='ocrx_word' id='word_1_51' title='bbox 488 918 848 982; x_wconf 91' lang='lat' dir='ltr'><strong>promptum,</strong></span> <span class='ocrx_word' id='word_1_52' title='bbox 900 917 1070 984; x_wconf 89' lang='lat' dir='ltr'><strong>atque</strong></span> <span class='ocrx_word' id='word_1_53' title='bbox 1124 914 1193 968; x_wconf 90' lang='lat' dir='ltr'><strong>ad</strong></span> <span class='ocrx_word' id='word_1_54' title='bbox 1249 931 1450 969; x_wconf 90' lang='lat' dir='ltr'><strong>omnes</strong></span> <span class='ocrx_word' id='word_1_55' title='bbox 1505 915 1634 968; x_wconf 86' lang='lat' dir='ltr'><strong>belli</strong></span> <span class='ocrx_word' id='word_1_56' title='bbox 1684 919 1832 968; x_wconf 86' lang='lat' dir='ltr'><strong>artes</strong></span> 
     </span>
    </p>
   </div>
   <div class='ocr_carea' id='block_1_10' title="bbox 233 1007 1829 1078">
    <p class='ocr_par' dir='ltr' id='par_1_10' title="bbox 233 1007 1829 1078">
     <span class='ocr_line' id='line_1_10' title="bbox 233 1007 1829 1078; baseline 0 -18"><span class='ocrx_word' id='word_1_57' title='bbox 233 1011 487 1078; x_wconf 89' lang='lat' dir='ltr'><strong>paratum.</strong></span> <span class='ocrx_word' id='word_1_58' title='bbox 516 1007 747 1060; x_wconf 76' lang='lat' dir='ltr'><strong>Praestat</strong></span> <span class='ocrx_word' id='word_1_59' title='bbox 773 1012 964 1060; x_wconf 89' lang='lat' dir='ltr'><strong>tamen</strong></span> <span class='ocrx_word' id='word_1_60' title='bbox 998 1007 1385 1077; x_wconf 85' lang='lat' dir='ltr'><strong>magnitudine</strong></span> <span class='ocrx_word' id='word_1_61' title='bbox 1412 1009 1624 1062; x_wconf 54' lang='lat' dir='ltr'><strong>Petraea</strong></span> <span class='ocrx_word' id='word_1_62' title='bbox 1653 1007 1829 1078; x_wconf 88' lang='lat' dir='ltr'><strong>regio,</strong></span> 
     </span>
    </p>
   </div>
   <div class='ocr_carea' id='block_1_11' title="bbox 232 1099 1833 1172">
    <p class='ocr_par' dir='ltr' id='par_1_11' title="bbox 232 1099 1833 1172">
     <span class='ocr_line' id='line_1_11' title="bbox 232 1099 1833 1172; baseline 0.001 -18"><span class='ocrx_word' id='word_1_63' title='bbox 232 1116 342 1172; x_wconf 65' lang='lat' dir='ltr'><strong>quae</strong></span> <span class='ocrx_word' id='word_1_64' title='bbox 373 1099 514 1152; x_wconf 91' lang='lat' dir='ltr'><strong>unde</strong></span> <span class='ocrx_word' id='word_1_65' title='bbox 546 1099 878 1153; x_wconf 89' lang='lat' dir='ltr'><strong>vocabulum</strong></span> <span class='ocrx_word' id='word_1_66' title='bbox 905 1101 1205 1170; x_wconf 85' lang='lat' dir='ltr'><strong>acceperit,</strong></span> <span class='ocrx_word' id='word_1_67' title='bbox 1236 1117 1401 1171; x_wconf 83' lang='lat' dir='ltr'><strong>supra</strong></span> <span class='ocrx_word' id='word_1_68' title='bbox 1432 1101 1694 1155; x_wconf 84' lang='lat' dir='ltr'><strong>diximus.</strong></span> <span class='ocrx_word' id='word_1_69' title='bbox 1725 1102 1833 1155; x_wconf 84' lang='lat' dir='ltr'><strong>Ma-</strong></span> 
     </span>
    </p>
   </div>
   <div class='ocr_carea' id='block_1_12' title="bbox 221 1191 1828 1264">
    <p class='ocr_par' dir='ltr' id='par_1_12' title="bbox 221 1191 1828 1264">
     <span class='ocr_line' id='line_1_12' title="bbox 221 1191 1828 1264; baseline 0 -16"><span class='ocrx_word' id='word_1_70' title='bbox 221 1195 304 1264; x_wconf 87' lang='lat' dir='ltr'><strong>jor</strong></span> <span class='ocrx_word' id='word_1_71' title='bbox 342 1194 484 1258; x_wconf 67' lang='lat' dir='ltr'><strong>haec;</strong></span> <span class='ocrx_word' id='word_1_72' title='bbox 527 1191 622 1245; x_wconf 91' lang='lat' dir='ltr'><strong>sed</strong></span> <span class='ocrx_word' id='word_1_73' title='bbox 675 1192 864 1247; x_wconf 87' lang='lat' dir='ltr'><strong>utilior</strong></span> <span class='ocrx_word' id='word_1_74' title='bbox 897 1194 1140 1261; x_wconf 80' lang='lat' dir='ltr'><strong>Galilaea,</strong></span> <span class='ocrx_word' id='word_1_75' title='bbox 1187 1194 1320 1264; x_wconf 85' lang='lat' dir='ltr'><strong>quia</strong></span> <span class='ocrx_word' id='word_1_76' title='bbox 1359 1199 1474 1248; x_wconf 85' lang='lat' dir='ltr'><strong>tota</strong></span> <span class='ocrx_word' id='word_1_77' title='bbox 1519 1197 1828 1261; x_wconf 88' lang='lat' dir='ltr'><strong>exercetur,</strong></span> 
     </span>
    </p>
   </div>
   <div class='ocr_carea' id='block_1_13' title="bbox 230 1286 1830 1356">
    <p class='ocr_par' dir='ltr' id='par_1_13' title="bbox 230 1286 1830 1356">
     <span class='ocr_line' id='line_1_13' title="bbox 230 1286 1830 1356; baseline 0.001 -16"><span class='ocrx_word' id='word_1_78' title='bbox 230 1304 316 1342; x_wconf 90' lang='lat' dir='ltr'><strong>nec</strong></span> <span class='ocrx_word' id='word_1_79' title='bbox 362 1286 471 1339; x_wconf 90' lang='lat' dir='ltr'><strong>ulla</strong></span> <span class='ocrx_word' id='word_1_80' title='bbox 518 1302 649 1356; x_wconf 86' lang='lat' dir='ltr'><strong>pars</strong></span> <span class='ocrx_word' id='word_1_81' title='bbox 703 1287 824 1356; x_wconf 87' lang='lat' dir='ltr'><strong>ejus</strong></span> <span class='ocrx_word' id='word_1_82' title='bbox 880 1286 1152 1340; x_wconf 86' lang='lat' dir='ltr'><strong>fructibus</strong></span> <span class='ocrx_word' id='word_1_83' title='bbox 1206 1287 1510 1341; x_wconf 88' lang='lat' dir='ltr'><strong>infecunda</strong></span> <span class='ocrx_word' id='word_1_84' title='bbox 1567 1293 1678 1352; x_wconf 89' lang='lat' dir='ltr'><strong>est;</strong></span> <span class='ocrx_word' id='word_1_85' title='bbox 1735 1288 1830 1342; x_wconf 89' lang='lat' dir='ltr'><strong>sed</strong></span> 
     </span>
    </p>
   </div>
   <div class='ocr_carea' id='block_1_14' title="bbox 227 1380 1828 1450">
    <p class='ocr_par' dir='ltr' id='par_1_14' title="bbox 227 1380 1828 1450">
     <span class='ocr_line' id='line_1_14' title="bbox 227 1380 1828 1450; baseline 0.001 -16"><span class='ocrx_word' id='word_1_86' title='bbox 227 1380 463 1434; x_wconf 88' lang='lat' dir='ltr'><strong>universa</strong></span> <span class='ocrx_word' id='word_1_87' title='bbox 499 1384 649 1434; x_wconf 88' lang='lat' dir='ltr'><strong>terra</strong></span> <span class='ocrx_word' id='word_1_88' title='bbox 689 1381 809 1449; x_wconf 85' lang='lat' dir='ltr'><strong>ejus</strong></span> <span class='ocrx_word' id='word_1_89' title='bbox 849 1381 1038 1450; x_wconf 90' lang='lat' dir='ltr'><strong>opima</strong></span> <span class='ocrx_word' id='word_1_90' title='bbox 1079 1386 1133 1434; x_wconf 90' lang='lat' dir='ltr'><strong>et</strong></span> <span class='ocrx_word' id='word_1_91' title='bbox 1169 1381 1339 1434; x_wconf 86' lang='lat' dir='ltr'><strong>ferax.</strong></span> <span class='ocrx_word' id='word_1_92' title='bbox 1372 1383 1588 1435; x_wconf 76' lang='lat' dir='ltr'><strong>Petraea</strong></span> <span class='ocrx_word' id='word_1_93' title='bbox 1634 1387 1828 1435; x_wconf 91' lang='lat' dir='ltr'><strong>autem</strong></span> 
     </span>
    </p>
   </div>
   <div class='ocr_carea' id='block_1_15' title="bbox 225 1472 1826 1546">
    <p class='ocr_par' dir='ltr' id='par_1_15' title="bbox 225 1472 1826 1546">
     <span class='ocr_line' id='line_1_15' title="bbox 225 1472 1826 1546; baseline 0.001 -19"><span class='ocrx_word' id='word_1_94' title='bbox 225 1472 489 1540; x_wconf 77' lang='lat' dir='ltr'><strong>diffusior,</strong></span> <span class='ocrx_word' id='word_1_95' title='bbox 535 1473 632 1526; x_wconf 85' lang='lat' dir='ltr'><strong>sed</strong></span> <span class='ocrx_word' id='word_1_96' title='bbox 676 1489 741 1526; x_wconf 86' lang='lat' dir='ltr'><strong>ex</strong></span> <span class='ocrx_word' id='word_1_97' title='bbox 788 1475 1005 1542; x_wconf 86' lang='lat' dir='ltr'><strong>majore</strong></span> <span class='ocrx_word' id='word_1_98' title='bbox 1052 1478 1212 1544; x_wconf 89' lang='lat' dir='ltr'><strong>parte</strong></span> <span class='ocrx_word' id='word_1_99' title='bbox 1257 1475 1478 1528; x_wconf 86' lang='lat' dir='ltr'><strong>deserta</strong></span> <span class='ocrx_word' id='word_1_100' title='bbox 1520 1491 1582 1529; x_wconf 89' lang='lat' dir='ltr'><strong>ac</strong></span> <span class='ocrx_word' id='word_1_101' title='bbox 1623 1475 1826 1546; x_wconf 86' lang='lat' dir='ltr'><strong>rigida,</strong></span> 
     </span>
    </p>
   </div>
   <div class='ocr_carea' id='block_1_16' title="bbox 220 1567 1830 1639">
    <p class='ocr_par' dir='ltr' id='par_1_16' title="bbox 220 1567 1830 1639">
     <span class='ocr_line' id='line_1_16' title="bbox 220 1567 1830 1639; baseline 0 -17"><span class='ocrx_word' id='word_1_102' title='bbox 220 1583 332 1639; x_wconf 69' lang='lat' dir='ltr'><strong>quae</strong></span> <span class='ocrx_word' id='word_1_103' title='bbox 375 1583 771 1620; x_wconf 85' lang='lat' dir='ltr'><strong>mansuescere</strong></span> <span class='ocrx_word' id='word_1_104' title='bbox 812 1567 1030 1622; x_wconf 89' lang='lat' dir='ltr'><strong>arando</strong></span> <span class='ocrx_word' id='word_1_105' title='bbox 1079 1568 1320 1637; x_wconf 89' lang='lat' dir='ltr'><strong>nesciat,</strong></span> <span class='ocrx_word' id='word_1_106' title='bbox 1369 1585 1469 1623; x_wconf 89' lang='lat' dir='ltr'><strong>nec</strong></span> <span class='ocrx_word' id='word_1_107' title='bbox 1515 1569 1830 1638; x_wconf 84' lang='lat' dir='ltr'><strong>asperiores</strong></span> 
     </span>
    </p>
   </div>
   <div class='ocr_carea' id='block_1_17' title="bbox 220 1661 1830 1733">
    <p class='ocr_par' dir='ltr' id='par_1_17' title="bbox 220 1661 1830 1733">
     <span class='ocr_line' id='line_1_17' title="bbox 220 1661 1830 1733; baseline 0.001 -18"><span class='ocrx_word' id='word_1_108' title='bbox 220 1661 380 1715; x_wconf 88' lang='lat' dir='ltr'><strong>facilis</strong></span> <span class='ocrx_word' id='word_1_109' title='bbox 409 1676 599 1714; x_wconf 90' lang='lat' dir='ltr'><strong>succos</strong></span> <span class='ocrx_word' id='word_1_110' title='bbox 628 1661 877 1714; x_wconf 91' lang='lat' dir='ltr'><strong>domare.</strong></span> <span class='ocrx_word' id='word_1_111' title='bbox 915 1662 1020 1716; x_wconf 89' lang='lat' dir='ltr'><strong>Sed</strong></span> <span class='ocrx_word' id='word_1_112' title='bbox 1051 1678 1246 1716; x_wconf 86' lang='lat' dir='ltr'><strong>rursus</strong></span> <span class='ocrx_word' id='word_1_113' title='bbox 1281 1663 1462 1732; x_wconf 93' lang='lat' dir='ltr'><strong>portio</strong></span> <span class='ocrx_word' id='word_1_114' title='bbox 1489 1663 1538 1733; x_wconf 89' lang='lat' dir='ltr'><strong>ej</strong></span> <span class='ocrx_word' id='word_1_115' title='bbox 1551 1680 1612 1716; x_wconf 91' lang='lat' dir='ltr'><strong>us</strong></span> <span class='ocrx_word' id='word_1_116' title='bbox 1643 1663 1830 1718; x_wconf 88' lang='lat' dir='ltr'><strong>mollis</strong></span> 
     </span>
    </p>
   </div>
   <div class='ocr_carea' id='block_1_18' title="bbox 217 1754 1825 1827">
    <p class='ocr_par' dir='ltr' id='par_1_18' title="bbox 217 1754 1825 1827">
     <span class='ocr_line' id='line_1_18' title="bbox 217 1754 1825 1827; baseline 0.002 -20"><span class='ocrx_word' id='word_1_117' title='bbox 217 1755 274 1807; x_wconf 87' lang='lat' dir='ltr'><strong>ad</strong></span> <span class='ocrx_word' id='word_1_118' title='bbox 321 1754 551 1820; x_wconf 90' lang='lat' dir='ltr'><strong>cultum,</strong></span> <span class='ocrx_word' id='word_1_119' title='bbox 605 1755 807 1808; x_wconf 86' lang='lat' dir='ltr'><strong>fertilis</strong></span> <span class='ocrx_word' id='word_1_120' title='bbox 852 1755 922 1807; x_wconf 91' lang='lat' dir='ltr'><strong>ad</strong></span> <span class='ocrx_word' id='word_1_121' title='bbox 974 1771 1158 1822; x_wconf 91' lang='lat' dir='ltr'><strong>usum,</strong></span> <span class='ocrx_word' id='word_1_122' title='bbox 1190 1761 1350 1826; x_wconf 85' lang='lat' dir='ltr'><strong>grata</strong></span> <span class='ocrx_word' id='word_1_123' title='bbox 1399 1756 1472 1809; x_wconf 88' lang='lat' dir='ltr'><strong>ad</strong></span> <span class='ocrx_word' id='word_1_124' title='bbox 1514 1762 1825 1827; x_wconf 86' lang='lat' dir='ltr'><strong>aspectum,</strong></span> 
     </span>
    </p>
   </div>
   <div class='ocr_carea' id='block_1_19' title="bbox 217 1829 1906 1920">
    <p class='ocr_par' dir='ltr' id='par_1_19' title="bbox 217 1829 1906 1920">
     <span class='ocr_line' id='line_1_19' title="bbox 217 1829 1906 1920; baseline -0.001 -19"><span class='ocrx_word' id='word_1_125' title='bbox 217 1848 349 1902; x_wconf 88' lang='lat' dir='ltr'><strong>mitis</strong></span> <span class='ocrx_word' id='word_1_126' title='bbox 389 1848 458 1901; x_wconf 89' lang='lat' dir='ltr'><strong>ad</strong></span> <span class='ocrx_word' id='word_1_127' title='bbox 500 1847 860 1915; x_wconf 85' lang='lat' dir='ltr'><strong>exercitium,</strong></span> <span class='ocrx_word' id='word_1_128' title='bbox 909 1849 1149 1902; x_wconf 88' lang='lat' dir='ltr'><strong>insitivis</strong></span> <span class='ocrx_word' id='word_1_129' title='bbox 1199 1849 1347 1903; x_wconf 90' lang='lat' dir='ltr'><strong>utilis</strong></span> <span class='ocrx_word' id='word_1_130' title='bbox 1389 1850 1590 1920; x_wconf 86' lang='lat' dir='ltr'><strong>pomis,</strong></span> <span class='ocrx_word' id='word_1_131' title='bbox 1635 1829 1906 1905; x_wconf 85' lang='lat' dir='ltr'><strong>omniaB</strong></span> 
     </span>
    </p>
   </div>
   <div class='ocr_carea' id='block_1_20' title="bbox 213 1941 1829 2015">
    <p class='ocr_par' dir='ltr' id='par_1_20' title="bbox 213 1941 1829 2015">
     <span class='ocr_line' id='line_1_20' title="bbox 213 1941 1829 2015; baseline 0.002 -20"><span class='ocrx_word' id='word_1_132' title='bbox 213 1941 414 2006; x_wconf 87' lang='lat' dir='ltr'><strong>ferens,</strong></span> <span class='ocrx_word' id='word_1_133' title='bbox 461 1945 525 1995; x_wconf 91' lang='lat' dir='ltr'><strong>ut</strong></span> <span class='ocrx_word' id='word_1_134' title='bbox 570 1958 807 2012; x_wconf 89' lang='lat' dir='ltr'><strong>campos</strong></span> <span class='ocrx_word' id='word_1_135' title='bbox 852 1944 974 2013; x_wconf 88' lang='lat' dir='ltr'><strong>ejus</strong></span> <span class='ocrx_word' id='word_1_136' title='bbox 1023 1942 1302 1996; x_wconf 66' lang='lat' dir='ltr'><strong>distinctis</strong></span> <span class='ocrx_word' id='word_1_137' title='bbox 1349 1944 1407 1996; x_wconf 89' lang='lat' dir='ltr'><strong>in</strong></span> <span class='ocrx_word' id='word_1_138' title='bbox 1457 1945 1641 1997; x_wconf 86' lang='lat' dir='ltr'><strong>fronte</strong></span> <span class='ocrx_word' id='word_1_139' title='bbox 1688 1962 1829 2015; x_wconf 64' lang='lat' dir='ltr'><strong>prae-</strong></span> 
     </span>
    </p>
   </div>
   <div class='ocr_carea' id='block_1_21' title="bbox 213 2034 1830 2108">
    <p class='ocr_par' dir='ltr' id='par_1_21' title="bbox 213 2034 1830 2108">
     <span class='ocr_line' id='line_1_21' title="bbox 213 2034 1830 2108; baseline 0.002 -19"><span class='ocrx_word' id='word_1_140' title='bbox 213 2039 390 2090; x_wconf 80' lang='lat' dir='ltr'><strong>texant</strong></span> <span class='ocrx_word' id='word_1_141' title='bbox 424 2034 682 2102; x_wconf 87' lang='lat' dir='ltr'><strong>arbores,</strong></span> <span class='ocrx_word' id='word_1_142' title='bbox 714 2035 772 2089; x_wconf 90' lang='lat' dir='ltr'><strong>iu</strong></span> <span class='ocrx_word' id='word_1_143' title='bbox 805 2036 994 2090; x_wconf 90' lang='lat' dir='ltr'><strong>medio</strong></span> <span class='ocrx_word' id='word_1_144' title='bbox 1033 2041 1366 2102; x_wconf 85' lang='lat' dir='ltr'><strong>venustent;</strong></span> <span class='ocrx_word' id='word_1_145' title='bbox 1408 2042 1464 2091; x_wconf 90' lang='lat' dir='ltr'><strong>et</strong></span> <span class='ocrx_word' id='word_1_146' title='bbox 1497 2039 1830 2108; x_wconf 91' lang='lat' dir='ltr'><strong>plerumque</strong></span> 
     </span>
    </p>
   </div>
   <div class='ocr_carea' id='block_1_22' title="bbox 212 2129 1826 2200">
    <p class='ocr_par' dir='ltr' id='par_1_22' title="bbox 212 2129 1826 2200">
     <span class='ocr_line' id='line_1_22' title="bbox 212 2129 1826 2200; baseline 0.002 -18"><span class='ocrx_word' id='word_1_147' title='bbox 212 2146 236 2183; x_wconf 89' lang='lat' dir='ltr'><strong>a</strong></span> <span class='ocrx_word' id='word_1_148' title='bbox 265 2129 434 2183; x_wconf 91' lang='lat' dir='ltr'><strong>nimio</strong></span> <span class='ocrx_word' id='word_1_149' title='bbox 472 2129 595 2183; x_wconf 89' lang='lat' dir='ltr'><strong>sole</strong></span> <span class='ocrx_word' id='word_1_150' title='bbox 629 2130 713 2183; x_wconf 89' lang='lat' dir='ltr'><strong>vel</strong></span> <span class='ocrx_word' id='word_1_151' title='bbox 747 2130 960 2200; x_wconf 85' lang='lat' dir='ltr'><strong>frigore</strong></span> <span class='ocrx_word' id='word_1_152' title='bbox 993 2129 1305 2184; x_wconf 85' lang='lat' dir='ltr'><strong>defendant</strong></span> <span class='ocrx_word' id='word_1_153' title='bbox 1344 2136 1464 2185; x_wconf 88' lang='lat' dir='ltr'><strong>sata</strong></span> <span class='ocrx_word' id='word_1_154' title='bbox 1504 2149 1514 2184; x_wconf 92' lang='lat'><strong>:</strong></span> <span class='ocrx_word' id='word_1_155' title='bbox 1560 2132 1826 2186; x_wconf 82' lang='lat' dir='ltr'><strong>maxime-</strong></span> 
     </span>
    </p>
   </div>
   <div class='ocr_carea' id='block_1_23' title="bbox 209 2223 1830 2292">
    <p class='ocr_par' dir='ltr' id='par_1_23' title="bbox 209 2223 1830 2292">
     <span class='ocr_line' id='line_1_23' title="bbox 209 2223 1830 2292; baseline 0.002 -15"><span class='ocrx_word' id='word_1_156' title='bbox 209 2240 305 2292; x_wconf 91' lang='lat' dir='ltr'><strong>que</strong></span> <span class='ocrx_word' id='word_1_157' title='bbox 352 2224 474 2278; x_wconf 88' lang='lat' dir='ltr'><strong>olea</strong></span> <span class='ocrx_word' id='word_1_158' title='bbox 522 2223 756 2277; x_wconf 90' lang='lat' dir='ltr'><strong>vestitus</strong></span> <span class='ocrx_word' id='word_1_159' title='bbox 806 2240 964 2292; x_wconf 82' lang='lat' dir='ltr'><strong>ager,</strong></span> <span class='ocrx_word' id='word_1_160' title='bbox 1015 2227 1113 2277; x_wconf 91' lang='lat' dir='ltr'><strong>aut</strong></span> <span class='ocrx_word' id='word_1_161' title='bbox 1160 2223 1367 2278; x_wconf 88' lang='lat' dir='ltr'><strong>vitibus</strong></span> <span class='ocrx_word' id='word_1_162' title='bbox 1415 2225 1682 2292; x_wconf 86' lang='lat' dir='ltr'><strong>intextus,</strong></span> <span class='ocrx_word' id='word_1_163' title='bbox 1734 2231 1830 2280; x_wconf 85' lang='lat' dir='ltr'><strong>aut</strong></span> 
     </span>
    </p>
   </div>
   <div class='ocr_carea' id='block_1_24' title="bbox 207 2317 1825 2388">
    <p class='ocr_par' dir='ltr' id='par_1_24' title="bbox 207 2317 1825 2388">
     <span class='ocr_line' id='line_1_24' title="bbox 207 2317 1825 2388; baseline 0.002 -19"><span class='ocrx_word' id='word_1_164' title='bbox 207 2317 393 2386; x_wconf 88' lang='lat' dir='ltr'><strong>palmis</strong></span> <span class='ocrx_word' id='word_1_165' title='bbox 436 2317 768 2388; x_wconf 86' lang='lat' dir='ltr'><strong>insignitus.</strong></span> <span class='ocrx_word' id='word_1_166' title='bbox 817 2317 1197 2372; x_wconf 86' lang='lat' dir='ltr'><strong>Inenarrabile</strong></span> <span class='ocrx_word' id='word_1_167' title='bbox 1241 2321 1455 2388; x_wconf 87' lang='lat' dir='ltr'><strong>quanto</strong></span> <span class='ocrx_word' id='word_1_168' title='bbox 1501 2318 1689 2373; x_wconf 88' lang='lat' dir='ltr'><strong>decori</strong></span> <span class='ocrx_word' id='word_1_169' title='bbox 1734 2320 1825 2386; x_wconf 89' lang='lat' dir='ltr'><strong>sit,</strong></span> 
     </span>
    </p>
   </div>
   <div class='ocr_carea' id='block_1_25' title="bbox 205 2411 1825 2482">
    <p class='ocr_par' dir='ltr' id='par_1_25' title="bbox 205 2411 1825 2482">
     <span class='ocr_line' id='line_1_25' title="bbox 205 2411 1825 2482; baseline 0.001 -18"><span class='ocrx_word' id='word_1_170' title='bbox 205 2427 319 2464; x_wconf 87' lang='lat' dir='ltr'><strong>cum</strong></span> <span class='ocrx_word' id='word_1_171' title='bbox 347 2418 515 2465; x_wconf 85' lang='lat' dir='ltr'><strong>vento</strong></span> <span class='ocrx_word' id='word_1_172' title='bbox 558 2411 790 2482; x_wconf 88' lang='lat' dir='ltr'><strong>impulsi</strong></span> <span class='ocrx_word' id='word_1_173' title='bbox 836 2412 1156 2481; x_wconf 86' lang='lat' dir='ltr'><strong>palmarum</strong></span> <span class='ocrx_word' id='word_1_174' title='bbox 1195 2411 1425 2466; x_wconf 90' lang='lat' dir='ltr'><strong>ordines</strong></span> <span class='ocrx_word' id='word_1_175' title='bbox 1465 2419 1825 2482; x_wconf 87' lang='lat' dir='ltr'><strong>concrepant,</strong></span> 
     </span>
    </p>
   </div>
   <div class='ocr_carea' id='block_1_26' title="bbox 205 2504 1824 2576">
    <p class='ocr_par' dir='ltr' id='par_1_26' title="bbox 205 2504 1824 2576">
     <span class='ocr_line' id='line_1_26' title="bbox 205 2504 1824 2576; baseline 0.001 -19"><span class='ocrx_word' id='word_1_176' title='bbox 205 2509 252 2557; x_wconf 84' lang='lat' dir='ltr'><strong>et</strong></span> <span class='ocrx_word' id='word_1_177' title='bbox 283 2504 568 2558; x_wconf 86' lang='lat' dir='ltr'><strong>suaviores</strong></span> <span class='ocrx_word' id='word_1_178' title='bbox 620 2505 784 2559; x_wconf 89' lang='lat' dir='ltr'><strong>solito</strong></span> <span class='ocrx_word' id='word_1_179' title='bbox 832 2505 1155 2559; x_wconf 90' lang='lat' dir='ltr'><strong>funduntur</strong></span> <span class='ocrx_word' id='word_1_180' title='bbox 1205 2505 1557 2576; x_wconf 86' lang='lat' dir='ltr'><strong>dactylorum</strong></span> <span class='ocrx_word' id='word_1_181' title='bbox 1605 2507 1824 2560; x_wconf 86' lang='lat' dir='ltr'><strong>odores.</strong></span> 
     </span>
    </p>
   </div>
   <div class='ocr_carea' id='block_1_27' title="bbox 203 2599 1827 2668">
    <p class='ocr_par' dir='ltr' id='par_1_27' title="bbox 203 2599 1827 2668">
     <span class='ocr_line' id='line_1_27' title="bbox 203 2599 1827 2668; baseline 0.002 -18"><span class='ocrx_word' id='word_1_182' title='bbox 203 2599 298 2651; x_wconf 68' lang='lat' dir='ltr'><strong>Nec</strong></span> <span class='ocrx_word' id='word_1_183' title='bbox 334 2599 548 2652; x_wconf 89' lang='lat' dir='ltr'><strong>mirum</strong></span> <span class='ocrx_word' id='word_1_184' title='bbox 577 2599 626 2652; x_wconf 88' lang='lat' dir='ltr'><strong>si</strong></span> <span class='ocrx_word' id='word_1_185' title='bbox 657 2599 842 2652; x_wconf 89' lang='lat' dir='ltr'><strong>omnis</strong></span> <span class='ocrx_word' id='word_1_186' title='bbox 879 2599 993 2653; x_wconf 91' lang='lat' dir='ltr'><strong>illic</strong></span> <span class='ocrx_word' id='word_1_187' title='bbox 1026 2599 1209 2668; x_wconf 82' lang='lat' dir='ltr'><strong>gratia</strong></span> <span class='ocrx_word' id='word_1_188' title='bbox 1250 2599 1548 2653; x_wconf 88' lang='lat' dir='ltr'><strong>viriditatis</strong></span> <span class='ocrx_word' id='word_1_189' title='bbox 1592 2604 1694 2666; x_wconf 89' lang='lat' dir='ltr'><strong>est,</strong></span> <span class='ocrx_word' id='word_1_190' title='bbox 1731 2600 1827 2653; x_wconf 93' lang='lat' dir='ltr'><strong>ubi</strong></span> 
     </span>
    </p>
   </div>
   <div class='ocr_carea' id='block_1_28' title="bbox 201 2692 1826 2763">
    <p class='ocr_par' dir='ltr' id='par_1_28' title="bbox 201 2692 1826 2763">
     <span class='ocr_line' id='line_1_28' title="bbox 201 2692 1826 2763; baseline 0.002 -19"><span class='ocrx_word' id='word_1_191' title='bbox 201 2693 422 2746; x_wconf 74' lang='lat' dir='ltr'><strong>amoenis</strong></span> <span class='ocrx_word' id='word_1_192' title='bbox 449 2692 761 2747; x_wconf 87' lang='lat' dir='ltr'><strong>ﬂuviorum</strong></span> <span class='ocrx_word' id='word_1_193' title='bbox 791 2693 1067 2746; x_wconf 85' lang='lat' dir='ltr'><strong>meatibus</strong></span> <span class='ocrx_word' id='word_1_194' title='bbox 1099 2709 1168 2746; x_wconf 82' lang='lat' dir='ltr'><strong>ex</strong></span> <span class='ocrx_word' id='word_1_195' title='bbox 1199 2693 1488 2763; x_wconf 89' lang='lat' dir='ltr'><strong>superiore</strong></span> <span class='ocrx_word' id='word_1_196' title='bbox 1515 2693 1826 2758; x_wconf 84' lang='lat' dir='ltr'><strong>decurren-</strong></span> 
     </span>
    </p>
   </div>
   <div class='ocr_carea' id='block_1_29' title="bbox 199 2786 1829 2858">
    <p class='ocr_par' dir='ltr' id='par_1_29' title="bbox 199 2786 1829 2858">
     <span class='ocr_line' id='line_1_29' title="bbox 199 2786 1829 2858; baseline 0.001 -20"><span class='ocrx_word' id='word_1_197' title='bbox 199 2786 325 2839; x_wconf 92' lang='lat' dir='ltr'><strong>tium</strong></span> <span class='ocrx_word' id='word_1_198' title='bbox 367 2787 511 2857; x_wconf 87' lang='lat' dir='ltr'><strong>jugo</strong></span> <span class='ocrx_word' id='word_1_199' title='bbox 566 2786 879 2851; x_wconf 90' lang='lat' dir='ltr'><strong>montium,</strong></span> <span class='ocrx_word' id='word_1_200' title='bbox 931 2788 1260 2857; x_wconf 88' lang='lat' dir='ltr'><strong>superfusus</strong></span> <span class='ocrx_word' id='word_1_201' title='bbox 1307 2803 1444 2858; x_wconf 86' lang='lat' dir='ltr'><strong>ager</strong></span> <span class='ocrx_word' id='word_1_202' title='bbox 1487 2787 1726 2856; x_wconf 87' lang='lat' dir='ltr'><strong>rigatur,</strong></span> <span class='ocrx_word' id='word_1_203' title='bbox 1773 2794 1829 2840; x_wconf 91' lang='lat' dir='ltr'><strong>et.</strong></span> 
     </span>
    </p>
   </div>
   <div class='ocr_carea' id='block_1_30' title="bbox 199 2879 1825 2951">
    <p class='ocr_par' dir='ltr' id='par_1_30' title="bbox 199 2879 1825 2951">
     <span class='ocr_line' id='line_1_30' title="bbox 199 2879 1825 2951; baseline 0.002 -21"><span class='ocrx_word' id='word_1_204' title='bbox 199 2879 363 2933; x_wconf 88' lang='lat' dir='ltr'><strong>niveis</strong></span> <span class='ocrx_word' id='word_1_205' title='bbox 415 2879 680 2934; x_wconf 89' lang='lat' dir='ltr'><strong>fontibus</strong></span> <span class='ocrx_word' id='word_1_206' title='bbox 729 2883 947 2934; x_wconf 88' lang='lat' dir='ltr'><strong>scatens</strong></span> <span class='ocrx_word' id='word_1_207' title='bbox 1002 2880 1357 2951; x_wconf 85' lang='lat' dir='ltr'><strong>possideatur</strong></span> <span class='ocrx_word' id='word_1_208' title='bbox 1405 2897 1535 2934; x_wconf 91' lang='lat' dir='ltr'><strong>cum</strong></span> <span class='ocrx_word' id='word_1_209' title='bbox 1583 2880 1825 2947; x_wconf 90' lang='lat' dir='ltr'><strong>invidia,</strong></span> 
     </span>
    </p>
   </div>
   <div class='ocr_carea' id='block_1_31' title="bbox 194 2973 1824 3044">
    <p class='ocr_par' dir='ltr' id='par_1_31' title="bbox 194 2973 1824 3044">
     <span class='ocr_line' id='line_1_31' title="bbox 194 2973 1824 3044; baseline 0.001 -18"><span class='ocrx_word' id='word_1_210' title='bbox 194 2973 539 3028; x_wconf 87' lang='lat' dir='ltr'><strong>desideretur</strong></span> <span class='ocrx_word' id='word_1_211' title='bbox 587 2991 720 3028; x_wconf 90' lang='lat' dir='ltr'><strong>cum</strong></span> <span class='ocrx_word' id='word_1_212' title='bbox 766 2974 964 3044; x_wconf 85' lang='lat' dir='ltr'><strong>gratia.</strong></span> <span class='ocrx_word' id='word_1_213' title='bbox 1014 2974 1330 3044; x_wconf 85' lang='lat' dir='ltr'><strong>Longitudo</strong></span> <span class='ocrx_word' id='word_1_214' title='bbox 1379 2975 1501 3043; x_wconf 89' lang='lat' dir='ltr'><strong>ejus</strong></span> <span class='ocrx_word' id='word_1_215' title='bbox 1537 2991 1570 3027; x_wconf 93' lang='lat' dir='ltr'><strong>a</strong></span> <span class='ocrx_word' id='word_1_216' title='bbox 1607 2974 1824 3028; x_wconf 86' lang='lat' dir='ltr'><strong>Mache-</strong></span> 
     </span>
    </p>
   </div>
   <div class='ocr_carea' id='block_1_32' title="bbox 197 3067 1827 3139">
    <p class='ocr_par' dir='ltr' id='par_1_32' title="bbox 197 3067 1827 3139">
     <span class='ocr_line' id='line_1_32' title="bbox 197 3067 1827 3139; baseline 0.001 -20"><span class='ocrx_word' id='word_1_217' title='bbox 197 3071 345 3121; x_wconf 87' lang='lat' dir='ltr'><strong>runte</strong></span> <span class='ocrx_word' id='word_1_218' title='bbox 380 3084 568 3138; x_wconf 90' lang='lat' dir='ltr'><strong>usque</strong></span> <span class='ocrx_word' id='word_1_219' title='bbox 609 3067 686 3121; x_wconf 88' lang='lat' dir='ltr'><strong>ad</strong></span> <span class='ocrx_word' id='word_1_220' title='bbox 723 3068 954 3133; x_wconf 89' lang='lat' dir='ltr'><strong>Pellam,</strong></span> <span class='ocrx_word' id='word_1_221' title='bbox 987 3068 1042 3122; x_wconf 91' lang='lat' dir='ltr'><strong>id</strong></span> <span class='ocrx_word' id='word_1_222' title='bbox 1074 3072 1179 3135; x_wconf 88' lang='lat' dir='ltr'><strong>est,</strong></span> <span class='ocrx_word' id='word_1_223' title='bbox 1224 3085 1256 3122; x_wconf 90' lang='lat' dir='ltr'><strong>a</strong></span> <span class='ocrx_word' id='word_1_224' title='bbox 1288 3068 1606 3122; x_wconf 89' lang='lat' dir='ltr'><strong>meridiano</strong></span> <span class='ocrx_word' id='word_1_225' title='bbox 1651 3084 1827 3139; x_wconf 90' lang='lat' dir='ltr'><strong>usque</strong></span> 
     </span>
    </p>
   </div>
   <div class='ocr_carea' id='block_1_33' title="bbox 193 3161 1902 3267">
    <p class='ocr_par' dir='ltr' id='par_1_33' title="bbox 193 3161 1902 3267">
     <span class='ocr_line' id='line_1_33' title="bbox 193 3161 1902 3267; baseline 0.001 -55"><span class='ocrx_word' id='word_1_226' title='bbox 193 3161 243 3213; x_wconf 90' lang='lat' dir='ltr'><strong>in</strong></span> <span class='ocrx_word' id='word_1_227' title='bbox 284 3161 772 3232; x_wconf 85' lang='lat' dir='ltr'><strong>septentrionem.</strong></span> <span class='ocrx_word' id='word_1_228' title='bbox 826 3162 1087 3216; x_wconf 89' lang='lat' dir='ltr'><strong>Latitudo</strong></span> <span class='ocrx_word' id='word_1_229' title='bbox 1128 3167 1319 3216; x_wconf 91' lang='lat' dir='ltr'><strong>autem</strong></span> <span class='ocrx_word' id='word_1_230' title='bbox 1361 3178 1393 3214; x_wconf 90' lang='lat' dir='ltr'><strong>a</strong></span> <span class='ocrx_word' id='word_1_231' title='bbox 1439 3161 1902 3267; x_wconf 75' lang='lat' dir='ltr'><strong>Philadelphiac</strong></span> 
     </span>
    </p>
   </div>
   <div class='ocr_carea' id='block_1_34' title="bbox 193 3254 1829 3326">
    <p class='ocr_par' dir='ltr' id='par_1_34' title="bbox 193 3254 1829 3326">
     <span class='ocr_line' id='line_1_34' title="bbox 193 3254 1829 3326; baseline 0.001 -19"><span class='ocrx_word' id='word_1_232' title='bbox 193 3271 355 3326; x_wconf 86' lang='lat' dir='ltr'><strong>usque</strong></span> <span class='ocrx_word' id='word_1_233' title='bbox 399 3256 474 3310; x_wconf 91' lang='lat' dir='ltr'><strong>ad</strong></span> <span class='ocrx_word' id='word_1_234' title='bbox 519 3259 744 3310; x_wconf 79' lang='lat' dir='ltr'><strong>flumen</strong></span> <span class='ocrx_word' id='word_1_235' title='bbox 781 3256 1104 3322; x_wconf 82' lang='lat' dir='ltr'><strong>Jordanem,</strong></span> <span class='ocrx_word' id='word_1_236' title='bbox 1151 3257 1255 3310; x_wconf 90' lang='lat' dir='ltr'><strong>hoc</strong></span> <span class='ocrx_word' id='word_1_237' title='bbox 1283 3260 1386 3321; x_wconf 85' lang='lat' dir='ltr'><strong>est,</strong></span> <span class='ocrx_word' id='word_1_238' title='bbox 1418 3255 1487 3309; x_wconf 89' lang='lat' dir='ltr'><strong>ab</strong></span> <span class='ocrx_word' id='word_1_239' title='bbox 1526 3261 1654 3310; x_wconf 91' lang='lat' dir='ltr'><strong>ortu</strong></span> <span class='ocrx_word' id='word_1_240' title='bbox 1697 3254 1829 3309; x_wconf 91' lang='lat' dir='ltr'><strong>solis</strong></span> 
     </span>
    </p>
   </div>
   <div class='ocr_carea' id='block_1_35' title="bbox 189 3350 1825 3420">
    <p class='ocr_par' dir='ltr' id='par_1_35' title="bbox 189 3350 1825 3420">
     <span class='ocr_line' id='line_1_35' title="bbox 189 3350 1825 3420; baseline 0.001 -19"><span class='ocrx_word' id='word_1_241' title='bbox 189 3365 352 3420; x_wconf 87' lang='lat' dir='ltr'><strong>usque</strong></span> <span class='ocrx_word' id='word_1_242' title='bbox 391 3350 631 3404; x_wconf 77' lang='lat' dir='ltr'><strong>Arabiae</strong></span> <span class='ocrx_word' id='word_1_243' title='bbox 676 3350 992 3420; x_wconf 86' lang='lat' dir='ltr'><strong>protexitur</strong></span> <span class='ocrx_word' id='word_1_244' title='bbox 1036 3350 1167 3418; x_wconf 86' lang='lat'><strong>(90).</strong></span> <span class='ocrx_word' id='word_1_245' title='bbox 1214 3351 1274 3403; x_wconf 90' lang='lat' dir='ltr'><strong>In</strong></span> <span class='ocrx_word' id='word_1_246' title='bbox 1321 3365 1580 3404; x_wconf 87' lang='lat' dir='ltr'><strong>occasum</strong></span> <span class='ocrx_word' id='word_1_247' title='bbox 1629 3351 1825 3402; x_wconf 88' lang='lat' dir='ltr'><strong>autem</strong></span> 
     </span>
    </p>
   </div>
   <div class='ocr_carea' id='block_1_36' title="bbox 189 3443 1824 3512">
    <p class='ocr_par' dir='ltr' id='par_1_36' title="bbox 189 3443 1824 3512">
     <span class='ocr_line' id='line_1_36' title="bbox 189 3443 1824 3512; baseline 0.001 -17"><span class='ocrx_word' id='word_1_248' title='bbox 189 3443 313 3496; x_wconf 88' lang='lat' dir='ltr'><strong>urbe</strong></span> <span class='ocrx_word' id='word_1_249' title='bbox 351 3443 425 3497; x_wconf 88' lang='lat' dir='ltr'><strong>ad</strong></span> <span class='ocrx_word' id='word_1_250' title='bbox 465 3444 786 3498; x_wconf 85' lang='lat' dir='ltr'><strong>.lordanem</strong></span> <span class='ocrx_word' id='word_1_251' title='bbox 822 3443 1063 3497; x_wconf 78' lang='lat' dir='ltr'><strong>flumine</strong></span> <span class='ocrx_word' id='word_1_252' title='bbox 1091 3445 1203 3512; x_wconf 83' lang='grc'><strong>(91)</strong></span> <span class='ocrx_word' id='word_1_253' title='bbox 1235 3443 1461 3498; x_wconf 86' lang='lat' dir='ltr'><strong>extendi</strong></span> <span class='ocrx_word' id='word_1_254' title='bbox 1497 3443 1824 3496; x_wconf 85' lang='lat' dir='ltr'><strong>manifesta-</strong></span> 
     </span>
    </p>
   </div>
   <div class='ocr_carea' id='block_1_37' title="bbox 182 3536 1826 3609">
    <p class='ocr_par' dir='ltr' id='par_1_37' title="bbox 182 3536 1826 3609">
     <span class='ocr_line' id='line_1_37' title="bbox 182 3536 1826 3609; baseline 0.001 -21"><span class='ocrx_word' id='word_1_255' title='bbox 182 3543 266 3589; x_wconf 86' lang='lat' dir='ltr'><strong>tur</strong></span> <span class='ocrx_word' id='word_1_256' title='bbox 296 3555 307 3590; x_wconf 90' lang='lat'>:</span> <span class='ocrx_word' id='word_1_257' title='bbox 344 3537 727 3592; x_wconf 86' lang='lat' dir='ltr'><strong>Samaritana</strong></span> <span class='ocrx_word' id='word_1_258' title='bbox 756 3553 982 3609; x_wconf 89' lang='lat' dir='ltr'><strong>quoque</strong></span> <span class='ocrx_word' id='word_1_259' title='bbox 1011 3537 1166 3608; x_wconf 89' lang='lat' dir='ltr'><strong>regio</strong></span> <span class='ocrx_word' id='word_1_260' title='bbox 1196 3538 1342 3592; x_wconf 91' lang='lat' dir='ltr'><strong>inter</strong></span> <span class='ocrx_word' id='word_1_261' title='bbox 1371 3536 1627 3591; x_wconf 70' lang='lat' dir='ltr'><strong>Judaeam</strong></span> <span class='ocrx_word' id='word_1_262' title='bbox 1658 3541 1826 3606; x_wconf 90' lang='lat' dir='ltr'><strong>atque</strong></span> 
     </span>
    </p>
   </div>
   <div class='ocr_carea' id='block_1_38' title="bbox 183 3629 1827 3701">
    <p class='ocr_par' dir='ltr' id='par_1_38' title="bbox 183 3629 1827 3701">
     <span class='ocr_line' id='line_1_38' title="bbox 183 3629 1827 3701; baseline 0 -19"><span class='ocrx_word' id='word_1_263' title='bbox 183 3629 463 3686; x_wconf 73' lang='lat' dir='ltr'><strong>Galilaeam</strong></span> <span class='ocrx_word' id='word_1_264' title='bbox 506 3631 708 3686; x_wconf 87' lang='lat' dir='ltr'><strong>media</strong></span> <span class='ocrx_word' id='word_1_265' title='bbox 740 3632 913 3701; x_wconf 87' lang='lat' dir='ltr'><strong>jacet,</strong></span> <span class='ocrx_word' id='word_1_266' title='bbox 957 3631 1234 3701; x_wconf 89' lang='lat' dir='ltr'><strong>incipiens</strong></span> <span class='ocrx_word' id='word_1_267' title='bbox 1270 3647 1302 3684; x_wconf 90' lang='lat' dir='ltr'><strong>a</strong></span> <span class='ocrx_word' id='word_1_268' title='bbox 1333 3631 1452 3684; x_wconf 86' lang='lat' dir='ltr'><strong>vico</strong></span> <span class='ocrx_word' id='word_1_269' title='bbox 1485 3631 1577 3684; x_wconf 90' lang='lat' dir='ltr'><strong>cui</strong></span> <span class='ocrx_word' id='word_1_270' title='bbox 1612 3645 1827 3684; x_wconf 87' lang='lat' dir='ltr'><strong>nomen</strong></span> 
     </span>
    </p>
   </div>
   <div class='ocr_carea' id='block_1_39' title="bbox 183 3723 1827 3792">
    <p class='ocr_par' dir='ltr' id='par_1_39' title="bbox 183 3723 1827 3792">
     <span class='ocr_line' id='line_1_39' title="bbox 183 3723 1827 3792; baseline -0.001 -14"><span class='ocrx_word' id='word_1_271' title='bbox 183 3723 322 3792; x_wconf 87' lang='lat' dir='ltr'><strong>Elas,</strong></span> <span class='ocrx_word' id='word_1_272' title='bbox 380 3725 672 3780; x_wconf 85' lang='lat' dir='ltr'><strong>deﬁciens</strong></span> <span class='ocrx_word' id='word_1_273' title='bbox 727 3725 786 3778; x_wconf 91' lang='lat' dir='ltr'><strong>in</strong></span> <span class='ocrx_word' id='word_1_274' title='bbox 840 3731 990 3779; x_wconf 90' lang='lat' dir='ltr'><strong>terra</strong></span> <span class='ocrx_word' id='word_1_275' title='bbox 1045 3725 1568 3779; x_wconf 87' lang='lat' dir='ltr'><strong>Acrabathenorum</strong></span> <span class='ocrx_word' id='word_1_276' title='bbox 1626 3729 1827 3777; x_wconf 89' lang='lat' dir='ltr'><strong>natura</strong></span> 
     </span>
    </p>
   </div>
   <div class='ocr_carea' id='block_1_40' title="bbox 180 3817 1822 3888">
    <p class='ocr_par' dir='ltr' id='par_1_40' title="bbox 180 3817 1822 3888">
     <span class='ocr_line' id='line_1_40' title="bbox 180 3817 1822 3888; baseline -0.001 -18"><span class='ocrx_word' id='word_1_277' title='bbox 180 3820 480 3887; x_wconf 86' lang='lat' dir='ltr'><strong>consimili,</strong></span> <span class='ocrx_word' id='word_1_278' title='bbox 541 3835 653 3874; x_wconf 90' lang='lat' dir='ltr'><strong>nec</strong></span> <span class='ocrx_word' id='word_1_279' title='bbox 701 3819 814 3873; x_wconf 91' lang='lat' dir='ltr'><strong>ullo</strong></span> <span class='ocrx_word' id='word_1_280' title='bbox 865 3819 1033 3872; x_wconf 86' lang='lat' dir='ltr'><strong>modo</strong></span> <span class='ocrx_word' id='word_1_281' title='bbox 1081 3819 1190 3888; x_wconf 82' lang='lat'><strong>(92)</strong></span> <span class='ocrx_word' id='word_1_282' title='bbox 1233 3818 1505 3872; x_wconf 74' lang='lat' dir='ltr'><strong>differens</strong></span> <span class='ocrx_word' id='word_1_283' title='bbox 1544 3834 1577 3870; x_wconf 91' lang='lat' dir='ltr'><strong>a</strong></span> <span class='ocrx_word' id='word_1_284' title='bbox 1611 3817 1822 3872; x_wconf 61' lang='lat' dir='ltr'><strong>Judaea.</strong></span> 
     </span>
    </p>
   </div>
   <div class='ocr_carea' id='block_1_41' title="bbox 178 3912 1826 3985">
    <p class='ocr_par' dir='ltr' id='par_1_41' title="bbox 178 3912 1826 3985">
     <span class='ocr_line' id='line_1_41' title="bbox 178 3912 1826 3985; baseline -0.001 -20"><span class='ocrx_word' id='word_1_285' title='bbox 178 3912 418 3985; x_wconf 86' lang='lat' dir='ltr'><strong>Utraque</strong></span> <span class='ocrx_word' id='word_1_286' title='bbox 467 3915 642 3968; x_wconf 88' lang='lat' dir='ltr'><strong>enim</strong></span> <span class='ocrx_word' id='word_1_287' title='bbox 687 3918 949 3967; x_wconf 89' lang='lat' dir='ltr'><strong>montosa</strong></span> <span class='ocrx_word' id='word_1_288' title='bbox 988 3919 1154 3983; x_wconf 90' lang='lat' dir='ltr'><strong>atque</strong></span> <span class='ocrx_word' id='word_1_289' title='bbox 1198 3912 1531 3983; x_wconf 87' lang='lat' dir='ltr'><strong>campestris</strong></span> <span class='ocrx_word' id='word_1_290' title='bbox 1575 3915 1678 3979; x_wconf 90' lang='lat' dir='ltr'><strong>est,</strong></span> <span class='ocrx_word' id='word_1_291' title='bbox 1724 3927 1826 3981; x_wconf 89' lang='lat' dir='ltr'><strong>pro</strong></span> 
     </span>
    </p>
   </div>
   <div class='ocr_carea' id='block_1_42' title="bbox 175 4004 1824 4078">
    <p class='ocr_par' dir='ltr' id='par_1_42' title="bbox 175 4004 1824 4078">
     <span class='ocr_line' id='line_1_42' title="bbox 175 4004 1824 4078; baseline 0.001 -22"><span class='ocrx_word' id='word_1_292' title='bbox 175 4004 422 4062; x_wconf 90' lang='lat' dir='ltr'><strong>locorum</strong></span> <span class='ocrx_word' id='word_1_293' title='bbox 457 4007 834 4073; x_wconf 87' lang='lat' dir='ltr'><strong>diversitate;</strong></span> <span class='ocrx_word' id='word_1_294' title='bbox 867 4023 1050 4078; x_wconf 85' lang='lat' dir='ltr'><strong>neque</strong></span> <span class='ocrx_word' id='word_1_295' title='bbox 1081 4011 1196 4061; x_wconf 86' lang='lat' dir='ltr'><strong>tota</strong></span> <span class='ocrx_word' id='word_1_296' title='bbox 1223 4007 1438 4077; x_wconf 90' lang='lat' dir='ltr'><strong>campis</strong></span> <span class='ocrx_word' id='word_1_297' title='bbox 1469 4004 1824 4072; x_wconf 71' lang='lat' dir='ltr'><strong>diffunditur,</strong></span> 
     </span>
    </p>
   </div>
   <div class='ocr_carea' id='block_1_43' title="bbox 170 4100 1823 4172">
    <p class='ocr_par' dir='ltr' id='par_1_43' title="bbox 170 4100 1823 4172">
     <span class='ocr_line' id='line_1_43' title="bbox 170 4100 1823 4172; baseline 0 -17"><span class='ocrx_word' id='word_1_298' title='bbox 170 4116 348 4172; x_wconf 90' lang='lat' dir='ltr'><strong>neque</strong></span> <span class='ocrx_word' id='word_1_299' title='bbox 379 4102 442 4156; x_wconf 90' lang='lat' dir='ltr'><strong>in</strong></span> <span class='ocrx_word' id='word_1_300' title='bbox 473 4102 626 4158; x_wconf 88' lang='lat' dir='ltr'><strong>locis</strong></span> <span class='ocrx_word' id='word_1_301' title='bbox 654 4101 920 4156; x_wconf 89' lang='lat' dir='ltr'><strong>omnibus</strong></span> <span class='ocrx_word' id='word_1_302' title='bbox 950 4100 1231 4155; x_wconf 87' lang='lat' dir='ltr'><strong>montium</strong></span> <span class='ocrx_word' id='word_1_303' title='bbox 1261 4101 1495 4171; x_wconf 89' lang='lat' dir='ltr'><strong>rupibus</strong></span> <span class='ocrx_word' id='word_1_304' title='bbox 1520 4103 1823 4167; x_wconf 87' lang='lat' dir='ltr'><strong>scinditur;</strong></span> 
     </span>
    </p>
   </div>
   <div class='ocr_carea' id='block_1_44' title="bbox 170 4195 1821 4268">
    <p class='ocr_par' dir='ltr' id='par_1_44' title="bbox 170 4195 1821 4268">
     <span class='ocr_line' id='line_1_44' title="bbox 170 4195 1821 4268; baseline 0.002 -21"><span class='ocrx_word' id='word_1_305' title='bbox 170 4195 262 4248; x_wconf 88' lang='lat' dir='ltr'><strong>sed</strong></span> <span class='ocrx_word' id='word_1_306' title='bbox 305 4197 626 4268; x_wconf 87' lang='lat' dir='ltr'><strong>utriusque</strong></span> <span class='ocrx_word' id='word_1_307' title='bbox 657 4196 940 4268; x_wconf 87' lang='lat' dir='ltr'><strong>qualitatis</strong></span> <span class='ocrx_word' id='word_1_308' title='bbox 972 4196 1144 4250; x_wconf 85' lang='lat' dir='ltr'><strong>habet</strong></span> <span class='ocrx_word' id='word_1_309' title='bbox 1182 4195 1446 4264; x_wconf 81' lang='lat' dir='ltr'><strong>gratiam,</strong></span> <span class='ocrx_word' id='word_1_310' title='bbox 1495 4197 1567 4251; x_wconf 90' lang='lat' dir='ltr'><strong>ad</strong></span> <span class='ocrx_word' id='word_1_311' title='bbox 1610 4197 1821 4251; x_wconf 86' lang='lat' dir='ltr'><strong>exerci-</strong></span> 
     </span>
    </p>
   </div>
   <div class='ocr_carea' id='block_1_45' title="bbox 171 4288 1822 4362">
    <p class='ocr_par' dir='ltr' id='par_1_45' title="bbox 171 4288 1822 4362">
     <span class='ocr_line' id='line_1_45' title="bbox 171 4288 1822 4362; baseline 0.002 -21"><span class='ocrx_word' id='word_1_312' title='bbox 171 4288 308 4344; x_wconf 87' lang='lat' dir='ltr'><strong>tium</strong></span> <span class='ocrx_word' id='word_1_313' title='bbox 339 4292 602 4346; x_wconf 64' lang='lat' dir='ltr'><strong>culturm</strong></span> <span class='ocrx_word' id='word_1_314' title='bbox 644 4291 896 4345; x_wconf 89' lang='lat' dir='ltr'><strong>solubilis</strong></span> <span class='ocrx_word' id='word_1_315' title='bbox 934 4295 1080 4344; x_wconf 88' lang='lat' dir='ltr'><strong>terra</strong></span> <span class='ocrx_word' id='word_1_316' title='bbox 1107 4292 1163 4344; x_wconf 90' lang='lat' dir='ltr'><strong>et</strong></span> <span class='ocrx_word' id='word_1_317' title='bbox 1191 4291 1438 4356; x_wconf 90' lang='lat' dir='ltr'><strong>mollior,</strong></span> <span class='ocrx_word' id='word_1_318' title='bbox 1485 4307 1665 4362; x_wconf 88' lang='lat' dir='ltr'><strong>eoque</strong></span> <span class='ocrx_word' id='word_1_319' title='bbox 1704 4292 1822 4345; x_wconf 89' lang='lat' dir='ltr'><strong>fru—</strong></span> 
     </span>
    </p>
   </div>
   <div class='ocr_carea' id='block_1_46' title="bbox 169 4383 1826 4456">
    <p class='ocr_par' dir='ltr' id='par_1_46' title="bbox 169 4383 1826 4456">
     <span class='ocr_line' id='line_1_46' title="bbox 169 4383 1826 4456; baseline 0.001 -19"><span class='ocrx_word' id='word_1_320' title='bbox 169 4386 376 4439; x_wconf 87' lang='lat' dir='ltr'><strong>mentis</strong></span> <span class='ocrx_word' id='word_1_321' title='bbox 419 4387 601 4440; x_wconf 89' lang='lat' dir='ltr'><strong>utilis</strong></span> <span class='ocrx_word' id='word_1_322' title='bbox 639 4388 696 4439; x_wconf 92' lang='lat' dir='ltr'><strong>et</strong></span> <span class='ocrx_word' id='word_1_323' title='bbox 737 4401 915 4456; x_wconf 90' lang='lat' dir='ltr'><strong>prope</strong></span> <span class='ocrx_word' id='word_1_324' title='bbox 957 4385 1107 4438; x_wconf 89' lang='lat' dir='ltr'><strong>circa</strong></span> <span class='ocrx_word' id='word_1_325' title='bbox 1147 4383 1497 4440; x_wconf 87' lang='lat' dir='ltr'><strong>fertilitatem</strong></span> <span class='ocrx_word' id='word_1_326' title='bbox 1540 4386 1643 4439; x_wconf 90' lang='lat' dir='ltr'><strong>soli</strong></span> <span class='ocrx_word' id='word_1_327' title='bbox 1685 4385 1826 4439; x_wconf 89' lang='lat' dir='ltr'><strong>nulli</strong></span> 
     </span>
    </p>
   </div>
   <div class='ocr_carea' id='block_1_47' title="bbox 165 4479 1822 4549">
    <p class='ocr_par' dir='ltr' id='par_1_47' title="bbox 165 4479 1822 4549">
     <span class='ocr_line' id='line_1_47' title="bbox 165 4479 1822 4549; baseline 0.001 -18"><span class='ocrx_word' id='word_1_328' title='bbox 165 4479 441 4548; x_wconf 88' lang='lat' dir='ltr'><strong>secunda,</strong></span> <span class='ocrx_word' id='word_1_329' title='bbox 480 4480 830 4534; x_wconf 87' lang='lat' dir='ltr'><strong>maturitate</strong></span> <span class='ocrx_word' id='word_1_330' title='bbox 864 4485 1014 4532; x_wconf 92' lang='lat' dir='ltr'><strong>certe</strong></span> <span class='ocrx_word' id='word_1_331' title='bbox 1044 4479 1334 4532; x_wconf 87' lang='lat' dir='ltr'><strong>fructuum</strong></span> <span class='ocrx_word' id='word_1_332' title='bbox 1364 4479 1517 4549; x_wconf 89' lang='lat' dir='ltr'><strong>prior</strong></span> <span class='ocrx_word' id='word_1_333' title='bbox 1543 4479 1822 4533; x_wconf 91' lang='lat' dir='ltr'><strong>omnibus.</strong></span> 
     </span>
    </p>
   </div>
   <div class='ocr_carea' id='block_1_48' title="bbox 1936 539 3562 611">
    <p class='ocr_par' dir='ltr' id='par_1_48' title="bbox 1936 539 3562 611">
     <span class='ocr_line' id='line_1_48' title="bbox 1936 539 3562 611; baseline 0.004 -18"><span class='ocrx_word' id='word_1_334' title='bbox 1936 539 2071 593; x_wconf 87' lang='lat' dir='ltr'><strong>dans</strong></span> <span class='ocrx_word' id='word_1_335' title='bbox 2121 540 2294 594; x_wconf 83' lang='lat' dir='ltr'><strong>lactis.</strong></span> <span class='ocrx_word' id='word_1_336' title='bbox 2351 539 2608 610; x_wconf 87' lang='lat' dir='ltr'><strong>Denique</strong></span> <span class='ocrx_word' id='word_1_337' title='bbox 2665 557 2944 611; x_wconf 89' lang='lat' dir='ltr'><strong>nusquam</strong></span> <span class='ocrx_word' id='word_1_338' title='bbox 2997 542 3073 595; x_wconf 90' lang='lat' dir='ltr'><strong>sic</strong></span> <span class='ocrx_word' id='word_1_339' title='bbox 3126 542 3268 597; x_wconf 90' lang='lat' dir='ltr'><strong>lacte</strong></span> <span class='ocrx_word' id='word_1_340' title='bbox 3319 544 3562 600; x_wconf 88' lang='lat' dir='ltr'><strong>distenta</strong></span> 
     </span>
    </p>
   </div>
   <div class='ocr_carea' id='block_1_49' title="bbox 1935 632 3561 704">
    <p class='ocr_par' dir='ltr' id='par_1_49' title="bbox 1935 632 3561 704">
     <span class='ocr_line' id='line_1_49' title="bbox 1935 632 3561 704; baseline 0.004 -18"><span class='ocrx_word' id='word_1_341' title='bbox 1935 649 2104 703; x_wconf 88' lang='lat' dir='ltr'><strong>pecus</strong></span> <span class='ocrx_word' id='word_1_342' title='bbox 2163 632 2340 687; x_wconf 90' lang='lat' dir='ltr'><strong>ubera</strong></span> <span class='ocrx_word' id='word_1_343' title='bbox 2395 633 2561 704; x_wconf 88' lang='lat' dir='ltr'><strong>gerit.</strong></span> <span class='ocrx_word' id='word_1_344' title='bbox 2625 635 2800 688; x_wconf 87' lang='lat' dir='ltr'><strong>Poma</strong></span> <span class='ocrx_word' id='word_1_345' title='bbox 2858 635 3132 689; x_wconf 86' lang='lat' dir='ltr'><strong>silvestria</strong></span> <span class='ocrx_word' id='word_1_346' title='bbox 3191 637 3278 690; x_wconf 87' lang='lat' dir='ltr'><strong>vel</strong></span> <span class='ocrx_word' id='word_1_347' title='bbox 3334 637 3561 693; x_wconf 87' lang='lat' dir='ltr'><strong>insitiva</strong></span> 
     </span>
    </p>
   </div>
   <div class='ocr_carea' id='block_1_50' title="bbox 1934 726 3560 798">
    <p class='ocr_par' dir='ltr' id='par_1_50' title="bbox 1934 726 3560 798">
     <span class='ocr_line' id='line_1_50' title="bbox 1934 726 3560 798; baseline 0.004 -19"><span class='ocrx_word' id='word_1_348' title='bbox 1934 742 2102 796; x_wconf 90' lang='lat' dir='ltr'><strong>super</strong></span> <span class='ocrx_word' id='word_1_349' title='bbox 2153 726 2411 780; x_wconf 91' lang='lat' dir='ltr'><strong>omnium</strong></span> <span class='ocrx_word' id='word_1_350' title='bbox 2473 727 2770 798; x_wconf 89' lang='lat' dir='ltr'><strong>regionum</strong></span> <span class='ocrx_word' id='word_1_351' title='bbox 2829 727 3034 798; x_wconf 91' lang='lat' dir='ltr'><strong>copias.</strong></span> <span class='ocrx_word' id='word_1_352' title='bbox 3094 728 3317 783; x_wconf 78' lang='lat' dir='ltr'><strong>Referte</strong></span> <span class='ocrx_word' id='word_1_353' title='bbox 3366 737 3560 785; x_wconf 88' lang='lat' dir='ltr'><strong>autem</strong></span> 
     </span>
    </p>
   </div>
   <div class='ocr_carea' id='block_1_51' title="bbox 1934 820 3564 890">
    <p class='ocr_par' dir='ltr' id='par_1_51' title="bbox 1934 820 3564 890">
     <span class='ocr_line' id='line_1_51' title="bbox 1934 820 3564 890; baseline 0.002 -17"><span class='ocrx_word' id='word_1_354' title='bbox 1934 824 2174 890; x_wconf 88' lang='lat' dir='ltr'><strong>utraque</strong></span> <span class='ocrx_word' id='word_1_355' title='bbox 2200 820 2287 873; x_wconf 91' lang='lat' dir='ltr'><strong>vel</strong></span> <span class='ocrx_word' id='word_1_356' title='bbox 2316 820 2512 875; x_wconf 76' lang='lat' dir='ltr'><strong>Iudaea</strong></span> <span class='ocrx_word' id='word_1_357' title='bbox 2547 821 2630 875; x_wconf 89' lang='lat' dir='ltr'><strong>vel</strong></span> <span class='ocrx_word' id='word_1_358' title='bbox 2671 821 2923 876; x_wconf 86' lang='lat' dir='ltr'><strong>Samaria</strong></span> <span class='ocrx_word' id='word_1_359' title='bbox 2967 821 3268 875; x_wconf 89' lang='lat' dir='ltr'><strong>hominum</strong></span> <span class='ocrx_word' id='word_1_360' title='bbox 3310 823 3564 878; x_wconf 91' lang='lat' dir='ltr'><strong>multitu-</strong></span> 
     </span>
    </p>
   </div>
   <div class='ocr_carea' id='block_1_52' title="bbox 1934 913 3568 986">
    <p class='ocr_par' dir='ltr' id='par_1_52' title="bbox 1934 913 3568 986">
     <span class='ocr_line' id='line_1_52' title="bbox 1934 913 3568 986; baseline 0.002 -20"><span class='ocrx_word' id='word_1_361' title='bbox 1934 913 2087 980; x_wconf 91' lang='lat' dir='ltr'><strong>dine,</strong></span> <span class='ocrx_word' id='word_1_362' title='bbox 2119 917 2184 968; x_wconf 90' lang='lat' dir='ltr'><strong>ut</strong></span> <span class='ocrx_word' id='word_1_363' title='bbox 2224 914 2363 967; x_wconf 89' lang='lat' dir='ltr'><strong>mihi</strong></span> <span class='ocrx_word' id='word_1_364' title='bbox 2402 913 2701 968; x_wconf 89' lang='lat' dir='ltr'><strong>videantur</strong></span> <span class='ocrx_word' id='word_1_365' title='bbox 2731 914 2861 967; x_wconf 91' lang='lat' dir='ltr'><strong>hinc</strong></span> <span class='ocrx_word' id='word_1_366' title='bbox 2892 914 3028 968; x_wconf 91' lang='lat' dir='ltr'><strong>illud</strong></span> <span class='ocrx_word' id='word_1_367' title='bbox 3072 914 3430 986; x_wconf 82' lang='lat' dir='ltr'><strong>interpretati</strong></span> <span class='ocrx_word' id='word_1_368' title='bbox 3472 919 3568 970; x_wconf 85' lang='lat' dir='ltr'><strong>Ju-</strong></span> 
     </span>
    </p>
   </div>
   <div class='ocr_carea' id='block_1_53' title="bbox 1934 1006 3562 1078">
    <p class='ocr_par' dir='ltr' id='par_1_53' title="bbox 1934 1006 3562 1078">
     <span class='ocr_line' id='line_1_53' title="bbox 1934 1006 3562 1078; baseline 0.001 -18"><span class='ocrx_word' id='word_1_369' title='bbox 1934 1006 2040 1060; x_wconf 63' lang='lat' dir='ltr'><strong>dwi</strong></span> <span class='ocrx_word' id='word_1_370' title='bbox 2065 1007 2220 1078; x_wconf 89' lang='lat' dir='ltr'><strong>quod</strong></span> <span class='ocrx_word' id='word_1_371' title='bbox 2259 1007 2532 1077; x_wconf 90' lang='lat' dir='ltr'><strong>scriptum</strong></span> <span class='ocrx_word' id='word_1_372' title='bbox 2570 1011 2674 1074; x_wconf 91' lang='lat' dir='ltr'><strong>est,</strong></span> <span class='ocrx_word' id='word_1_373' title='bbox 2704 1009 2833 1078; x_wconf 89' lang='lat' dir='ltr'><strong>quia</strong></span> <span class='ocrx_word' id='word_1_374' title='bbox 2872 1008 3027 1062; x_wconf 88' lang='lat' dir='ltr'><strong>nulla</strong></span> <span class='ocrx_word' id='word_1_375' title='bbox 3063 1009 3170 1062; x_wconf 89' lang='lat' dir='ltr'><strong>erit</strong></span> <span class='ocrx_word' id='word_1_376' title='bbox 3206 1009 3266 1062; x_wconf 92' lang='lat' dir='ltr'><strong>in</strong></span> <span class='ocrx_word' id='word_1_377' title='bbox 3306 1009 3396 1063; x_wconf 88' lang='lat' dir='ltr'><strong>his</strong></span> <span class='ocrx_word' id='word_1_378' title='bbox 3426 1010 3562 1064; x_wconf 89' lang='lat' dir='ltr'><strong>locis</strong></span> 
     </span>
    </p>
   </div>
   <div class='ocr_carea' id='block_1_54' title="bbox 1933 1099 3558 1170">
    <p class='ocr_par' dir='ltr' id='par_1_54' title="bbox 1933 1099 3558 1170">
     <span class='ocr_line' id='line_1_54' title="bbox 1933 1099 3558 1170; baseline 0.002 -17"><span class='ocrx_word' id='word_1_379' title='bbox 1933 1100 2137 1154; x_wconf 89' lang='lat' dir='ltr'><strong>sterilis</strong></span> <span class='ocrx_word' id='word_1_380' title='bbox 2177 1105 2233 1154; x_wconf 90' lang='lat' dir='ltr'><strong>et</strong></span> <span class='ocrx_word' id='word_1_381' title='bbox 2271 1099 2596 1170; x_wconf 88' lang='lat' dir='ltr'><strong>infecunda,</strong></span> <span class='ocrx_word' id='word_1_382' title='bbox 2643 1117 2774 1155; x_wconf 91' lang='lat' dir='ltr'><strong>cum</strong></span> <span class='ocrx_word' id='word_1_383' title='bbox 2817 1102 2924 1155; x_wconf 91' lang='lat' dir='ltr'><strong>hoc</strong></span> <span class='ocrx_word' id='word_1_384' title='bbox 2970 1102 3060 1155; x_wconf 85' lang='lat' dir='ltr'><strong>lex</strong></span> <span class='ocrx_word' id='word_1_385' title='bbox 3106 1101 3175 1156; x_wconf 90' lang='lat' dir='ltr'><strong>de</strong></span> <span class='ocrx_word' id='word_1_386' title='bbox 3225 1103 3558 1158; x_wconf 89' lang='lat' dir='ltr'><strong>meritorum</strong></span> 
     </span>
    </p>
   </div>
   <div class='ocr_carea' id='block_1_55' title="bbox 1931 1193 3559 1266">
    <p class='ocr_par' dir='ltr' id='par_1_55' title="bbox 1931 1193 3559 1266">
     <span class='ocr_line' id='line_1_55' title="bbox 1931 1193 3559 1266; baseline 0.001 -19"><span class='ocrx_word' id='word_1_387' title='bbox 1931 1193 2276 1248; x_wconf 87' lang='lat' dir='ltr'><strong>fecunditate</strong></span> <span class='ocrx_word' id='word_1_388' title='bbox 2327 1195 2764 1266; x_wconf 67' lang='lat' dir='ltr'><strong>praescripserit,</strong></span> <span class='ocrx_word' id='word_1_389' title='bbox 2815 1202 2870 1248; x_wconf 93' lang='lat' dir='ltr'><strong>et</strong></span> <span class='ocrx_word' id='word_1_390' title='bbox 2928 1195 3203 1249; x_wconf 89' lang='lat' dir='ltr'><strong>virtutum</strong></span> <span class='ocrx_word' id='word_1_391' title='bbox 3253 1197 3559 1252; x_wconf 84' lang='lat' dir='ltr'><strong>fertilitate.</strong></span> 
     </span>
    </p>
   </div>
   <div class='ocr_carea' id='block_1_56' title="bbox 1932 1286 3562 1358">
    <p class='ocr_par' dir='ltr' id='par_1_56' title="bbox 1932 1286 3562 1358">
     <span class='ocr_line' id='line_1_56' title="bbox 1932 1286 3562 1358; baseline 0.003 -19"><span class='ocrx_word' id='word_1_392' title='bbox 1932 1286 2280 1358; x_wconf 89' lang='lat' dir='ltr'><strong>Principium</strong></span> <span class='ocrx_word' id='word_1_393' title='bbox 2318 1288 2584 1342; x_wconf 66' lang='lat' dir='ltr'><strong>Samaria:</strong></span> <span class='ocrx_word' id='word_1_394' title='bbox 2629 1287 2699 1341; x_wconf 91' lang='lat' dir='ltr'><strong>de</strong></span> <span class='ocrx_word' id='word_1_395' title='bbox 2746 1288 2963 1343; x_wconf 79' lang='lat' dir='ltr'><strong>Arabiae</strong></span> <span class='ocrx_word' id='word_1_396' title='bbox 3005 1287 3212 1342; x_wconf 74' lang='lat' dir='ltr'><strong>finibus</strong></span> <span class='ocrx_word' id='word_1_397' title='bbox 3250 1306 3282 1342; x_wconf 88' lang='lat' dir='ltr'><strong>a</strong></span> <span class='ocrx_word' id='word_1_398' title='bbox 3318 1291 3438 1344; x_wconf 87' lang='lat' dir='ltr'><strong>vico</strong></span> <span class='ocrx_word' id='word_1_399' title='bbox 3471 1290 3562 1344; x_wconf 88' lang='lat' dir='ltr'><strong>cui</strong></span> 
     </span>
    </p>
   </div>
   <div class='ocr_carea' id='block_1_57' title="bbox 1934 1381 3558 1452">
    <p class='ocr_par' dir='ltr' id='par_1_57' title="bbox 1934 1381 3558 1452">
     <span class='ocr_line' id='line_1_57' title="bbox 1934 1381 3558 1452; baseline 0.002 -17"><span class='ocrx_word' id='word_1_400' title='bbox 1934 1397 2142 1435; x_wconf 88' lang='lat' dir='ltr'><strong>nomen</strong></span> <span class='ocrx_word' id='word_1_401' title='bbox 2189 1381 2436 1448; x_wconf 86' lang='lat' dir='ltr'><strong>Jordani,</strong></span> <span class='ocrx_word' id='word_1_402' title='bbox 2490 1381 2619 1434; x_wconf 79' lang='lat' dir='ltr'><strong>finis</strong></span> <span class='ocrx_word' id='word_1_403' title='bbox 2657 1381 2728 1435; x_wconf 88' lang='lat' dir='ltr'><strong>ad</strong></span> <span class='ocrx_word' id='word_1_404' title='bbox 2768 1382 3092 1452; x_wconf 87' lang='lat' dir='ltr'><strong>aquilonem</strong></span> <span class='ocrx_word' id='word_1_405' title='bbox 3141 1383 3259 1436; x_wconf 90' lang='lat' dir='ltr'><strong>vico</strong></span> <span class='ocrx_word' id='word_1_406' title='bbox 3309 1385 3558 1451; x_wconf 87' lang='lat' dir='ltr'><strong>Borceo;</strong></span> 
     </span>
    </p>
   </div>
   <div class='ocr_carea' id='block_1_58' title="bbox 1929 1474 3558 1548">
    <p class='ocr_par' dir='ltr' id='par_1_58' title="bbox 1929 1474 3558 1548">
     <span class='ocr_line' id='line_1_58' title="bbox 1929 1474 3558 1548; baseline 0.002 -20"><span class='ocrx_word' id='word_1_407' title='bbox 1929 1475 2168 1528; x_wconf 89' lang='lat' dir='ltr'><strong>latitudo</strong></span> <span class='ocrx_word' id='word_1_408' title='bbox 2208 1479 2401 1529; x_wconf 89' lang='lat' dir='ltr'><strong>autem</strong></span> <span class='ocrx_word' id='word_1_409' title='bbox 2429 1474 2637 1528; x_wconf 65' lang='lat' dir='ltr'><strong>Judaeaa</strong></span> <span class='ocrx_word' id='word_1_410' title='bbox 2663 1492 2694 1528; x_wconf 89' lang='lat' dir='ltr'><strong>a</strong></span> <span class='ocrx_word' id='word_1_411' title='bbox 2721 1475 2893 1529; x_wconf 86' lang='lat' dir='ltr'><strong>ﬂuvio</strong></span> <span class='ocrx_word' id='word_1_412' title='bbox 2931 1476 3176 1530; x_wconf 82' lang='lat' dir='ltr'><strong>Jordane</strong></span> <span class='ocrx_word' id='word_1_413' title='bbox 3213 1493 3392 1548; x_wconf 89' lang='lat' dir='ltr'><strong>usque</strong></span> <span class='ocrx_word' id='word_1_414' title='bbox 3428 1479 3558 1548; x_wconf 73' lang='grc' dir='ltr'><strong>«ιορ-</strong></span> 
     </span>
    </p>
   </div>
   <div class='ocr_carea' id='block_1_59' title="bbox 1931 1568 3560 1639">
    <p class='ocr_par' dir='ltr' id='par_1_59' title="bbox 1931 1568 3560 1639">
     <span class='ocr_line' id='line_1_59' title="bbox 1931 1568 3560 1639; baseline 0.002 -17"><span class='ocrx_word' id='word_1_415' title='bbox 1931 1584 2062 1639; x_wconf 92' lang='lat' dir='ltr'><strong>pen.</strong></span> <span class='ocrx_word' id='word_1_416' title='bbox 2097 1568 2298 1639; x_wconf 86' lang='lat' dir='ltr'><strong>Incipit</strong></span> <span class='ocrx_word' id='word_1_417' title='bbox 2339 1569 2492 1623; x_wconf 91' lang='lat' dir='ltr'><strong>enim</strong></span> <span class='ocrx_word' id='word_1_418' title='bbox 2525 1585 2556 1622; x_wconf 90' lang='lat' dir='ltr'><strong>a</strong></span> <span class='ocrx_word' id='word_1_419' title='bbox 2582 1569 2835 1622; x_wconf 88' lang='lat' dir='ltr'><strong>fontibus</strong></span> <span class='ocrx_word' id='word_1_420' title='bbox 2875 1569 3150 1638; x_wconf 72' lang='lat' dir='ltr'><strong>Iordanis,</strong></span> <span class='ocrx_word' id='word_1_421' title='bbox 3195 1575 3252 1624; x_wconf 90' lang='lat' dir='ltr'><strong>et</strong></span> <span class='ocrx_word' id='word_1_422' title='bbox 3292 1587 3324 1624; x_wconf 90' lang='lat' dir='ltr'><strong>a</strong></span> <span class='ocrx_word' id='word_1_423' title='bbox 3369 1575 3560 1626; x_wconf 89' lang='lat' dir='ltr'><strong>monte</strong></span> 
     </span>
    </p>
   </div>
   <div class='ocr_carea' id='block_1_60' title="bbox 1932 1664 3557 1746">
    <p class='ocr_par' dir='ltr' id='par_1_60' title="bbox 1932 1664 3557 1746">
     <span class='ocr_line' id='line_1_60' title="bbox 1932 1664 3557 1746; baseline 0.001 -28"><span class='ocrx_word' id='word_1_424' title='bbox 1932 1664 2158 1729; x_wconf 88' lang='lat' dir='ltr'><strong>Libano,</strong></span> <span class='ocrx_word' id='word_1_425' title='bbox 2208 1668 2264 1717; x_wconf 90' lang='lat' dir='ltr'><strong>et</strong></span> <span class='ocrx_word' id='word_1_426' title='bbox 2315 1681 2495 1735; x_wconf 91' lang='lat' dir='ltr'><strong>usque</strong></span> <span class='ocrx_word' id='word_1_427' title='bbox 2545 1664 2617 1718; x_wconf 91' lang='lat' dir='ltr'><strong>ad</strong></span> <span class='ocrx_word' id='word_1_428' title='bbox 2665 1664 3214 1746; x_wconf 45' lang='lat' dir='ltr'><strong>Tiberiadisllacum</strong></span> <span class='ocrx_word' id='word_1_429' title='bbox 3265 1665 3557 1721; x_wconf 88' lang='lat' dir='ltr'><strong>dilatatur.</strong></span> 
     </span>
    </p>
   </div>
   <div class='ocr_carea' id='block_1_61' title="bbox 1932 1758 3557 1830">
    <p class='ocr_par' dir='ltr' id='par_1_61' title="bbox 1932 1758 3557 1830">
     <span class='ocr_line' id='line_1_61' title="bbox 1932 1758 3557 1830; baseline 0.001 -19"><span class='ocrx_word' id='word_1_430' title='bbox 1932 1763 1968 1811; x_wconf 83' lang='grc' dir='ltr'><strong>Λ</strong></span> <span class='ocrx_word' id='word_1_431' title='bbox 2027 1758 2147 1811; x_wconf 90' lang='lat' dir='ltr'><strong>vico</strong></span> <span class='ocrx_word' id='word_1_432' title='bbox 2199 1773 2423 1828; x_wconf 89' lang='lat' dir='ltr'><strong>quoque</strong></span> <span class='ocrx_word' id='word_1_433' title='bbox 2475 1758 2650 1811; x_wconf 89' lang='lat' dir='ltr'><strong>Artha</strong></span> <span class='ocrx_word' id='word_1_434' title='bbox 2701 1758 2927 1812; x_wconf 89' lang='lat' dir='ltr'><strong>initium</strong></span> <span class='ocrx_word' id='word_1_435' title='bbox 2974 1758 3350 1829; x_wconf 86' lang='lat' dir='ltr'><strong>longitudinis</strong></span> <span class='ocrx_word' id='word_1_436' title='bbox 3403 1760 3557 1830; x_wconf 90' lang='lat' dir='ltr'><strong>ejus,</strong></span> 
     </span>
    </p>
   </div>
   <div class='ocr_carea' id='block_1_62' title="bbox 1931 1851 3557 1924">
    <p class='ocr_par' dir='ltr' id='par_1_62' title="bbox 1931 1851 3557 1924">
     <span class='ocr_line' id='line_1_62' title="bbox 1931 1851 3557 1924; baseline 0.002 -19"><span class='ocrx_word' id='word_1_437' title='bbox 1931 1868 2057 1924; x_wconf 63' lang='lat' dir='ltr'><strong>quae</strong></span> <span class='ocrx_word' id='word_1_438' title='bbox 2096 1867 2275 1922; x_wconf 87' lang='lat' dir='ltr'><strong>usque</strong></span> <span class='ocrx_word' id='word_1_439' title='bbox 2317 1851 2390 1905; x_wconf 91' lang='lat' dir='ltr'><strong>ad</strong></span> <span class='ocrx_word' id='word_1_440' title='bbox 2426 1852 2610 1906; x_wconf 89' lang='lat' dir='ltr'><strong>vicum</strong></span> <span class='ocrx_word' id='word_1_441' title='bbox 2653 1852 2977 1906; x_wconf 80' lang='lat' dir='ltr'><strong>extenditur</strong></span> <span class='ocrx_word' id='word_1_442' title='bbox 3014 1851 3315 1921; x_wconf 83' lang='lat' dir='ltr'><strong>Juliadem,</strong></span> <span class='ocrx_word' id='word_1_443' title='bbox 3347 1853 3406 1906; x_wconf 89' lang='lat' dir='ltr'><strong>in</strong></span> <span class='ocrx_word' id='word_1_444' title='bbox 3445 1870 3557 1924; x_wconf 92' lang='lat' dir='ltr'><strong>quo</strong></span> 
     </span>
    </p>
   </div>
   <div class='ocr_carea' id='block_1_63' title="bbox 1930 1944 3554 2015">
    <p class='ocr_par' dir='ltr' id='par_1_63' title="bbox 1930 1944 3554 2015">
     <span class='ocr_line' id='line_1_63' title="bbox 1930 1944 3554 2015; baseline 0.001 -16"><span class='ocrx_word' id='word_1_445' title='bbox 1930 1945 2255 1999; x_wconf 69' lang='lat' dir='ltr'><strong>Iudaeorum</strong></span> <span class='ocrx_word' id='word_1_446' title='bbox 2282 1944 2500 2015; x_wconf 88' lang='lat' dir='ltr'><strong>pariter</strong></span> <span class='ocrx_word' id='word_1_447' title='bbox 2524 1950 2576 1999; x_wconf 91' lang='lat' dir='ltr'><strong>et</strong></span> <span class='ocrx_word' id='word_1_448' title='bbox 2599 1945 2891 2015; x_wconf 84' lang='lat' dir='ltr'><strong>Syriorum</strong></span> <span class='ocrx_word' id='word_1_449' title='bbox 2915 1945 3234 2000; x_wconf 89' lang='lat' dir='ltr'><strong>communis</strong></span> <span class='ocrx_word' id='word_1_450' title='bbox 3261 1945 3554 2001; x_wconf 87' lang='lat' dir='ltr'><strong>habitatio.</strong></span> 
     </span>
    </p>
   </div>
   <div class='ocr_carea' id='block_1_64' title="bbox 1933 2038 3559 2110">
    <p class='ocr_par' dir='ltr' id='par_1_64' title="bbox 1933 2038 3559 2110">
     <span class='ocr_line' id='line_1_64' title="bbox 1933 2038 3559 2110; baseline 0.001 -18"><span class='ocrx_word' id='word_1_451' title='bbox 1933 2040 1992 2092; x_wconf 88' lang='lat' dir='ltr'><strong>In</strong></span> <span class='ocrx_word' id='word_1_452' title='bbox 2023 2038 2212 2092; x_wconf 89' lang='lat' dir='ltr'><strong>medio</strong></span> <span class='ocrx_word' id='word_1_453' title='bbox 2242 2044 2430 2093; x_wconf 89' lang='lat' dir='ltr'><strong>autem</strong></span> <span class='ocrx_word' id='word_1_454' title='bbox 2471 2038 2684 2093; x_wconf 63' lang='lat' dir='ltr'><strong>Judaeze</strong></span> <span class='ocrx_word' id='word_1_455' title='bbox 2723 2038 2918 2092; x_wconf 89' lang='lat' dir='ltr'><strong>civitas</strong></span> <span class='ocrx_word' id='word_1_456' title='bbox 2958 2039 3363 2109; x_wconf 85' lang='lat' dir='ltr'><strong>Hierosolyma,</strong></span> <span class='ocrx_word' id='word_1_457' title='bbox 3402 2041 3559 2110; x_wconf 89' lang='lat' dir='ltr'><strong>quasi</strong></span> 
     </span>
    </p>
   </div>
   <div class='ocr_carea' id='block_1_65' title="bbox 1935 2132 3558 2204">
    <p class='ocr_par' dir='ltr' id='par_1_65' title="bbox 1935 2132 3558 2204">
     <span class='ocr_line' id='line_1_65' title="bbox 1935 2132 3558 2204; baseline 0.001 -18"><span class='ocrx_word' id='word_1_458' title='bbox 1935 2132 2232 2186; x_wconf 90' lang='lat' dir='ltr'><strong>umbilicus</strong></span> <span class='ocrx_word' id='word_1_459' title='bbox 2273 2132 2525 2204; x_wconf 86' lang='lat' dir='ltr'><strong>regionis</strong></span> <span class='ocrx_word' id='word_1_460' title='bbox 2573 2132 2766 2200; x_wconf 88' lang='lat' dir='ltr'><strong>totius,</strong></span> <span class='ocrx_word' id='word_1_461' title='bbox 2800 2135 2861 2185; x_wconf 88' lang='lat' dir='ltr'><strong>ut</strong></span> <span class='ocrx_word' id='word_1_462' title='bbox 2907 2132 3282 2202; x_wconf 87' lang='lat' dir='ltr'><strong>prudentibus</strong></span> <span class='ocrx_word' id='word_1_463' title='bbox 3325 2133 3558 2203; x_wconf 87' lang='lat' dir='ltr'><strong>placuit,</strong></span> 
     </span>
    </p>
   </div>
   <div class='ocr_carea' id='block_1_66' title="bbox 1933 2225 3557 2299">
    <p class='ocr_par' dir='ltr' id='par_1_66' title="bbox 1933 2225 3557 2299">
     <span class='ocr_line' id='line_1_66' title="bbox 1933 2225 3557 2299; baseline 0.001 -20"><span class='ocrx_word' id='word_1_464' title='bbox 1933 2232 2297 2297; x_wconf 90' lang='lat' dir='ltr'><strong>nuncupatur</strong></span> <span class='ocrx_word' id='word_1_465' title='bbox 2329 2243 2340 2280; x_wconf 95' lang='lat'>:</span> <span class='ocrx_word' id='word_1_466' title='bbox 2373 2226 2672 2280; x_wconf 88' lang='lat' dir='ltr'><strong>abundans</strong></span> <span class='ocrx_word' id='word_1_467' title='bbox 2705 2226 2863 2296; x_wconf 90' lang='lat' dir='ltr'><strong>regio</strong></span> <span class='ocrx_word' id='word_1_468' title='bbox 2900 2225 3334 2281; x_wconf 88' lang='lat' dir='ltr'><strong>mediterraneis</strong></span> <span class='ocrx_word' id='word_1_469' title='bbox 3363 2227 3557 2299; x_wconf 88' lang='lat' dir='ltr'><strong>copiis,</strong></span> 
     </span>
    </p>
   </div>
   <div class='ocr_carea' id='block_1_67' title="bbox 1933 2318 3559 2391">
    <p class='ocr_par' dir='ltr' id='par_1_67' title="bbox 1933 2318 3559 2391">
     <span class='ocr_line' id='line_1_67' title="bbox 1933 2318 3559 2391; baseline 0.001 -18"><span class='ocrx_word' id='word_1_470' title='bbox 1933 2336 2036 2373; x_wconf 90' lang='lat' dir='ltr'><strong>nec</strong></span> <span class='ocrx_word' id='word_1_471' title='bbox 2076 2320 2342 2374; x_wconf 88' lang='lat' dir='ltr'><strong>fraudata</strong></span> <span class='ocrx_word' id='word_1_472' title='bbox 2387 2318 2707 2386; x_wconf 88' lang='lat' dir='ltr'><strong>maritimis,</strong></span> <span class='ocrx_word' id='word_1_473' title='bbox 2747 2319 2878 2389; x_wconf 89' lang='lat' dir='ltr'><strong>quia</strong></span> <span class='ocrx_word' id='word_1_474' title='bbox 2924 2319 3230 2389; x_wconf 74' lang='lat' dir='ltr'><strong>praetendit</strong></span> <span class='ocrx_word' id='word_1_475' title='bbox 3267 2335 3446 2391; x_wconf 90' lang='lat' dir='ltr'><strong>usque</strong></span> <span class='ocrx_word' id='word_1_476' title='bbox 3486 2321 3559 2375; x_wconf 89' lang='lat' dir='ltr'><strong>ad</strong></span> 
     </span>
    </p>
   </div>
   <div class='ocr_carea' id='block_1_68' title="bbox 1933 2412 3557 2483">
    <p class='ocr_par' dir='ltr' id='par_1_68' title="bbox 1933 2412 3557 2483">
     <span class='ocr_line' id='line_1_68' title="bbox 1933 2412 3557 2483; baseline 0.001 -16"><span class='ocrx_word' id='word_1_477' title='bbox 1933 2413 2362 2480; x_wconf 89' lang='lat' dir='ltr'><strong>Ptolemaidem,</strong></span> <span class='ocrx_word' id='word_1_478' title='bbox 2395 2419 2452 2466; x_wconf 89' lang='lat' dir='ltr'><strong>et</strong></span> <span class='ocrx_word' id='word_1_479' title='bbox 2487 2416 2670 2467; x_wconf 87' lang='lat' dir='ltr'><strong>totum</strong></span> <span class='ocrx_word' id='word_1_480' title='bbox 2699 2412 2837 2466; x_wconf 90' lang='lat' dir='ltr'><strong>illud</strong></span> <span class='ocrx_word' id='word_1_481' title='bbox 2876 2429 3030 2466; x_wconf 87' lang='lat' dir='ltr'><strong>mare</strong></span> <span class='ocrx_word' id='word_1_482' title='bbox 3068 2413 3326 2483; x_wconf 57' lang='lat' dir='ltr'><strong>prastexit</strong></span> <span class='ocrx_word' id='word_1_483' title='bbox 3352 2414 3557 2468; x_wconf 90' lang='lat' dir='ltr'><strong>littori-</strong></span> 
     </span>
    </p>
   </div>
   <div class='ocr_carea' id='block_1_69' title="bbox 1929 2505 3556 2573">
    <p class='ocr_par' dir='ltr' id='par_1_69' title="bbox 1929 2505 3556 2573">
     <span class='ocr_line' id='line_1_69' title="bbox 1929 2505 3556 2573; baseline 0.001 -13"><span class='ocrx_word' id='word_1_484' title='bbox 1929 2506 2033 2560; x_wconf 87' lang='lat' dir='ltr'><strong>bus</strong></span> <span class='ocrx_word' id='word_1_485' title='bbox 2072 2506 2207 2560; x_wconf 90' lang='lat' dir='ltr'><strong>suis.</strong></span> <span class='ocrx_word' id='word_1_486' title='bbox 2254 2506 2439 2561; x_wconf 69' lang='lat' dir='ltr'><strong>Multaa</strong></span> <span class='ocrx_word' id='word_1_487' title='bbox 2473 2506 2674 2573; x_wconf 91' lang='lat' dir='ltr'><strong>urbes,</strong></span> <span class='ocrx_word' id='word_1_488' title='bbox 2718 2505 2815 2559; x_wconf 90' lang='lat' dir='ltr'><strong>sed</strong></span> <span class='ocrx_word' id='word_1_489' title='bbox 2865 2505 3018 2559; x_wconf 89' lang='lat' dir='ltr'><strong>inter</strong></span> <span class='ocrx_word' id='word_1_490' title='bbox 3054 2522 3252 2560; x_wconf 88' lang='lat' dir='ltr'><strong>omnes</strong></span> <span class='ocrx_word' id='word_1_491' title='bbox 3294 2507 3556 2562; x_wconf 85' lang='lat' dir='ltr'><strong>Hieroso-</strong></span> 
     </span>
    </p>
   </div>
   <div class='ocr_carea' id='block_1_70' title="bbox 1931 2599 3557 2671">
    <p class='ocr_par' dir='ltr' id='par_1_70' title="bbox 1931 2599 3557 2671">
     <span class='ocr_line' id='line_1_70' title="bbox 1931 2599 3557 2671; baseline 0.001 -19"><span class='ocrx_word' id='word_1_492' title='bbox 1931 2601 2080 2670; x_wconf 88' lang='lat' dir='ltr'><strong>lyma</strong></span> <span class='ocrx_word' id='word_1_493' title='bbox 2117 2601 2378 2656; x_wconf 89' lang='lat' dir='ltr'><strong>eminet:</strong></span> <span class='ocrx_word' id='word_1_494' title='bbox 2422 2601 2502 2654; x_wconf 91' lang='lat' dir='ltr'><strong>ita</strong></span> <span class='ocrx_word' id='word_1_495' title='bbox 2540 2605 2601 2654; x_wconf 90' lang='lat' dir='ltr'><strong>ut</strong></span> <span class='ocrx_word' id='word_1_496' title='bbox 2638 2599 2798 2670; x_wconf 89' lang='lat' dir='ltr'><strong>quasi</strong></span> <span class='ocrx_word' id='word_1_497' title='bbox 2843 2605 3013 2670; x_wconf 90' lang='lat' dir='ltr'><strong>caput</strong></span> <span class='ocrx_word' id='word_1_498' title='bbox 3060 2600 3116 2654; x_wconf 91' lang='lat' dir='ltr'><strong>in</strong></span> <span class='ocrx_word' id='word_1_499' title='bbox 3163 2616 3398 2671; x_wconf 91' lang='lat' dir='ltr'><strong>corpore</strong></span> <span class='ocrx_word' id='word_1_500' title='bbox 3444 2618 3557 2654; x_wconf 88' lang='lat' dir='ltr'><strong>non</strong></span> 
     </span>
    </p>
   </div>
   <div class='ocr_carea' id='block_1_71' title="bbox 1931 2693 3554 2764">
    <p class='ocr_par' dir='ltr' id='par_1_71' title="bbox 1931 2693 3554 2764">
     <span class='ocr_line' id='line_1_71' title="bbox 1931 2693 3554 2764; baseline 0 -16"><span class='ocrx_word' id='word_1_501' title='bbox 1931 2694 2235 2748; x_wconf 88' lang='lat' dir='ltr'><strong>obumbret</strong></span> <span class='ocrx_word' id='word_1_502' title='bbox 2266 2711 2365 2748; x_wconf 90' lang='lat' dir='ltr'><strong>sua</strong></span> <span class='ocrx_word' id='word_1_503' title='bbox 2407 2693 2684 2760; x_wconf 91' lang='lat' dir='ltr'><strong>membra,</strong></span> <span class='ocrx_word' id='word_1_504' title='bbox 2734 2693 2832 2747; x_wconf 90' lang='lat' dir='ltr'><strong>sed</strong></span> <span class='ocrx_word' id='word_1_505' title='bbox 2875 2697 3058 2762; x_wconf 88' lang='lat' dir='ltr'><strong>regat,</strong></span> <span class='ocrx_word' id='word_1_506' title='bbox 3109 2697 3280 2764; x_wconf 87' lang='lat' dir='ltr'><strong>atque</strong></span> <span class='ocrx_word' id='word_1_507' title='bbox 3321 2694 3402 2748; x_wconf 88' lang='lat' dir='ltr'><strong>eis</strong></span> <span class='ocrx_word' id='word_1_508' title='bbox 3445 2695 3554 2748; x_wconf 89' lang='lat' dir='ltr'><strong>tui-</strong></span> 
     </span>
    </p>
   </div>
   <div class='ocr_carea' id='block_1_72' title="bbox 1929 2785 3559 2858">
    <p class='ocr_par' dir='ltr' id='par_1_72' title="bbox 1929 2785 3559 2858">
     <span class='ocr_line' id='line_1_72' title="bbox 1929 2785 3559 2858; baseline -0.001 -16"><span class='ocrx_word' id='word_1_509' title='bbox 1929 2787 2067 2842; x_wconf 91' lang='lat' dir='ltr'><strong>tioni</strong></span> <span class='ocrx_word' id='word_1_510' title='bbox 2108 2788 2179 2842; x_wconf 88' lang='lat' dir='ltr'><strong>sit</strong></span> <span class='ocrx_word' id='word_1_511' title='bbox 2205 2791 2264 2841; x_wconf 93' lang='lat' dir='ltr'><strong>et</strong></span> <span class='ocrx_word' id='word_1_512' title='bbox 2299 2787 2730 2858; x_wconf 88' lang='lat' dir='ltr'><strong>pulchritudini.</strong></span> <span class='ocrx_word' id='word_1_513' title='bbox 2765 2787 2844 2840; x_wconf 89' lang='lat' dir='ltr'><strong>De</strong></span> <span class='ocrx_word' id='word_1_514' title='bbox 2877 2785 3073 2841; x_wconf 74' lang='lat' dir='ltr'><strong>Judaea</strong></span> <span class='ocrx_word' id='word_1_515' title='bbox 3112 2788 3308 2857; x_wconf 88' lang='lat' dir='ltr'><strong>itaque</strong></span> <span class='ocrx_word' id='word_1_516' title='bbox 3348 2793 3403 2842; x_wconf 91' lang='lat' dir='ltr'><strong>et</strong></span> <span class='ocrx_word' id='word_1_517' title='bbox 3436 2788 3559 2842; x_wconf 79' lang='lat' dir='ltr'><strong>tini-</strong></span> 
     </span>
    </p>
   </div>
   <div class='ocr_carea' id='block_1_73' title="bbox 1929 2880 3556 2952">
    <p class='ocr_par' dir='ltr' id='par_1_73' title="bbox 1929 2880 3556 2952">
     <span class='ocr_line' id='line_1_73' title="bbox 1929 2880 3556 2952; baseline 0.001 -17"><span class='ocrx_word' id='word_1_518' title='bbox 1929 2881 2082 2935; x_wconf 92' lang='lat' dir='ltr'><strong>timis</strong></span> <span class='ocrx_word' id='word_1_519' title='bbox 2128 2881 2482 2952; x_wconf 85' lang='lat' dir='ltr'><strong>regionibus,</strong></span> <span class='ocrx_word' id='word_1_520' title='bbox 2527 2885 2850 2950; x_wconf 90' lang='lat' dir='ltr'><strong>opportuno</strong></span> <span class='ocrx_word' id='word_1_521' title='bbox 2903 2882 3032 2935; x_wconf 90' lang='lat' dir='ltr'><strong>licet</strong></span> <span class='ocrx_word' id='word_1_522' title='bbox 3073 2880 3443 2951; x_wconf 88' lang='lat' dir='ltr'><strong>compendio,</strong></span> <span class='ocrx_word' id='word_1_523' title='bbox 3492 2899 3556 2936; x_wconf 88' lang='lat' dir='ltr'><strong>ea</strong></span> 
     </span>
    </p>
   </div>
   <div class='ocr_carea' id='block_1_74' title="bbox 1928 2973 3389 3046">
    <p class='ocr_par' dir='ltr' id='par_1_74' title="bbox 1928 2973 3389 3046">
     <span class='ocr_line' id='line_1_74' title="bbox 1928 2973 3389 3046; baseline -0.001 -18"><span class='ocrx_word' id='word_1_524' title='bbox 1928 2991 2055 3046; x_wconf 67' lang='lat' dir='ltr'><strong>quae</strong></span> <span class='ocrx_word' id='word_1_525' title='bbox 2084 2974 2454 3044; x_wconf 84' lang='lat' dir='ltr'><strong>significanda</strong></span> <span class='ocrx_word' id='word_1_526' title='bbox 2478 2973 2721 3041; x_wconf 86' lang='lat' dir='ltr'><strong>fuerant,</strong></span> <span class='ocrx_word' id='word_1_527' title='bbox 2751 2990 2868 3028; x_wconf 92' lang='lat' dir='ltr'><strong>non</strong></span> <span class='ocrx_word' id='word_1_528' title='bbox 2898 2973 3389 3045; x_wconf 63' lang='lat' dir='ltr'><strong>prastermisimus.</strong></span> 
     </span>
    </p>
   </div>
   <div class='ocr_carea' id='block_1_75' title="bbox 2559 3165 2926 3220">
    <p class='ocr_par' dir='ltr' id='par_1_75' title="bbox 2559 3165 2926 3220">
     <span class='ocr_line' id='line_1_75' title="bbox 2559 3165 2926 3220; baseline -0.008 0"><span class='ocrx_word' id='word_1_529' title='bbox 2559 3165 2775 3220; x_wconf 87' lang='lat' dir='ltr'><strong>CAPUT</strong></span> <span class='ocrx_word' id='word_1_530' title='bbox 2815 3166 2926 3218; x_wconf 92' lang='lat' dir='ltr'><strong>Vll.</strong></span> 
     </span>
    </p>
   </div>
   <div class='ocr_carea' id='block_1_76' title="bbox 1999 3349 3553 3421">
    <p class='ocr_par' dir='ltr' id='par_1_76' title="bbox 1999 3349 3553 3421">
     <span class='ocr_line' id='line_1_76' title="bbox 1999 3349 3553 3421; baseline 0 -17"><span class='ocrx_word' id='word_1_531' title='bbox 1999 3350 2365 3421; x_wconf 87' lang='lat' dir='ltr'><strong>Sephoritani</strong></span> <span class='ocrx_word' id='word_1_532' title='bbox 2406 3365 2632 3419; x_wconf 88' lang='lat' dir='ltr'><strong>quoque</strong></span> <span class='ocrx_word' id='word_1_533' title='bbox 2670 3355 2728 3403; x_wconf 91' lang='lat' dir='ltr'><strong>et</strong></span> <span class='ocrx_word' id='word_1_534' title='bbox 2772 3349 2986 3404; x_wconf 89' lang='lat' dir='ltr'><strong>tributa</strong></span> <span class='ocrx_word' id='word_1_535' title='bbox 3025 3352 3083 3404; x_wconf 87' lang='lat' dir='ltr'><strong>et</strong></span> <span class='ocrx_word' id='word_1_536' title='bbox 3117 3349 3364 3405; x_wconf 86' lang='lat' dir='ltr'><strong>subsidia</strong></span> <span class='ocrx_word' id='word_1_537' title='bbox 3403 3350 3553 3406; x_wconf 88' lang='lat' dir='ltr'><strong>mili-</strong></span> 
     </span>
    </p>
   </div>
   <div class='ocr_carea' id='block_1_77' title="bbox 1931 3443 3553 3515">
    <p class='ocr_par' dir='ltr' id='par_1_77' title="bbox 1931 3443 3553 3515">
     <span class='ocr_line' id='line_1_77' title="bbox 1931 3443 3553 3515; baseline 0.001 -18"><span class='ocrx_word' id='word_1_538' title='bbox 1931 3444 2077 3497; x_wconf 90' lang='lat' dir='ltr'><strong>taria</strong></span> <span class='ocrx_word' id='word_1_539' title='bbox 2117 3443 2384 3514; x_wconf 87' lang='lat' dir='ltr'><strong>regiones</strong></span> <span class='ocrx_word' id='word_1_540' title='bbox 2424 3443 2700 3497; x_wconf 76' lang='lat' dir='ltr'><strong>finitimas</strong></span> <span class='ocrx_word' id='word_1_541' title='bbox 2735 3443 3096 3498; x_wconf 87' lang='lat' dir='ltr'><strong>incursabant</strong></span> <span class='ocrx_word' id='word_1_542' title='bbox 3134 3444 3266 3515; x_wconf 89' lang='lat'><strong>(93),</strong></span> <span class='ocrx_word' id='word_1_543' title='bbox 3306 3445 3553 3499; x_wconf 90' lang='lat' dir='ltr'><strong>auctori-</strong></span> 
     </span>
    </p>
   </div>
   <div class='ocr_carea' id='block_1_78' title="bbox 1929 3536 3557 3608">
    <p class='ocr_par' dir='ltr' id='par_1_78' title="bbox 1929 3536 3557 3608">
     <span class='ocr_line' id='line_1_78' title="bbox 1929 3536 3557 3608; baseline 0.002 -18"><span class='ocrx_word' id='word_1_544' title='bbox 1929 3541 2100 3592; x_wconf 90' lang='lat' dir='ltr'><strong>tatem</strong></span> <span class='ocrx_word' id='word_1_545' title='bbox 2131 3536 2508 3591; x_wconf 85' lang='lat' dir='ltr'><strong>latrocinandi</strong></span> <span class='ocrx_word' id='word_1_546' title='bbox 2551 3537 2808 3605; x_wconf 89' lang='lat' dir='ltr'><strong>liberam,</strong></span> <span class='ocrx_word' id='word_1_547' title='bbox 2843 3536 2948 3590; x_wconf 88' lang='lat' dir='ltr'><strong>sibi</strong></span> <span class='ocrx_word' id='word_1_548' title='bbox 2979 3537 3114 3590; x_wconf 88' lang='lat' dir='ltr'><strong>belli</strong></span> <span class='ocrx_word' id='word_1_549' title='bbox 3151 3539 3339 3608; x_wconf 88' lang='lat' dir='ltr'><strong>specie</strong></span> <span class='ocrx_word' id='word_1_550' title='bbox 3377 3538 3557 3593; x_wconf 89' lang='lat' dir='ltr'><strong>vindi-</strong></span> 
     </span>
    </p>
   </div>
   <div class='ocr_carea' id='block_1_79' title="bbox 1929 3629 3553 3700">
    <p class='ocr_par' dir='ltr' id='par_1_79' title="bbox 1929 3629 3553 3700">
     <span class='ocr_line' id='line_1_79' title="bbox 1929 3629 3553 3700; baseline 0.001 -16"><span class='ocrx_word' id='word_1_551' title='bbox 1929 3636 2140 3696; x_wconf 88' lang='lat' dir='ltr'><strong>cantes,</strong></span> <span class='ocrx_word' id='word_1_552' title='bbox 2175 3629 2326 3700; x_wconf 91' lang='lat' dir='ltr'><strong>quod</strong></span> <span class='ocrx_word' id='word_1_553' title='bbox 2359 3629 2598 3700; x_wconf 89' lang='lat' dir='ltr'><strong>imperio</strong></span> <span class='ocrx_word' id='word_1_554' title='bbox 2627 3632 2878 3684; x_wconf 77' lang='lat' dir='ltr'><strong>Romano</strong></span> <span class='ocrx_word' id='word_1_555' title='bbox 2898 3629 3156 3683; x_wconf 70' lang='lat' dir='ltr'><strong>aJudazis</strong></span> <span class='ocrx_word' id='word_1_556' title='bbox 3185 3630 3553 3686; x_wconf 88' lang='lat' dir='ltr'><strong>inferebatur.</strong></span> 
     </span>
    </p>
   </div>
   <div class='ocr_carea' id='block_1_80' title="bbox 1928 3723 3559 3794">
    <p class='ocr_par' dir='ltr' id='par_1_80' title="bbox 1928 3723 3559 3794">
     <span class='ocr_line' id='line_1_80' title="bbox 1928 3723 3559 3794; baseline 0.001 -17"><span class='ocrx_word' id='word_1_557' title='bbox 1928 3723 2088 3777; x_wconf 90' lang='lat' dir='ltr'><strong>Unde</strong></span> <span class='ocrx_word' id='word_1_558' title='bbox 2116 3725 2389 3794; x_wconf 90' lang='lat' dir='ltr'><strong>.losephus</strong></span> <span class='ocrx_word' id='word_1_559' title='bbox 2417 3726 2661 3794; x_wconf 62' lang='lat' dir='ltr'><strong>acceptae</strong></span> <span class='ocrx_word' id='word_1_560' title='bbox 2691 3723 3013 3777; x_wconf 88' lang='lat' dir='ltr'><strong>acerbitatis</strong></span> <span class='ocrx_word' id='word_1_561' title='bbox 3050 3723 3320 3794; x_wconf 90' lang='lat' dir='ltr'><strong>injuriam</strong></span> <span class='ocrx_word' id='word_1_562' title='bbox 3361 3725 3559 3779; x_wconf 91' lang='lat' dir='ltr'><strong>ulcisci</strong></span> 
     </span>
    </p>
   </div>
   <div class='ocr_carea' id='block_1_81' title="bbox 1929 3816 3559 3890">
    <p class='ocr_par' dir='ltr' id='par_1_81' title="bbox 1929 3816 3559 3890">
     <span class='ocr_line' id='line_1_81' title="bbox 1929 3816 3559 3890; baseline 0 -18"><span class='ocrx_word' id='word_1_563' title='bbox 1929 3817 2196 3890; x_wconf 89' lang='lat' dir='ltr'><strong>gestiens,</strong></span> <span class='ocrx_word' id='word_1_564' title='bbox 2235 3818 2455 3872; x_wconf 89' lang='lat' dir='ltr'><strong>irruere</strong></span> <span class='ocrx_word' id='word_1_565' title='bbox 2495 3817 2551 3871; x_wconf 90' lang='lat' dir='ltr'><strong>in</strong></span> <span class='ocrx_word' id='word_1_566' title='bbox 2593 3817 2795 3871; x_wconf 90' lang='lat' dir='ltr'><strong>urbem</strong></span> <span class='ocrx_word' id='word_1_567' title='bbox 2834 3816 3154 3887; x_wconf 88' lang='lat' dir='ltr'><strong>Sephorim,</strong></span> <span class='ocrx_word' id='word_1_568' title='bbox 3195 3817 3407 3872; x_wconf 90' lang='lat' dir='ltr'><strong>sociato</strong></span> <span class='ocrx_word' id='word_1_569' title='bbox 3450 3818 3559 3872; x_wconf 88' lang='lat' dir='ltr'><strong>sibi</strong></span> 
     </span>
    </p>
   </div>
   <div class='ocr_carea' id='block_1_82' title="bbox 1929 3910 3555 3983">
    <p class='ocr_par' dir='ltr' id='par_1_82' title="bbox 1929 3910 3555 3983">
     <span class='ocr_line' id='line_1_82' title="bbox 1929 3910 3555 3983; baseline -0.001 -18"><span class='ocrx_word' id='word_1_570' title='bbox 1929 3911 2312 3983; x_wconf 91' lang='lat' dir='ltr'><strong>plurimorum</strong></span> <span class='ocrx_word' id='word_1_571' title='bbox 2362 3928 2635 3979; x_wconf 88' lang='lat' dir='ltr'><strong>numero,</strong></span> <span class='ocrx_word' id='word_1_572' title='bbox 2689 3910 3016 3977; x_wconf 90' lang='lat' dir='ltr'><strong>contendit,</strong></span> <span class='ocrx_word' id='word_1_573' title='bbox 3070 3913 3129 3964; x_wconf 92' lang='lat' dir='ltr'><strong>ut</strong></span> <span class='ocrx_word' id='word_1_574' title='bbox 3179 3927 3274 3964; x_wconf 89' lang='lat' dir='ltr'><strong>eos</strong></span> <span class='ocrx_word' id='word_1_575' title='bbox 3322 3914 3421 3964; x_wconf 89' lang='lat' dir='ltr'><strong>aut</strong></span> <span class='ocrx_word' id='word_1_576' title='bbox 3471 3927 3555 3965; x_wconf 90' lang='lat' dir='ltr'><strong>re-</strong></span> 
     </span>
    </p>
   </div>
   <div class='ocr_carea' id='block_1_83' title="bbox 1929 4004 3559 4070">
    <p class='ocr_par' dir='ltr' id='par_1_83' title="bbox 1929 4004 3559 4070">
     <span class='ocr_line' id='line_1_83' title="bbox 1929 4004 3559 4070; baseline 0.001 -13"><span class='ocrx_word' id='word_1_577' title='bbox 1929 4010 2152 4060; x_wconf 89' lang='lat' dir='ltr'><strong>vocaret</strong></span> <span class='ocrx_word' id='word_1_578' title='bbox 2193 4006 2251 4058; x_wconf 91' lang='lat' dir='ltr'><strong>in</strong></span> <span class='ocrx_word' id='word_1_579' title='bbox 2295 4005 2620 4059; x_wconf 88' lang='lat' dir='ltr'><strong>societatem</strong></span> <span class='ocrx_word' id='word_1_580' title='bbox 2663 4004 2901 4070; x_wconf 63' lang='lat' dir='ltr'><strong>Iudaeae,</strong></span> <span class='ocrx_word' id='word_1_581' title='bbox 2954 4007 3054 4058; x_wconf 91' lang='lat' dir='ltr'><strong>aut</strong></span> <span class='ocrx_word' id='word_1_582' title='bbox 3097 4004 3418 4058; x_wconf 87' lang='lat' dir='ltr'><strong>resistentes</strong></span> <span class='ocrx_word' id='word_1_583' title='bbox 3469 4021 3559 4059; x_wconf 80' lang='lat' dir='ltr'><strong>su-</strong></span> 
     </span>
    </p>
   </div>
   <div class='ocr_carea' id='block_1_84' title="bbox 1928 4097 3556 4170">
    <p class='ocr_par' dir='ltr' id='par_1_84' title="bbox 1928 4097 3556 4170">
     <span class='ocr_line' id='line_1_84' title="bbox 1928 4097 3556 4170; baseline -0.001 -18"><span class='ocrx_word' id='word_1_584' title='bbox 1928 4115 2127 4170; x_wconf 90' lang='lat' dir='ltr'><strong>premo</strong></span> <span class='ocrx_word' id='word_1_585' title='bbox 2158 4099 2220 4166; x_wconf 89' lang='lat' dir='ltr'><strong>(si</strong></span> <span class='ocrx_word' id='word_1_586' title='bbox 2251 4105 2456 4170; x_wconf 84' lang='lat' dir='ltr'><strong>posset)</strong></span> <span class='ocrx_word' id='word_1_587' title='bbox 2506 4098 2724 4153; x_wconf 84' lang='lat' dir='ltr'><strong>excidio</strong></span> <span class='ocrx_word' id='word_1_588' title='bbox 2762 4098 3147 4153; x_wconf 87' lang='lat' dir='ltr'><strong>labefactaret.</strong></span> <span class='ocrx_word' id='word_1_589' title='bbox 3192 4097 3302 4152; x_wconf 90' lang='lat' dir='ltr'><strong>Sed</strong></span> <span class='ocrx_word' id='word_1_590' title='bbox 3344 4098 3556 4152; x_wconf 83' lang='lat' dir='ltr'><strong>utrius-</strong></span> 
     </span>
    </p>
   </div>
   <div class='ocr_carea' id='block_1_85' title="bbox 1929 4190 3556 4263">
    <p class='ocr_par' dir='ltr' id='par_1_85' title="bbox 1929 4190 3556 4263">
     <span class='ocr_line' id='line_1_85' title="bbox 1929 4190 3556 4263; baseline 0.001 -18"><span class='ocrx_word' id='word_1_591' title='bbox 1929 4209 2039 4263; x_wconf 91' lang='lat' dir='ltr'><strong>que</strong></span> <span class='ocrx_word' id='word_1_592' title='bbox 2087 4198 2321 4247; x_wconf 91' lang='lat' dir='ltr'><strong>conatus</strong></span> <span class='ocrx_word' id='word_1_593' title='bbox 2361 4192 2564 4246; x_wconf 88' lang='lat' dir='ltr'><strong>etfectu</strong></span> <span class='ocrx_word' id='word_1_594' title='bbox 2611 4191 2842 4259; x_wconf 85' lang='lat' dir='ltr'><strong>excidit;</strong></span> <span class='ocrx_word' id='word_1_595' title='bbox 2893 4192 3030 4262; x_wconf 89' lang='lat' dir='ltr'><strong>quia</strong></span> <span class='ocrx_word' id='word_1_596' title='bbox 3076 4208 3180 4246; x_wconf 90' lang='lat' dir='ltr'><strong>nec</strong></span> <span class='ocrx_word' id='word_1_597' title='bbox 3225 4190 3556 4246; x_wconf 87' lang='lat' dir='ltr'><strong>dissuadere</strong></span> 
     </span>
    </p>
   </div>
   <div class='ocr_carea' id='block_1_86' title="bbox 1928 4286 3555 4359">
    <p class='ocr_par' dir='ltr' id='par_1_86' title="bbox 1928 4286 3555 4359">
     <span class='ocr_line' id='line_1_86' title="bbox 1928 4286 3555 4359; baseline -0.001 -17"><span class='ocrx_word' id='word_1_598' title='bbox 1928 4287 2112 4359; x_wconf 89' lang='lat' dir='ltr'><strong>potuit</strong></span> <span class='ocrx_word' id='word_1_599' title='bbox 2153 4287 2423 4342; x_wconf 66' lang='lat' dir='ltr'><strong>Romanae</strong></span> <span class='ocrx_word' id='word_1_600' title='bbox 2463 4286 2886 4357; x_wconf 87' lang='lat' dir='ltr'><strong>conjunctionis</strong></span> <span class='ocrx_word' id='word_1_601' title='bbox 2923 4286 3283 4353; x_wconf 89' lang='lat' dir='ltr'><strong>electionem,</strong></span> <span class='ocrx_word' id='word_1_602' title='bbox 3323 4303 3428 4340; x_wconf 90' lang='lat' dir='ltr'><strong>nec</strong></span> <span class='ocrx_word' id='word_1_603' title='bbox 3461 4303 3555 4341; x_wconf 86' lang='lat' dir='ltr'><strong>ur-</strong></span> 
     </span>
    </p>
   </div>
   <div class='ocr_carea' id='block_1_87' title="bbox 1928 4379 3557 4451">
    <p class='ocr_par' dir='ltr' id='par_1_87' title="bbox 1928 4379 3557 4451">
     <span class='ocr_line' id='line_1_87' title="bbox 1928 4379 3557 4451; baseline -0.001 -16"><span class='ocrx_word' id='word_1_604' title='bbox 1928 4382 2057 4435; x_wconf 90' lang='lat' dir='ltr'><strong>bem</strong></span> <span class='ocrx_word' id='word_1_605' title='bbox 2101 4388 2377 4449; x_wconf 89' lang='lat' dir='ltr'><strong>evertere,</strong></span> <span class='ocrx_word' id='word_1_606' title='bbox 2424 4397 2596 4451; x_wconf 88' lang='lat' dir='ltr'><strong>quam</strong></span> <span class='ocrx_word' id='word_1_607' title='bbox 2638 4380 2757 4451; x_wconf 90' lang='lat' dir='ltr'><strong>ipse</strong></span> <span class='ocrx_word' id='word_1_608' title='bbox 2800 4379 3004 4433; x_wconf 89' lang='lat' dir='ltr'><strong>talibus</strong></span> <span class='ocrx_word' id='word_1_609' title='bbox 3049 4380 3422 4434; x_wconf 89' lang='lat' dir='ltr'><strong>munimentis</strong></span> <span class='ocrx_word' id='word_1_610' title='bbox 3462 4381 3557 4433; x_wconf 87' lang='lat' dir='ltr'><strong>ﬁr-</strong></span> 
     </span>
    </p>
   </div>
   <div class='ocr_carea' id='block_1_88' title="bbox 1927 4473 3556 4544">
    <p class='ocr_par' dir='ltr' id='par_1_88' title="bbox 1927 4473 3556 4544">
     <span class='ocr_line' id='line_1_88' title="bbox 1927 4473 3556 4544; baseline -0.001 -15"><span class='ocrx_word' id='word_1_611' title='bbox 1927 4482 2204 4544; x_wconf 88' lang='lat' dir='ltr'><strong>maverat,</strong></span> <span class='ocrx_word' id='word_1_612' title='bbox 2250 4479 2368 4528; x_wconf 88' lang='lat' dir='ltr'><strong>uta</strong></span> <span class='ocrx_word' id='word_1_613' title='bbox 2397 4474 2669 4528; x_wconf 79' lang='lat' dir='ltr'><strong>Romanis</strong></span> <span class='ocrx_word' id='word_1_614' title='bbox 2705 4490 2930 4544; x_wconf 90' lang='lat' dir='ltr'><strong>quoque</strong></span> <span class='ocrx_word' id='word_1_615' title='bbox 2975 4474 3144 4542; x_wconf 86' lang='lat' dir='ltr'><strong>longe</strong></span> <span class='ocrx_word' id='word_1_616' title='bbox 3193 4473 3556 4543; x_wconf 78' lang='lat' dir='ltr'><strong>praestantio—</strong></span> 
     </span>
    </p>
   </div>
   <div class='ocr_carea' id='block_1_89' title="bbox 165 4565 3554 4641">
    <p class='ocr_par' dir='ltr' id='par_1_89' title="bbox 165 4565 3554 4641">
     <span class='ocr_line' id='line_1_89' title="bbox 165 4565 3554 4641; baseline -0.001 -17"><span class='ocrx_word' id='word_1_617' title='bbox 165 4571 303 4626; x_wconf 84' lang='lat' dir='ltr'><strong>Nam</strong></span> <span class='ocrx_word' id='word_1_618' title='bbox 332 4591 475 4628; x_wconf 87' lang='lat' dir='ltr'><strong>cum</strong></span> <span class='ocrx_word' id='word_1_619' title='bbox 507 4574 705 4628; x_wconf 85' lang='lat' dir='ltr'><strong>adhuc</strong></span> <span class='ocrx_word' id='word_1_620' title='bbox 732 4573 865 4627; x_wconf 90' lang='lat' dir='ltr'><strong>alibi</strong></span> <span class='ocrx_word' id='word_1_621' title='bbox 895 4575 1161 4628; x_wconf 89' lang='lat' dir='ltr'><strong>seruntur</strong></span> <span class='ocrx_word' id='word_1_622' title='bbox 1182 4573 1486 4638; x_wconf 87' lang='lat' dir='ltr'><strong>frumenta,</strong></span> <span class='ocrx_word' id='word_1_623' title='bbox 1517 4573 1681 4626; x_wconf 90' lang='lat' dir='ltr'><strong>isthic</strong></span> <span class='ocrx_word' id='word_1_624' title='bbox 1711 4588 1828 4626; x_wconf 92' lang='lat' dir='ltr'><strong>me-</strong></span> <span class='ocrx_word' id='word_1_625' title='bbox 1848 4571 1906 4641; x_wconf 88' lang='lat' dir='ltr'><strong>D</strong></span> <span class='ocrx_word' id='word_1_626' title='bbox 1931 4569 2085 4624; x_wconf 91' lang='lat' dir='ltr'><strong>ribus</strong></span> <span class='ocrx_word' id='word_1_627' title='bbox 2139 4569 2456 4640; x_wconf 88' lang='lat' dir='ltr'><strong>expugnari</strong></span> <span class='ocrx_word' id='word_1_628' title='bbox 2509 4567 2796 4638; x_wconf 90' lang='lat' dir='ltr'><strong>nequiret.</strong></span> <span class='ocrx_word' id='word_1_629' title='bbox 2849 4566 3064 4621; x_wconf 89' lang='lat' dir='ltr'><strong>Cecinit</strong></span> <span class='ocrx_word' id='word_1_630' title='bbox 3117 4566 3308 4638; x_wconf 86' lang='lat' dir='ltr'><strong>itaque</strong></span> <span class='ocrx_word' id='word_1_631' title='bbox 3363 4565 3554 4621; x_wconf 88' lang='lat' dir='ltr'><strong>classi-</strong></span> 
     </span>
    </p>
   </div>
   <div class='ocr_carea' id='block_1_90' title="bbox 163 4666 1825 4739">
    <p class='ocr_par' dir='ltr' id='par_1_90' title="bbox 163 4666 1825 4739">
     <span class='ocr_line' id='line_1_90' title="bbox 163 4666 1825 4739; baseline 0.001 -20"><span class='ocrx_word' id='word_1_632' title='bbox 163 4669 380 4723; x_wconf 89' lang='lat' dir='ltr'><strong>tuntur.</strong></span> <span class='ocrx_word' id='word_1_633' title='bbox 413 4668 668 4739; x_wconf 89' lang='lat' dir='ltr'><strong>Species</strong></span> <span class='ocrx_word' id='word_1_634' title='bbox 693 4683 918 4738; x_wconf 89' lang='lat' dir='ltr'><strong>quoque</strong></span> <span class='ocrx_word' id='word_1_635' title='bbox 951 4672 1118 4737; x_wconf 91' lang='lat' dir='ltr'><strong>atque</strong></span> <span class='ocrx_word' id='word_1_636' title='bbox 1147 4666 1267 4737; x_wconf 91' lang='lat' dir='ltr'><strong>ipsa</strong></span> <span class='ocrx_word' id='word_1_637' title='bbox 1293 4667 1568 4720; x_wconf 91' lang='lat' dir='ltr'><strong>frumenti</strong></span> <span class='ocrx_word' id='word_1_638' title='bbox 1601 4673 1825 4733; x_wconf 88' lang='lat' dir='ltr'><strong>natura,</strong></span> 
     </span>
    </p>
   </div>
   <div class='ocr_carea' id='block_1_91' title="bbox 162 4760 1824 4833">
    <p class='ocr_par' dir='ltr' id='par_1_91' title="bbox 162 4760 1824 4833">
     <span class='ocr_line' id='line_1_91' title="bbox 162 4760 1824 4833; baseline 0.001 -20"><span class='ocrx_word' id='word_1_639' title='bbox 162 4761 314 4816; x_wconf 89' lang='lat' dir='ltr'><strong>haud</strong></span> <span class='ocrx_word' id='word_1_640' title='bbox 364 4777 638 4833; x_wconf 87' lang='lat' dir='ltr'><strong>usquam</strong></span> <span class='ocrx_word' id='word_1_641' title='bbox 691 4763 1053 4832; x_wconf 68' lang='lat' dir='ltr'><strong>prmstantior</strong></span> <span class='ocrx_word' id='word_1_642' title='bbox 1098 4760 1356 4815; x_wconf 90' lang='lat' dir='ltr'><strong>habetur.</strong></span> <span class='ocrx_word' id='word_1_643' title='bbox 1407 4765 1567 4830; x_wconf 84' lang='lat' dir='ltr'><strong>Aqua</strong></span> <span class='ocrx_word' id='word_1_644' title='bbox 1617 4760 1824 4824; x_wconf 90' lang='lat' dir='ltr'><strong>dulcis,</strong></span> 
     </span>
    </p>
   </div>
   <div class='ocr_carea' id='block_1_92' title="bbox 158 4853 1826 4926">
    <p class='ocr_par' dir='ltr' id='par_1_92' title="bbox 158 4853 1826 4926">
     <span class='ocr_line' id='line_1_92' title="bbox 158 4853 1826 4926; baseline -0.001 -18"><span class='ocrx_word' id='word_1_645' title='bbox 158 4853 367 4910; x_wconf 86' lang='lat' dir='ltr'><strong>decora</strong></span> <span class='ocrx_word' id='word_1_646' title='bbox 397 4856 478 4909; x_wconf 89' lang='lat' dir='ltr'><strong>ad</strong></span> <span class='ocrx_word' id='word_1_647' title='bbox 515 4855 796 4926; x_wconf 89' lang='lat' dir='ltr'><strong>speciem,</strong></span> <span class='ocrx_word' id='word_1_648' title='bbox 834 4854 1017 4908; x_wconf 89' lang='lat' dir='ltr'><strong>suavis</strong></span> <span class='ocrx_word' id='word_1_649' title='bbox 1055 4853 1127 4908; x_wconf 89' lang='lat' dir='ltr'><strong>ad</strong></span> <span class='ocrx_word' id='word_1_650' title='bbox 1168 4859 1385 4924; x_wconf 90' lang='lat' dir='ltr'><strong>potum,</strong></span> <span class='ocrx_word' id='word_1_651' title='bbox 1417 4859 1480 4906; x_wconf 88' lang='lat' dir='ltr'><strong>ut</strong></span> <span class='ocrx_word' id='word_1_652' title='bbox 1516 4854 1826 4907; x_wconf 90' lang='lat' dir='ltr'><strong>secundum</strong></span> 
     </span>
    </p>
   </div>
   <div class='ocr_carea' id='block_1_93' title="bbox 159 4947 1826 5019">
    <p class='ocr_par' dir='ltr' id='par_1_93' title="bbox 159 4947 1826 5019">
     <span class='ocr_line' id='line_1_93' title="bbox 159 4947 1826 5019; baseline -0.001 -18"><span class='ocrx_word' id='word_1_653' title='bbox 159 4950 613 5004; x_wconf 80' lang='lat' dir='ltr'><strong>elementorum</strong></span> <span class='ocrx_word' id='word_1_654' title='bbox 643 4947 882 5019; x_wconf 88' lang='lat' dir='ltr'><strong>gratiam</strong></span> <span class='ocrx_word' id='word_1_655' title='bbox 912 4947 1520 5002; x_wconf 62' lang='lat' dir='ltr'><strong>{estimaverintJudazi</strong></span> <span class='ocrx_word' id='word_1_656' title='bbox 1550 4963 1676 5001; x_wconf 90' lang='lat' dir='ltr'><strong>eam</strong></span> <span class='ocrx_word' id='word_1_657' title='bbox 1705 4963 1826 5017; x_wconf 90' lang='lat' dir='ltr'><strong>pro-</strong></span> 
     </span>
    </p>
   </div>
   <div class='ocr_carea' id='block_1_94' title="bbox 160 5041 1828 5115">
    <p class='ocr_par' dir='ltr' id='par_1_94' title="bbox 160 5041 1828 5115">
     <span class='ocr_line' id='line_1_94' title="bbox 160 5041 1828 5115; baseline -0.002 -19"><span class='ocrx_word' id='word_1_658' title='bbox 160 5043 399 5098; x_wconf 87' lang='lat' dir='ltr'><strong>missam</strong></span> <span class='ocrx_word' id='word_1_659' title='bbox 445 5042 724 5115; x_wconf 88' lang='lat' dir='ltr'><strong>patribus</strong></span> <span class='ocrx_word' id='word_1_660' title='bbox 765 5048 974 5096; x_wconf 87' lang='lat' dir='ltr'><strong>terram</strong></span> <span class='ocrx_word' id='word_1_661' title='bbox 1016 5041 1286 5095; x_wconf 76' lang='lat' dir='ltr'><strong>fluentem</strong></span> <span class='ocrx_word' id='word_1_662' title='bbox 1329 5041 1412 5095; x_wconf 92' lang='lat' dir='ltr'><strong>lac</strong></span> <span class='ocrx_word' id='word_1_663' title='bbox 1441 5045 1497 5095; x_wconf 91' lang='lat' dir='ltr'><strong>et</strong></span> <span class='ocrx_word' id='word_1_664' title='bbox 1527 5042 1663 5108; x_wconf 90' lang='lat' dir='ltr'><strong>mel,</strong></span> <span class='ocrx_word' id='word_1_665' title='bbox 1699 5057 1828 5094; x_wconf 89' lang='lat' dir='ltr'><strong>cum</strong></span> 
     </span>
    </p>
   </div>
   <div class='ocr_carea' id='block_1_95' title="bbox 157 5135 1831 5208">
    <p class='ocr_par' dir='ltr' id='par_1_95' title="bbox 157 5135 1831 5208">
     <span class='ocr_line' id='line_1_95' title="bbox 157 5135 1831 5208; baseline -0.001 -20"><span class='ocrx_word' id='word_1_666' title='bbox 157 5138 563 5208; x_wconf 88' lang='lat' dir='ltr'><strong>spoponderit</strong></span> <span class='ocrx_word' id='word_1_667' title='bbox 615 5136 724 5190; x_wconf 91' lang='lat' dir='ltr'><strong>illis</strong></span> <span class='ocrx_word' id='word_1_668' title='bbox 772 5135 1204 5190; x_wconf 89' lang='lat' dir='ltr'><strong>resurrectionis</strong></span> <span class='ocrx_word' id='word_1_669' title='bbox 1249 5135 1707 5205; x_wconf 63' lang='lat' dir='ltr'><strong>praerogativam.</strong></span> <span class='ocrx_word' id='word_1_670' title='bbox 1765 5136 1831 5188; x_wconf 89' lang='lat' dir='ltr'><strong>Et</strong></span> 
     </span>
    </p>
   </div>
   <div class='ocr_carea' id='block_1_96' title="bbox 157 5228 1829 5304">
    <p class='ocr_par' dir='ltr' id='par_1_96' title="bbox 157 5228 1829 5304">
     <span class='ocr_line' id='line_1_96' title="bbox 157 5228 1829 5304; baseline -0.002 -20"><span class='ocrx_word' id='word_1_671' title='bbox 157 5235 493 5304; x_wconf 88' lang='lat' dir='ltr'><strong>utrumque</strong></span> <span class='ocrx_word' id='word_1_672' title='bbox 529 5230 773 5301; x_wconf 89' lang='lat' dir='ltr'><strong>quidem</strong></span> <span class='ocrx_word' id='word_1_673' title='bbox 801 5230 987 5284; x_wconf 86' lang='lat' dir='ltr'><strong>divina</strong></span> <span class='ocrx_word' id='word_1_674' title='bbox 1013 5230 1192 5301; x_wconf 87' lang='lat' dir='ltr'><strong>pietas</strong></span> <span class='ocrx_word' id='word_1_675' title='bbox 1217 5230 1558 5298; x_wconf 89' lang='lat' dir='ltr'><strong>contulerat,</strong></span> <span class='ocrx_word' id='word_1_676' title='bbox 1584 5229 1628 5282; x_wconf 91' lang='lat' dir='ltr'><strong>si</strong></span> <span class='ocrx_word' id='word_1_677' title='bbox 1657 5228 1829 5283; x_wconf 85' lang='lat' dir='ltr'><strong>ﬁdem</strong></span> 
     </span>
    </p>
   </div>
   <div class='ocr_carea' id='block_1_97' title="bbox 159 5323 1826 5394">
    <p class='ocr_par' dir='ltr' id='par_1_97' title="bbox 159 5323 1826 5394">
     <span class='ocr_line' id='line_1_97' title="bbox 159 5323 1826 5394; baseline -0.001 -16"><span class='ocrx_word' id='word_1_678' title='bbox 159 5333 532 5394; x_wconf 84' lang='lat' dir='ltr'><strong>servassent;</strong></span> <span class='ocrx_word' id='word_1_679' title='bbox 585 5325 686 5378; x_wconf 88' lang='lat' dir='ltr'><strong>sed</strong></span> <span class='ocrx_word' id='word_1_680' title='bbox 727 5324 1044 5378; x_wconf 80' lang='lat' dir='ltr'><strong>infidelibus</strong></span> <span class='ocrx_word' id='word_1_681' title='bbox 1079 5323 1286 5378; x_wconf 90' lang='lat' dir='ltr'><strong>animis</strong></span> <span class='ocrx_word' id='word_1_682' title='bbox 1324 5326 1632 5394; x_wconf 87' lang='lat' dir='ltr'><strong>utrumque</strong></span> <span class='ocrx_word' id='word_1_683' title='bbox 1662 5339 1826 5394; x_wconf 91' lang='lat' dir='ltr'><strong>erep-</strong></span> 
     </span>
    </p>
   </div>
   <div class='ocr_carea' id='block_1_98' title="bbox 156 5417 1826 5490">
    <p class='ocr_par' dir='ltr' id='par_1_98' title="bbox 156 5417 1826 5490">
     <span class='ocr_line' id='line_1_98' title="bbox 156 5417 1826 5490; baseline -0.002 -17"><span class='ocrx_word' id='word_1_684' title='bbox 156 5427 276 5475; x_wconf 90' lang='lat' dir='ltr'><strong>tum</strong></span> <span class='ocrx_word' id='word_1_685' title='bbox 334 5439 347 5476; x_wconf 92' lang='lat'><strong>:</strong></span> <span class='ocrx_word' id='word_1_686' title='bbox 408 5421 512 5476; x_wconf 89' lang='lat' dir='ltr'><strong>hic</strong></span> <span class='ocrx_word' id='word_1_687' title='bbox 560 5419 710 5490; x_wconf 89' lang='lat' dir='ltr'><strong>jugo</strong></span> <span class='ocrx_word' id='word_1_688' title='bbox 757 5418 1123 5488; x_wconf 68' lang='lat' dir='ltr'><strong>captivitatis,</strong></span> <span class='ocrx_word' id='word_1_689' title='bbox 1167 5418 1278 5472; x_wconf 92' lang='lat' dir='ltr'><strong>illic</strong></span> <span class='ocrx_word' id='word_1_690' title='bbox 1323 5419 1546 5472; x_wconf 89' lang='lat' dir='ltr'><strong>vinculo</strong></span> <span class='ocrx_word' id='word_1_691' title='bbox 1595 5417 1826 5489; x_wconf 90' lang='lat' dir='ltr'><strong>peccati.</strong></span> 
     </span>
    </p>
   </div>
   <div class='ocr_carea' id='block_1_99' title="bbox 153 5608 1829 5734">
    <p class='ocr_par' dir='ltr' id='par_1_99' title="bbox 153 5608 1829 5734">
     <span class='ocr_line' id='line_1_99' title="bbox 153 5608 1829 5734; baseline -0.006 -67"><span class='ocrx_word' id='word_1_692' title='bbox 153 5685 195 5734; x_wconf 74' lang='grc' dir='ltr'><strong>Β</strong></span> <span class='ocrx_word' id='word_1_693' title='bbox 218 5616 320 5677; x_wconf 75' lang='lat'><strong>(89}</strong></span> <span class='ocrx_word' id='word_1_694' title='bbox 358 5613 517 5666; x_wconf 89' lang='lat' dir='ltr'><strong>Cod.</strong></span> <span class='ocrx_word' id='word_1_695' title='bbox 556 5615 694 5673; x_wconf 82' lang='lat' dir='ltr'><strong>vet.,</strong></span> <span class='ocrx_word' id='word_1_696' title='bbox 725 5609 1042 5675; x_wconf 76' lang='lat' dir='ltr'><strong>quindecim.</strong></span> <span class='ocrx_word' id='word_1_697' title='bbox 1075 5609 1167 5660; x_wconf 92' lang='lat' dir='ltr'><strong>Sic</strong></span> <span class='ocrx_word' id='word_1_698' title='bbox 1199 5612 1252 5659; x_wconf 89' lang='lat' dir='ltr'><strong>et</strong></span> <span class='ocrx_word' id='word_1_699' title='bbox 1290 5609 1536 5672; x_wconf 87' lang='lat' dir='ltr'><strong>Joseph.,</strong></span> <span class='ocrx_word' id='word_1_700' title='bbox 1568 5609 1601 5657; x_wconf 86' lang='grc' dir='ltr'><strong>ι.</strong></span> <span class='ocrx_word' id='word_1_701' title='bbox 1635 5622 1670 5668; x_wconf 83' lang='grc' dir='ltr'><strong>ι,</strong></span> <span class='ocrx_word' id='word_1_702' title='bbox 1700 5621 1746 5658; x_wconf 91' lang='lat' dir='ltr'><strong>c.</strong></span> <span class='ocrx_word' id='word_1_703' title='bbox 1784 5608 1829 5657; x_wconf 72' lang='lat'><strong>2.</strong></span> 
     </span>
     <span class='ocr_line' id='line_1_100' title="bbox 200 5700 339 5734; baseline -0.007 0"><span class='ocrx_word' id='word_1_704' title='bbox 200 5700 339 5734; x_wconf 59' lang='lat' dir='ltr'><strong>ann.</strong></span> 
     </span>
    </p>
   </div>
   <div class='ocr_carea' id='block_1_100' title="bbox 200 5700 339 5738">
    <p class='ocr_par' dir='ltr' id='par_1_100' title="bbox 200 5700 339 5738">
     <span class='ocr_line' id='line_1_101' title="bbox 200 5700 339 5738; baseline -0.014 -3"><span class='ocrx_word' id='word_1_705' title='bbox 200 5700 319 5738; x_wconf 69' lang='lat' dir='ltr'><strong>ABR</strong></span> <span class='ocrx_word' id='word_1_706' title='bbox 330 5725 339 5733; x_wconf 95' lang='lat'><strong>.</strong></span> 
     </span>
    </p>
   </div>
   <div class='ocr_carea' id='block_1_101' title="bbox 219 5750 1833 5816">
    <p class='ocr_par' dir='ltr' id='par_1_101' title="bbox 219 5750 1833 5816">
     <span class='ocr_line' id='line_1_102' title="bbox 219 5750 1833 5816; baseline -0.005 -9"><span class='ocrx_word' id='word_1_707' title='bbox 219 5758 318 5816; x_wconf 61' lang='lat'><strong>(90)</strong></span> <span class='ocrx_word' id='word_1_708' title='bbox 351 5756 508 5807; x_wconf 89' lang='lat' dir='ltr'><strong>Cod.</strong></span> <span class='ocrx_word' id='word_1_709' title='bbox 553 5759 690 5816; x_wconf 86' lang='lat' dir='ltr'><strong>vet.,</strong></span> <span class='ocrx_word' id='word_1_710' title='bbox 717 5754 785 5804; x_wconf 87' lang='lat' dir='ltr'><strong>ab</strong></span> <span class='ocrx_word' id='word_1_711' title='bbox 824 5758 944 5804; x_wconf 79' lang='lat' dir='ltr'><strong>ortu</strong></span> <span class='ocrx_word' id='word_1_712' title='bbox 971 5752 1097 5804; x_wconf 74' lang='lat' dir='ltr'><strong>solis</strong></span> <span class='ocrx_word' id='word_1_713' title='bbox 1123 5765 1287 5816; x_wconf 81' lang='lat' dir='ltr'><strong>usque</strong></span> <span class='ocrx_word' id='word_1_714' title='bbox 1315 5750 1570 5800; x_wconf 78' lang='lat' dir='ltr'><strong>Arabiam</strong></span> <span class='ocrx_word' id='word_1_715' title='bbox 1595 5752 1833 5814; x_wconf 70' lang='lat' dir='ltr'><strong>protexi-</strong></span> 
     </span>
    </p>
   </div>
   <div class='ocr_carea' id='block_1_102' title="bbox 153 5829 1582 5964">
    <p class='ocr_par' dir='ltr' id='par_1_102' title="bbox 153 5829 1582 5964">
     <span class='ocr_line' id='line_1_103' title="bbox 153 5829 1582 5964; baseline -0.004 -14"><span class='ocrx_word' id='word_1_716' title='bbox 153 5829 445 5963; x_wconf 52' lang='grc' dir='ltr'><strong>ωἷέιξῠᾸῐι</strong></span> <span class='ocrx_word' id='word_1_717' title='bbox 481 5898 690 5964; x_wconf 77' lang='lat' dir='ltr'><strong>ﬂumen</strong></span> <span class='ocrx_word' id='word_1_718' title='bbox 709 5896 736 5948; x_wconf 74' lang='grc' dir='ltr'><strong>ἴ)</strong></span> <span class='ocrx_word' id='word_1_719' title='bbox 768 5898 878 5951; x_wconf 90' lang='lat' dir='ltr'><strong>Sed</strong></span> <span class='ocrx_word' id='word_1_720' title='bbox 908 5897 1046 5948; x_wconf 88' lang='lat' dir='ltr'><strong>nihil</strong></span> <span class='ocrx_word' id='word_1_721' title='bbox 1075 5901 1249 5948; x_wconf 88' lang='lat' dir='ltr'><strong>muto.</strong></span> <span class='ocrx_word' id='word_1_722' title='bbox 1284 5897 1582 5948; x_wconf 72' lang='lat' dir='ltr'><strong>GALLAND.</strong></span> 
     </span>
    </p>
   </div>
   <div class='ocr_carea' id='block_1_103' title="bbox 1929 4659 3556 4732">
    <p class='ocr_par' dir='ltr' id='par_1_103' title="bbox 1929 4659 3556 4732">
     <span class='ocr_line' id='line_1_104' title="bbox 1929 4659 3556 4732; baseline -0.002 -16"><span class='ocrx_word' id='word_1_723' title='bbox 1929 4679 2079 4727; x_wconf 90' lang='lat' dir='ltr'><strong>cum,</strong></span> <span class='ocrx_word' id='word_1_724' title='bbox 2124 4667 2336 4716; x_wconf 87' lang='lat' dir='ltr'><strong>tentata</strong></span> <span class='ocrx_word' id='word_1_725' title='bbox 2380 4661 2693 4732; x_wconf 89' lang='lat' dir='ltr'><strong>irruptione</strong></span> <span class='ocrx_word' id='word_1_726' title='bbox 2738 4659 2860 4714; x_wconf 89' lang='lat' dir='ltr'><strong>sine</strong></span> <span class='ocrx_word' id='word_1_727' title='bbox 2907 4661 3020 4714; x_wconf 93' lang='lat' dir='ltr'><strong>ullo</strong></span> <span class='ocrx_word' id='word_1_728' title='bbox 3063 4660 3340 4731; x_wconf 90' lang='lat' dir='ltr'><strong>profectu,</strong></span> <span class='ocrx_word' id='word_1_729' title='bbox 3385 4664 3556 4731; x_wconf 89' lang='lat' dir='ltr'><strong>atque</strong></span> 
     </span>
    </p>
   </div>
   <div class='ocr_carea' id='block_1_104' title="bbox 1930 4755 3557 4826">
    <p class='ocr_par' dir='ltr' id='par_1_104' title="bbox 1930 4755 3557 4826">
     <span class='ocr_line' id='line_1_105' title="bbox 1930 4755 3557 4826; baseline -0.002 -14"><span class='ocrx_word' id='word_1_730' title='bbox 1930 4759 1986 4812; x_wconf 90' lang='lat' dir='ltr'><strong>in</strong></span> <span class='ocrx_word' id='word_1_731' title='bbox 2015 4760 2188 4811; x_wconf 87' lang='lat' dir='ltr'><strong>totam</strong></span> <span class='ocrx_word' id='word_1_732' title='bbox 2223 4756 2517 4826; x_wconf 88' lang='lat' dir='ltr'><strong>regionem</strong></span> <span class='ocrx_word' id='word_1_733' title='bbox 2548 4755 2758 4809; x_wconf 91' lang='lat' dir='ltr'><strong>bellum</strong></span> <span class='ocrx_word' id='word_1_734' title='bbox 2789 4755 3064 4809; x_wconf 80' lang='lat' dir='ltr'><strong>excitavit.</strong></span> <span class='ocrx_word' id='word_1_735' title='bbox 3097 4755 3402 4810; x_wconf 86' lang='lat' dir='ltr'><strong>Vastabant</strong></span> <span class='ocrx_word' id='word_1_736' title='bbox 3436 4771 3557 4808; x_wconf 88' lang='lat' dir='ltr'><strong>om-</strong></span> 
     </span>
    </p>
   </div>
   <div class='ocr_carea' id='block_1_105' title="bbox 1930 4848 3557 4920">
    <p class='ocr_par' dir='ltr' id='par_1_105' title="bbox 1930 4848 3557 4920">
     <span class='ocr_line' id='line_1_106' title="bbox 1930 4848 3557 4920; baseline -0.002 -15"><span class='ocrx_word' id='word_1_737' title='bbox 1930 4852 2046 4920; x_wconf 89' lang='lat' dir='ltr'><strong>nia,</strong></span> <span class='ocrx_word' id='word_1_738' title='bbox 2099 4850 2186 4904; x_wconf 90' lang='lat' dir='ltr'><strong>die</strong></span> <span class='ocrx_word' id='word_1_739' title='bbox 2231 4853 2515 4920; x_wconf 88' lang='lat' dir='ltr'><strong>noctuque</strong></span> <span class='ocrx_word' id='word_1_740' title='bbox 2564 4853 2865 4904; x_wconf 88' lang='lat' dir='ltr'><strong>exurentes</strong></span> <span class='ocrx_word' id='word_1_741' title='bbox 2911 4848 3168 4916; x_wconf 69' lang='lat' dir='ltr'><strong>mdiﬁcia,</strong></span> <span class='ocrx_word' id='word_1_742' title='bbox 3222 4848 3557 4918; x_wconf 88' lang='lat' dir='ltr'><strong>diripientes</strong></span> 
     </span>
    </p>
   </div>
   <div class='ocr_carea' id='block_1_106' title="bbox 1933 4941 3559 5016">
    <p class='ocr_par' dir='ltr' id='par_1_106' title="bbox 1933 4941 3559 5016">
     <span class='ocr_line' id='line_1_107' title="bbox 1933 4941 3559 5016; baseline -0.002 -17"><span class='ocrx_word' id='word_1_743' title='bbox 1933 4945 2304 5016; x_wconf 77' lang='lat' dir='ltr'><strong>patrimonia,</strong></span> <span class='ocrx_word' id='word_1_744' title='bbox 2349 4945 2695 5015; x_wconf 89' lang='lat' dir='ltr'><strong>perimentes</strong></span> <span class='ocrx_word' id='word_1_745' title='bbox 2736 4959 3103 5015; x_wconf 87' lang='lat' dir='ltr'><strong>quoscunque</strong></span> <span class='ocrx_word' id='word_1_746' title='bbox 3144 4943 3293 4997; x_wconf 90' lang='lat' dir='ltr'><strong>bello</strong></span> <span class='ocrx_word' id='word_1_747' title='bbox 3337 4941 3559 4996; x_wconf 89' lang='lat' dir='ltr'><strong>habiles</strong></span> 
     </span>
    </p>
   </div>
   <div class='ocr_carea' id='block_1_107' title="bbox 1931 5036 3557 5110">
    <p class='ocr_par' dir='ltr' id='par_1_107' title="bbox 1931 5036 3557 5110">
     <span class='ocr_line' id='line_1_108' title="bbox 1931 5036 3557 5110; baseline -0.001 -16"><span class='ocrx_word' id='word_1_748' title='bbox 1931 5038 2520 5110; x_wconf 88' lang='lat' dir='ltr'><strong>comprehendissent,</strong></span> <span class='ocrx_word' id='word_1_749' title='bbox 2568 5039 2825 5093; x_wconf 84' lang='lat' dir='ltr'><strong>inﬁrmos</strong></span> <span class='ocrx_word' id='word_1_750' title='bbox 2868 5037 3125 5093; x_wconf 86' lang='lat' dir='ltr'><strong>servituti</strong></span> <span class='ocrx_word' id='word_1_751' title='bbox 3174 5036 3557 5106; x_wconf 88' lang='lat' dir='ltr'><strong>subjicientes.</strong></span> 
     </span>
    </p>
   </div>
   <div class='ocr_carea' id='block_1_108' title="bbox 1936 5131 3558 5204">
    <p class='ocr_par' dir='ltr' id='par_1_108' title="bbox 1936 5131 3558 5204">
     <span class='ocr_line' id='line_1_109' title="bbox 1936 5131 3558 5204; baseline -0.001 -17"><span class='ocrx_word' id='word_1_752' title='bbox 1936 5133 2170 5204; x_wconf 83' lang='lat' dir='ltr'><strong>Repleta</strong></span> <span class='ocrx_word' id='word_1_753' title='bbox 2223 5139 2343 5187; x_wconf 89' lang='lat' dir='ltr'><strong>erat</strong></span> <span class='ocrx_word' id='word_1_754' title='bbox 2390 5134 2616 5187; x_wconf 67' lang='lat' dir='ltr'><strong>Galilaaa</strong></span> <span class='ocrx_word' id='word_1_755' title='bbox 2665 5133 2855 5187; x_wconf 92' lang='lat' dir='ltr'><strong>omnis</strong></span> <span class='ocrx_word' id='word_1_756' title='bbox 2903 5131 3194 5197; x_wconf 87' lang='lat' dir='ltr'><strong>incendio,</strong></span> <span class='ocrx_word' id='word_1_757' title='bbox 3248 5131 3558 5202; x_wconf 87' lang='lat' dir='ltr'><strong>sanguine,</strong></span> 
     </span>
    </p>
   </div>
   <div class='ocr_carea' id='block_1_109' title="bbox 1932 5224 3562 5296">
    <p class='ocr_par' dir='ltr' id='par_1_109' title="bbox 1932 5224 3562 5296">
     <span class='ocr_line' id='line_1_110' title="bbox 1932 5224 3562 5296; baseline -0.001 -16"><span class='ocrx_word' id='word_1_758' title='bbox 1932 5227 2251 5296; x_wconf 87' lang='lat' dir='ltr'><strong>latrocinio,</strong></span> <span class='ocrx_word' id='word_1_759' title='bbox 2301 5228 2513 5281; x_wconf 91' lang='lat' dir='ltr'><strong>nullius</strong></span> <span class='ocrx_word' id='word_1_760' title='bbox 2559 5228 2833 5280; x_wconf 91' lang='lat' dir='ltr'><strong>immunis</strong></span> <span class='ocrx_word' id='word_1_761' title='bbox 2887 5226 3164 5291; x_wconf 64' lang='lat' dir='ltr'><strong>miseriae,</strong></span> <span class='ocrx_word' id='word_1_762' title='bbox 3211 5228 3268 5279; x_wconf 91' lang='lat' dir='ltr'><strong>et</strong></span> <span class='ocrx_word' id='word_1_763' title='bbox 3317 5224 3562 5278; x_wconf 90' lang='lat' dir='ltr'><strong>deformi</strong></span> 
     </span>
    </p>
   </div>
   <div class='ocr_carea' id='block_1_110' title="bbox 1931 5318 3564 5391">
    <p class='ocr_par' dir='ltr' id='par_1_110' title="bbox 1931 5318 3564 5391">
     <span class='ocr_line' id='line_1_111' title="bbox 1931 5318 3564 5391; baseline -0.001 -18"><span class='ocrx_word' id='word_1_764' title='bbox 1931 5321 2040 5388; x_wconf 70' lang='grc'>(94)</span> <span class='ocrx_word' id='word_1_765' title='bbox 2088 5338 2280 5375; x_wconf 88' lang='lat' dir='ltr'><strong>rerum</strong></span> <span class='ocrx_word' id='word_1_766' title='bbox 2324 5323 2580 5375; x_wconf 91' lang='lat' dir='ltr'><strong>omnium</strong></span> <span class='ocrx_word' id='word_1_767' title='bbox 2628 5321 2835 5391; x_wconf 88' lang='lat' dir='ltr'><strong>specie,</strong></span> <span class='ocrx_word' id='word_1_768' title='bbox 2877 5336 3005 5372; x_wconf 89' lang='lat' dir='ltr'><strong>cum</strong></span> <span class='ocrx_word' id='word_1_769' title='bbox 3047 5320 3088 5372; x_wconf 85' lang='lat' dir='ltr'><strong>si</strong></span> <span class='ocrx_word' id='word_1_770' title='bbox 3130 5319 3264 5389; x_wconf 89' lang='lat' dir='ltr'><strong>quid</strong></span> <span class='ocrx_word' id='word_1_771' title='bbox 3306 5318 3429 5388; x_wconf 88' lang='lat' dir='ltr'><strong>igni</strong></span> <span class='ocrx_word' id='word_1_772' title='bbox 3466 5326 3564 5372; x_wconf 87' lang='lat' dir='ltr'><strong>aut</strong></span> 
     </span>
    </p>
   </div>
   <div class='ocr_carea' id='block_1_111' title="bbox 1933 5413 3562 5487">
    <p class='ocr_par' dir='ltr' id='par_1_111' title="bbox 1933 5413 3562 5487">
     <span class='ocr_line' id='line_1_112' title="bbox 1933 5413 3562 5487; baseline -0.004 -16"><span class='ocrx_word' id='word_1_773' title='bbox 1933 5417 2053 5471; x_wconf 90' lang='lat' dir='ltr'><strong>neci</strong></span> <span class='ocrx_word' id='word_1_774' title='bbox 2105 5416 2506 5487; x_wconf 87' lang='lat' dir='ltr'><strong>superfuisset,</strong></span> <span class='ocrx_word' id='word_1_775' title='bbox 2560 5415 2873 5484; x_wconf 86' lang='lat' dir='ltr'><strong>captivitati</strong></span> <span class='ocrx_word' id='word_1_776' title='bbox 2924 5416 3336 5467; x_wconf 89' lang='lat' dir='ltr'><strong>reservaretur.</strong></span> <span class='ocrx_word' id='word_1_777' title='bbox 3389 5413 3562 5482; x_wconf 88' lang='lat' dir='ltr'><strong>Cujus</strong></span> 
     </span>
    </p>
   </div>
   <div class='ocr_carea' id='block_1_112' title="bbox 1998 5602 3566 5669">
    <p class='ocr_par' dir='ltr' id='par_1_112' title="bbox 1998 5602 3566 5669">
     <span class='ocr_line' id='line_1_113' title="bbox 1998 5602 3566 5669; baseline -0.006 -10"><span class='ocrx_word' id='word_1_778' title='bbox 1998 5607 2094 5669; x_wconf 73' lang='lat'><strong>(92)</strong></span> <span class='ocrx_word' id='word_1_779' title='bbox 2144 5607 2427 5657; x_wconf 87' lang='lat' dir='ltr'><strong>Barrensis</strong></span> <span class='ocrx_word' id='word_1_780' title='bbox 2480 5604 2649 5654; x_wconf 88' lang='lat' dir='ltr'><strong>editio</strong></span> <span class='ocrx_word' id='word_1_781' title='bbox 2697 5617 2806 5654; x_wconf 88' lang='lat' dir='ltr'><strong>non</strong></span> <span class='ocrx_word' id='word_1_782' title='bbox 2853 5602 3019 5652; x_wconf 88' lang='lat' dir='ltr'><strong>habet</strong></span> <span class='ocrx_word' id='word_1_783' title='bbox 3062 5603 3217 5652; x_wconf 85' lang='lat' dir='ltr'><strong>modo</strong></span> <span class='ocrx_word' id='word_1_784' title='bbox 3273 5618 3286 5650; x_wconf 90' lang='lat'><em>:</em></span> <span class='ocrx_word' id='word_1_785' title='bbox 3336 5604 3566 5652; x_wconf 82' lang='lat' dir='ltr'><strong>fortasse</strong></span> 
     </span>
    </p>
   </div>
   <div class='ocr_carea' id='block_1_113' title="bbox 1937 5681 3566 5812">
    <p class='ocr_par' dir='ltr' id='par_1_113' title="bbox 1937 5681 3566 5812">
     <span class='ocr_line' id='line_1_114' title="bbox 1937 5681 3566 5812; baseline -0.007 -11"><span class='ocrx_word' id='word_1_786' title='bbox 1937 5681 2396 5811; x_wconf 31' lang='lat' dir='ltr'><strong>regdjlaolclliset.</strong></span> <span class='ocrx_word' id='word_1_787' title='bbox 2431 5748 2797 5812; x_wconf 74' lang='lat' dir='ltr'><strong>Sephoritanis</strong></span> <span class='ocrx_word' id='word_1_788' title='bbox 2825 5744 3129 5797; x_wconf 79' lang='lat' dir='ltr'><strong>contributa</strong></span> <span class='ocrx_word' id='word_1_789' title='bbox 3151 5745 3391 5796; x_wconf 70' lang='lat' dir='ltr'><strong>subsidia</strong></span> <span class='ocrx_word' id='word_1_790' title='bbox 3417 5743 3566 5793; x_wconf 74' lang='lat' dir='ltr'><strong>mili-</strong></span> 
     </span>
    </p>
   </div>
   <div class='ocr_carea' id='block_1_114' title="bbox 1937 5817 3202 5885">
    <p class='ocr_par' dir='ltr' id='par_1_114' title="bbox 1937 5817 3202 5885">
     <span class='ocr_line' id='line_1_115' title="bbox 1937 5817 3202 5885; baseline -0.004 -15"><span class='ocrx_word' id='word_1_791' title='bbox 1937 5822 2083 5871; x_wconf 79' lang='lat' dir='ltr'><strong>taria</strong></span> <span class='ocrx_word' id='word_1_792' title='bbox 2111 5820 2344 5885; x_wconf 76' lang='lat' dir='ltr'><strong>regionis</strong></span> <span class='ocrx_word' id='word_1_793' title='bbox 2367 5818 2604 5883; x_wconf 68' lang='lat' dir='ltr'><strong>ﬁnitimas</strong></span> <span class='ocrx_word' id='word_1_794' title='bbox 2627 5819 2994 5870; x_wconf 78' lang='lat' dir='ltr'><strong>incursabant.</strong></span> <span class='ocrx_word' id='word_1_795' title='bbox 3028 5817 3202 5870; x_wconf 62' lang='grc' dir='ltr'><strong>ΒΑΜ..</strong></span> 
     </span>
    </p>
   </div>
   <div class='ocr_carea' id='block_1_115' title="bbox 1998 5889 2525 5954">
    <p class='ocr_par' dir='ltr' id='par_1_115' title="bbox 1998 5889 2525 5954">
     <span class='ocr_line' id='line_1_116' title="bbox 1998 5889 2525 5954; baseline -0.002 -14"><span class='ocrx_word' id='word_1_796' title='bbox 1998 5892 2096 5952; x_wconf 79' lang='grc'><strong>(94)</strong></span> <span class='ocrx_word' id='word_1_797' title='bbox 2134 5889 2407 5954; x_wconf 69' lang='lat' dir='ltr'><strong>Deformis.</strong></span> <span class='ocrx_word' id='word_1_798' title='bbox 2444 5890 2525 5939; x_wconf 88' lang='lat' dir='ltr'><strong>ID.</strong></span> 
     </span>
    </p>
   </div>
  </div>
