4072 6192
471 316 610 369 2179

1886 313 1939 362 S.
1985 309 2296 365 AMBROSII

3667 316 3783 369 2I80

466 439 599 493 mali
627 438 735 510 (95)
782 438 879 491 illa
923 452 1049 506 quae
1091 436 1261 505 paulo
1301 440 1431 488 ante
1476 433 1775 487 acerbiora
1816 433 2099 487 aestimata
2122 446 2327 516 Arum
2368 439 2542 487 strata
2576 451 2587 488 :
2625 433 3007 505 compositum
3052 434 3182 501 iter,
3226 448 3340 504 quo
3382 434 3593 489 facilius
3629 438 3788 491 omnis

468 536 619 597 sunt,
656 530 1130 601 praeferebantur.

1086 622 1307 679 CAPUT
1346 622 1474 675 VIII.

544 721 668 774 Haec
720 716 984 789 praelusio
1048 716 1311 787 quaedam
1370 714 1504 770 belli
1560 713 1734 783 facta,
1788 718 2097 784 antequam

466 814 623 869 Titus
648 812 912 865 veniret:
951 810 1048 880 qui
1089 809 1259 863 simul
1296 815 1467 879 atque
1511 824 1574 861 ex
1609 807 1812 861 Achaia
1847 808 2094 861 Alexan-

470 908 657 963 driam
706 904 1054 971 transmisit,
1115 902 1407 974 perductis
1460 900 1735 957 militibus
1788 900 2099 955 secundum

470 1001 805 1056 mandatum
832 997 1009 1068 patris
1034 996 1107 1051 ad
1134 996 1334 1050 urbem
1378 994 1623 1049 occurrit
1660 994 2095 1064 Ptolemaidem,

471 1095 666 1165 ibique
698 1090 968 1147 connexis
994 1089 1288 1144 ordinibus
1319 1088 1520 1158 quinto
1547 1092 1602 1141 et
1627 1086 1867 1155 decimo,
1901 1087 2099 1141 addito

474 1189 648 1243 etiam
693 1185 895 1256 quinto
937 1183 1179 1248 decimo,
1222 1181 1317 1253 qui
1359 1184 1523 1235 erant
1566 1180 2097 1251 praecellentissimi,

474 1281 935 1352 congregatoque
969 1277 1057 1330 vel
1092 1278 1348 1331 Romano
1384 1275 1466 1328 vel
1505 1274 1787 1328 sociorum
1828 1267 2098 1340 exercitu,

362 1434 367 1443 Α
473 1380 627 1430 atrox
676 1376 732 1428 et
779 1370 1154 1426 memorabile
1198 1369 1413 1423 bellum
1457 1370 1771 1438 coeperunt.
1812 1368 1956 1421 Nam
2001 1367 2101 1421 ubi

476 1468 672 1540 primis
709 1466 881 1521 initiis
917 1463 1141 1535 placido
1174 1462 1301 1517 duci
1337 1477 1603 1533 prospere
1631 1460 1824 1531 gestis,
1859 1460 2103 1515 secunda

472 1563 532 1616 in
573 1562 870 1616 adversum
899 1573 1136 1626 cessere,
1177 1556 1462 1627 profectus
1501 1555 1774 1608 infensior
1799 1553 2099 1625 Vaspasia-

473 1673 579 1711 nus
614 1670 744 1709 cum
790 1652 909 1706 ﬁlio
947 1652 1016 1705 de
1057 1648 1422 1704 Ptolemaidis
1450 1647 1682 1715 ﬁnibus,
1714 1647 1775 1701 in
1816 1647 2103 1701 Galilmam

474 1766 594 1805 sese
624 1746 922 1803 immersit.
953 1743 1308 1815 Cognitoque
1337 1742 1491 1813 quod
1530 1757 1727 1813 pacem
1758 1741 2102 1807 abnuerent,

2201 527 2477 581 exercitus
2516 528 3020 582 transmitteretur.
3060 527 3270 591 Quinto
3315 526 3404 582 die
3451 528 3695 584 transivit
3733 547 3790 585 eo

2198 620 2505 691 .losephus,
2562 621 2920 692 dejectosque
2970 621 3300 676 Iudaeorum
3352 623 3566 677 animos
3616 623 3788 677 erexit.

2197 716 2539 785 Vespasiano
2585 732 2813 785 quoque
2851 715 2949 769 ubi
2994 715 3208 770 factum
3248 716 3520 771 indicium
3558 733 3620 771 eo
3657 717 3791 771 lose-

2201 809 2377 879 phum
2430 824 2808 877 commeasse,
2867 809 3216 864 incentivum
3268 809 3547 864 celerandi
3599 810 3798 864 itineris

2201 902 2451 967 accessit,
2486 903 2635 972 quod
2663 901 2998 956 conﬁciendi
3033 902 3169 957 belli
3209 902 3610 973 compendium
3650 910 3796 974 puta-

2200 999 2307 1064 ret,
2338 996 2385 1050 si
2417 996 2525 1050 dux
2560 999 2618 1050 et
2644 996 2888 1067 populus
2923 996 3069 1050 bello
3112 997 3438 1068 promptior
3461 996 3800 1066 intercipere-

2199 1095 2309 1145 tur.
2364 1090 2601 1145 Advenit
2649 1091 2838 1161 itaque
2886 1106 3019 1144 cum
3068 1090 3352 1160 exercitu;
3405 1096 3460 1145 et
3501 1090 3677 1161 primo
3722 1091 3799 1145 die

2201 1183 2463 1237 curandis
2492 1182 2617 1237 cibo
2649 1183 2943 1250 militibus,
2970 1199 3042 1237 ne
3069 1199 3134 1237 ex
3163 1183 3367 1238 itinere
3398 1183 3662 1255 fatigatos
3685 1200 3800 1237 cura

2202 1277 2335 1330 belli
2366 1277 2672 1331 incesseret
2704 1282 2932 1348 tempus
2969 1276 3144 1331 dedit.
3177 1277 3449 1347 Sequenti
3493 1277 3580 1331 die
3610 1276 3800 1347 duplici

2201 1370 2318 1426 acie
2344 1371 2569 1426 vallavit
2596 1371 2815 1438 urbem,
2847 1377 2903 1426 et
2935 1370 3104 1425 tertio
3144 1370 3389 1441 equestri
3420 1370 3634 1424 ordine.
3661 1370 3801 1434 Quod

2202 1464 2459 1520 videntes
2501 1464 2681 1519 Judaei
2725 1465 2971 1519 inclusos
3020 1480 3098 1527 se,
3147 1469 3201 1517 et
3249 1463 3507 1518 obsessos
3558 1463 3800 1534 undique,

2204 1574 2309 1613 nec
2357 1559 2535 1612 ullum
2583 1557 2792 1629 refugii
2839 1558 2949 1628 (98)
3002 1559 3210 1625 locum,
3264 1557 3387 1628 ipsa
3438 1557 3804 1627 desperatione

2204 1652 2499 1706 audaciam
2542 1667 2851 1722 sumpsere.
2889 1651 3047 1705 Nulla
3084 1651 3239 1704 enim
3285 1666 3377 1705 res
3418 1650 3804 1722 promptiorem

2203 1746 2351 1800 bello
2396 1746 2634 1799 militem
2680 1744 2890 1811 reddit,
2937 1761 3111 1815 quam
3158 1744 3460 1799 necessitas
3505 1743 3803 1816 praeliandi,

476 1844 683 1915 quibus
738 1840 1018 1896 obtulerat
1039 1810 1938 1891 'condemnandze—dissensionis
1992 1810 2263 1905 (96)Bet
2320 1844 2675 1911 praruptum
2739 1810 3075 1908 periculum.
3145 1838 3395 1909 Urgebat
3460 1810 3806 1909 vespasianus

476 1938 729 2008 copiam,
774 1934 819 1988 si
865 1933 971 1987 sibi
1016 1930 1424 1985 consulendum
1477 1932 1777 1999 putarent,
1825 1928 2103 1983 Gadaram

477 2031 730 2086 funditus
784 2026 1018 2095 evertit,
1074 2040 1306 2078 vacuam
1355 2022 1720 2077 bellatoribus
1775 2020 2100 2085 offendens,

476 2124 627 2195 quod
680 2136 878 2176 omnes
930 2117 1261 2185 validiores,
1320 2114 1641 2170 diffidentes
1691 2114 2104 2168 inﬁrmioribus

478 2214 871 2278 munimentis,
901 2213 970 2267 ad
996 2210 1304 2265 munitiora
1334 2226 1451 2264 sese
1478 2208 1858 2263 contulerant.
1890 2209 2099 2278 Repero

476 2312 547 2366 tis
587 2311 776 2380 itaque
820 2322 937 2361 non
978 2305 1253 2376 pepercit,
1302 2303 1403 2357 sed
1449 2319 1650 2357 omnes
1691 2303 1878 2357 necari
1911 2301 2101 2372 jussit,

477 2405 633 2459 nulla
664 2401 846 2457 aetatis
876 2398 1377 2469 contemplatione,
1419 2398 1576 2451 nulla
1617 2395 1967 2450 inﬁrmitatis
2001 2394 2105 2448 mi-

478 2496 805 2561 sericordia,
834 2494 983 2564 quod
1012 2507 1126 2546 non
1152 2495 1270 2545 tam
1293 2492 1423 2561 jure
1448 2489 1601 2559 belli,
1632 2505 1805 2559 quam
1832 2488 2103 2543 Cestianas

478 2607 687 2664 pugnae
725 2589 943 2654 dolore,
976 2590 1033 2640 et
1062 2585 1251 2639 effusis
1292 2585 1348 2639 in
1386 2584 1608 2639 Iudaeos
1643 2582 1787 2637 odiis
1830 2598 2099 2653 exseque-

478 2686 666 2740 batur.
696 2682 951 2751 Denique
979 2695 1092 2733 non
1134 2679 1318 2733 solum
1350 2677 1575 2744 urbem,
1614 2676 1713 2731 sed
1749 2677 1922 2731 etiam
1956 2676 2103 2730 vicos

480 2785 535 2833 et
564 2775 877 2846 municipia
906 2772 1068 2828 exuri
1104 2771 1396 2843 praecepit.
1430 2771 1540 2826 Nec
1571 2770 1780 2840 injusta
1809 2774 1928 2825 erat
1958 2786 2104 2824 com-

479 2874 657 2929 motio
697 2888 710 2925 :
748 2870 880 2942 quia
922 2875 1046 2941 post
1090 2873 1315 2922 tantam
1357 2865 1715 2922 insolentiam
1762 2865 2103 2920 emendandi

479 2967 688 3023 erroris
746 2964 1077 3020 facultatem
1132 2962 1398 3027 dederat,
1463 2976 1567 3015 nec
1623 2960 2100 3029 obtemperatum.

477 3061 796 3118 Transierat
843 3075 909 3112 ex
963 3073 1028 3111 ea
1078 3055 1219 3110 urbe
1273 3054 1549 3124 .losephus
1598 3053 1658 3106 in
1709 3051 2100 3117 Tiberiadem,

476 3155 810 3227 priusquam
878 3151 1165 3205 Romanus
1230 3146 1507 3200 exercitus
1570 3145 2099 3216 appropinquaret;

479 3249 577 3302 sed
605 3247 731 3318 plus
756 3241 1078 3299 formidinis
1106 3256 1174 3294 ex
1201 3240 1361 3309 fuga,
1390 3255 1559 3309 quam
1595 3238 1817 3292 ﬁducita
1854 3254 1919 3292 ex
1956 3253 2098 3309 prae»

480 3341 664 3395 sentia
692 3356 706 3392 :
749 3338 859 3391 hoc
886 3336 1007 3407 ipso
1040 3335 1195 3389 enim
1230 3333 1411 3387 territi
1453 3335 1605 3401 sunt,
1636 3332 1786 3403 quod
1824 3331 1976 3385 bello
2013 3331 2102 3385 ad-

477 3449 672 3488 versus
725 3432 1011 3485 Romanos
1068 3427 1315 3499 gerendo
1374 3427 1660 3496 imparem
1715 3441 1773 3479 se
1826 3426 2103 3495 Iosephus

478 3526 879 3583 arbitrabatur.
910 3525 1105 3594 Neque
1137 3537 1270 3576 vero
1302 3520 1530 3575 aliunde
1566 3518 1949 3591 praesumpsit,
1994 3518 2101 3572 nisi

477 3623 626 3676 forte
676 3618 855 3674 Judaei
904 3617 1090 3672 studia
1137 3615 1271 3670 belli
1317 3614 1682 3685 deponerent.
1734 3614 1807 3666 Ea
1855 3616 1975 3666 erat
2022 3611 2102 3665 illi

477 3713 635 3785 prior
672 3714 781 3783 (97)
819 3712 1102 3765 sententia
1133 3728 1145 3764 :
1179 3709 1224 3763 si
1254 3709 1468 3764 bellum
1508 3707 1803 3778 eligerent,
1846 3706 2015 3760 malle
2044 3721 2103 3759 se

476 3806 774 3863 subeundo
806 3805 1059 3876 periculo
1088 3803 1258 3859 fidem
1289 3802 1521 3867 civibus,
1554 3815 1730 3870 quam
1762 3798 2102 3853 declinando

477 3903 741 3973 prazstare
792 3898 1160 3969 proditorem.
1214 3896 1362 3950 Nihil
1419 3894 1573 3948 enim
1635 3892 1812 3963 magis
1869 3908 2100 3957 cavere,

475 4011 643 4066 quam
673 4009 744 4047 ne
778 3991 1148 4047 commissum
1190 3990 1376 4061 ipsum
1418 3988 1522 4042 sibi
1564 3987 1846 4041 honorem
1887 3985 2102 4039 militiae

476 4090 753 4158 turparet.
795 4088 994 4155 Itaque
1028 4083 1252 4154 scripsit
1299 4082 1367 4136 ad
1414 4080 1613 4135 urbem
1659 4079 2102 4150 Hierosolymam

474 4180 688 4235 bellum
715 4178 1064 4243 incubuisse,
1100 4191 1460 4247 propereque
1494 4173 1875 4227 rescriberent
1901 4188 2101 4244 pacem

478 4290 552 4329 an
595 4272 856 4344 praelium
902 4270 1145 4324 mallent
1183 4287 1195 4322 :
1238 4267 1645 4322 consulendum
1688 4272 1930 4322 mature.
1976 4267 2105 4320 Haec

475 4367 715 4422 strictim
746 4362 1101 4437 signiﬁcavit,
1130 4362 1275 4416 nihil
1302 4376 1581 4432 propense
1610 4360 1667 4414 in
1706 4361 1948 4414 alteram
1975 4376 2101 4431 par-

476 4467 627 4526 tem,
685 4476 756 4514 ne
809 4461 907 4513 aut
964 4456 1203 4512 bellator
1252 4453 1646 4519 meticulosus,
1700 4459 1797 4507 aut
1842 4454 2103 4524 pertinax

474 4554 709 4609 rebellio
733 4553 1104 4623 judicaretur.

1116 4693 1336 4749 CAPUT
1380 4693 1464 4747 IX.

544 4838 756 4891 Rursus
790 4834 860 4889 de
896 4830 1038 4888 urbe
1082 4831 1380 4887 Tiberiade
1417 4832 1737 4901 Jotapatam
1776 4831 1941 4902 petit,
1987 4829 2100 4884 sive

474 4930 622 5003 quod
664 4928 941 4983 munitior
983 4926 1199 4981 caeteris
1241 4928 1410 4989 esset,
1442 4928 1500 4978 et
1540 4929 1842 4995 propterea
1869 4922 1928 4993 in
1953 4939 2102 4977 eam-

471 5024 602 5080 dem
667 5021 895 5094 plurimi
953 5037 1013 5075 se
1067 5018 1435 5074 contulissent
1493 5017 1639 5072 bello
1693 5016 2090 5089 promptiores;

471 5118 585 5173 sive
634 5116 785 5189 quod
834 5132 901 5169 eo
949 5113 1327 5185 Vespasianus
1376 5113 1675 5183 plerosque
1728 5127 1798 5165 ex
1848 5110 1963 5165 suis
2012 5110 2097 5165 di-

472 5216 696 5269 rexerat
721 5211 817 5282 qui
844 5209 1136 5264 munirent
1162 5208 1291 5275 iter,
1317 5205 1465 5277 quod
1492 5221 1596 5276 per
1619 5208 1846 5259 montes
1871 5203 2100 5258 difﬁcile

471 5318 868 5376 saxosumque,
914 5317 1182 5373 asperum
1224 5299 1541 5372 peditibus,
1584 5297 1870 5369 equitibus
1907 5301 2099 5352 autem

468 5399 687 5454 invium
734 5401 907 5470 atque
950 5394 1335 5467 insuperabile
1383 5393 1549 5447 foret.
1597 5392 1855 5462 Denique
1904 5392 2101 5446 diebus

470 5497 733 5561 quatuor,
766 5508 839 5547 ne
873 5489 1152 5561 angustia:
1185 5488 1496 5556 ofﬁcerent,
1535 5490 1785 5540 reserata
1822 5490 1957 5540 sunt
1988 5485 2101 5538 via-

535 5658 631 5722 (95)
660 5658 837 5710 Malis.
862 5658 1040 5711 Bm.

532 5728 626 5789 (98)
657 5729 1024 5780 Diacmiom’s.
1054 5729 1139 5779 ID.

527 5799 628 5862 (97)
654 5798 855 5847 Potior.
883 5798 1015 5847 Mox
1046 5798 1219 5848 videri
1243 5811 1343 5862 pro
1366 5803 1640 5862 praetore.
1674 5798 1755 5849 In.

531 5868 629 5932 (98)
661 5864 860 5930 E/fugii
868 5902 876 5912 .
912 5865 993 5915 In.

481 6087 493 6098 .
539 6029 585 6069 θ

2197 1933 2425 2003 jaculis,
2454 1932 2694 2003 urgebat
2719 1932 2960 2003 sagittis,
2994 1932 3298 1986 missilibus
3335 1948 3565 2002 quoque
3601 1929 3807 2002 plurimi

2202 2026 2527 2081 Iudaeorum
2557 2026 2710 2080 ultra
2736 2041 2928 2080 muros
2959 2026 3269 2096 progressi,
3297 2024 3574 2079 destinata
3592 2023 3809 2079 feriendi

2206 2126 2325 2174 arte
2379 2119 2820 2174 vulnerabantur
2866 2137 2879 2173 :
2928 2118 3236 2174 manebant
3288 2125 3483 2173 tamen
3544 2117 3804 2187 impavidi.

2202 2213 2477 2268 Tentabat
2527 2213 2721 2267 omnia
2772 2213 2947 2266 virtus
2997 2213 3280 2278 Romana;
3334 2218 3393 2267 et
3442 2211 3680 2266 maxime
3729 2209 3806 2264 ubi

2207 2306 2521 2361 inﬁrmiora
2560 2306 2884 2361 adverterat
2926 2322 3223 2360 murorum
3264 2305 3538 2372 subsidia,
3569 2305 3675 2359 illic
3711 2320 3810 2358 ma-

2198 2402 2327 2473 jore
2359 2400 2725 2455 incumbebat
2762 2416 2938 2454 mauu
2969 2417 2981 2454 :
3016 2400 3198 2470 pudor
3239 2400 3362 2465 hos,
3407 2399 3536 2454 illos
3577 2397 3811 2452 armabat

2204 2511 2331 2566 spes
2375 2494 2592 2563 ultima,
2639 2494 2787 2550 ferro
2832 2494 2938 2548 sibi
2981 2494 3203 2564 aperire
3244 2493 3399 2547 viam
3448 2492 3643 2547 salutis
3682 2492 3807 2546 desi-

2204 2589 2482 2642 derantes.
2541 2587 2740 2642 Gravia
2796 2586 3116 2642 tolerabant
3169 2586 3385 2654 Judaei,
3449 2602 3556 2641 nec
3616 2586 3809 2639 minora

2204 2682 2534 2736 referebant
2563 2685 2916 2735 tentamenta
2954 2680 3219 2735 audaciae.
3258 2680 3473 2735 Peritia
3498 2697 3531 2734 a
3565 2678 3809 2734 Romanis

2204 2793 2331 2830 cum
2379 2775 2615 2843 virtute,
2661 2775 2820 2829 furor
2849 2792 2882 2829 a
2911 2774 3117 2829 Judaais
3161 2791 3290 2828 cum
3338 2773 3660 2829 temeritate
3701 2789 3809 2826 cer-

2206 2869 2378 2923 tabat.
2423 2869 2596 2924 Fessis
2634 2869 2825 2939 itaque
2866 2871 2981 2921 tota
3022 2868 3111 2921 die
3156 2868 3267 2921 illis
3310 2884 3418 2938 pro
3465 2868 3660 2931 salute,
3708 2866 3810 2919 istis

2204 2978 2306 3034 pro
2353 2962 2644 3032 triumpho
2697 2960 3121 3027 dimicantibus,
3176 2977 3281 3014 nox
3330 2961 3597 3031 praelium
3645 2958 3809 3014 solvit.

2204 3055 2475 3127 Sequenti
2515 3071 2743 3126 quoque
2783 3055 2873 3109 die
2910 3057 2966 3108 et
3005 3054 3171 3108 tertio
3207 3058 3533 3126 quartoque
3578 3052 3811 3109 consimi-

2205 3150 2363 3216 liter,
2414 3154 2469 3203 et
2517 3148 2720 3219 quinto
2772 3147 3095 3219 praeliatum
3146 3148 3384 3216 acriter;
3435 3148 3535 3203 sed
3582 3152 3643 3202 ut
3688 3145 3811 3201 solet

2202 3242 2327 3296 ﬁeri
2363 3243 2422 3297 in
2452 3242 2660 3297 talibus
2701 3242 2930 3312 praeliis,
2971 3242 3134 3312 plura
3172 3242 3413 3297 vulnera
3457 3258 3627 3314 quam
3666 3254 3811 3295 neces

2202 3336 2612 3403 inferebantur,
2654 3336 2786 3390 licet
2824 3351 2974 3406 saepe
3014 3339 3071 3389 et
3107 3351 3381 3390 excursus
3406 3352 3440 3389 a
3469 3335 3674 3391 Iudaeis
3710 3337 3762 3388 et
3785 3347 3812 3386 a

2206 3430 2471 3484 Romanis
2521 3433 2878 3484 tentarentur
2929 3430 3255 3500 eruptiones
3309 3447 3322 3484 :
3381 3446 3528 3501 quos
3578 3430 3635 3483 in
3690 3428 3812 3482 iram

2203 3523 2544 3578 accendebat
2587 3522 2793 3593 pudor,
2836 3539 2904 3577 eo
2957 3524 3107 3593 quod
3156 3524 3397 3579 victores
3442 3522 3725 3579 Annibalis
3767 3522 3811 3574 et

2204 3616 2468 3671 Antiochi
2532 3616 2907 3687 omniumque
2972 3617 3265 3687 gentium,
3321 3618 3569 3672 Judaicis
3626 3614 3812 3687 praeliis

2204 3710 2675 3765 immorabantur.
2727 3711 2903 3764 Tanta
2947 3716 3068 3764 erat
3112 3711 3390 3765 Romanas
3432 3710 3652 3766 virtutis
3697 3723 3810 3763 con-

2204 3804 2411 3858 stantia
2438 3804 2575 3875 (99),
2606 3806 2667 3857 ut
2704 3821 2816 3857 non
2858 3805 2969 3858 cito
3001 3805 3224 3859 vincere
3263 3820 3397 3875 pars
3425 3805 3553 3859 victi
3586 3804 3807 3858 aestima-

2206 3901 2391 3965 retur;
2450 3898 2543 3952 sed
2595 3897 2863 3953 adversus
2912 3901 3179 3952 naturam
3243 3897 3426 3968 magis
3478 3903 3638 3954 erant
3686 3897 3808 3960 illis,

2204 4008 2378 4063 quam
2404 3992 2461 4045 in
2494 3992 2716 4045 hostem
2752 3990 3083 4045 certamina.
3116 3992 3256 4045 Nam
3301 3992 3502 4046 civitas
3536 3988 3811 4062 praeruptis

2207 4086 2457 4157 undique
2487 4102 2666 4157 prope
2691 4092 2813 4139 erat
2837 4085 3142 4140 interclusa
3168 4084 3430 4156 rupibus,
3459 4102 3575 4141 non
3606 4084 3740 4139 vallo
3763 4086 3811 4137 et

2206 4181 2374 4248 fossa,
2424 4186 2488 4234 ut
2530 4180 2655 4233 alia;
2706 4178 2892 4249 urbes,
2924 4179 3022 4234 sed
3069 4179 3374 4250 profundis
3422 4183 3545 4234 erat
3592 4180 3805 4233 circum-

2205 4273 2413 4328 vallata
2449 4272 2794 4345 praecipitiis,
2833 4289 2961 4343 quae
3000 4289 3104 4327 nec
3148 4272 3296 4327 visus
3337 4274 3640 4328 hominum
3680 4285 3808 4326 com-

2205 4368 2609 4439 prehenderet,
2654 4383 2757 4422 nec
2798 4383 2932 4421 usus
2962 4367 3357 4437 investigaret,
3406 4374 3464 4422 et
3514 4368 3678 4421 horor
3719 4363 3807 4418 sol-

2202 4460 2410 4516 licitius
2441 4460 2517 4531 (l)
2541 4459 2867 4515 intuentem
2901 4461 3088 4531 magis
3130 4460 3426 4531 magisque
3472 4460 3760 4515 involveret
3792 4472 3803 4509 :

2120 4545 2431 4616 Dtantum
2481 4555 2551 4609 ab
2604 4554 2877 4626 aquilone
2921 4554 2981 4608 in
3032 4554 3240 4608 montis
3292 4555 3521 4609 defectu
3572 4569 3707 4609 unus
3749 4549 3807 4603 ad

2206 4649 2407 4703 urbem
2466 4664 2750 4714 accessus,
2804 4648 2984 4703 arduo
3040 4655 3232 4707 tamen
3290 4660 3525 4703 ascensu
3584 4645 3804 4719 patebat.

2204 4742 2389 4807 Quem
2431 4742 2713 4813 Iosephus
2752 4758 2917 4796 muro
2956 4742 3287 4808 interclusit,
3321 4739 3809 4814 propugnatoribus

2202 4836 2396 4906 sepsit,
2425 4840 2487 4889 ut
2514 4836 2665 4889 inter
2692 4851 2925 4890 murum
2958 4834 3290 4890 inferiorem
3326 4841 3384 4889 et
3426 4835 3626 4889 urbem
3659 4846 3806 4902 supe-

2201 4930 2411 4983 riorem
2458 4929 2773 4998 periculosa
2819 4930 3042 5000 eruptio
3088 4929 3162 5000 (2)
3212 4929 3375 4984 fieret
3416 4926 3804 4987 obsidentibus,

2200 5027 2255 5076 et
2302 5022 2550 5077 intuenti
2602 5026 2751 5076 esset
2806 5022 3215 5077 inaestimabilis
3272 5022 3523 5094 cognitio
3578 5019 3805 5093 superio-

2201 5131 2349 5170 rum.
2379 5115 2582 5170 Civitas
2608 5116 2763 5170 enim
2790 5116 2910 5187 ipsa
2938 5117 2999 5170 in
3036 5116 3249 5172 montis
3286 5116 3584 5188 supercilio
3611 5116 3723 5180 sita,
3749 5112 3799 5165 in

2200 5208 2440 5264 circuitu
2468 5209 2843 5264 ﬁnitimorum
2882 5211 3165 5265 montium
3201 5212 3354 5266 velut
3386 5211 3626 5283 quodam
3656 5211 3796 5262 natu-

2200 5303 2305 5357 rali
2333 5303 2480 5357 vallo
2509 5302 2969 5358 circumdabatur
2996 5308 3157 5375 septo
3196 5305 3435 5376 genitali
3471 5300 3796 5362 abscondita,

2205 5401 2265 5451 ut
2287 5411 2460 5450 nemo
2490 5395 2646 5465 prius
2673 5397 2786 5451 illic
2820 5398 3021 5452 urbem
3063 5414 3185 5454 esse
3210 5398 3510 5470 intelligat,
3553 5411 3715 5469 quam
3747 5394 3794 5447 in

2200 5490 2406 5544 urbem
2437 5489 2618 5560 ipsam
2645 5490 2822 5544 fuerit
2849 5491 3155 5561 ingressus.

2267 5657 2363 5721 (99)
2403 5656 2750 5709 Conscientia.
2784 5657 2864 5707 In.

2266 5731 2330 5790 (1)
2358 5728 2644 5780 Sollicitus.
2676 5729 2761 5779 ID.

2265 5799 2329 5862 (2)
2361 5800 2613 5865 Irruptio.
2649 5801 2729 5850 In.
