4000 6166
215 308 317 361 2l8i
1167 301 1251 356 DE
1295 301 1566 355 EXCIDIO
1608 300 1795 355 URBIS

1968 298 2200 354 RUSOL.
2244 301 2367 354 LIB.
2416 301 2501 355 III.
3212 304 3215 307 λ
3375 306 3543 363 218ἳ

814 424 1033 478 CAPUT
1064 426 1122 478 Χ.
1808 422 2100 507 Aferebat
2145 423 2461 494 intrepidus
2498 425 2557 478 in
2599 434 2903 496 conspectu
2942 429 3421 497 adversariorum,
3460 437 3516 485 et

272 516 599 588 Vespasianus
625 531 754 569 cum
781 516 1007 571 vincere
1045 521 1307 571 naturam
1342 520 1624 589 nequiret,
1655 537 1783 574 eam
1888 523 2086 586 patens
2112 517 2355 573 vulneri.
2386 518 2640 589 Denique
2664 519 2867 590 jaculis
2895 520 3145 594 quinque
3170 523 3385 594 ﬁgitur,
3415 525 3512 580 sed

208 612 295 667 sibi
326 612 432 682 ipse
472 609 525 661 in
566 608 966 677 adjumentum
1028 611 1340 680 accersivit,
1389 618 1448 666 ut
1489 612 1786 667 obsidione
1889 626 2248 682 nequaquam
2297 628 2604 667 conversus
2648 613 2719 667 ad
2763 614 3016 683 vulnera,
3056 617 3344 687 quomodo
3392 619 3513 689 ipse

210 706 440 760 diuturna
476 718 572 772 per
614 702 871 773 iu0piam
907 703 1014 758 cibi
1053 709 1109 760 et
1142 711 1308 776 polus
1345 710 1576 777 cogeret
1603 706 1786 761 obses-
1887 704 2007 758 saxi
2042 704 2211 759 ruina
2236 706 2461 761 hostem
2496 706 2831 775 iuvolveret,
2862 708 3216 764 intendebat.
3247 712 3515 768 Ascendit

202 816 274 854 sos
296 797 359 852 ad
393 794 769 862 deditionem;
800 797 898 851 sed
938 798 1211 853 frumenti
1242 800 1401 870 copia
1441 800 1622 855 multo
1651 805 1784 855 ante
1888 798 2075 868 itaque
2114 814 2365 867 murum,
2406 803 2463 855 et
2508 801 2690 856 victor
2731 801 2943 857 doloris
2988 802 3144 858 stetit
3183 804 3525 875 conspicuus'

202 894 448 961 congesta,
475 889 835 959 propulsabat
874 891 1188 962 periculum
1230 893 1417 949 famis.
1447 896 1627 965 Aquae
1669 900 1786 948 erat
1889 893 2060 945 tantae
2088 894 2572 964 praesumptionis,
2602 911 2668 949 ac
2709 912 2879 965 super
2918 895 3155 951 arietem
3185 914 3245 952 se
3277 915 3510 954 saxum-

200 983 468 1039 difﬁcultas
494 983 757 1050 maxima,
787 984 916 1054 quia
957 1002 1143 1057 neque
1189 987 1338 1041 ullus
1378 986 1436 1041 in
1478 986 1615 1041 urbe
1640 988 1784 1054 fons,
1887 1000 1997 1056 que
2057 985 2297 1056 dejecit,
2353 991 2410 1042 et
2459 1005 2586 1042 cum
2640 1004 2707 1043 eo
2760 990 2991 1043 corruit.
3046 990 3232 1045 Victus
3285 992 3515 1063 quidem

199 1083 244 1133 et
268 1075 515 1132 solemnis
544 1076 761 1131 siccitas
798 1077 938 1133 raris
978 1096 1084 1150 per
1119 1096 1182 1134 ea
1224 1081 1477 1136 locorum
1512 1080 1787 1136 imbribus
1888 1082 2094 1146 morte,
2132 1080 2235 1134 sed
2275 1081 2458 1135 victor
2495 1081 2962 1151 machinamenti,
2996 1099 3124 1138 cum
3164 1083 3223 1137 in
3262 1101 3321 1138 se
3361 1087 3514 1141 solus

193 1169 393 1225 bibendi
448 1168 759 1223 subsidium
834 1175 1244 1228 attenuaverat.
1308 1174 1515 1229 Ductus
1586 1190 1787 1229 omnes
1887 1172 2205 1228 discesserit
2238 1174 2312 1245 (4)
2339 1174 2562 1245 patriae,
2590 1175 2651 1229 in
2680 1176 3129 1231 machinamenti
3151 1183 3341 1233 autem
3366 1195 3515 1235 com-

193 1280 435 1335 aquarum
469 1262 849 1332 obstruxerat,
891 1281 961 1320 ne
1000 1266 1059 1319 in
1109 1267 1307 1321 urbem
1346 1273 1627 1323 mearent.
1670 1271 1783 1321 Au-
1889 1266 2232 1333 minutione,
2284 1270 2465 1321 totam
2519 1268 2725 1323 urbem
2786 1270 2858 1323 ab
2915 1270 3134 1325 excidio
3189 1274 3511 1328 servaverit.

189 1357 333 1427 gebat
370 1355 551 1427 inopia
597 1356 951 1423 aviditatem,
984 1361 1341 1431 repugnabat
1364 1366 1585 1417 natura.
1618 1363 1782 1418 Com-
1889 1361 2122 1431 Netyras
2152 1377 2380 1432 quoque
2423 1367 2481 1416 et
2517 1361 2808 1433 Philippus
2847 1362 2903 1416 in
2947 1363 3201 1419 medium
3235 1382 3295 1419 se
3322 1366 3514 1436 jecere

188 1456 414 1504 mentum
451 1450 728 1520 Iosephus
759 1450 983 1519 detulit,
1025 1458 1084 1507 ut
1133 1454 1332 1508 infusa:
1384 1459 1565 1510 vestes
1619 1474 1785 1512 muro
1888 1469 2121 1524 agmen,
2154 1460 2218 1508 ut
2253 1459 2590 1523 averterent,
2622 1471 2762 1525 quos
2794 1456 3080 1527 petierant
3117 1457 3214 1529 (5).
3245 1460 3515 1531 Iosephus

185 1543 655 1615 suspenderentur,
717 1561 832 1616 quo
900 1547 1177 1617 paulatim
1229 1549 1550 1604 rotantibus
1602 1553 1783 1622 aquis,
1886 1551 2081 1602 autem
2110 1547 2336 1619 ignibus
2366 1550 2526 1617 actis,
2562 1551 2623 1602 ut
2648 1549 3115 1605 machinamenta
3145 1553 3335 1606 omnia
3369 1570 3510 1609 exu-

183 1637 482 1692 crederetur
510 1637 619 1691 illis
648 1655 760 1693 non
797 1639 993 1695 deesse
1037 1641 1107 1695 ad
1153 1645 1552 1715 potum,quod
1599 1645 1781 1699 abun-
1889 1646 2058 1708 reret,
2103 1641 2258 1696 brevi
2308 1642 2658 1713 consumpsit
2710 1642 2977 1713 plurima,
3024 1643 3120 1699 sed
3179 1654 3513 1718 consumpta

180 1731 315 1785 daret
338 1731 403 1785 ad
432 1731 721 1786 lavacrum
753 1734 1247 1789 vestimentorum.
1806 1804 1839 1805 ί
1886 1734 2315 1805 reparabantur.

804 1828 1027 1882 CAPUT
1051 1829 1136 1884 XI.
1804 1804 1860 1874 B
2510 1807 2731 1862 CAPUT
2778 1808 2889 1862 xu.

236 1918 478 1989 Dejectus
524 1935 594 1973 eo
646 1920 1037 1991 Vespasianus,
1085 1940 1280 1977 rursus
1314 1925 1387 1978 ad
1442 1941 1779 1997 expugnan-
1958 1922 2208 1976 Instabat
2246 1922 2642 1993 Vespasianus,
2686 1923 2929 1993 urgebat
2964 1924 3041 1978 ita
3082 1930 3144 1980 ut
3178 1926 3238 1980 in
3276 1928 3388 1982 talo
3426 1930 3509 1983 fe-

174 2012 283 2066 dam
328 2011 527 2067 urbem
571 2014 925 2081 accenditur,
966 2018 1138 2087 atque
1184 2033 1417 2072 omnem
1470 2020 1781 2074 exercitum
1887 2015 2094 2070 riretur
2122 2017 2318 2086 jaculo
2362 2017 2606 2087 sagittae.
2644 2016 2878 2071 Turbati
2911 2021 3045 2072 sunt
3085 2019 3343 2088 Romani,
3384 2038 3515 2078 cum

173 2106 296 2159 cura
340 2111 703 2177 congregat:
759 2109 1039 2164 machinis
1079 2126 1311 2165 murum
1359 2112 1562 2183 quatit,
1603 2114 1787 2184 pulsat
1885 2109 2222 2179 sanguinem
2299 2110 2458 2164 ducis
2532 2111 2709 2165 tluere
2784 2113 3106 2167 cernerent.
3181 2113 3515 2185 Exagitatus

167 2200 309 2254 aries.
337 2201 553 2254 Nomen
581 2201 690 2256 hoc
727 2203 941 2272 species
981 2203 1159 2273 dedit,
1185 2221 1251 2258 eo
1293 2206 1443 2277 quod
1486 2206 1682 2261 validas
1720 2225 1785 2262 ac
1886 2202 2066 2261 ﬁliUS.
2125 2203 2373 2257 cucurrit
2422 2203 2495 2257 ad
2549 2207 2793 2274 patrem.
2849 2204 2959 2259 Sed
3016 2205 3111 2260 ille
3175 2223 3344 2278 supra
3396 2208 3513 2264 vim

170 2293 376 2348 nodosa!
423 2293 653 2349 arboris
688 2300 857 2367 caput
924 2297 1074 2352 ferro
1111 2298 1366 2366 vestitur,
1417 2306 1475 2355 et,
1522 2301 1674 2371 quod
1724 2306 1786 2355 ut
1886 2297 2131 2352 vulneris
2160 2298 2430 2351 virtutem
2460 2313 2667 2369 gerens
2704 2297 2899 2365 animi,
2935 2298 3202 2369 prohibet
3223 2302 3513 2372 trepidare

165 2385 297 2441 frons
347 2388 546 2442 arietis
620 2389 1023 2459 praetenditur,
1062 2407 1189 2462 quae
1248 2392 1504 2447 obductis
1560 2395 1784 2448 laminis
1884 2390 2088 2455 ﬁlium,
2136 2392 2431 2462 magisque
2475 2390 2533 2444 in
2572 2391 2832 2462 praelium
2876 2391 3132 2447 accendit
3178 2394 3408 2461 milites,
3454 2400 3516 2451 ut

166 2482 413 2551 turgescit
447 2486 508 2537 et
540 2482 874 2553 prominet;
916 2487 973 2539 et
1012 2485 1200 2540 medio
1243 2487 1365 2557 ejus
1403 2486 1563 2558 quasi
1607 2504 1783 2542 cornu
1887 2484 2153 2553 injuriam
2194 2484 2354 2538 ducis
2392 2484 2820 2538 ulciscerentur.
2852 2486 2973 2555 Ipse
3008 2485 3248 2557 signifer
3282 2503 3511 2543 revoca-

161 2575 393 2643 procedit
420 2576 566 2630 ferri
606 2576 910 2632 solidioris.
941 2578 1270 2650 Magnitudo
1300 2580 1515 2635 arboris
1555 2581 1613 2635 in
1656 2598 1782 2636 mo-
1887 2577 1982 2631 bat
2005 2577 2338 2644 exercitum,
2373 2584 2429 2632 et
2457 2577 2531 2632 ad
2559 2594 2752 2632 muros
2780 2578 3034 2650 cogebat.
3062 2580 3185 2651 Ipse
3212 2581 3272 2635 in
3296 2582 3512 2638 bellum

163 2667 277 2721 dum
322 2670 452 2723 mali
508 2670 750 2737 navalis,
784 2688 956 2743 quam
1010 2688 1123 2727 non
1176 2679 1477 2729 ventorum
1511 2676 1781 2745 procella,
1819 2744 1824 2749 .
1887 2674 2119 2725 caeteros
2172 2670 2603 2737 adhortabatur,
2654 2670 2749 2725 alii
2795 2671 3033 2742 sagittis,
3080 2672 3174 2728 alii
3222 2674 3367 2743 telis,
3417 2675 3515 2730 alii

158 2778 256 2816 non
304 2763 563 2819 velorum
612 2765 773 2819 sinus
810 2765 1058 2820 ﬂectant.
1115 2769 1191 2821 Ea
1233 2784 1508 2838 suspensa
1557 2768 1785 2823 funibus
1886 2764 2104 2818 balistis
2142 2764 2364 2818 hostem
2408 2764 2706 2835 urgebant.
2744 2766 2919 2820 Tanta
2956 2771 3145 2822 autem
3181 2771 3307 2823 erat
3344 2768 3514 2840 hujus

159 2854 215 2908 ad
250 2857 546 2926 superiora
593 2863 771 2930 atque
800 2860 1032 2914 robusta
1061 2860 1330 2915 arborum
1360 2862 1546 2926 nexis,
1577 2863 1781 2917 multo-
1886 2857 2156 2911 tormenti
2191 2858 2292 2924 vis,
2336 2874 2449 2928 quo
2497 2874 2627 2912 saxa
2666 2860 2725 2912 in
2772 2858 2994 2914 hostem
3030 2860 3409 2930 jaciebantur,
3449 2869 3514 2918 ut

153 2964 264 3003 rum
303 2967 484 3005 manu
522 2951 720 3006 valide
750 2951 809 3006 in
842 2970 1073 3014 murum
1104 2954 1520 3025 impellebatur.
1568 2956 1785 3010 Deinde
1888 2966 2187 3021 percussas
2227 2967 2378 3006 unus
2416 2968 2483 3005 ex
2525 2951 2691 3006 sociis
2733 2953 2962 3024 Iasephi
2998 2954 3096 3026 qui
3139 2970 3316 3025 prope
3363 2960 3511 3011 asta-

154 3047 442 3099 retrorsum
461 3045 672 3113 ducta,
691 3050 860 3117 atque
882 3047 940 3101 in
962 3049 1190 3101 staterae
1208 3048 1443 3103 modum
1471 3052 1788 3104 sustentata
1888 3050 1997 3109 ret,
2043 3045 2398 3099 comminuto
2438 3045 2624 3116 capite
2667 3051 2880 3114 rueret,
2922 3052 2983 3101 et
3025 3047 3348 3119 occipitium
3392 3049 3515 3120 ejus

150 3136 482 3203 retinaculis,
536 3139 771 3209 majore
821 3139 1037 3210 impetu
1087 3139 1499 3207 destinabatur,
1558 3147 1618 3197 ut
1664 3158 1783 3196 cre-
1806 3170 1861 3243 Ο
1889 3154 2067 3209 usque
2097 3138 2168 3192 ad
2207 3138 2439 3194 tertium
2478 3138 2725 3194 stadium
2766 3145 3125 3196 excuteretur
3153 3141 3261 3213 (6);
3306 3142 3518 3198 mulier

148 3228 249 3283 bris
273 3230 481 3286 ictibus
508 3232 831 3303 fatigatum
863 3233 1015 3287 muri
1044 3234 1195 3288 latus
1222 3234 1472 3301 cederet,
1502 3241 1785 3291 cavatum-
1814 3228 1861 3243 ν
1887 3248 2113 3303 quoque
2152 3233 2273 3287 alvo
2316 3233 2505 3305 gravis
2548 3249 2817 3303 percussa
2851 3239 3094 3304 uterum,
3131 3252 3305 3307 supra
3340 3236 3513 3292 dimi-

144 3338 241 3393 que
274 3325 325 3379 vi
365 3326 646 3398 rupturis
683 3326 755 3397 (3)
806 3327 1111 3381 fenestram
1150 3327 1329 3395 daret,
1365 3345 1476 3399 qua
1522 3330 1788 3385 Romanis
1888 3326 2045 3380 dium
2077 3326 2247 3381 stadii
2290 3326 2360 3381 de
2390 3326 2594 3381 intima
2623 3326 2756 3381 sede
2792 3328 2995 3383 secreti
3037 3328 3314 3399 genitalis,
3342 3347 3514 3386 excu-

146 3416 384 3474 hostibus
412 3420 511 3474 via
543 3421 612 3474 in
639 3420 917 3475 interiora
942 3420 1101 3475 urbis
1130 3428 1371 3491 pateret.
1395 3422 1584 3477 Primo
1614 3423 1789 3494 igitur
1889 3423 2039 3474 teret
2090 3419 2391 3474 infantem.
2444 3420 2531 3474 Ad
2584 3424 2939 3491 postremum
2991 3438 3121 3477 cum
3174 3423 3354 3479 victor
3396 3425 3515 3496 jam

142 3508 237 3565 ictu
286 3530 505 3569 murus
552 3530 864 3569 concussus
920 3517 1027 3581 est,
1081 3516 1535 3587 contremuitque
1579 3517 1785 3571 omnis.
1891 3530 2056 3568 muro
2090 3514 2385 3568 Romanus
2422 3513 2587 3567 miles
2619 3515 2975 3589 succederet,
3015 3520 3073 3570 et
3104 3517 3164 3570 in
3202 3516 3324 3588 ipso
3362 3519 3519 3575 aditu

142 3603 354 3661 Clamor
397 3608 568 3663 illico
618 3608 1041 3678 universorum,
1075 3609 1236 3679 quasi
1280 3613 1605 3680 expugnata
1647 3611 1789 3665 urbe
1890 3606 2155 3677 utrinque
2202 3606 2387 3661 valida
2443 3623 2619 3660 manu
2674 3606 3098 3673 decertaretur,
3153 3610 3297 3665 sicut
3356 3617 3521 3668 erant

137 3699 577 3771 trepidantium,
654 3718 728 3755 ne
791 3717 1160 3773 repercussus
1223 3718 1420 3757 murus
1480 3703 1787 3760 fatisceret.
1890 3700 2158 3768 conserti,
2188 3700 2317 3755 oleo
2341 3699 2588 3754 ferventi
2612 3700 2894 3770 Iosephus
2924 3700 3189 3771 perfundi
3226 3704 3518 3760 Romanos

138 3790 235 3846 Sed
268 3797 569 3867 Iosephus
618 3811 815 3850 saccos
862 3796 1040 3867 paleis
1088 3795 1358 3867 repletos,
1402 3796 1461 3851 in
1517 3814 1648 3852 eum
1700 3798 1788 3852 di-
1884 3794 2072 3865 jubet,
2103 3793 2256 3866 quod
2282 3793 2445 3848 facile
2470 3809 2502 3847 a
2530 3794 2741 3848 vertice
2770 3794 2842 3848 ad
2876 3794 2996 3849 ima
3031 3794 3320 3850 deﬂuebat
3349 3798 3514 3853 vesti-

131 3884 267 3942 mitti
302 3887 518 3945 locum
587 3890 889 3962 praeepit,
935 3890 994 3944 in
1040 3906 1211 3960 quem
1259 3891 1408 3945 aries
1447 3908 1481 3945 a
1524 3891 1792 3946 Romanis
1894 3888 2007 3958 gia.
2060 3889 2170 3942 Nec
2213 3888 2404 3942 minor
2452 3887 2718 3944 incendio
2760 3886 3008 3942 ﬂammas
3052 3889 3369 3959 candentis,
3408 3891 3521 3946 olei

130 3978 612 4054 intorquebatur,
660 3988 725 4038 ut
771 3983 898 4039 laxo
950 4000 1241 4039 saccorum
1290 3984 1417 4039 sinu
1461 3985 1581 4040 lusa
1623 3986 1793 4057 plaga
1895 3982 2083 4035 fervor
2117 3997 2318 4036 omnes
2357 3984 2512 4035 artus
2555 3980 2978 4052 depascebatur.
3009 3982 3396 4038 Succedebant
3432 3988 3517 4039 ta-

126 4075 301 4130 omnis
327 4077 546 4133 arietis
593 4077 979 4133 emolliretur.
1012 4077 1160 4133 lllisa
1194 4078 1349 4133 enim
1388 4078 1583 4134 solidis
1616 4079 1795 4133 solida
1896 4092 2031 4129 men
2069 4075 2183 4143 alii,
2225 4074 2513 4145 plerisque
2556 4074 2731 4129 etiam
2769 4074 2948 4130 sudor
2975 4074 3227 4146 proﬂuus
3266 4075 3377 4131 olei
3405 4077 3521 4133 vim

127 4174 346 4238 nocent,
405 4171 804 4227 solutioribus
858 4174 1221 4227 evacuantur.
1272 4173 1524 4243 Denique
1574 4172 1795 4227 facilius
1894 4168 2287 4239 refrigerabat.
2318 4169 2386 4222 Et
2412 4168 2671 4239 quamvis
2700 4168 3038 4239 hujusmodi
3056 4169 3167 4224 olei
3199 4173 3402 4225 natura
3426 4170 3518 4238 sit,

122 4261 397 4320 solidiora
441 4265 833 4320 mollioribus
870 4266 1096 4336 cedunt,
1145 4283 1314 4337 quam
1355 4266 1623 4322 molliora
1661 4267 1790 4321 soli-
1897 4268 1958 4317 ut
1985 4262 2097 4317 cito
2131 4263 2389 4331 calescat,
2420 4267 2477 4317 et
2512 4262 2693 4317 serius
2724 4265 3067 4334 conceptum
3093 4262 3348 4335 deponat
3367 4264 3519 4320 calo-

120 4355 389 4414 dioribus.
423 4361 589 4414 Nam
625 4361 687 4413 et
719 4374 883 4430 aquae
926 4360 1207 4414 alluvione
1246 4360 1460 4431 scopuli
1504 4361 1797 4415 solvuntur
1896 4374 2042 4425 rem,
2072 4360 2265 4411 tamen
2287 4355 2541 4411 victorias
2560 4356 2750 4411 studio
2775 4356 3203 4412 abscondebant
3225 4358 3519 4429 injuriam.

118 4465 217 4507 nec
260 4453 442 4510 ruina
494 4453 677 4525 rupis
717 4452 897 4507 ullum
942 4457 1030 4508 est
1070 4453 1344 4509 damnum
1387 4470 1688 4525 aquarum,
1739 4458 1796 4509 et
1896 4451 2183 4506 Ardebant
2235 4450 2476 4515 animis,
2537 4456 2597 4504 ut
2654 4450 2877 4504 nullum
2931 4450 3183 4521 corporis
3241 4451 3525 4507 sentirent

111 4545 275 4612 jactis
310 4549 379 4602 in
430 4549 615 4604 freta
661 4546 931 4616 molibus,
974 4563 1124 4619 aqua
1170 4564 1302 4603 suos
1342 4565 1473 4603 usus
1518 4554 1788 4616 reservat;
1813 4541 2248 4614 Dincendium,
2291 4559 2397 4598 nec
2438 4544 2581 4598 tanti
2622 4542 2989 4598 aestimabant
3025 4560 3211 4615 preme
3256 4545 3526 4601 ferventis

113 4638 206 4694 sed
244 4646 425 4712 petra
472 4642 654 4696 inter
693 4640 875 4695 undas
915 4656 1202 4696 reservare
1242 4658 1375 4697 suos
1413 4642 1610 4697 nescit.
1652 4645 1789 4696 Are-
1895 4637 2175 4704 dolorem,
2225 4637 2425 4708 quanti
2476 4636 2841 4708 dispendium
2887 4636 3107 4708 gloriae,
3153 4637 3199 4692 si
3250 4641 3527 4711 tanquam

111 4747 242 4787 nam
273 4751 540 4808 quoque
587 4734 902 4789 marmoris
941 4734 1103 4789 ruina
1136 4750 1250 4789 non
1283 4736 1516 4806 frangit,
1549 4738 1605 4791 et
1634 4751 1790 4789 mar-
1895 4737 2149 4787 exsortes
2177 4730 2602 4802 triumphorum
2633 4730 2973 4785 desisterent
3006 4731 3179 4801 bello,
3207 4732 3308 4804 qui
3355 4732 3528 4788 duces

112 4840 234 4882 mor
258 4844 475 4885 arente
524 4828 721 4883 ruina
756 4827 1184 4883 comminuitur.
1221 4829 1559 4883 [tetulerunt
1598 4832 1793 4884 tamen
1893 4825 2121 4880 fuerant
2156 4824 2563 4896 periculorum.
2605 4824 2704 4879 Vel
2738 4824 3017 4895 sanguine
3051 4825 3243 4897 itaque
3286 4841 3388 4881 suo
3428 4840 3521 4882 re-

107 4921 276 4977 etiam
327 4922 642 4989 Romani,
687 4937 802 4993 quo
835 4925 1160 4977 commenta
1204 4922 1536 4977 refellerent
1570 4922 1792 4977 Iudzeo-
1896 4918 2189 4990 stinguere
2220 4916 2555 4973 incendium
2586 4917 2698 4973 olei
2721 4917 3040 4973 certabant.

105 5029 254 5085 tum,
287 5022 527 5074 contra
578 5015 760 5071 falces
798 5016 1064 5087 ligantes,
1093 5015 1300 5088 quibus
1339 5015 1614 5071 demissos
1653 5016 1791 5071 inci-
2516 5012 2739 5067 CAPUT
2776 5012 2907 5067 XIII.

103 5109 311 5167 delent
359 5127 617 5178 saccos,
656 5110 808 5181 quod
842 5110 1093 5165 vacuatis
1136 5110 1311 5181 paleis
1350 5109 1561 5166 evitare
1601 5110 1796 5165 arietis
1971 5109 2081 5161 Hac
2139 5122 2299 5162 mora
2351 5106 2686 5172 obsidionis,
2732 5106 2904 5161 etiam
2953 5105 3152 5177 Iaphas
3197 5106 3354 5162 urbis
3398 5122 3526 5179 qua:

100 5202 275 5262 ictum
334 5205 718 5279 nequirent.
780 5204 1066 5275 Reparato
1122 5202 1309 5275 itaque
1365 5203 1618 5274 impulsu
1670 5219 1793 5258 ma-
1900 5201 2086 5255 vicina
2130 5204 2274 5265 erat,
2319 5201 2562 5272 populus
2599 5200 2960 5266 insoleverat,
3003 5200 3156 5270 quod
3195 5200 3290 5255 diu
3324 5200 3520 5257 decer-

96 5299 307 5367 chinea,
340 5317 497 5356 cum
545 5315 623 5353 se
665 5297 845 5353 Iudaei
880 5296 1077 5369 urgeri
1117 5296 1397 5365 viderent,
1426 5312 1576 5352 unus
1614 5313 1685 5351 ex
1711 5296 1799 5351 his
1898 5295 2163 5349 uehatur.
2212 5294 2375 5349 Unde
2422 5299 2609 5349 motus
2656 5293 3043 5362 Vespasianus,
3086 5294 3393 5364 Trajanum
3426 5294 3527 5367 qui

98 5390 439 5465 Eleazarus,
502 5392 781 5463 ingentis
833 5390 1239 5463 magnitudinis
1292 5408 1491 5446 saxum
1546 5391 1796 5457 elevans,
1903 5392 2144 5469 praeerat
2196 5388 2385 5443 ordini
2437 5387 2637 5458 quinto
2691 5385 2946 5452 decimo,
2999 5386 3249 5442 ductoris
3306 5387 3526 5455 ofﬁcio,

94 5486 162 5541 de
192 5505 381 5544 muro
432 5501 655 5559 super
682 5486 922 5541 arietem
964 5485 1113 5540 elisit
1148 5490 1306 5541 tanta
1345 5485 1420 5551 vi,
1454 5488 1518 5540 ut
1555 5483 1797 5539 commi-
1903 5482 2109 5538 direxit
2151 5499 2283 5538 cum
2334 5482 2491 5537 mille
2538 5479 2861 5551 equitibus,
2910 5486 2965 5535 et
3009 5480 3233 5536 duobus
3282 5481 3534 5537 millibus

94 5589 306 5639 nueret
358 5585 569 5655 caput
629 5578 1100 5634 machinamenti.
1150 5579 1429 5634 Exsiliens
1471 5594 1698 5650 quoque
1743 5579 1800 5631 in
1903 5578 2152 5632 virorum
2206 5576 2424 5631 militiae
2470 5574 2766 5647 pedestris.
2813 5573 2921 5637 Qui
2966 5573 3089 5629 sine
3132 5576 3532 5631 retractatione

92 5678 364 5733 medium
428 5674 752 5742 hostium,
796 5674 987 5745 rapuit
1029 5673 1187 5741 illud,
1242 5677 1413 5743 atque
1460 5673 1519 5727 in
1569 5687 1802 5727 murum
1904 5672 2211 5744 profectus,
2262 5671 2347 5724 vir
2395 5684 2525 5724 acer
2570 5673 2626 5723 et
2674 5665 2925 5723 bellandi
2974 5667 3191 5723 artibus
3241 5668 3532 5741 praeditus,

149 5800 222 5865 (3)
246 5798 646 5867 lrrupturis.
676 5797 851 5850 BARR.
1514 5866 1519 5867 γ
1968 5794 2036 5867 (ξ)
2060 5794 2332 5867 Poterant:
2366 5791 2447 5840 In.

150 5862 221 5937 (ὁ)
256 5862 451 5926 Forte
481 5868 842 5936 legendum,
872 5872 981 5934 ipse
1007 5867 1152 5921 solus
1185 5867 1472 5919 decesserit.
1503 5866 1581 5916 In.
1974 5864 2037 5927 (ϐ)
2071 5862 2239 5914 Ultra.
2272 5862 2399 5914 Mox
2425 5866 2588 5913 utero.
2617 5862 2697 5912 In.
