  <div class='ocr_page' id='page_1' title='image "/cluster/home/n/w/nwhite01/storage/ocr_20150623/15/hvd.32044048207278/473.png"; bbox 0 0 4000 6166; ppageno 0'>
   <div class='ocr_carea' id='block_1_1' title="bbox 485 307 621 361">
    <p class='ocr_par' dir='ltr' id='par_1_1' title="bbox 485 307 621 361">
     <span class='ocr_line' id='line_1_1' title="bbox 485 307 621 361; baseline -0.015 0"><span class='ocrx_word' id='word_1_1' title='bbox 485 307 621 361; x_wconf 70' lang='grc'>2183</span> 
     </span>
    </p>
   </div>
   <div class='ocr_carea' id='block_1_2' title="bbox 1960 299 2375 353">
    <p class='ocr_par' dir='ltr' id='par_1_2' title="bbox 1960 299 2375 353">
     <span class='ocr_line' id='line_1_2' title="bbox 1960 299 2375 353; baseline 0.007 -4"><span class='ocrx_word' id='word_1_2' title='bbox 1960 301 2013 350; x_wconf 79' lang='lat' dir='ltr'><strong>S.</strong></span> <span class='ocrx_word' id='word_1_3' title='bbox 2059 299 2375 353; x_wconf 81' lang='lat' dir='ltr'><strong>AMBROSII</strong></span> 
     </span>
    </p>
   </div>
   <div class='ocr_carea' id='block_1_3' title="bbox 3704 295 3816 349">
    <p class='ocr_par' dir='ltr' id='par_1_3' title="bbox 3704 295 3816 349">
     <span class='ocr_line' id='line_1_3' title="bbox 3704 295 3816 349; baseline -0.009 0"><span class='ocrx_word' id='word_1_4' title='bbox 3704 295 3816 349; x_wconf 67' lang='grc'>2184</span> 
     </span>
    </p>
   </div>
   <div class='ocr_carea' id='block_1_4' title="bbox 483 419 3815 507">
    <p class='ocr_par' dir='ltr' id='par_1_4' title="bbox 483 419 3815 507">
     <span class='ocr_line' id='line_1_4' title="bbox 483 419 3815 507; baseline -0.003 -26"><span class='ocrx_word' id='word_1_5' title='bbox 483 426 917 482; x_wconf 75' lang='lat' dir='ltr'><strong>convenientem</strong></span> <span class='ocrx_word' id='word_1_6' title='bbox 972 424 1175 479; x_wconf 85' lang='lat' dir='ltr'><strong>studiis</strong></span> <span class='ocrx_word' id='word_1_7' title='bbox 1221 424 1338 478; x_wconf 84' lang='lat' dir='ltr'><strong>suis</strong></span> <span class='ocrx_word' id='word_1_8' title='bbox 1388 429 1657 477; x_wconf 79' lang='lat' dir='ltr'><strong>eventum</strong></span> <span class='ocrx_word' id='word_1_9' title='bbox 1710 421 1840 476; x_wconf 83' lang='lat' dir='ltr'><strong>belli</strong></span> <span class='ocrx_word' id='word_1_10' title='bbox 1885 422 2114 491; x_wconf 82' lang='lat' dir='ltr'><strong>reperit.</strong></span> <span class='ocrx_word' id='word_1_11' title='bbox 2140 420 2316 507; x_wconf 75' lang='lat' dir='ltr'><strong>Alia,</strong></span> <span class='ocrx_word' id='word_1_12' title='bbox 2348 425 2580 476; x_wconf 83' lang='lat' dir='ltr'><strong>centum</strong></span> <span class='ocrx_word' id='word_1_13' title='bbox 2616 426 2674 476; x_wconf 85' lang='lat' dir='ltr'><strong>et.</strong></span> <span class='ocrx_word' id='word_1_14' title='bbox 2701 420 2936 491; x_wconf 80' lang='lat' dir='ltr'><strong>triginta</strong></span> <span class='ocrx_word' id='word_1_15' title='bbox 2963 419 3265 491; x_wconf 87' lang='lat' dir='ltr'><strong>mancipia,</strong></span> <span class='ocrx_word' id='word_1_16' title='bbox 3297 420 3521 475; x_wconf 85' lang='lat' dir='ltr'><strong>domini</strong></span> <span class='ocrx_word' id='word_1_17' title='bbox 3561 434 3690 474; x_wconf 88' lang='lat' dir='ltr'><strong>cum</strong></span> <span class='ocrx_word' id='word_1_18' title='bbox 3715 434 3815 473; x_wconf 84' lang='lat' dir='ltr'><strong>ser-</strong></span> 
     </span>
    </p>
   </div>
   <div class='ocr_carea' id='block_1_5' title="bbox 484 515 2119 586">
    <p class='ocr_par' dir='ltr' id='par_1_5' title="bbox 484 515 2119 586">
     <span class='ocr_line' id='line_1_5' title="bbox 484 515 2119 586; baseline -0.004 -11"><span class='ocrx_word' id='word_1_19' title='bbox 484 523 623 575; x_wconf 87' lang='lat' dir='ltr'><strong>Nam</strong></span> <span class='ocrx_word' id='word_1_20' title='bbox 675 535 807 574; x_wconf 88' lang='lat' dir='ltr'><strong>cum</strong></span> <span class='ocrx_word' id='word_1_21' title='bbox 849 524 998 574; x_wconf 86' lang='lat' dir='ltr'><strong>esset</strong></span> <span class='ocrx_word' id='word_1_22' title='bbox 1043 517 1253 585; x_wconf 87' lang='lat' dir='ltr'><strong>civitas,</strong></span> <span class='ocrx_word' id='word_1_23' title='bbox 1307 522 1363 571; x_wconf 89' lang='lat' dir='ltr'><strong>et</strong></span> <span class='ocrx_word' id='word_1_24' title='bbox 1418 520 1626 571; x_wconf 88' lang='lat' dir='ltr'><strong>natura</strong></span> <span class='ocrx_word' id='word_1_25' title='bbox 1681 515 1789 570; x_wconf 92' lang='lat' dir='ltr'><strong>loci</strong></span> <span class='ocrx_word' id='word_1_26' title='bbox 1834 518 2011 586; x_wconf 90' lang='lat' dir='ltr'><strong>septa,</strong></span> <span class='ocrx_word' id='word_1_27' title='bbox 2062 518 2119 569; x_wconf 91' lang='lat' dir='ltr'><strong>et</strong></span> 
     </span>
    </p>
   </div>
   <div class='ocr_carea' id='block_1_6' title="bbox 486 612 2117 686">
    <p class='ocr_par' dir='ltr' id='par_1_6' title="bbox 486 612 2117 686">
     <span class='ocr_line' id='line_1_6' title="bbox 486 612 2117 686; baseline -0.003 -17"><span class='ocrx_word' id='word_1_28' title='bbox 486 614 715 686; x_wconf 89' lang='lat' dir='ltr'><strong>gemino</strong></span> <span class='ocrx_word' id='word_1_29' title='bbox 756 629 924 668; x_wconf 91' lang='lat' dir='ltr'><strong>muro</strong></span> <span class='ocrx_word' id='word_1_30' title='bbox 964 612 1405 680; x_wconf 88' lang='lat' dir='ltr'><strong>circumvallata,</strong></span> <span class='ocrx_word' id='word_1_31' title='bbox 1440 626 1553 664; x_wconf 92' lang='lat' dir='ltr'><strong>non</strong></span> <span class='ocrx_word' id='word_1_32' title='bbox 1584 612 1885 664; x_wconf 85' lang='lat' dir='ltr'><strong>contentus</strong></span> <span class='ocrx_word' id='word_1_33' title='bbox 1922 615 2117 680; x_wconf 86' lang='lat' dir='ltr'><strong>tegere</strong></span> 
     </span>
    </p>
   </div>
   <div class='ocr_carea' id='block_1_7' title="bbox 386 690 2113 780">
    <p class='ocr_par' dir='ltr' id='par_1_7' title="bbox 386 690 2113 780">
     <span class='ocr_line' id='line_1_7' title="bbox 386 690 2113 780; baseline -0.004 -17"><span class='ocrx_word' id='word_1_34' title='bbox 386 690 389 695; x_wconf 20' lang='lat' dir='ltr'><strong>v</strong></span> <span class='ocrx_word' id='word_1_35' title='bbox 483 725 543 762; x_wconf 89' lang='lat' dir='ltr'><strong>se</strong></span> <span class='ocrx_word' id='word_1_36' title='bbox 574 708 822 780; x_wconf 90' lang='lat' dir='ltr'><strong>populus</strong></span> <span class='ocrx_word' id='word_1_37' title='bbox 848 706 970 778; x_wconf 90' lang='lat' dir='ltr'><strong>ejus</strong></span> <span class='ocrx_word' id='word_1_38' title='bbox 996 704 1432 773; x_wconf 84' lang='lat' dir='ltr'><strong>munitionibus,</strong></span> <span class='ocrx_word' id='word_1_39' title='bbox 1462 703 1877 759; x_wconf 89' lang='lat' dir='ltr'><strong>occurrendum</strong></span> <span class='ocrx_word' id='word_1_40' title='bbox 1905 703 2113 757; x_wconf 88' lang='lat' dir='ltr'><strong>Roma-</strong></span> 
     </span>
    </p>
   </div>
   <div class='ocr_carea' id='block_1_8' title="bbox 469 796 2118 872">
    <p class='ocr_par' dir='ltr' id='par_1_8' title="bbox 469 796 2118 872">
     <span class='ocr_line' id='line_1_8' title="bbox 469 796 2118 872; baseline -0.004 -16"><span class='ocrx_word' id='word_1_41' title='bbox 469 802 572 856; x_wconf 61' lang='lat' dir='ltr'><strong>‘nis</strong></span> <span class='ocrx_word' id='word_1_42' title='bbox 621 801 878 872; x_wconf 83' lang='lat' dir='ltr'><strong>putavit;</strong></span> <span class='ocrx_word' id='word_1_43' title='bbox 932 800 1028 854; x_wconf 92' lang='lat' dir='ltr'><strong>sed</strong></span> <span class='ocrx_word' id='word_1_44' title='bbox 1081 798 1376 870; x_wconf 79' lang='lat' dir='ltr'><strong>paulisper</strong></span> <span class='ocrx_word' id='word_1_45' title='bbox 1435 798 1697 852; x_wconf 81' lang='lat' dir='ltr'><strong>resistere</strong></span> <span class='ocrx_word' id='word_1_46' title='bbox 1749 796 1908 864; x_wconf 85' lang='lat' dir='ltr'><strong>ausi,</strong></span> <span class='ocrx_word' id='word_1_47' title='bbox 1965 797 2118 850; x_wconf 91' lang='lat' dir='ltr'><strong>intra</strong></span> 
     </span>
    </p>
   </div>
   <div class='ocr_carea' id='block_1_9' title="bbox 486 890 2115 963">
    <p class='ocr_par' dir='ltr' id='par_1_9' title="bbox 486 890 2115 963">
     <span class='ocr_line' id='line_1_9' title="bbox 486 890 2115 963; baseline -0.004 -13"><span class='ocrx_word' id='word_1_48' title='bbox 486 910 719 950; x_wconf 91' lang='lat' dir='ltr'><strong>murum</strong></span> <span class='ocrx_word' id='word_1_49' title='bbox 759 894 1101 949; x_wconf 80' lang='lat' dir='ltr'><strong>exteriorem</strong></span> <span class='ocrx_word' id='word_1_50' title='bbox 1147 892 1404 963; x_wconf 87' lang='lat' dir='ltr'><strong>recipere</strong></span> <span class='ocrx_word' id='word_1_51' title='bbox 1446 908 1566 946; x_wconf 90' lang='lat' dir='ltr'><strong>sese</strong></span> <span class='ocrx_word' id='word_1_52' title='bbox 1615 891 1865 945; x_wconf 90' lang='lat' dir='ltr'><strong>volentes</strong></span> <span class='ocrx_word' id='word_1_53' title='bbox 1897 890 2115 945; x_wconf 87' lang='lat' dir='ltr'><strong>hostem</strong></span> 
     </span>
    </p>
   </div>
   <div class='ocr_carea' id='block_1_10' title="bbox 487 984 2118 1060">
    <p class='ocr_par' dir='ltr' id='par_1_10' title="bbox 487 984 2118 1060">
     <span class='ocr_line' id='line_1_10' title="bbox 487 984 2118 1060; baseline -0.004 -16"><span class='ocrx_word' id='word_1_54' title='bbox 487 988 703 1060; x_wconf 89' lang='lat' dir='ltr'><strong>pariter</strong></span> <span class='ocrx_word' id='word_1_55' title='bbox 763 1003 1051 1058; x_wconf 86' lang='lat' dir='ltr'><strong>recepere.</strong></span> <span class='ocrx_word' id='word_1_56' title='bbox 1118 987 1259 1040; x_wconf 90' lang='lat' dir='ltr'><strong>Nam</strong></span> <span class='ocrx_word' id='word_1_57' title='bbox 1329 1001 1461 1039; x_wconf 91' lang='lat' dir='ltr'><strong>cum</strong></span> <span class='ocrx_word' id='word_1_58' title='bbox 1520 984 1654 1056; x_wconf 85' lang='lat' dir='ltr'><strong>ipsis</strong></span> <span class='ocrx_word' id='word_1_59' title='bbox 1716 984 2118 1039; x_wconf 87' lang='lat' dir='ltr'><strong>festinantibus</strong></span> 
     </span>
    </p>
   </div>
   <div class='ocr_carea' id='block_1_11' title="bbox 487 1077 2119 1149">
    <p class='ocr_par' dir='ltr' id='par_1_11' title="bbox 487 1077 2119 1149">
     <span class='ocr_line' id='line_1_11' title="bbox 487 1077 2119 1149; baseline -0.004 -12"><span class='ocrx_word' id='word_1_60' title='bbox 487 1083 659 1137; x_wconf 90' lang='lat' dir='ltr'><strong>etiam</strong></span> <span class='ocrx_word' id='word_1_61' title='bbox 726 1081 964 1136; x_wconf 88' lang='lat' dir='ltr'><strong>Romani</strong></span> <span class='ocrx_word' id='word_1_62' title='bbox 1041 1078 1512 1134; x_wconf 89' lang='lat' dir='ltr'><strong>subintraverunt</strong></span> <span class='ocrx_word' id='word_1_63' title='bbox 1570 1095 1583 1132; x_wconf 91' lang='lat'>:</span> <span class='ocrx_word' id='word_1_64' title='bbox 1654 1077 2119 1149; x_wconf 80' lang='lat' dir='ltr'><strong>confugientibus</strong></span> 
     </span>
    </p>
   </div>
   <div class='ocr_carea' id='block_1_12' title="bbox 488 1172 2116 1248">
    <p class='ocr_par' dir='ltr' id='par_1_12' title="bbox 488 1172 2116 1248">
     <span class='ocr_line' id='line_1_12' title="bbox 488 1172 2116 1248; baseline -0.003 -17"><span class='ocrx_word' id='word_1_65' title='bbox 488 1191 717 1248; x_wconf 89' lang='lat' dir='ltr'><strong>quoque</strong></span> <span class='ocrx_word' id='word_1_66' title='bbox 760 1175 831 1229; x_wconf 90' lang='lat' dir='ltr'><strong>ad</strong></span> <span class='ocrx_word' id='word_1_67' title='bbox 874 1190 1102 1229; x_wconf 89' lang='lat' dir='ltr'><strong>murum</strong></span> <span class='ocrx_word' id='word_1_68' title='bbox 1148 1173 1506 1241; x_wconf 87' lang='lat' dir='ltr'><strong>interiorem,</strong></span> <span class='ocrx_word' id='word_1_69' title='bbox 1550 1172 1759 1227; x_wconf 67' lang='lat' dir='ltr'><strong>clausae</strong></span> <span class='ocrx_word' id='word_1_70' title='bbox 1809 1175 2008 1244; x_wconf 63' lang='lat' dir='ltr'><strong>portae,</strong></span> <span class='ocrx_word' id='word_1_71' title='bbox 2042 1188 2116 1226; x_wconf 91' lang='lat' dir='ltr'><strong>ne</strong></span> 
     </span>
    </p>
   </div>
   <div class='ocr_carea' id='block_1_13' title="bbox 486 1266 2119 1338">
    <p class='ocr_par' dir='ltr' id='par_1_13' title="bbox 486 1266 2119 1338">
     <span class='ocr_line' id='line_1_13' title="bbox 486 1266 2119 1338; baseline -0.003 -14"><span class='ocrx_word' id='word_1_72' title='bbox 486 1286 684 1324; x_wconf 86' lang='lat' dir='ltr'><strong>rursus</strong></span> <span class='ocrx_word' id='word_1_73' title='bbox 723 1268 969 1325; x_wconf 87' lang='lat' dir='ltr'><strong>Romani</strong></span> <span class='ocrx_word' id='word_1_74' title='bbox 1016 1266 1230 1338; x_wconf 89' lang='lat' dir='ltr'><strong>pariter</strong></span> <span class='ocrx_word' id='word_1_75' title='bbox 1264 1266 1675 1337; x_wconf 88' lang='lat' dir='ltr'><strong>irrumperent.</strong></span> <span class='ocrx_word' id='word_1_76' title='bbox 1718 1268 1794 1320; x_wconf 87' lang='lat' dir='ltr'><strong>lta</strong></span> <span class='ocrx_word' id='word_1_77' title='bbox 1841 1282 2038 1321; x_wconf 88' lang='lat' dir='ltr'><strong>averso</strong></span> <span class='ocrx_word' id='word_1_78' title='bbox 2086 1282 2119 1319; x_wconf 91' lang='lat' dir='ltr'><strong>a</strong></span> 
     </span>
    </p>
   </div>
   <div class='ocr_carea' id='block_1_14' title="bbox 489 1360 2116 1431">
    <p class='ocr_par' dir='ltr' id='par_1_14' title="bbox 489 1360 2116 1431">
     <span class='ocr_line' id='line_1_14' title="bbox 489 1360 2116 1431; baseline -0.002 -14"><span class='ocrx_word' id='word_1_79' title='bbox 489 1381 547 1419; x_wconf 88' lang='lat' dir='ltr'><strong>se</strong></span> <span class='ocrx_word' id='word_1_80' title='bbox 586 1364 686 1418; x_wconf 91' lang='lat' dir='ltr'><strong>Dei</strong></span> <span class='ocrx_word' id='word_1_81' title='bbox 733 1362 960 1429; x_wconf 79' lang='lat' dir='ltr'><strong>auxilio,</strong></span> <span class='ocrx_word' id='word_1_82' title='bbox 990 1360 1164 1416; x_wconf 67' lang='lat' dir='ltr'><strong>Judaei</strong></span> <span class='ocrx_word' id='word_1_83' title='bbox 1214 1360 1638 1431; x_wconf 72' lang='lat' dir='ltr'><strong>praeliabantur,</strong></span> <span class='ocrx_word' id='word_1_84' title='bbox 1674 1376 1785 1431; x_wconf 89' lang='lat' dir='ltr'><strong>quo</strong></span> <span class='ocrx_word' id='word_1_85' title='bbox 1823 1366 1954 1415; x_wconf 85' lang='lat' dir='ltr'><strong>ante</strong></span> <span class='ocrx_word' id='word_1_86' title='bbox 1991 1360 2116 1414; x_wconf 89' lang='lat' dir='ltr'><strong>vin-</strong></span> 
     </span>
    </p>
   </div>
   <div class='ocr_carea' id='block_1_15' title="bbox 486 1453 2115 1524">
    <p class='ocr_par' dir='ltr' id='par_1_15' title="bbox 486 1453 2115 1524">
     <span class='ocr_line' id='line_1_15' title="bbox 486 1453 2115 1524; baseline -0.002 -13"><span class='ocrx_word' id='word_1_87' title='bbox 486 1473 614 1513; x_wconf 87' lang='lat' dir='ltr'><strong>cere</strong></span> <span class='ocrx_word' id='word_1_88' title='bbox 670 1455 960 1521; x_wconf 85' lang='lat' dir='ltr'><strong>solebant,</strong></span> <span class='ocrx_word' id='word_1_89' title='bbox 1016 1453 1115 1508; x_wconf 89' lang='lat' dir='ltr'><strong>sed</strong></span> <span class='ocrx_word' id='word_1_90' title='bbox 1166 1454 1525 1508; x_wconf 80' lang='lat' dir='ltr'><strong>offenderant</strong></span> <span class='ocrx_word' id='word_1_91' title='bbox 1573 1453 1821 1508; x_wconf 88' lang='lat' dir='ltr'><strong>scelestis</strong></span> <span class='ocrx_word' id='word_1_92' title='bbox 1868 1453 2115 1524; x_wconf 87' lang='lat' dir='ltr'><strong>ﬂagitiis,</strong></span> 
     </span>
    </p>
   </div>
   <div class='ocr_carea' id='block_1_16' title="bbox 488 1546 2120 1619">
    <p class='ocr_par' dir='ltr' id='par_1_16' title="bbox 488 1546 2120 1619">
     <span class='ocr_line' id='line_1_16' title="bbox 488 1546 2120 1619; baseline -0.002 -15"><span class='ocrx_word' id='word_1_93' title='bbox 488 1554 546 1604; x_wconf 92' lang='lat' dir='ltr'><strong>et</strong></span> <span class='ocrx_word' id='word_1_94' title='bbox 572 1549 701 1604; x_wconf 92' lang='lat' dir='ltr'><strong>ideo</strong></span> <span class='ocrx_word' id='word_1_95' title='bbox 746 1548 817 1602; x_wconf 92' lang='lat' dir='ltr'><strong>ab</strong></span> <span class='ocrx_word' id='word_1_96' title='bbox 846 1547 936 1602; x_wconf 90' lang='lat' dir='ltr'><strong>his</strong></span> <span class='ocrx_word' id='word_1_97' title='bbox 968 1563 1136 1619; x_wconf 70' lang='lat' dir='ltr'><strong>pmna</strong></span> <span class='ocrx_word' id='word_1_98' title='bbox 1163 1546 1354 1602; x_wconf 87' lang='lat' dir='ltr'><strong>debita</strong></span> <span class='ocrx_word' id='word_1_99' title='bbox 1393 1547 1820 1618; x_wconf 87' lang='lat' dir='ltr'><strong>reposcebatur,</strong></span> <span class='ocrx_word' id='word_1_100' title='bbox 1848 1550 1915 1601; x_wconf 86' lang='lat' dir='ltr'><strong>ut</strong></span> <span class='ocrx_word' id='word_1_101' title='bbox 1948 1547 2120 1601; x_wconf 90' lang='lat' dir='ltr'><strong>dona-</strong></span> 
     </span>
    </p>
   </div>
   <div class='ocr_carea' id='block_1_17' title="bbox 488 1640 2119 1713">
    <p class='ocr_par' dir='ltr' id='par_1_17' title="bbox 488 1640 2119 1713">
     <span class='ocr_line' id='line_1_17' title="bbox 488 1640 2119 1713; baseline -0.002 -16"><span class='ocrx_word' id='word_1_102' title='bbox 488 1646 690 1697; x_wconf 88' lang='lat' dir='ltr'><strong>rentur</strong></span> <span class='ocrx_word' id='word_1_103' title='bbox 713 1658 913 1697; x_wconf 90' lang='lat' dir='ltr'><strong>eorum</strong></span> <span class='ocrx_word' id='word_1_104' title='bbox 940 1640 1215 1713; x_wconf 89' lang='lat' dir='ltr'><strong>supplicia</strong></span> <span class='ocrx_word' id='word_1_105' title='bbox 1245 1640 1601 1696; x_wconf 85' lang='lat' dir='ltr'><strong>nationibus.</strong></span> <span class='ocrx_word' id='word_1_106' title='bbox 1637 1641 1896 1712; x_wconf 87' lang='lat' dir='ltr'><strong>Denique</strong></span> <span class='ocrx_word' id='word_1_107' title='bbox 1924 1641 2119 1711; x_wconf 89' lang='lat' dir='ltr'><strong>plures</strong></span> 
     </span>
    </p>
   </div>
   <div class='ocr_carea' id='block_1_18' title="bbox 491 1734 2117 1809">
    <p class='ocr_par' dir='ltr' id='par_1_18' title="bbox 491 1734 2117 1809">
     <span class='ocr_line' id='line_1_18' title="bbox 491 1734 2117 1809; baseline -0.002 -17"><span class='ocrx_word' id='word_1_108' title='bbox 491 1752 665 1809; x_wconf 86' lang='lat' dir='ltr'><strong>prope</strong></span> <span class='ocrx_word' id='word_1_109' title='bbox 690 1736 807 1791; x_wconf 90' lang='lat' dir='ltr'><strong>suis</strong></span> <span class='ocrx_word' id='word_1_110' title='bbox 843 1736 996 1789; x_wconf 88' lang='lat' dir='ltr'><strong>inter</strong></span> <span class='ocrx_word' id='word_1_111' title='bbox 1024 1750 1083 1789; x_wconf 92' lang='lat' dir='ltr'><strong>se</strong></span> <span class='ocrx_word' id='word_1_112' title='bbox 1113 1734 1297 1801; x_wconf 89' lang='lat' dir='ltr'><strong>bellis,</strong></span> <span class='ocrx_word' id='word_1_113' title='bbox 1328 1750 1499 1806; x_wconf 89' lang='lat' dir='ltr'><strong>quam</strong></span> <span class='ocrx_word' id='word_1_114' title='bbox 1544 1734 1615 1789; x_wconf 91' lang='lat' dir='ltr'><strong>ab</strong></span> <span class='ocrx_word' id='word_1_115' title='bbox 1652 1734 1928 1800; x_wconf 88' lang='lat' dir='ltr'><strong>hostibus,</strong></span> <span class='ocrx_word' id='word_1_116' title='bbox 1960 1734 2117 1789; x_wconf 89' lang='lat' dir='ltr'><strong>obte-</strong></span> 
     </span>
    </p>
   </div>
   <div class='ocr_carea' id='block_1_19' title="bbox 489 1805 2196 1900">
    <p class='ocr_par' dir='ltr' id='par_1_19' title="bbox 489 1805 2196 1900">
     <span class='ocr_line' id='line_1_19' title="bbox 489 1805 2196 1900; baseline -0.002 -15"><span class='ocrx_word' id='word_1_117' title='bbox 489 1805 778 1886; x_wconf 72' lang='lat' dir='ltr'><strong>rebantur.</strong></span> <span class='ocrx_word' id='word_1_118' title='bbox 813 1829 1089 1900; x_wconf 85' lang='lat' dir='ltr'><strong>Exemplo</strong></span> <span class='ocrx_word' id='word_1_119' title='bbox 1122 1831 1207 1882; x_wconf 89' lang='lat' dir='ltr'><strong>est</strong></span> <span class='ocrx_word' id='word_1_120' title='bbox 1232 1805 1427 1899; x_wconf 73' lang='lat' dir='ltr'><strong>Japhue</strong></span> <span class='ocrx_word' id='word_1_121' title='bbox 1466 1829 1731 1900; x_wconf 88' lang='lat' dir='ltr'><strong>populus,</strong></span> <span class='ocrx_word' id='word_1_122' title='bbox 1771 1828 1870 1900; x_wconf 89' lang='lat' dir='ltr'><strong>qui</strong></span> <span class='ocrx_word' id='word_1_123' title='bbox 1905 1829 2117 1883; x_wconf 89' lang='lat' dir='ltr'><strong>Roma-</strong></span> <span class='ocrx_word' id='word_1_124' title='bbox 2139 1805 2196 1876; x_wconf 83' lang='lat' dir='ltr'><strong>B</strong></span> 
     </span>
    </p>
   </div>
   <div class='ocr_carea' id='block_1_20' title="bbox 490 1921 2119 1995">
    <p class='ocr_par' dir='ltr' id='par_1_20' title="bbox 490 1921 2119 1995">
     <span class='ocr_line' id='line_1_20' title="bbox 490 1921 2119 1995; baseline -0.002 -16"><span class='ocrx_word' id='word_1_125' title='bbox 490 1926 576 1979; x_wconf 89' lang='lat' dir='ltr'><strong>nis</strong></span> <span class='ocrx_word' id='word_1_126' title='bbox 603 1930 794 1995; x_wconf 85' lang='lat' dir='ltr'><strong>portas</strong></span> <span class='ocrx_word' id='word_1_127' title='bbox 832 1923 1076 1994; x_wconf 89' lang='lat' dir='ltr'><strong>aperuit,</strong></span> <span class='ocrx_word' id='word_1_128' title='bbox 1105 1927 1163 1977; x_wconf 90' lang='lat' dir='ltr'><strong>et</strong></span> <span class='ocrx_word' id='word_1_129' title='bbox 1188 1921 1295 1977; x_wconf 87' lang='lat' dir='ltr'><strong>sibi</strong></span> <span class='ocrx_word' id='word_1_130' title='bbox 1333 1922 1554 1977; x_wconf 87' lang='lat' dir='ltr'><strong>clausit.</strong></span> <span class='ocrx_word' id='word_1_131' title='bbox 1584 1923 1726 1976; x_wconf 83' lang='lat' dir='ltr'><strong>Nam</strong></span> <span class='ocrx_word' id='word_1_132' title='bbox 1762 1929 1826 1977; x_wconf 89' lang='lat' dir='ltr'><strong>ut</strong></span> <span class='ocrx_word' id='word_1_133' title='bbox 1869 1922 2119 1993; x_wconf 88' lang='lat' dir='ltr'><strong>primum</strong></span> 
     </span>
    </p>
   </div>
   <div class='ocr_carea' id='block_1_21' title="bbox 491 2015 2120 2088">
    <p class='ocr_par' dir='ltr' id='par_1_21' title="bbox 491 2015 2120 2088">
     <span class='ocr_line' id='line_1_21' title="bbox 491 2015 2120 2088; baseline -0.001 -17"><span class='ocrx_word' id='word_1_134' title='bbox 491 2034 722 2072; x_wconf 89' lang='lat' dir='ltr'><strong>murum</strong></span> <span class='ocrx_word' id='word_1_135' title='bbox 750 2018 989 2071; x_wconf 87' lang='lat' dir='ltr'><strong>Romani</strong></span> <span class='ocrx_word' id='word_1_136' title='bbox 1032 2016 1436 2088; x_wconf 87' lang='lat' dir='ltr'><strong>irrumperent,</strong></span> <span class='ocrx_word' id='word_1_137' title='bbox 1475 2015 1583 2087; x_wconf 89' lang='lat' dir='ltr'><strong>ipsi</strong></span> <span class='ocrx_word' id='word_1_138' title='bbox 1614 2017 2026 2086; x_wconf 82' lang='lat' dir='ltr'><strong>patefecerunt,</strong></span> <span class='ocrx_word' id='word_1_139' title='bbox 2062 2019 2120 2069; x_wconf 93' lang='lat' dir='ltr'><strong>ut</strong></span> 
     </span>
    </p>
   </div>
   <div class='ocr_carea' id='block_1_22' title="bbox 491 2108 2118 2180">
    <p class='ocr_par' dir='ltr' id='par_1_22' title="bbox 491 2108 2118 2180">
     <span class='ocr_line' id='line_1_22' title="bbox 491 2108 2118 2180; baseline -0.002 -15"><span class='ocrx_word' id='word_1_140' title='bbox 491 2110 805 2166; x_wconf 91' lang='lat' dir='ltr'><strong>secundum</strong></span> <span class='ocrx_word' id='word_1_141' title='bbox 848 2126 1079 2164; x_wconf 90' lang='lat' dir='ltr'><strong>murum</strong></span> <span class='ocrx_word' id='word_1_142' title='bbox 1123 2126 1239 2163; x_wconf 89' lang='lat' dir='ltr'><strong>non</strong></span> <span class='ocrx_word' id='word_1_143' title='bbox 1285 2108 1465 2163; x_wconf 62' lang='lat' dir='ltr'><strong>Judaei</strong></span> <span class='ocrx_word' id='word_1_144' title='bbox 1507 2112 1896 2180; x_wconf 88' lang='lat' dir='ltr'><strong>penetrarent,</strong></span> <span class='ocrx_word' id='word_1_145' title='bbox 1940 2109 2118 2163; x_wconf 67' lang='lat' dir='ltr'><strong>Judmi</strong></span> 
     </span>
    </p>
   </div>
   <div class='ocr_carea' id='block_1_23' title="bbox 489 2202 2119 2276">
    <p class='ocr_par' dir='ltr' id='par_1_23' title="bbox 489 2202 2119 2276">
     <span class='ocr_line' id='line_1_23' title="bbox 489 2202 2119 2276; baseline -0.001 -17"><span class='ocrx_word' id='word_1_146' title='bbox 489 2206 831 2259; x_wconf 89' lang='lat' dir='ltr'><strong>clauserunt.</strong></span> <span class='ocrx_word' id='word_1_147' title='bbox 856 2205 1137 2276; x_wconf 81' lang='lat' dir='ltr'><strong>Receptus</strong></span> <span class='ocrx_word' id='word_1_148' title='bbox 1163 2203 1358 2275; x_wconf 90' lang='lat' dir='ltr'><strong>itaque</strong></span> <span class='ocrx_word' id='word_1_149' title='bbox 1386 2202 1565 2258; x_wconf 88' lang='lat' dir='ltr'><strong>hostis</strong></span> <span class='ocrx_word' id='word_1_150' title='bbox 1592 2206 1696 2271; x_wconf 86' lang='lat' dir='ltr'><strong>est,</strong></span> <span class='ocrx_word' id='word_1_151' title='bbox 1723 2203 1906 2258; x_wconf 91' lang='lat' dir='ltr'><strong>socius</strong></span> <span class='ocrx_word' id='word_1_152' title='bbox 1931 2205 2119 2258; x_wconf 84' lang='lat' dir='ltr'><strong>exclu-</strong></span> 
     </span>
    </p>
   </div>
   <div class='ocr_carea' id='block_1_24' title="bbox 493 2296 2119 2368">
    <p class='ocr_par' dir='ltr' id='par_1_24' title="bbox 493 2296 2119 2368">
     <span class='ocr_line' id='line_1_24' title="bbox 493 2296 2119 2368; baseline -0.002 -15"><span class='ocrx_word' id='word_1_153' title='bbox 493 2315 606 2353; x_wconf 89' lang='lat' dir='ltr'><strong>sus.</strong></span> <span class='ocrx_word' id='word_1_154' title='bbox 640 2298 923 2368; x_wconf 84' lang='lat' dir='ltr'><strong>Receptus</strong></span> <span class='ocrx_word' id='word_1_155' title='bbox 960 2298 1075 2366; x_wconf 91' lang='lat' dir='ltr'><strong>ille,</strong></span> <span class='ocrx_word' id='word_1_156' title='bbox 1108 2313 1178 2351; x_wconf 91' lang='lat' dir='ltr'><strong>ne</strong></span> <span class='ocrx_word' id='word_1_157' title='bbox 1216 2312 1518 2368; x_wconf 86' lang='lat' dir='ltr'><strong>percussor</strong></span> <span class='ocrx_word' id='word_1_158' title='bbox 1560 2296 1780 2351; x_wconf 86' lang='lat' dir='ltr'><strong>deesset</strong></span> <span class='ocrx_word' id='word_1_159' title='bbox 1811 2313 1823 2350; x_wconf 91' lang='lat'><strong>:</strong></span> <span class='ocrx_word' id='word_1_160' title='bbox 1857 2297 2119 2351; x_wconf 83' lang='lat' dir='ltr'><strong>exclusus</strong></span> 
     </span>
    </p>
   </div>
   <div class='ocr_carea' id='block_1_25' title="bbox 491 2390 2116 2462">
    <p class='ocr_par' dir='ltr' id='par_1_25' title="bbox 491 2390 2116 2462">
     <span class='ocr_line' id='line_1_25' title="bbox 491 2390 2116 2462; baseline -0.001 -16"><span class='ocrx_word' id='word_1_161' title='bbox 491 2393 615 2460; x_wconf 88' lang='lat' dir='ltr'><strong>iste,</strong></span> <span class='ocrx_word' id='word_1_162' title='bbox 662 2409 733 2447; x_wconf 90' lang='lat' dir='ltr'><strong>ne</strong></span> <span class='ocrx_word' id='word_1_163' title='bbox 786 2392 1016 2462; x_wconf 85' lang='lat' dir='ltr'><strong>penitus</strong></span> <span class='ocrx_word' id='word_1_164' title='bbox 1070 2392 1145 2461; x_wconf 83' lang='lat'><strong>(7)</strong></span> <span class='ocrx_word' id='word_1_165' title='bbox 1189 2390 1473 2446; x_wconf 87' lang='lat' dir='ltr'><strong>evaderet.</strong></span> <span class='ocrx_word' id='word_1_166' title='bbox 1525 2392 1672 2445; x_wconf 86' lang='lat' dir='ltr'><strong>Intra</strong></span> <span class='ocrx_word' id='word_1_167' title='bbox 1726 2392 1870 2446; x_wconf 92' lang='lat' dir='ltr'><strong>duos</strong></span> <span class='ocrx_word' id='word_1_168' title='bbox 1923 2391 2116 2462; x_wconf 89' lang='lat' dir='ltr'><strong>itaque</strong></span> 
     </span>
    </p>
   </div>
   <div class='ocr_carea' id='block_1_26' title="bbox 490 2484 2119 2553">
    <p class='ocr_par' dir='ltr' id='par_1_26' title="bbox 490 2484 2119 2553">
     <span class='ocr_line' id='line_1_26' title="bbox 490 2484 2119 2553; baseline -0.001 -12"><span class='ocrx_word' id='word_1_169' title='bbox 490 2502 686 2541; x_wconf 87' lang='lat' dir='ltr'><strong>muros</strong></span> <span class='ocrx_word' id='word_1_170' title='bbox 716 2485 1082 2540; x_wconf 62' lang='lat' dir='ltr'><strong>caedebantur</strong></span> <span class='ocrx_word' id='word_1_171' title='bbox 1104 2485 1303 2552; x_wconf 77' lang='lat' dir='ltr'><strong>Judaei,</strong></span> <span class='ocrx_word' id='word_1_172' title='bbox 1338 2500 1514 2539; x_wconf 91' lang='lat' dir='ltr'><strong>manu</strong></span> <span class='ocrx_word' id='word_1_173' title='bbox 1546 2484 1827 2553; x_wconf 92' lang='lat' dir='ltr'><strong>cominus,</strong></span> <span class='ocrx_word' id='word_1_174' title='bbox 1859 2486 1927 2540; x_wconf 93' lang='lat' dir='ltr'><strong>de</strong></span> <span class='ocrx_word' id='word_1_175' title='bbox 1956 2502 2119 2540; x_wconf 91' lang='lat' dir='ltr'><strong>muro</strong></span> 
     </span>
    </p>
   </div>
   <div class='ocr_carea' id='block_1_27' title="bbox 488 2578 2113 2650">
    <p class='ocr_par' dir='ltr' id='par_1_27' title="bbox 488 2578 2113 2650">
     <span class='ocr_line' id='line_1_27' title="bbox 488 2578 2113 2650; baseline 0 -16"><span class='ocrx_word' id='word_1_176' title='bbox 488 2580 730 2635; x_wconf 89' lang='lat' dir='ltr'><strong>eminus.</strong></span> <span class='ocrx_word' id='word_1_177' title='bbox 774 2580 1035 2650; x_wconf 87' lang='lat' dir='ltr'><strong>Plerique</strong></span> <span class='ocrx_word' id='word_1_178' title='bbox 1071 2579 1225 2633; x_wconf 91' lang='lat' dir='ltr'><strong>enim</strong></span> <span class='ocrx_word' id='word_1_179' title='bbox 1269 2580 1545 2633; x_wconf 67' lang='lat' dir='ltr'><strong>Romana:</strong></span> <span class='ocrx_word' id='word_1_180' title='bbox 1583 2578 1803 2633; x_wconf 63' lang='lat' dir='ltr'><strong>militias</strong></span> <span class='ocrx_word' id='word_1_181' title='bbox 1847 2580 1951 2633; x_wconf 90' lang='lat' dir='ltr'><strong>viri</strong></span> <span class='ocrx_word' id='word_1_182' title='bbox 1981 2596 2113 2634; x_wconf 89' lang='lat' dir='ltr'><strong>con-</strong></span> 
     </span>
    </p>
   </div>
   <div class='ocr_carea' id='block_1_28' title="bbox 490 2672 2117 2744">
    <p class='ocr_par' dir='ltr' id='par_1_28' title="bbox 490 2672 2117 2744">
     <span class='ocr_line' id='line_1_28' title="bbox 490 2672 2117 2744; baseline 0 -16"><span class='ocrx_word' id='word_1_183' title='bbox 490 2673 669 2728; x_wconf 86' lang='lat' dir='ltr'><strong>stricti</strong></span> <span class='ocrx_word' id='word_1_184' title='bbox 714 2672 1013 2743; x_wconf 90' lang='lat' dir='ltr'><strong>angustiis,</strong></span> <span class='ocrx_word' id='word_1_185' title='bbox 1052 2688 1283 2727; x_wconf 89' lang='lat' dir='ltr'><strong>murum</strong></span> <span class='ocrx_word' id='word_1_186' title='bbox 1331 2672 1732 2741; x_wconf 88' lang='lat' dir='ltr'><strong>ascendebant,</strong></span> <span class='ocrx_word' id='word_1_187' title='bbox 1771 2675 1942 2744; x_wconf 91' lang='lat' dir='ltr'><strong>atque</strong></span> <span class='ocrx_word' id='word_1_188' title='bbox 1984 2673 2117 2728; x_wconf 87' lang='lat' dir='ltr'><strong>inde</strong></span> 
     </span>
    </p>
   </div>
   <div class='ocr_carea' id='block_1_29' title="bbox 492 2766 2114 2838">
    <p class='ocr_par' dir='ltr' id='par_1_29' title="bbox 492 2766 2114 2838">
     <span class='ocr_line' id='line_1_29' title="bbox 492 2766 2114 2838; baseline 0 -17"><span class='ocrx_word' id='word_1_189' title='bbox 492 2769 548 2822; x_wconf 91' lang='lat' dir='ltr'><strong>in</strong></span> <span class='ocrx_word' id='word_1_190' title='bbox 586 2767 866 2838; x_wconf 87' lang='lat' dir='ltr'><strong>subjectos</strong></span> <span class='ocrx_word' id='word_1_191' title='bbox 905 2767 1014 2822; x_wconf 90' lang='lat' dir='ltr'><strong>tela</strong></span> <span class='ocrx_word' id='word_1_192' title='bbox 1045 2766 1460 2838; x_wconf 88' lang='lat' dir='ltr'><strong>jaculabantur.</strong></span> <span class='ocrx_word' id='word_1_193' title='bbox 1497 2768 1690 2838; x_wconf 87' lang='lat' dir='ltr'><strong>Itaque</strong></span> <span class='ocrx_word' id='word_1_194' title='bbox 1729 2766 1939 2821; x_wconf 79' lang='lat' dir='ltr'><strong>Galilaei</strong></span> <span class='ocrx_word' id='word_1_195' title='bbox 1979 2767 2114 2833; x_wconf 88' lang='lat' dir='ltr'><strong>suis,</strong></span> 
     </span>
    </p>
   </div>
   <div class='ocr_carea' id='block_1_30' title="bbox 491 2860 2112 2933">
    <p class='ocr_par' dir='ltr' id='par_1_30' title="bbox 491 2860 2112 2933">
     <span class='ocr_line' id='line_1_30' title="bbox 491 2860 2112 2933; baseline -0.001 -17"><span class='ocrx_word' id='word_1_196' title='bbox 491 2867 680 2933; x_wconf 85' lang='lat' dir='ltr'><strong>quam</strong></span> <span class='ocrx_word' id='word_1_197' title='bbox 714 2860 972 2916; x_wconf 88' lang='lat' dir='ltr'><strong>hostibus</strong></span> <span class='ocrx_word' id='word_1_198' title='bbox 1011 2860 1353 2929; x_wconf 88' lang='lat' dir='ltr'><strong>infestiores,</strong></span> <span class='ocrx_word' id='word_1_199' title='bbox 1403 2860 1703 2932; x_wconf 85' lang='lat' dir='ltr'><strong>rogabant,</strong></span> <span class='ocrx_word' id='word_1_200' title='bbox 1752 2866 1814 2915; x_wconf 91' lang='lat' dir='ltr'><strong>ut</strong></span> <span class='ocrx_word' id='word_1_201' title='bbox 1860 2860 1919 2915; x_wconf 91' lang='lat' dir='ltr'><strong>in</strong></span> <span class='ocrx_word' id='word_1_202' title='bbox 1971 2862 2112 2915; x_wconf 84' lang='lat' dir='ltr'><strong>inte-</strong></span> 
     </span>
    </p>
   </div>
   <div class='ocr_carea' id='block_1_31' title="bbox 488 2954 2119 3025">
    <p class='ocr_par' dir='ltr' id='par_1_31' title="bbox 488 2954 2119 3025">
     <span class='ocr_line' id='line_1_31' title="bbox 488 2954 2119 3025; baseline -0.002 -14"><span class='ocrx_word' id='word_1_203' title='bbox 488 2954 656 3011; x_wconf 89' lang='lat' dir='ltr'><strong>rioris</strong></span> <span class='ocrx_word' id='word_1_204' title='bbox 693 2954 842 3009; x_wconf 90' lang='lat' dir='ltr'><strong>muri</strong></span> <span class='ocrx_word' id='word_1_205' title='bbox 875 2954 1151 3010; x_wconf 89' lang='lat' dir='ltr'><strong>vestibulo</strong></span> <span class='ocrx_word' id='word_1_206' title='bbox 1187 2954 1602 3025; x_wconf 89' lang='lat' dir='ltr'><strong>reciperentur,</strong></span> <span class='ocrx_word' id='word_1_207' title='bbox 1643 2955 1738 3009; x_wconf 90' lang='lat' dir='ltr'><strong>sed</strong></span> <span class='ocrx_word' id='word_1_208' title='bbox 1781 2954 2119 3010; x_wconf 89' lang='lat' dir='ltr'><strong>resistebant</strong></span> 
     </span>
    </p>
   </div>
   <div class='ocr_carea' id='block_1_32' title="bbox 489 3046 2116 3118">
    <p class='ocr_par' dir='ltr' id='par_1_32' title="bbox 489 3046 2116 3118">
     <span class='ocr_line' id='line_1_32' title="bbox 489 3046 2116 3118; baseline -0.002 -14"><span class='ocrx_word' id='word_1_209' title='bbox 489 3049 596 3105; x_wconf 89' lang='lat' dir='ltr'><strong>sui.</strong></span> <span class='ocrx_word' id='word_1_210' title='bbox 639 3047 1025 3103; x_wconf 85' lang='lat' dir='ltr'><strong>Dimicabatur</strong></span> <span class='ocrx_word' id='word_1_211' title='bbox 1064 3048 1124 3101; x_wconf 90' lang='lat' dir='ltr'><strong>in</strong></span> <span class='ocrx_word' id='word_1_212' title='bbox 1170 3051 1351 3118; x_wconf 70' lang='lat' dir='ltr'><strong>portas</strong></span> <span class='ocrx_word' id='word_1_213' title='bbox 1382 3047 1601 3115; x_wconf 91' lang='lat' dir='ltr'><strong>limine,</strong></span> <span class='ocrx_word' id='word_1_214' title='bbox 1639 3046 1848 3102; x_wconf 71' lang='lat' dir='ltr'><strong>Judazis</strong></span> <span class='ocrx_word' id='word_1_215' title='bbox 1879 3049 2030 3102; x_wconf 89' lang='lat' dir='ltr'><strong>inter</strong></span> <span class='ocrx_word' id='word_1_216' title='bbox 2058 3064 2116 3101; x_wconf 86' lang='lat' dir='ltr'><strong>se</strong></span> 
     </span>
    </p>
   </div>
   <div class='ocr_carea' id='block_1_33' title="bbox 490 3141 2112 3216">
    <p class='ocr_par' dir='ltr' id='par_1_33' title="bbox 490 3141 2112 3216">
     <span class='ocr_line' id='line_1_33' title="bbox 490 3141 2112 3216; baseline -0.002 -18"><span class='ocrx_word' id='word_1_217' title='bbox 490 3143 904 3216; x_wconf 81' lang='lat' dir='ltr'><strong>pugnantibus;</strong></span> <span class='ocrx_word' id='word_1_218' title='bbox 946 3141 1041 3195; x_wconf 89' lang='lat' dir='ltr'><strong>isti</strong></span> <span class='ocrx_word' id='word_1_219' title='bbox 1076 3141 1388 3195; x_wconf 88' lang='lat' dir='ltr'><strong>irruentem</strong></span> <span class='ocrx_word' id='word_1_220' title='bbox 1430 3157 1679 3195; x_wconf 91' lang='lat' dir='ltr'><strong>cuneum</strong></span> <span class='ocrx_word' id='word_1_221' title='bbox 1721 3141 1923 3213; x_wconf 86' lang='lat' dir='ltr'><strong>gladiis</strong></span> <span class='ocrx_word' id='word_1_222' title='bbox 1961 3142 2112 3195; x_wconf 90' lang='lat' dir='ltr'><strong>exci-</strong></span> 
     </span>
    </p>
   </div>
   <div class='ocr_carea' id='block_1_34' title="bbox 486 3233 2112 3309">
    <p class='ocr_par' dir='ltr' id='par_1_34' title="bbox 486 3233 2112 3309">
     <span class='ocr_line' id='line_1_34' title="bbox 486 3233 2112 3309; baseline -0.001 -18"><span class='ocrx_word' id='word_1_223' title='bbox 486 3236 722 3309; x_wconf 90' lang='lat' dir='ltr'><strong>piebant</strong></span> <span class='ocrx_word' id='word_1_224' title='bbox 751 3254 762 3289; x_wconf 87' lang='lat'><strong>:</strong></span> <span class='ocrx_word' id='word_1_225' title='bbox 795 3235 867 3288; x_wconf 92' lang='lat' dir='ltr'><strong>illi</strong></span> <span class='ocrx_word' id='word_1_226' title='bbox 896 3234 1228 3289; x_wconf 87' lang='lat' dir='ltr'><strong>resistentes</strong></span> <span class='ocrx_word' id='word_1_227' title='bbox 1265 3233 1681 3289; x_wconf 87' lang='lat' dir='ltr'><strong>moriebantur.</strong></span> <span class='ocrx_word' id='word_1_228' title='bbox 1714 3236 1871 3290; x_wconf 70' lang='lat' dir='ltr'><strong>Saeva</strong></span> <span class='ocrx_word' id='word_1_229' title='bbox 1902 3235 2112 3306; x_wconf 89' lang='lat' dir='ltr'><strong>impre-</strong></span> 
     </span>
    </p>
   </div>
   <div class='ocr_carea' id='block_1_35' title="bbox 490 3327 2111 3400">
    <p class='ocr_par' dir='ltr' id='par_1_35' title="bbox 490 3327 2111 3400">
     <span class='ocr_line' id='line_1_35' title="bbox 490 3327 2111 3400; baseline 0 -17"><span class='ocrx_word' id='word_1_230' title='bbox 490 3335 679 3383; x_wconf 89' lang='lat' dir='ltr'><strong>cantes</strong></span> <span class='ocrx_word' id='word_1_231' title='bbox 708 3328 813 3382; x_wconf 90' lang='lat' dir='ltr'><strong>sibi</strong></span> <span class='ocrx_word' id='word_1_232' title='bbox 855 3327 1119 3393; x_wconf 89' lang='lat' dir='ltr'><strong>invicem,</strong></span> <span class='ocrx_word' id='word_1_233' title='bbox 1147 3332 1205 3381; x_wconf 89' lang='lat' dir='ltr'><strong>et</strong></span> <span class='ocrx_word' id='word_1_234' title='bbox 1232 3327 1460 3382; x_wconf 90' lang='lat' dir='ltr'><strong>minora</strong></span> <span class='ocrx_word' id='word_1_235' title='bbox 1492 3344 1550 3382; x_wconf 90' lang='lat' dir='ltr'><strong>se</strong></span> <span class='ocrx_word' id='word_1_236' title='bbox 1584 3328 1803 3383; x_wconf 88' lang='lat' dir='ltr'><strong>meritis</strong></span> <span class='ocrx_word' id='word_1_237' title='bbox 1842 3329 1957 3383; x_wconf 91' lang='lat' dir='ltr'><strong>suis</strong></span> <span class='ocrx_word' id='word_1_238' title='bbox 1986 3346 2111 3400; x_wconf 89' lang='lat' dir='ltr'><strong>per-</strong></span> 
     </span>
    </p>
   </div>
   <div class='ocr_carea' id='block_1_36' title="bbox 490 3421 2109 3495">
    <p class='ocr_par' dir='ltr' id='par_1_36' title="bbox 490 3421 2109 3495">
     <span class='ocr_line' id='line_1_36' title="bbox 490 3421 2109 3495; baseline 0.001 -19"><span class='ocrx_word' id='word_1_239' title='bbox 490 3422 609 3495; x_wconf 87' lang='lat' dir='ltr'><strong>peti</strong></span> <span class='ocrx_word' id='word_1_240' title='bbox 666 3421 948 3493; x_wconf 90' lang='lat' dir='ltr'><strong>supremis</strong></span> <span class='ocrx_word' id='word_1_241' title='bbox 991 3421 1225 3476; x_wconf 82' lang='lat' dir='ltr'><strong>vocibus</strong></span> <span class='ocrx_word' id='word_1_242' title='bbox 1279 3422 1714 3477; x_wconf 87' lang='lat' dir='ltr'><strong>attestabantur.</strong></span> <span class='ocrx_word' id='word_1_243' title='bbox 1761 3424 1957 3493; x_wconf 87' lang='lat' dir='ltr'><strong>Itaque</strong></span> <span class='ocrx_word' id='word_1_244' title='bbox 2013 3440 2109 3477; x_wconf 83' lang='lat' dir='ltr'><strong>ex-</strong></span> 
     </span>
    </p>
   </div>
   <div class='ocr_carea' id='block_1_37' title="bbox 491 3514 2110 3587">
    <p class='ocr_par' dir='ltr' id='par_1_37' title="bbox 491 3514 2110 3587">
     <span class='ocr_line' id='line_1_37' title="bbox 491 3514 2110 3587; baseline -0.001 -16"><span class='ocrx_word' id='word_1_245' title='bbox 491 3516 695 3571; x_wconf 88' lang='lat' dir='ltr'><strong>stincta</strong></span> <span class='ocrx_word' id='word_1_246' title='bbox 737 3518 870 3570; x_wconf 90' lang='lat' dir='ltr'><strong>sunt</strong></span> <span class='ocrx_word' id='word_1_247' title='bbox 911 3514 1023 3569; x_wconf 92' lang='lat' dir='ltr'><strong>duo</strong></span> <span class='ocrx_word' id='word_1_248' title='bbox 1059 3514 1236 3569; x_wconf 87' lang='lat' dir='ltr'><strong>millia</strong></span> <span class='ocrx_word' id='word_1_249' title='bbox 1268 3518 1338 3584; x_wconf 87' lang='grc'><strong>(8)</strong></span> <span class='ocrx_word' id='word_1_250' title='bbox 1377 3515 1631 3571; x_wconf 87' lang='lat' dir='ltr'><strong>virorum</strong></span> <span class='ocrx_word' id='word_1_251' title='bbox 1663 3516 1921 3571; x_wconf 89' lang='lat' dir='ltr'><strong>omnium</strong></span> <span class='ocrx_word' id='word_1_252' title='bbox 1967 3534 2110 3587; x_wconf 66' lang='lat' dir='ltr'><strong>prte—</strong></span> 
     </span>
    </p>
   </div>
   <div class='ocr_carea' id='block_1_38' title="bbox 486 3609 2114 3682">
    <p class='ocr_par' dir='ltr' id='par_1_38' title="bbox 486 3609 2114 3682">
     <span class='ocr_line' id='line_1_38' title="bbox 486 3609 2114 3682; baseline 0 -17"><span class='ocrx_word' id='word_1_253' title='bbox 486 3610 771 3665; x_wconf 87' lang='lat' dir='ltr'><strong>liatorum.</strong></span> <span class='ocrx_word' id='word_1_254' title='bbox 818 3610 1099 3680; x_wconf 82' lang='lat' dir='ltr'><strong>Ratusque</strong></span> <span class='ocrx_word' id='word_1_255' title='bbox 1137 3609 1416 3679; x_wconf 87' lang='lat' dir='ltr'><strong>Trajanus</strong></span> <span class='ocrx_word' id='word_1_256' title='bbox 1454 3611 1543 3665; x_wconf 87' lang='lat' dir='ltr'><strong>vel</strong></span> <span class='ocrx_word' id='word_1_257' title='bbox 1589 3611 1810 3665; x_wconf 91' lang='lat' dir='ltr'><strong>nullum</strong></span> <span class='ocrx_word' id='word_1_258' title='bbox 1847 3611 1971 3682; x_wconf 90' lang='lat' dir='ltr'><strong>jam</strong></span> <span class='ocrx_word' id='word_1_259' title='bbox 2011 3610 2114 3665; x_wconf 91' lang='lat' dir='ltr'><strong>sibi</strong></span> 
     </span>
    </p>
   </div>
   <div class='ocr_carea' id='block_1_39' title="bbox 490 3703 2113 3776">
    <p class='ocr_par' dir='ltr' id='par_1_39' title="bbox 490 3703 2113 3776">
     <span class='ocr_line' id='line_1_39' title="bbox 490 3703 2113 3776; baseline 0 -18"><span class='ocrx_word' id='word_1_260' title='bbox 490 3708 961 3775; x_wconf 86' lang='lat' dir='ltr'><strong>repugnaturum,</strong></span> <span class='ocrx_word' id='word_1_261' title='bbox 1007 3703 1094 3757; x_wconf 91' lang='lat' dir='ltr'><strong>vel</strong></span> <span class='ocrx_word' id='word_1_262' title='bbox 1133 3703 1361 3758; x_wconf 83' lang='lat' dir='ltr'><strong>facilem</strong></span> <span class='ocrx_word' id='word_1_263' title='bbox 1410 3703 1568 3758; x_wconf 86' lang='lat' dir='ltr'><strong>urbis</strong></span> <span class='ocrx_word' id='word_1_264' title='bbox 1615 3705 2113 3776; x_wconf 87' lang='lat' dir='ltr'><strong>expugnationem,</strong></span> 
     </span>
    </p>
   </div>
   <div class='ocr_carea' id='block_1_40' title="bbox 487 3795 2111 3868">
    <p class='ocr_par' dir='ltr' id='par_1_40' title="bbox 487 3795 2111 3868">
     <span class='ocr_line' id='line_1_40' title="bbox 487 3795 2111 3868; baseline 0.001 -18"><span class='ocrx_word' id='word_1_265' title='bbox 487 3799 690 3851; x_wconf 84' lang='lat' dir='ltr'><strong>veteris</strong></span> <span class='ocrx_word' id='word_1_266' title='bbox 734 3795 819 3850; x_wconf 91' lang='lat' dir='ltr'><strong>vir</strong></span> <span class='ocrx_word' id='word_1_267' title='bbox 863 3795 1177 3867; x_wconf 77' lang='lat' dir='ltr'><strong>disciplti</strong></span> <span class='ocrx_word' id='word_1_268' title='bbox 1224 3812 1509 3851; x_wconf 86' lang='lat' dir='ltr'><strong>summam</strong></span> <span class='ocrx_word' id='word_1_269' title='bbox 1560 3796 1856 3853; x_wconf 87' lang='lat' dir='ltr'><strong>victoriam</strong></span> <span class='ocrx_word' id='word_1_270' title='bbox 1906 3799 2111 3868; x_wconf 83' lang='lat' dir='ltr'><strong>Vespa-</strong></span> 
     </span>
    </p>
   </div>
   <div class='ocr_carea' id='block_1_41' title="bbox 488 3889 2115 3962">
    <p class='ocr_par' dir='ltr' id='par_1_41' title="bbox 488 3889 2115 3962">
     <span class='ocr_line' id='line_1_41' title="bbox 488 3889 2115 3962; baseline -0.001 -17"><span class='ocrx_word' id='word_1_271' title='bbox 488 3891 646 3946; x_wconf 89' lang='lat' dir='ltr'><strong>siano</strong></span> <span class='ocrx_word' id='word_1_272' title='bbox 690 3889 1012 3957; x_wconf 88' lang='lat' dir='ltr'><strong>reservavit,</strong></span> <span class='ocrx_word' id='word_1_273' title='bbox 1063 3889 1331 3962; x_wconf 88' lang='lat' dir='ltr'><strong>misitque</strong></span> <span class='ocrx_word' id='word_1_274' title='bbox 1388 3891 1457 3945; x_wconf 90' lang='lat' dir='ltr'><strong>ad</strong></span> <span class='ocrx_word' id='word_1_275' title='bbox 1513 3906 1668 3960; x_wconf 91' lang='lat' dir='ltr'><strong>eum,</strong></span> <span class='ocrx_word' id='word_1_276' title='bbox 1711 3891 2002 3962; x_wconf 88' lang='lat' dir='ltr'><strong>postulans</strong></span> <span class='ocrx_word' id='word_1_277' title='bbox 2056 3895 2115 3945; x_wconf 93' lang='lat' dir='ltr'><strong>ut</strong></span> 
     </span>
    </p>
   </div>
   <div class='ocr_carea' id='block_1_42' title="bbox 488 3983 2115 4056">
    <p class='ocr_par' dir='ltr' id='par_1_42' title="bbox 488 3983 2115 4056">
     <span class='ocr_line' id='line_1_42' title="bbox 488 3983 2115 4056; baseline 0.001 -18"><span class='ocrx_word' id='word_1_278' title='bbox 488 3985 670 4040; x_wconf 82' lang='lat' dir='ltr'><strong>tilium</strong></span> <span class='ocrx_word' id='word_1_279' title='bbox 720 4000 889 4039; x_wconf 89' lang='lat' dir='ltr'><strong>suum</strong></span> <span class='ocrx_word' id='word_1_280' title='bbox 942 3983 1211 4054; x_wconf 86' lang='lat' dir='ltr'><strong>dirigeret</strong></span> <span class='ocrx_word' id='word_1_281' title='bbox 1261 3984 1485 4053; x_wconf 88' lang='lat' dir='ltr'><strong>Titum,</strong></span> <span class='ocrx_word' id='word_1_282' title='bbox 1538 3984 1635 4056; x_wconf 91' lang='lat' dir='ltr'><strong>qui</strong></span> <span class='ocrx_word' id='word_1_283' title='bbox 1692 3986 1869 4039; x_wconf 81' lang='lat' dir='ltr'><strong>tinem</strong></span> <span class='ocrx_word' id='word_1_284' title='bbox 1921 3986 2115 4056; x_wconf 73' lang='lat' dir='ltr'><strong>przelio</strong></span> 
     </span>
    </p>
   </div>
   <div class='ocr_carea' id='block_1_43' title="bbox 491 4077 2113 4150">
    <p class='ocr_par' dir='ltr' id='par_1_43' title="bbox 491 4077 2113 4150">
     <span class='ocr_line' id='line_1_43' title="bbox 491 4077 2113 4150; baseline 0.001 -18"><span class='ocrx_word' id='word_1_285' title='bbox 491 4080 670 4133; x_wconf 89' lang='lat' dir='ltr'><strong>daret.</strong></span> <span class='ocrx_word' id='word_1_286' title='bbox 725 4077 849 4141; x_wconf 87' lang='lat' dir='ltr'><strong>Quo</strong></span> <span class='ocrx_word' id='word_1_287' title='bbox 899 4077 1276 4145; x_wconf 85' lang='lat' dir='ltr'><strong>adventante,</strong></span> <span class='ocrx_word' id='word_1_288' title='bbox 1332 4077 1479 4132; x_wconf 84' lang='lat' dir='ltr'><strong>facta</strong></span> <span class='ocrx_word' id='word_1_289' title='bbox 1539 4079 1818 4149; x_wconf 90' lang='lat' dir='ltr'><strong>irruptio,</strong></span> <span class='ocrx_word' id='word_1_290' title='bbox 1872 4078 2113 4150; x_wconf 66' lang='lat' dir='ltr'><strong>caesique</strong></span> 
     </span>
    </p>
   </div>
   <div class='ocr_carea' id='block_1_44' title="bbox 2217 512 3816 587">
    <p class='ocr_par' dir='ltr' id='par_1_44' title="bbox 2217 512 3816 587">
     <span class='ocr_line' id='line_1_44' title="bbox 2217 512 3816 587; baseline -0.003 -18"><span class='ocrx_word' id='word_1_291' title='bbox 2217 514 2362 569; x_wconf 89' lang='lat' dir='ltr'><strong>vulis</strong></span> <span class='ocrx_word' id='word_1_292' title='bbox 2387 530 2547 587; x_wconf 72' lang='lat' dir='ltr'><strong>aequa</strong></span> <span class='ocrx_word' id='word_1_293' title='bbox 2577 514 2687 584; x_wconf 91' lang='grc'>(10)</span> <span class='ocrx_word' id='word_1_294' title='bbox 2710 515 2831 585; x_wconf 90' lang='lat' dir='ltr'><strong>jam</strong></span> <span class='ocrx_word' id='word_1_295' title='bbox 2870 516 3020 569; x_wconf 89' lang='lat' dir='ltr'><strong>sorte</strong></span> <span class='ocrx_word' id='word_1_296' title='bbox 3048 513 3407 579; x_wconf 85' lang='lat' dir='ltr'><strong>conditionis,</strong></span> <span class='ocrx_word' id='word_1_297' title='bbox 3439 528 3580 585; x_wconf 87' lang='lat' dir='ltr'><strong>quos</strong></span> <span class='ocrx_word' id='word_1_298' title='bbox 3610 512 3816 583; x_wconf 89' lang='lat' dir='ltr'><strong>captivi-</strong></span> 
     </span>
    </p>
   </div>
   <div class='ocr_carea' id='block_1_45' title="bbox 2220 608 2761 680">
    <p class='ocr_par' dir='ltr' id='par_1_45' title="bbox 2220 608 2761 680">
     <span class='ocr_line' id='line_1_45' title="bbox 2220 608 2761 680; baseline 0 -17"><span class='ocrx_word' id='word_1_299' title='bbox 2220 613 2304 663; x_wconf 85' lang='lat' dir='ltr'><strong>tas</strong></span> <span class='ocrx_word' id='word_1_300' title='bbox 2333 625 2498 680; x_wconf 88' lang='lat' dir='ltr'><strong>pares</strong></span> <span class='ocrx_word' id='word_1_301' title='bbox 2529 608 2761 663; x_wconf 87' lang='lat' dir='ltr'><strong>fecerat.</strong></span> 
     </span>
    </p>
   </div>
   <div class='ocr_carea' id='block_1_46' title="bbox 2837 703 3222 758">
    <p class='ocr_par' dir='ltr' id='par_1_46' title="bbox 2837 703 3222 758">
     <span class='ocr_line' id='line_1_46' title="bbox 2837 703 3222 758; baseline -0.008 0"><span class='ocrx_word' id='word_1_302' title='bbox 2837 703 3056 758; x_wconf 85' lang='lat' dir='ltr'><strong>CAPUT</strong></span> <span class='ocrx_word' id='word_1_303' title='bbox 3093 703 3222 756; x_wconf 84' lang='lat' dir='ltr'><strong>XIV.</strong></span> 
     </span>
    </p>
   </div>
   <div class='ocr_carea' id='block_1_47' title="bbox 2290 794 3822 851">
    <p class='ocr_par' dir='ltr' id='par_1_47' title="bbox 2290 794 3822 851">
     <span class='ocr_line' id='line_1_47' title="bbox 2290 794 3822 851; baseline -0.001 -2"><span class='ocrx_word' id='word_1_304' title='bbox 2290 798 2403 850; x_wconf 86' lang='lat' dir='ltr'><strong>Nec</strong></span> <span class='ocrx_word' id='word_1_305' title='bbox 2436 797 2731 851; x_wconf 66' lang='lat' dir='ltr'><strong>Samaritae</strong></span> <span class='ocrx_word' id='word_1_306' title='bbox 2770 795 3057 851; x_wconf 89' lang='lat' dir='ltr'><strong>immunes</strong></span> <span class='ocrx_word' id='word_1_307' title='bbox 3095 795 3457 850; x_wconf 85' lang='lat' dir='ltr'><strong>miseriarum</strong></span> <span class='ocrx_word' id='word_1_308' title='bbox 3486 794 3668 849; x_wconf 86' lang='lat' dir='ltr'><strong>fuere.</strong></span> <span class='ocrx_word' id='word_1_309' title='bbox 3709 795 3822 849; x_wconf 81' lang='lat' dir='ltr'><strong>Nam</strong></span> 
     </span>
    </p>
   </div>
   <div class='ocr_carea' id='block_1_48' title="bbox 2219 888 3823 945">
    <p class='ocr_par' dir='ltr' id='par_1_48' title="bbox 2219 888 3823 945">
     <span class='ocr_line' id='line_1_48' title="bbox 2219 888 3823 945; baseline -0.001 -1"><span class='ocrx_word' id='word_1_310' title='bbox 2219 906 2349 945; x_wconf 93' lang='lat' dir='ltr'><strong>cum</strong></span> <span class='ocrx_word' id='word_1_311' title='bbox 2387 890 2699 945; x_wconf 90' lang='lat' dir='ltr'><strong>secundum</strong></span> <span class='ocrx_word' id='word_1_312' title='bbox 2736 889 3214 945; x_wconf 89' lang='lat' dir='ltr'><strong>consuetudinem</strong></span> <span class='ocrx_word' id='word_1_313' title='bbox 3257 905 3422 944; x_wconf 88' lang='lat' dir='ltr'><strong>suam</strong></span> <span class='ocrx_word' id='word_1_314' title='bbox 3467 888 3823 943; x_wconf 84' lang='lat' dir='ltr'><strong>ascendissent</strong></span> 
     </span>
    </p>
   </div>
   <div class='ocr_carea' id='block_1_49' title="bbox 2221 983 3822 1055">
    <p class='ocr_par' dir='ltr' id='par_1_49' title="bbox 2221 983 3822 1055">
     <span class='ocr_line' id='line_1_49' title="bbox 2221 983 3822 1055; baseline -0.002 -17"><span class='ocrx_word' id='word_1_315' title='bbox 2221 984 2331 1055; x_wconf 86' lang='grc'>(11)</span> <span class='ocrx_word' id='word_1_316' title='bbox 2378 990 2635 1039; x_wconf 91' lang='lat' dir='ltr'><strong>montem</strong></span> <span class='ocrx_word' id='word_1_317' title='bbox 2684 983 2951 1051; x_wconf 87' lang='lat' dir='ltr'><strong>Garizim,</strong></span> <span class='ocrx_word' id='word_1_318' title='bbox 2995 984 3094 1055; x_wconf 91' lang='lat' dir='ltr'><strong>qui</strong></span> <span class='ocrx_word' id='word_1_319' title='bbox 3144 990 3264 1038; x_wconf 89' lang='lat' dir='ltr'><strong>erat</strong></span> <span class='ocrx_word' id='word_1_320' title='bbox 3306 983 3412 1037; x_wconf 83' lang='lat' dir='ltr'><strong>illis</strong></span> <span class='ocrx_word' id='word_1_321' title='bbox 3465 988 3822 1045; x_wconf 83' lang='lat' dir='ltr'><strong>consecratus,</strong></span> 
     </span>
    </p>
   </div>
   <div class='ocr_carea' id='block_1_50' title="bbox 2217 1075 3826 1148">
    <p class='ocr_par' dir='ltr' id='par_1_50' title="bbox 2217 1075 3826 1148">
     <span class='ocr_line' id='line_1_50' title="bbox 2217 1075 3826 1148; baseline -0.002 -16"><span class='ocrx_word' id='word_1_322' title='bbox 2217 1077 2314 1132; x_wconf 91' lang='lat' dir='ltr'><strong>ubi</strong></span> <span class='ocrx_word' id='word_1_323' title='bbox 2360 1077 2603 1133; x_wconf 88' lang='lat' dir='ltr'><strong>adorare</strong></span> <span class='ocrx_word' id='word_1_324' title='bbox 2639 1077 2901 1133; x_wconf 89' lang='lat' dir='ltr'><strong>solebant</strong></span> <span class='ocrx_word' id='word_1_325' title='bbox 2933 1095 2946 1132; x_wconf 87' lang='lat'><strong>:</strong></span> <span class='ocrx_word' id='word_1_326' title='bbox 2990 1078 3140 1132; x_wconf 90' lang='lat' dir='ltr'><strong>unde</strong></span> <span class='ocrx_word' id='word_1_327' title='bbox 3182 1082 3241 1132; x_wconf 90' lang='lat' dir='ltr'><strong>et</strong></span> <span class='ocrx_word' id='word_1_328' title='bbox 3279 1078 3338 1131; x_wconf 91' lang='lat' dir='ltr'><strong>in</strong></span> <span class='ocrx_word' id='word_1_329' title='bbox 3378 1077 3683 1148; x_wconf 84' lang='lat' dir='ltr'><strong>Evangelio</strong></span> <span class='ocrx_word' id='word_1_330' title='bbox 3717 1075 3826 1130; x_wconf 83' lang='lat' dir='ltr'><strong>dicit</strong></span> 
     </span>
    </p>
   </div>
   <div class='ocr_carea' id='block_1_51' title="bbox 2220 1170 3824 1232">
    <p class='ocr_par' dir='ltr' id='par_1_51' title="bbox 2220 1170 3824 1232">
     <span class='ocr_line' id='line_1_51' title="bbox 2220 1170 3824 1232; baseline -0.002 -6"><span class='ocrx_word' id='word_1_331' title='bbox 2220 1170 2578 1226; x_wconf 88' lang='lat' dir='ltr'><strong>Samaritana</strong></span> <span class='ocrx_word' id='word_1_332' title='bbox 2608 1189 2621 1224; x_wconf 88' lang='lat'><strong>:</strong></span> <span class='ocrx_word' id='word_1_333' title='bbox 2645 1173 2834 1226; x_wconf 79' lang='lat' dir='ltr'><strong>Patres</strong></span> <span class='ocrx_word' id='word_1_334' title='bbox 2859 1173 3031 1227; x_wconf 78' lang='lat' dir='ltr'><strong>nostri</strong></span> <span class='ocrx_word' id='word_1_335' title='bbox 3048 1171 3416 1225; x_wconf 82' lang='lat' dir='ltr'><strong>adoraverunt</strong></span> <span class='ocrx_word' id='word_1_336' title='bbox 3433 1173 3491 1224; x_wconf 78' lang='lat' dir='ltr'><strong>in</strong></span> <span class='ocrx_word' id='word_1_337' title='bbox 3512 1170 3609 1224; x_wconf 86' lang='lat' dir='ltr'><strong>hoc</strong></span> <span class='ocrx_word' id='word_1_338' title='bbox 3635 1176 3824 1232; x_wconf 79' lang='lat' dir='ltr'><strong>monte;</strong></span> 
     </span>
    </p>
   </div>
   <div class='ocr_carea' id='block_1_52' title="bbox 2221 1264 3825 1337">
    <p class='ocr_par' dir='ltr' id='par_1_52' title="bbox 2221 1264 3825 1337">
     <span class='ocr_line' id='line_1_52' title="bbox 2221 1264 3825 1337; baseline -0.001 -18"><span class='ocrx_word' id='word_1_339' title='bbox 2221 1271 2277 1319; x_wconf 91' lang='lat' dir='ltr'><strong>et</strong></span> <span class='ocrx_word' id='word_1_340' title='bbox 2322 1281 2660 1337; x_wconf 86' lang='lat' dir='ltr'><strong>responsum</strong></span> <span class='ocrx_word' id='word_1_341' title='bbox 2706 1271 2789 1319; x_wconf 88' lang='lat' dir='ltr'><strong>est</strong></span> <span class='ocrx_word' id='word_1_342' title='bbox 2832 1265 2885 1319; x_wconf 89' lang='lat' dir='ltr'><strong>ei</strong></span> <span class='ocrx_word' id='word_1_343' title='bbox 2926 1282 2938 1318; x_wconf 90' lang='lat'><strong>:</strong></span> <span class='ocrx_word' id='word_1_344' title='bbox 2986 1267 3176 1322; x_wconf 80' lang='lat' dir='ltr'><strong>Veniet</strong></span> <span class='ocrx_word' id='word_1_345' title='bbox 3217 1266 3371 1326; x_wconf 86' lang='lat' dir='ltr'><strong>hora,</strong></span> <span class='ocrx_word' id='word_1_346' title='bbox 3414 1264 3637 1333; x_wconf 85' lang='lat' dir='ltr'><strong>quando</strong></span> <span class='ocrx_word' id='word_1_347' title='bbox 3682 1279 3825 1333; x_wconf 77' lang='lat' dir='ltr'><strong>neque</strong></span> 
     </span>
    </p>
   </div>
   <div class='ocr_carea' id='block_1_53' title="bbox 2218 1358 3820 1429">
    <p class='ocr_par' dir='ltr' id='par_1_53' title="bbox 2218 1358 3820 1429">
     <span class='ocr_line' id='line_1_53' title="bbox 2218 1358 3820 1429; baseline -0.004 -14"><span class='ocrx_word' id='word_1_348' title='bbox 2218 1362 2278 1415; x_wconf 74' lang='lat' dir='ltr'><strong>in</strong></span> <span class='ocrx_word' id='word_1_349' title='bbox 2328 1361 2424 1414; x_wconf 83' lang='lat' dir='ltr'><strong>hoc</strong></span> <span class='ocrx_word' id='word_1_350' title='bbox 2476 1364 2676 1423; x_wconf 82' lang='lat' dir='ltr'><strong>monte,</strong></span> <span class='ocrx_word' id='word_1_351' title='bbox 2730 1374 2902 1429; x_wconf 85' lang='lat' dir='ltr'><strong>neque</strong></span> <span class='ocrx_word' id='word_1_352' title='bbox 2951 1360 3338 1428; x_wconf 77' lang='lat' dir='ltr'><strong>Hierosolymis</strong></span> <span class='ocrx_word' id='word_1_353' title='bbox 3388 1358 3690 1413; x_wconf 77' lang='lat' dir='ltr'><strong>adorabitis</strong></span> <span class='ocrx_word' id='word_1_354' title='bbox 3736 1358 3820 1413; x_wconf 83' lang='lat' dir='ltr'><strong>Pu-</strong></span> 
     </span>
    </p>
   </div>
   <div class='ocr_carea' id='block_1_54' title="bbox 2222 1451 3823 1525">
    <p class='ocr_par' dir='ltr' id='par_1_54' title="bbox 2222 1451 3823 1525">
     <span class='ocr_line' id='line_1_54' title="bbox 2222 1451 3823 1525; baseline -0.004 -16"><span class='ocrx_word' id='word_1_355' title='bbox 2222 1461 2355 1509; x_wconf 82' lang='lat' dir='ltr'><strong>trem</strong></span> <span class='ocrx_word' id='word_1_356' title='bbox 2404 1454 2447 1525; x_wconf 89' lang='lat' dir='ltr'><strong>(l</strong></span> <span class='ocrx_word' id='word_1_357' title='bbox 2496 1456 2681 1516; x_wconf 85' lang='lat' dir='ltr'><strong>Joan.,</strong></span> <span class='ocrx_word' id='word_1_358' title='bbox 2738 1470 2812 1521; x_wconf 80' lang='lat' dir='ltr'><strong>iv,</strong></span> <span class='ocrx_word' id='word_1_359' title='bbox 2864 1456 2955 1519; x_wconf 84' lang='lat'><strong>20,</strong></span> <span class='ocrx_word' id='word_1_360' title='bbox 3004 1453 3131 1519; x_wconf 81' lang='lat' dir='ltr'><strong>2i);</strong></span> <span class='ocrx_word' id='word_1_361' title='bbox 3185 1451 3499 1508; x_wconf 88' lang='lat' dir='ltr'><strong>debebatur</strong></span> <span class='ocrx_word' id='word_1_362' title='bbox 3552 1452 3728 1517; x_wconf 90' lang='lat' dir='ltr'><strong>enim,</strong></span> <span class='ocrx_word' id='word_1_363' title='bbox 3774 1461 3823 1503; x_wconf 83' lang='lat' dir='ltr'><strong>ut</strong></span> 
     </span>
    </p>
   </div>
   <div class='ocr_carea' id='block_1_55' title="bbox 2220 1544 3826 1619">
    <p class='ocr_par' dir='ltr' id='par_1_55' title="bbox 2220 1544 3826 1619">
     <span class='ocr_line' id='line_1_55' title="bbox 2220 1544 3826 1619; baseline -0.002 -17"><span class='ocrx_word' id='word_1_364' title='bbox 2220 1551 2469 1603; x_wconf 89' lang='lat' dir='ltr'><strong>cessaret</strong></span> <span class='ocrx_word' id='word_1_365' title='bbox 2518 1547 2867 1619; x_wconf 87' lang='lat' dir='ltr'><strong>superstitio,</strong></span> <span class='ocrx_word' id='word_1_366' title='bbox 2924 1552 2982 1602; x_wconf 88' lang='lat' dir='ltr'><strong>et</strong></span> <span class='ocrx_word' id='word_1_367' title='bbox 3035 1562 3170 1601; x_wconf 88' lang='lat' dir='ltr'><strong>vera</strong></span> <span class='ocrx_word' id='word_1_368' title='bbox 3225 1545 3427 1617; x_wconf 90' lang='lat' dir='ltr'><strong>religio</strong></span> <span class='ocrx_word' id='word_1_369' title='bbox 3477 1544 3826 1611; x_wconf 84' lang='lat' dir='ltr'><strong>succederet;</strong></span> 
     </span>
    </p>
   </div>
   <div class='ocr_carea' id='block_1_56' title="bbox 2220 1638 3827 1710">
    <p class='ocr_par' dir='ltr' id='par_1_56' title="bbox 2220 1638 3827 1710">
     <span class='ocr_line' id='line_1_56' title="bbox 2220 1638 3827 1710; baseline -0.003 -14"><span class='ocrx_word' id='word_1_370' title='bbox 2220 1644 2593 1697; x_wconf 87' lang='lat' dir='ltr'><strong>evacuaretur</strong></span> <span class='ocrx_word' id='word_1_371' title='bbox 2624 1641 2842 1708; x_wconf 90' lang='lat' dir='ltr'><strong>umbra,</strong></span> <span class='ocrx_word' id='word_1_372' title='bbox 2873 1640 3091 1695; x_wconf 85' lang='lat' dir='ltr'><strong>veniret</strong></span> <span class='ocrx_word' id='word_1_373' title='bbox 3126 1640 3352 1706; x_wconf 89' lang='lat' dir='ltr'><strong>veritas,</strong></span> <span class='ocrx_word' id='word_1_374' title='bbox 3382 1645 3444 1693; x_wconf 93' lang='lat' dir='ltr'><strong>ut</strong></span> <span class='ocrx_word' id='word_1_375' title='bbox 3478 1639 3602 1710; x_wconf 89' lang='lat' dir='ltr'><strong>jam</strong></span> <span class='ocrx_word' id='word_1_376' title='bbox 3638 1654 3747 1693; x_wconf 90' lang='lat' dir='ltr'><strong>non</strong></span> <span class='ocrx_word' id='word_1_377' title='bbox 3779 1638 3827 1691; x_wconf 89' lang='lat' dir='ltr'><strong>in</strong></span> 
     </span>
    </p>
   </div>
   <div class='ocr_carea' id='block_1_57' title="bbox 2219 1732 3832 1804">
    <p class='ocr_par' dir='ltr' id='par_1_57' title="bbox 2219 1732 3832 1804">
     <span class='ocr_line' id='line_1_57' title="bbox 2219 1732 3832 1804; baseline -0.004 -15"><span class='ocrx_word' id='word_1_378' title='bbox 2219 1740 2433 1804; x_wconf 90' lang='lat' dir='ltr'><strong>monte,</strong></span> <span class='ocrx_word' id='word_1_379' title='bbox 2480 1735 2627 1789; x_wconf 89' lang='lat' dir='ltr'><strong>sicut</strong></span> <span class='ocrx_word' id='word_1_380' title='bbox 2667 1733 3029 1801; x_wconf 88' lang='lat' dir='ltr'><strong>Samaritani,</strong></span> <span class='ocrx_word' id='word_1_381' title='bbox 3061 1750 3179 1788; x_wconf 91' lang='lat' dir='ltr'><strong>non</strong></span> <span class='ocrx_word' id='word_1_382' title='bbox 3220 1734 3279 1787; x_wconf 88' lang='lat' dir='ltr'><strong>in</strong></span> <span class='ocrx_word' id='word_1_383' title='bbox 3320 1732 3723 1803; x_wconf 82' lang='lat' dir='ltr'><strong>Hierosolymis</strong></span> <span class='ocrx_word' id='word_1_384' title='bbox 3760 1735 3832 1784; x_wconf 88' lang='lat' dir='ltr'><strong>ter</strong></span> 
     </span>
    </p>
   </div>
   <div class='ocr_carea' id='block_1_58' title="bbox 2221 1825 3830 1898">
    <p class='ocr_par' dir='ltr' id='par_1_58' title="bbox 2221 1825 3830 1898">
     <span class='ocr_line' id='line_1_58' title="bbox 2221 1825 3830 1898; baseline -0.003 -15"><span class='ocrx_word' id='word_1_385' title='bbox 2221 1829 2278 1884; x_wconf 91' lang='lat' dir='ltr'><strong>in</strong></span> <span class='ocrx_word' id='word_1_386' title='bbox 2316 1846 2488 1896; x_wconf 88' lang='lat' dir='ltr'><strong>anno,</strong></span> <span class='ocrx_word' id='word_1_387' title='bbox 2532 1828 2676 1883; x_wconf 92' lang='lat' dir='ltr'><strong>sicut</strong></span> <span class='ocrx_word' id='word_1_388' title='bbox 2710 1827 2911 1895; x_wconf 72' lang='lat' dir='ltr'><strong>Judaai,</strong></span> <span class='ocrx_word' id='word_1_389' title='bbox 2947 1827 3047 1882; x_wconf 88' lang='lat' dir='ltr'><strong>sed</strong></span> <span class='ocrx_word' id='word_1_390' title='bbox 3090 1827 3147 1880; x_wconf 90' lang='lat' dir='ltr'><strong>in</strong></span> <span class='ocrx_word' id='word_1_391' title='bbox 3188 1826 3390 1898; x_wconf 90' lang='lat' dir='ltr'><strong>spiritu</strong></span> <span class='ocrx_word' id='word_1_392' title='bbox 3428 1826 3486 1880; x_wconf 89' lang='lat' dir='ltr'><strong>in</strong></span> <span class='ocrx_word' id='word_1_393' title='bbox 3527 1825 3689 1880; x_wconf 90' lang='lat' dir='ltr'><strong>omni</strong></span> <span class='ocrx_word' id='word_1_394' title='bbox 3724 1826 3830 1879; x_wconf 87' lang='lat' dir='ltr'><strong>loco</strong></span> 
     </span>
    </p>
   </div>
   <div class='ocr_carea' id='block_1_59' title="bbox 2221 1920 3828 1994">
    <p class='ocr_par' dir='ltr' id='par_1_59' title="bbox 2221 1920 3828 1994">
     <span class='ocr_line' id='line_1_59' title="bbox 2221 1920 3828 1994; baseline -0.003 -16"><span class='ocrx_word' id='word_1_395' title='bbox 2221 1923 2448 1978; x_wconf 90' lang='lat' dir='ltr'><strong>elevans</strong></span> <span class='ocrx_word' id='word_1_396' title='bbox 2478 1939 2648 1994; x_wconf 89' lang='lat' dir='ltr'><strong>puras</strong></span> <span class='ocrx_word' id='word_1_397' title='bbox 2676 1938 2877 1977; x_wconf 88' lang='lat' dir='ltr'><strong>manus</strong></span> <span class='ocrx_word' id='word_1_398' title='bbox 2913 1922 3086 1976; x_wconf 91' lang='lat' dir='ltr'><strong>homo</strong></span> <span class='ocrx_word' id='word_1_399' title='bbox 3126 1921 3313 1976; x_wconf 90' lang='lat' dir='ltr'><strong>omnis</strong></span> <span class='ocrx_word' id='word_1_400' title='bbox 3353 1920 3619 1974; x_wconf 89' lang='lat' dir='ltr'><strong>adoraret</strong></span> <span class='ocrx_word' id='word_1_401' title='bbox 3650 1921 3828 1985; x_wconf 84' lang='lat' dir='ltr'><strong>Deum,</strong></span> 
     </span>
    </p>
   </div>
   <div class='ocr_carea' id='block_1_60' title="bbox 2222 2014 3834 2087">
    <p class='ocr_par' dir='ltr' id='par_1_60' title="bbox 2222 2014 3834 2087">
     <span class='ocr_line' id='line_1_60' title="bbox 2222 2014 3834 2087; baseline -0.003 -16"><span class='ocrx_word' id='word_1_402' title='bbox 2222 2020 2280 2071; x_wconf 89' lang='lat' dir='ltr'><strong>et</strong></span> <span class='ocrx_word' id='word_1_403' title='bbox 2322 2017 2377 2070; x_wconf 89' lang='lat' dir='ltr'><strong>in</strong></span> <span class='ocrx_word' id='word_1_404' title='bbox 2425 2016 2656 2071; x_wconf 90' lang='lat' dir='ltr'><strong>nomine</strong></span> <span class='ocrx_word' id='word_1_405' title='bbox 2694 2017 2824 2071; x_wconf 81' lang='lat' dir='ltr'><strong>Jesu</strong></span> <span class='ocrx_word' id='word_1_406' title='bbox 2870 2032 3020 2087; x_wconf 92' lang='lat' dir='ltr'><strong>genu</strong></span> <span class='ocrx_word' id='word_1_407' title='bbox 3059 2014 3355 2070; x_wconf 84' lang='lat' dir='ltr'><strong>ﬂecteret:</strong></span> <span class='ocrx_word' id='word_1_408' title='bbox 3390 2030 3521 2069; x_wconf 90' lang='lat' dir='ltr'><strong>cum</strong></span> <span class='ocrx_word' id='word_1_409' title='bbox 3552 2014 3751 2084; x_wconf 90' lang='lat' dir='ltr'><strong>igitur,</strong></span> <span class='ocrx_word' id='word_1_410' title='bbox 3785 2016 3834 2066; x_wconf 89' lang='lat' dir='ltr'><strong>ut</strong></span> 
     </span>
    </p>
   </div>
   <div class='ocr_carea' id='block_1_61' title="bbox 2222 2107 3833 2182">
    <p class='ocr_par' dir='ltr' id='par_1_61' title="bbox 2222 2107 3833 2182">
     <span class='ocr_line' id='line_1_61' title="bbox 2222 2107 3833 2182; baseline -0.002 -18"><span class='ocrx_word' id='word_1_411' title='bbox 2222 2126 2393 2182; x_wconf 90' lang='lat' dir='ltr'><strong>supra</strong></span> <span class='ocrx_word' id='word_1_412' title='bbox 2432 2110 2701 2178; x_wconf 83' lang='lat' dir='ltr'><strong>diximus,</strong></span> <span class='ocrx_word' id='word_1_413' title='bbox 2733 2111 2793 2164; x_wconf 89' lang='lat' dir='ltr'><strong>in</strong></span> <span class='ocrx_word' id='word_1_414' title='bbox 2836 2114 3032 2165; x_wconf 90' lang='lat' dir='ltr'><strong>monte</strong></span> <span class='ocrx_word' id='word_1_415' title='bbox 3080 2109 3321 2176; x_wconf 89' lang='lat' dir='ltr'><strong>collecti,</strong></span> <span class='ocrx_word' id='word_1_416' title='bbox 3366 2107 3687 2163; x_wconf 87' lang='lat' dir='ltr'><strong>secundum</strong></span> <span class='ocrx_word' id='word_1_417' title='bbox 3722 2124 3833 2161; x_wconf 85' lang='lat' dir='ltr'><strong>suos</strong></span> 
     </span>
    </p>
   </div>
   <div class='ocr_carea' id='block_1_62' title="bbox 2222 2200 3834 2273">
    <p class='ocr_par' dir='ltr' id='par_1_62' title="bbox 2222 2200 3834 2273">
     <span class='ocr_line' id='line_1_62' title="bbox 2222 2200 3834 2273; baseline -0.002 -14"><span class='ocrx_word' id='word_1_418' title='bbox 2222 2204 2362 2259; x_wconf 89' lang='lat' dir='ltr'><strong>ritus</strong></span> <span class='ocrx_word' id='word_1_419' title='bbox 2414 2209 2750 2270; x_wconf 88' lang='lat' dir='ltr'><strong>manerent,</strong></span> <span class='ocrx_word' id='word_1_420' title='bbox 2797 2203 2930 2258; x_wconf 89' lang='lat' dir='ltr'><strong>belli</strong></span> <span class='ocrx_word' id='word_1_421' title='bbox 2982 2208 3174 2258; x_wconf 90' lang='lat' dir='ltr'><strong>autem</strong></span> <span class='ocrx_word' id='word_1_422' title='bbox 3229 2202 3414 2257; x_wconf 89' lang='lat' dir='ltr'><strong>minas</strong></span> <span class='ocrx_word' id='word_1_423' title='bbox 3464 2200 3834 2273; x_wconf 62' lang='lat' dir='ltr'><strong>praetenderet</strong></span> 
     </span>
    </p>
   </div>
   <div class='ocr_carea' id='block_1_63' title="bbox 2222 2295 3834 2369">
    <p class='ocr_par' dir='ltr' id='par_1_63' title="bbox 2222 2295 3834 2369">
     <span class='ocr_line' id='line_1_63' title="bbox 2222 2295 3834 2369; baseline -0.002 -17"><span class='ocrx_word' id='word_1_424' title='bbox 2222 2298 2340 2369; x_wconf 89' lang='lat' dir='ltr'><strong>ipsa</strong></span> <span class='ocrx_word' id='word_1_425' title='bbox 2378 2297 2838 2369; x_wconf 86' lang='lat' dir='ltr'><strong>congregationis</strong></span> <span class='ocrx_word' id='word_1_426' title='bbox 2869 2298 3106 2369; x_wconf 89' lang='lat' dir='ltr'><strong>species,</strong></span> <span class='ocrx_word' id='word_1_427' title='bbox 3137 2297 3225 2351; x_wconf 90' lang='lat' dir='ltr'><strong>vel</strong></span> <span class='ocrx_word' id='word_1_428' title='bbox 3264 2312 3464 2352; x_wconf 90' lang='lat' dir='ltr'><strong>sensus</strong></span> <span class='ocrx_word' id='word_1_429' title='bbox 3499 2311 3722 2361; x_wconf 89' lang='lat' dir='ltr'><strong>eorum,</strong></span> <span class='ocrx_word' id='word_1_430' title='bbox 3749 2295 3834 2366; x_wconf 88' lang='lat' dir='ltr'><strong>qui</strong></span> 
     </span>
    </p>
   </div>
   <div class='ocr_carea' id='block_1_64' title="bbox 2225 2391 3837 2462">
    <p class='ocr_par' dir='ltr' id='par_1_64' title="bbox 2225 2391 3837 2462">
     <span class='ocr_line' id='line_1_64' title="bbox 2225 2391 3837 2462; baseline -0.002 -15"><span class='ocrx_word' id='word_1_431' title='bbox 2225 2408 2324 2447; x_wconf 77' lang='lat' dir='ltr'><strong>nec</strong></span> <span class='ocrx_word' id='word_1_432' title='bbox 2365 2392 2530 2447; x_wconf 89' lang='lat' dir='ltr'><strong>malis</strong></span> <span class='ocrx_word' id='word_1_433' title='bbox 2568 2392 2826 2447; x_wconf 81' lang='lat' dir='ltr'><strong>ﬁnitimis</strong></span> <span class='ocrx_word' id='word_1_434' title='bbox 2864 2391 3259 2462; x_wconf 87' lang='lat' dir='ltr'><strong>resipiscebat;</strong></span> <span class='ocrx_word' id='word_1_435' title='bbox 3290 2391 3469 2446; x_wconf 91' lang='lat' dir='ltr'><strong>multo</strong></span> <span class='ocrx_word' id='word_1_436' title='bbox 3504 2396 3699 2444; x_wconf 87' lang='lat' dir='ltr'><strong>autem</strong></span> <span class='ocrx_word' id='word_1_437' title='bbox 3736 2405 3837 2444; x_wconf 78' lang='lat' dir='ltr'><strong>am~</strong></span> 
     </span>
    </p>
   </div>
   <div class='ocr_carea' id='block_1_65' title="bbox 2221 2482 3835 2558">
    <p class='ocr_par' dir='ltr' id='par_1_65' title="bbox 2221 2482 3835 2558">
     <span class='ocr_line' id='line_1_65' title="bbox 2221 2482 3835 2558; baseline -0.004 -17"><span class='ocrx_word' id='word_1_438' title='bbox 2221 2486 2368 2557; x_wconf 90' lang='lat' dir='ltr'><strong>plius</strong></span> <span class='ocrx_word' id='word_1_439' title='bbox 2412 2485 2863 2558; x_wconf 88' lang='lat' dir='ltr'><strong>prosperioribus</strong></span> <span class='ocrx_word' id='word_1_440' title='bbox 2911 2487 3300 2542; x_wconf 89' lang='lat' dir='ltr'><strong>Romanorum</strong></span> <span class='ocrx_word' id='word_1_441' title='bbox 3346 2482 3700 2538; x_wconf 88' lang='lat' dir='ltr'><strong>successibus</strong></span> <span class='ocrx_word' id='word_1_442' title='bbox 3746 2498 3835 2553; x_wconf 86' lang='lat' dir='ltr'><strong>per</strong></span> 
     </span>
    </p>
   </div>
   <div class='ocr_carea' id='block_1_66' title="bbox 2221 2576 3837 2649">
    <p class='ocr_par' dir='ltr' id='par_1_66' title="bbox 2221 2576 3837 2649">
     <span class='ocr_line' id='line_1_66' title="bbox 2221 2576 3837 2649; baseline -0.002 -16"><span class='ocrx_word' id='word_1_443' title='bbox 2221 2580 2489 2634; x_wconf 90' lang='lat' dir='ltr'><strong>invidiam</strong></span> <span class='ocrx_word' id='word_1_444' title='bbox 2528 2581 3047 2648; x_wconf 87' lang='lat' dir='ltr'><strong>commoverentur,</strong></span> <span class='ocrx_word' id='word_1_445' title='bbox 3086 2594 3150 2632; x_wconf 86' lang='lat' dir='ltr'><strong>ac</strong></span> <span class='ocrx_word' id='word_1_446' title='bbox 3188 2592 3366 2649; x_wconf 92' lang='lat' dir='ltr'><strong>prope</strong></span> <span class='ocrx_word' id='word_1_447' title='bbox 3402 2576 3719 2632; x_wconf 88' lang='lat' dir='ltr'><strong>tumultum</strong></span> <span class='ocrx_word' id='word_1_448' title='bbox 3756 2592 3837 2630; x_wconf 83' lang='lat' dir='ltr'><strong>res</strong></span> 
     </span>
    </p>
   </div>
   <div class='ocr_carea' id='block_1_67' title="bbox 2221 2670 3834 2742">
    <p class='ocr_par' dir='ltr' id='par_1_67' title="bbox 2221 2670 3834 2742">
     <span class='ocr_line' id='line_1_67' title="bbox 2221 2670 3834 2742; baseline -0.002 -15"><span class='ocrx_word' id='word_1_449' title='bbox 2221 2680 2427 2740; x_wconf 85' lang='lat' dir='ltr'><strong>essent,</strong></span> <span class='ocrx_word' id='word_1_450' title='bbox 2479 2674 2795 2729; x_wconf 87' lang='lat' dir='ltr'><strong>consultius</strong></span> <span class='ocrx_word' id='word_1_451' title='bbox 2842 2673 3184 2728; x_wconf 63' lang='lat' dir='ltr'><strong>aestimatum</strong></span> <span class='ocrx_word' id='word_1_452' title='bbox 3231 2678 3336 2740; x_wconf 90' lang='lat' dir='ltr'><strong>est,</strong></span> <span class='ocrx_word' id='word_1_453' title='bbox 3382 2688 3478 2726; x_wconf 91' lang='lat' dir='ltr'><strong>eos</strong></span> <span class='ocrx_word' id='word_1_454' title='bbox 3521 2670 3834 2742; x_wconf 74' lang='lat' dir='ltr'><strong>praeveniri,</strong></span> 
     </span>
    </p>
   </div>
   <div class='ocr_carea' id='block_1_68' title="bbox 2220 2767 3835 2839">
    <p class='ocr_par' dir='ltr' id='par_1_68' title="bbox 2220 2767 3835 2839">
     <span class='ocr_line' id='line_1_68' title="bbox 2220 2767 3835 2839; baseline -0.002 -18"><span class='ocrx_word' id='word_1_455' title='bbox 2220 2785 2290 2821; x_wconf 92' lang='lat' dir='ltr'><strong>ne</strong></span> <span class='ocrx_word' id='word_1_456' title='bbox 2318 2768 2378 2821; x_wconf 91' lang='lat' dir='ltr'><strong>in</strong></span> <span class='ocrx_word' id='word_1_457' title='bbox 2406 2768 2679 2838; x_wconf 87' lang='lat' dir='ltr'><strong>majorem</strong></span> <span class='ocrx_word' id='word_1_458' title='bbox 2701 2773 2923 2839; x_wconf 87' lang='lat' dir='ltr'><strong>pestem</strong></span> <span class='ocrx_word' id='word_1_459' title='bbox 2950 2769 3337 2837; x_wconf 90' lang='lat' dir='ltr'><strong>erumperent.</strong></span> <span class='ocrx_word' id='word_1_460' title='bbox 3362 2767 3686 2836; x_wconf 87' lang='lat' dir='ltr'><strong>Vocatoque</strong></span> <span class='ocrx_word' id='word_1_461' title='bbox 3707 2780 3835 2836; x_wconf 77' lang='lat' dir='ltr'><strong>pra:-</strong></span> 
     </span>
    </p>
   </div>
   <div class='ocr_carea' id='block_1_69' title="bbox 2218 2859 3837 2933">
    <p class='ocr_par' dir='ltr' id='par_1_69' title="bbox 2218 2859 3837 2933">
     <span class='ocr_line' id='line_1_69' title="bbox 2218 2859 3837 2933; baseline -0.002 -18"><span class='ocrx_word' id='word_1_462' title='bbox 2218 2863 2363 2917; x_wconf 90' lang='lat' dir='ltr'><strong>fecto</strong></span> <span class='ocrx_word' id='word_1_463' title='bbox 2393 2862 2609 2916; x_wconf 90' lang='lat' dir='ltr'><strong>ordinis</strong></span> <span class='ocrx_word' id='word_1_464' title='bbox 2653 2861 2835 2933; x_wconf 89' lang='lat' dir='ltr'><strong>quinti</strong></span> <span class='ocrx_word' id='word_1_465' title='bbox 2867 2877 2996 2916; x_wconf 91' lang='lat' dir='ltr'><strong>cum</strong></span> <span class='ocrx_word' id='word_1_466' title='bbox 3037 2860 3219 2915; x_wconf 89' lang='lat' dir='ltr'><strong>tribus</strong></span> <span class='ocrx_word' id='word_1_467' title='bbox 3255 2859 3507 2914; x_wconf 88' lang='lat' dir='ltr'><strong>millibus</strong></span> <span class='ocrx_word' id='word_1_468' title='bbox 3545 2860 3837 2930; x_wconf 87' lang='lat' dir='ltr'><strong>utriusque</strong></span> 
     </span>
    </p>
   </div>
   <div class='ocr_carea' id='block_1_70' title="bbox 2219 2953 3838 3026">
    <p class='ocr_par' dir='ltr' id='par_1_70' title="bbox 2219 2953 3838 3026">
     <span class='ocr_line' id='line_1_70' title="bbox 2219 2953 3838 3026; baseline -0.003 -15"><span class='ocrx_word' id='word_1_469' title='bbox 2219 2957 2440 3011; x_wconf 58' lang='lat' dir='ltr'><strong>militia</strong></span> <span class='ocrx_word' id='word_1_470' title='bbox 2481 2955 2631 3023; x_wconf 89' lang='lat' dir='ltr'><strong>viris,</strong></span> <span class='ocrx_word' id='word_1_471' title='bbox 2676 2973 2743 3010; x_wconf 93' lang='lat' dir='ltr'><strong>eo</strong></span> <span class='ocrx_word' id='word_1_472' title='bbox 2782 2972 2914 3010; x_wconf 91' lang='lat' dir='ltr'><strong>eum</strong></span> <span class='ocrx_word' id='word_1_473' title='bbox 2953 2955 3328 3026; x_wconf 85' lang='lat' dir='ltr'><strong>Vespasianus</strong></span> <span class='ocrx_word' id='word_1_474' title='bbox 3368 2954 3477 3025; x_wconf 78' lang='lat' dir='ltr'><strong>(t2)</strong></span> <span class='ocrx_word' id='word_1_475' title='bbox 3517 2953 3746 3008; x_wconf 89' lang='lat' dir='ltr'><strong>direxit.</strong></span> <span class='ocrx_word' id='word_1_476' title='bbox 3781 2957 3838 3007; x_wconf 81' lang='lat' dir='ltr'><strong>At</strong></span> 
     </span>
    </p>
   </div>
   <div class='ocr_carea' id='block_1_71' title="bbox 2218 3048 3837 3120">
    <p class='ocr_par' dir='ltr' id='par_1_71' title="bbox 2218 3048 3837 3120">
     <span class='ocr_line' id='line_1_71' title="bbox 2218 3048 3837 3120; baseline -0.002 -15"><span class='ocrx_word' id='word_1_477' title='bbox 2218 3051 2312 3105; x_wconf 90' lang='lat' dir='ltr'><strong>ille</strong></span> <span class='ocrx_word' id='word_1_478' title='bbox 2341 3050 2645 3105; x_wconf 90' lang='lat' dir='ltr'><strong>ascendere</strong></span> <span class='ocrx_word' id='word_1_479' title='bbox 2674 3052 2931 3104; x_wconf 91' lang='lat' dir='ltr'><strong>montem</strong></span> <span class='ocrx_word' id='word_1_480' title='bbox 2973 3048 3158 3120; x_wconf 90' lang='lat' dir='ltr'><strong>primo</strong></span> <span class='ocrx_word' id='word_1_481' title='bbox 3197 3048 3430 3103; x_wconf 89' lang='lat' dir='ltr'><strong>exordio</strong></span> <span class='ocrx_word' id='word_1_482' title='bbox 3468 3048 3837 3119; x_wconf 89' lang='lat' dir='ltr'><strong>periculosum</strong></span> 
     </span>
    </p>
   </div>
   <div class='ocr_carea' id='block_1_72' title="bbox 2218 3133 3839 3216">
    <p class='ocr_par' dir='ltr' id='par_1_72' title="bbox 2218 3133 3839 3216">
     <span class='ocr_line' id='line_1_72' title="bbox 2218 3133 3839 3216; baseline -0.004 -17"><span class='ocrx_word' id='word_1_483' title='bbox 2218 3148 2374 3199; x_wconf 89' lang='lat' dir='ltr'><strong>ratus</strong></span> <span class='ocrx_word' id='word_1_484' title='bbox 2415 3145 2565 3216; x_wconf 88' lang='lat' dir='ltr'><strong>(erat</strong></span> <span class='ocrx_word' id='word_1_485' title='bbox 2609 3133 2765 3199; x_wconf 86' lang='lat' dir='ltr'><strong>enim</strong></span> <span class='ocrx_word' id='word_1_486' title='bbox 2810 3143 2979 3197; x_wconf 90' lang='lat' dir='ltr'><strong>simul</strong></span> <span class='ocrx_word' id='word_1_487' title='bbox 3027 3143 3229 3213; x_wconf 88' lang='lat' dir='ltr'><strong>juncta</strong></span> <span class='ocrx_word' id='word_1_488' title='bbox 3284 3142 3491 3197; x_wconf 86' lang='lat' dir='ltr'><strong>terrori</strong></span> <span class='ocrx_word' id='word_1_489' title='bbox 3541 3140 3839 3196; x_wconf 85' lang='lat' dir='ltr'><strong>multitudo</strong></span> 
     </span>
    </p>
   </div>
   <div class='ocr_carea' id='block_1_73' title="bbox 2219 3235 3837 3310">
    <p class='ocr_par' dir='ltr' id='par_1_73' title="bbox 2219 3235 3837 3310">
     <span class='ocr_line' id='line_1_73' title="bbox 2219 3235 3837 3310; baseline -0.004 -17"><span class='ocrx_word' id='word_1_490' title='bbox 2219 3238 2433 3310; x_wconf 91' lang='lat' dir='ltr'><strong>p0puli,</strong></span> <span class='ocrx_word' id='word_1_491' title='bbox 2456 3244 2512 3293; x_wconf 91' lang='lat' dir='ltr'><strong>et</strong></span> <span class='ocrx_word' id='word_1_492' title='bbox 2531 3242 2881 3310; x_wconf 62' lang='lat' dir='ltr'><strong>praeruptum</strong></span> <span class='ocrx_word' id='word_1_493' title='bbox 2906 3238 3167 3307; x_wconf 63' lang='lat' dir='ltr'><strong>naturae),</strong></span> <span class='ocrx_word' id='word_1_494' title='bbox 3189 3235 3570 3291; x_wconf 89' lang='lat' dir='ltr'><strong>circumdedit</strong></span> <span class='ocrx_word' id='word_1_495' title='bbox 3592 3236 3837 3290; x_wconf 85' lang='lat' dir='ltr'><strong>exercitu</strong></span> 
     </span>
    </p>
   </div>
   <div class='ocr_carea' id='block_1_74' title="bbox 2216 3328 3835 3398">
    <p class='ocr_par' dir='ltr' id='par_1_74' title="bbox 2216 3328 3835 3398">
     <span class='ocr_line' id='line_1_74' title="bbox 2216 3328 3835 3398; baseline -0.003 -10"><span class='ocrx_word' id='word_1_496' title='bbox 2216 3333 2430 3388; x_wconf 90' lang='lat' dir='ltr'><strong>montis</strong></span> <span class='ocrx_word' id='word_1_497' title='bbox 2456 3332 2720 3398; x_wconf 81' lang='lat' dir='ltr'><strong>confinia,</strong></span> <span class='ocrx_word' id='word_1_498' title='bbox 2751 3334 2809 3385; x_wconf 88' lang='lat' dir='ltr'><strong>et</strong></span> <span class='ocrx_word' id='word_1_499' title='bbox 2836 3334 2952 3386; x_wconf 89' lang='lat' dir='ltr'><strong>toto</strong></span> <span class='ocrx_word' id='word_1_500' title='bbox 2981 3330 3070 3385; x_wconf 90' lang='lat' dir='ltr'><strong>die</strong></span> <span class='ocrx_word' id='word_1_501' title='bbox 3101 3330 3309 3387; x_wconf 84' lang='lat' dir='ltr'><strong>deferri</strong></span> <span class='ocrx_word' id='word_1_502' title='bbox 3336 3329 3471 3385; x_wconf 89' lang='lat' dir='ltr'><strong>fecit</strong></span> <span class='ocrx_word' id='word_1_503' title='bbox 3505 3328 3835 3397; x_wconf 82' lang='lat' dir='ltr'><strong>custodiam,</strong></span> 
     </span>
    </p>
   </div>
   <div class='ocr_carea' id='block_1_75' title="bbox 2218 3425 3835 3499">
    <p class='ocr_par' dir='ltr' id='par_1_75' title="bbox 2218 3425 3835 3499">
     <span class='ocr_line' id='line_1_75' title="bbox 2218 3425 3835 3499; baseline -0.002 -18"><span class='ocrx_word' id='word_1_504' title='bbox 2218 3444 2289 3481; x_wconf 88' lang='lat' dir='ltr'><strong>ne</strong></span> <span class='ocrx_word' id='word_1_505' title='bbox 2320 3427 2446 3499; x_wconf 87' lang='lat' dir='ltr'><strong>quis</strong></span> <span class='ocrx_word' id='word_1_506' title='bbox 2488 3430 2763 3498; x_wconf 88' lang='lat' dir='ltr'><strong>aquatum</strong></span> <span class='ocrx_word' id='word_1_507' title='bbox 2806 3425 3198 3480; x_wconf 90' lang='lat' dir='ltr'><strong>descenderet.</strong></span> <span class='ocrx_word' id='word_1_508' title='bbox 3242 3427 3382 3481; x_wconf 90' lang='lat' dir='ltr'><strong>Cum</strong></span> <span class='ocrx_word' id='word_1_509' title='bbox 3420 3425 3604 3495; x_wconf 88' lang='lat' dir='ltr'><strong>igitur</strong></span> <span class='ocrx_word' id='word_1_510' title='bbox 3632 3428 3835 3479; x_wconf 84' lang='lat' dir='ltr'><strong>tantam</strong></span> 
     </span>
    </p>
   </div>
   <div class='ocr_carea' id='block_1_76' title="bbox 2216 3517 3835 3589">
    <p class='ocr_par' dir='ltr' id='par_1_76' title="bbox 2216 3517 3835 3589">
     <span class='ocr_line' id='line_1_76' title="bbox 2216 3517 3835 3589; baseline -0.003 -14"><span class='ocrx_word' id='word_1_511' title='bbox 2216 3521 2518 3575; x_wconf 90' lang='lat' dir='ltr'><strong>hominum</strong></span> <span class='ocrx_word' id='word_1_512' title='bbox 2546 3519 2974 3574; x_wconf 90' lang='lat' dir='ltr'><strong>multitudinem</strong></span> <span class='ocrx_word' id='word_1_513' title='bbox 3007 3520 3118 3589; x_wconf 84' lang='lat' dir='ltr'><strong>(l3)</strong></span> <span class='ocrx_word' id='word_1_514' title='bbox 3149 3523 3377 3573; x_wconf 86' lang='lat' dir='ltr'><strong>vexaret</strong></span> <span class='ocrx_word' id='word_1_515' title='bbox 3404 3517 3548 3587; x_wconf 84' lang='lat' dir='ltr'><strong>sitis,</strong></span> <span class='ocrx_word' id='word_1_516' title='bbox 3578 3533 3709 3589; x_wconf 71' lang='lat' dir='ltr'><strong>qua:</strong></span> <span class='ocrx_word' id='word_1_517' title='bbox 3734 3532 3835 3570; x_wconf 82' lang='lat' dir='ltr'><strong>ma-</strong></span> 
     </span>
    </p>
   </div>
   <div class='ocr_carea' id='block_1_77' title="bbox 2218 3610 3834 3685">
    <p class='ocr_par' dir='ltr' id='par_1_77' title="bbox 2218 3610 3834 3685">
     <span class='ocr_line' id='line_1_77' title="bbox 2218 3610 3834 3685; baseline -0.002 -17"><span class='ocrx_word' id='word_1_518' title='bbox 2218 3615 2303 3685; x_wconf 87' lang='lat' dir='ltr'><strong>gis</strong></span> <span class='ocrx_word' id='word_1_519' title='bbox 2338 3630 2401 3668; x_wconf 88' lang='lat' dir='ltr'><strong>ac</strong></span> <span class='ocrx_word' id='word_1_520' title='bbox 2438 3613 2625 3685; x_wconf 87' lang='lat' dir='ltr'><strong>magis</strong></span> <span class='ocrx_word' id='word_1_521' title='bbox 2653 3618 2792 3667; x_wconf 71' lang='lat' dir='ltr'><strong>testu</strong></span> <span class='ocrx_word' id='word_1_522' title='bbox 2833 3611 3259 3679; x_wconf 84' lang='lat' dir='ltr'><strong>exardescebat,</strong></span> <span class='ocrx_word' id='word_1_523' title='bbox 3295 3615 3357 3665; x_wconf 90' lang='lat' dir='ltr'><strong>ut</strong></span> <span class='ocrx_word' id='word_1_524' title='bbox 3385 3610 3646 3683; x_wconf 88' lang='lat' dir='ltr'><strong>plerique</strong></span> <span class='ocrx_word' id='word_1_525' title='bbox 3670 3610 3834 3666; x_wconf 82' lang='lat' dir='ltr'><strong>servi-</strong></span> 
     </span>
    </p>
   </div>
   <div class='ocr_carea' id='block_1_78' title="bbox 2216 3704 3831 3772">
    <p class='ocr_par' dir='ltr' id='par_1_78' title="bbox 2216 3704 3831 3772">
     <span class='ocr_line' id='line_1_78' title="bbox 2216 3704 3831 3772; baseline -0.004 -9"><span class='ocrx_word' id='word_1_526' title='bbox 2216 3709 2322 3763; x_wconf 90' lang='lat' dir='ltr'><strong>tuti</strong></span> <span class='ocrx_word' id='word_1_527' title='bbox 2354 3725 2412 3762; x_wconf 90' lang='lat' dir='ltr'><strong>se</strong></span> <span class='ocrx_word' id='word_1_528' title='bbox 2452 3708 2539 3761; x_wconf 88' lang='lat' dir='ltr'><strong>vel</strong></span> <span class='ocrx_word' id='word_1_529' title='bbox 2580 3707 2754 3762; x_wconf 90' lang='lat' dir='ltr'><strong>etiam</strong></span> <span class='ocrx_word' id='word_1_530' title='bbox 2791 3706 2914 3761; x_wconf 88' lang='lat' dir='ltr'><strong>neci</strong></span> <span class='ocrx_word' id='word_1_531' title='bbox 2949 3707 3187 3760; x_wconf 85' lang='lat' dir='ltr'><strong>mallent</strong></span> <span class='ocrx_word' id='word_1_532' title='bbox 3226 3704 3448 3772; x_wconf 80' lang='lat' dir='ltr'><strong>offerre,</strong></span> <span class='ocrx_word' id='word_1_533' title='bbox 3475 3722 3551 3760; x_wconf 90' lang='lat' dir='ltr'><strong>ne</strong></span> <span class='ocrx_word' id='word_1_534' title='bbox 3582 3705 3673 3759; x_wconf 89' lang='lat' dir='ltr'><strong>vel</strong></span> <span class='ocrx_word' id='word_1_535' title='bbox 3696 3705 3831 3759; x_wconf 82' lang='lat' dir='ltr'><strong>fame</strong></span> 
     </span>
    </p>
   </div>
   <div class='ocr_carea' id='block_1_79' title="bbox 2217 3800 3828 3873">
    <p class='ocr_par' dir='ltr' id='par_1_79' title="bbox 2217 3800 3828 3873">
     <span class='ocr_line' id='line_1_79' title="bbox 2217 3800 3828 3873; baseline -0.001 -18"><span class='ocrx_word' id='word_1_536' title='bbox 2217 3803 2303 3856; x_wconf 91' lang='lat' dir='ltr'><strong>vel</strong></span> <span class='ocrx_word' id='word_1_537' title='bbox 2342 3803 2432 3857; x_wconf 88' lang='lat' dir='ltr'><strong>siti</strong></span> <span class='ocrx_word' id='word_1_538' title='bbox 2474 3801 2750 3873; x_wconf 88' lang='lat' dir='ltr'><strong>perirent,</strong></span> <span class='ocrx_word' id='word_1_539' title='bbox 2793 3801 3039 3857; x_wconf 88' lang='lat' dir='ltr'><strong>Cerealis</strong></span> <span class='ocrx_word' id='word_1_540' title='bbox 3078 3801 3205 3871; x_wconf 85' lang='lat' dir='ltr'><strong>(hoc</strong></span> <span class='ocrx_word' id='word_1_541' title='bbox 3248 3800 3403 3854; x_wconf 90' lang='lat' dir='ltr'><strong>enim</strong></span> <span class='ocrx_word' id='word_1_542' title='bbox 3442 3815 3664 3854; x_wconf 87' lang='lat' dir='ltr'><strong>nomen</strong></span> <span class='ocrx_word' id='word_1_543' title='bbox 3700 3814 3828 3870; x_wconf 72' lang='lat' dir='ltr'><strong>prir-</strong></span> 
     </span>
    </p>
   </div>
   <div class='ocr_carea' id='block_1_80' title="bbox 2217 3892 3833 3967">
    <p class='ocr_par' dir='ltr' id='par_1_80' title="bbox 2217 3892 3833 3967">
     <span class='ocr_line' id='line_1_80' title="bbox 2217 3892 3833 3967; baseline -0.004 -16"><span class='ocrx_word' id='word_1_544' title='bbox 2217 3896 2386 3967; x_wconf 86' lang='lat' dir='ltr'><strong>fecto)</strong></span> <span class='ocrx_word' id='word_1_545' title='bbox 2413 3912 2481 3951; x_wconf 85' lang='lat' dir='ltr'><strong>ex</strong></span> <span class='ocrx_word' id='word_1_546' title='bbox 2513 3895 2986 3951; x_wconf 86' lang='lat' dir='ltr'><strong>descendentibus</strong></span> <span class='ocrx_word' id='word_1_547' title='bbox 3024 3894 3318 3948; x_wconf 88' lang='lat' dir='ltr'><strong>universos</strong></span> <span class='ocrx_word' id='word_1_548' title='bbox 3346 3909 3467 3948; x_wconf 90' lang='lat' dir='ltr'><strong>esse</strong></span> <span class='ocrx_word' id='word_1_549' title='bbox 3512 3892 3833 3963; x_wconf 70' lang='lat' dir='ltr'><strong>defatigato:</strong></span> 
     </span>
    </p>
   </div>
   <div class='ocr_carea' id='block_1_81' title="bbox 2217 3986 3831 4057">
    <p class='ocr_par' dir='ltr' id='par_1_81' title="bbox 2217 3986 3831 4057">
     <span class='ocr_line' id='line_1_81' title="bbox 2217 3986 3831 4057; baseline -0.004 -12"><span class='ocrx_word' id='word_1_550' title='bbox 2217 3992 2527 4055; x_wconf 83' lang='lat' dir='ltr'><strong>aestimans,</strong></span> <span class='ocrx_word' id='word_1_551' title='bbox 2558 3989 2740 4044; x_wconf 86' lang='lat' dir='ltr'><strong>cinxit</strong></span> <span class='ocrx_word' id='word_1_552' title='bbox 2781 3994 3056 4056; x_wconf 88' lang='lat' dir='ltr'><strong>montem,</strong></span> <span class='ocrx_word' id='word_1_553' title='bbox 3097 4005 3162 4042; x_wconf 90' lang='lat' dir='ltr'><strong>ac</strong></span> <span class='ocrx_word' id='word_1_554' title='bbox 3203 4004 3361 4042; x_wconf 90' lang='lat' dir='ltr'><strong>more</strong></span> <span class='ocrx_word' id='word_1_555' title='bbox 3404 3987 3640 4041; x_wconf 84' lang='lat' dir='ltr'><strong>militari</strong></span> <span class='ocrx_word' id='word_1_556' title='bbox 3682 3986 3831 4057; x_wconf 89' lang='lat' dir='ltr'><strong>polli-</strong></span> 
     </span>
    </p>
   </div>
   <div class='ocr_carea' id='block_1_82' title="bbox 2216 4083 3831 4165">
    <p class='ocr_par' dir='ltr' id='par_1_82' title="bbox 2216 4083 3831 4165">
     <span class='ocr_line' id='line_1_82' title="bbox 2216 4083 3831 4165; baseline -0.006 -25"><span class='ocrx_word' id='word_1_557' title='bbox 2216 4102 2350 4141; x_wconf 91' lang='lat' dir='ltr'><strong>cens</strong></span> <span class='ocrx_word' id='word_1_558' title='bbox 2391 4084 2640 4165; x_wconf 83' lang='lat' dir='ltr'><strong>salutem</strong></span> <span class='ocrx_word' id='word_1_559' title='bbox 2689 4083 2733 4137; x_wconf 90' lang='lat' dir='ltr'><strong>si</strong></span> <span class='ocrx_word' id='word_1_560' title='bbox 2782 4099 2939 4137; x_wconf 89' lang='lat' dir='ltr'><strong>arma</strong></span> <span class='ocrx_word' id='word_1_561' title='bbox 2982 4083 3355 4153; x_wconf 89' lang='lat' dir='ltr'><strong>deponerent,</strong></span> <span class='ocrx_word' id='word_1_562' title='bbox 3406 4083 3831 4150; x_wconf 87' lang='lat' dir='ltr'><strong>recusantesque</strong></span> 
     </span>
    </p>
   </div>
   <div class='ocr_carea' id='block_1_83' title="bbox 488 4171 3832 4251">
    <p class='ocr_par' dir='ltr' id='par_1_83' title="bbox 488 4171 3832 4251">
     <span class='ocr_line' id='line_1_83' title="bbox 488 4171 3832 4251; baseline 0 -25"><span class='ocrx_word' id='word_1_563' title='bbox 488 4172 652 4226; x_wconf 89' lang='lat' dir='ltr'><strong>multi</strong></span> <span class='ocrx_word' id='word_1_564' title='bbox 679 4171 971 4238; x_wconf 90' lang='lat' dir='ltr'><strong>mortales,</strong></span> <span class='ocrx_word' id='word_1_565' title='bbox 1000 4186 1103 4224; x_wconf 90' lang='lat' dir='ltr'><strong>nec</strong></span> <span class='ocrx_word' id='word_1_566' title='bbox 1133 4171 1256 4224; x_wconf 91' lang='lat' dir='ltr'><strong>sine</strong></span> <span class='ocrx_word' id='word_1_567' title='bbox 1286 4171 1484 4225; x_wconf 88' lang='lat' dir='ltr'><strong>labore</strong></span> <span class='ocrx_word' id='word_1_568' title='bbox 1507 4188 1570 4224; x_wconf 90' lang='lat' dir='ltr'><strong>ac</strong></span> <span class='ocrx_word' id='word_1_569' title='bbox 1601 4172 1851 4242; x_wconf 88' lang='lat' dir='ltr'><strong>periculo</strong></span> <span class='ocrx_word' id='word_1_570' title='bbox 1878 4172 2116 4227; x_wconf 84' lang='lat' dir='ltr'><strong>victoria</strong></span> <span class='ocrx_word' id='word_1_571' title='bbox 2207 4178 2375 4251; x_wconf 85' lang='lat' dir='ltr'><strong>jussit</strong></span> <span class='ocrx_word' id='word_1_572' title='bbox 2399 4178 2577 4233; x_wconf 90' lang='lat' dir='ltr'><strong>feriri.</strong></span> <span class='ocrx_word' id='word_1_573' title='bbox 2608 4180 2803 4249; x_wconf 90' lang='lat' dir='ltr'><strong>Itaque</strong></span> <span class='ocrx_word' id='word_1_574' title='bbox 2831 4176 3103 4231; x_wconf 87' lang='lat' dir='ltr'><strong>exstincta</strong></span> <span class='ocrx_word' id='word_1_575' title='bbox 3143 4180 3278 4230; x_wconf 91' lang='lat' dir='ltr'><strong>sunt</strong></span> <span class='ocrx_word' id='word_1_576' title='bbox 3318 4175 3434 4229; x_wconf 90' lang='lat' dir='ltr'><strong>illic</strong></span> <span class='ocrx_word' id='word_1_577' title='bbox 3461 4175 3642 4230; x_wconf 86' lang='lat' dir='ltr'><strong>millia</strong></span> <span class='ocrx_word' id='word_1_578' title='bbox 3672 4172 3832 4227; x_wconf 80' lang='lat' dir='ltr'><strong>unde-</strong></span> 
     </span>
    </p>
   </div>
   <div class='ocr_carea' id='block_1_84' title="bbox 489 4262 2110 4336">
    <p class='ocr_par' dir='ltr' id='par_1_84' title="bbox 489 4262 2110 4336">
     <span class='ocr_line' id='line_1_84' title="bbox 489 4262 2110 4336; baseline 0.001 -18"><span class='ocrx_word' id='word_1_579' title='bbox 489 4265 658 4319; x_wconf 89' lang='lat' dir='ltr'><strong>cessit</strong></span> <span class='ocrx_word' id='word_1_580' title='bbox 720 4262 1011 4318; x_wconf 84' lang='lat' dir='ltr'><strong>Romanis.</strong></span> <span class='ocrx_word' id='word_1_581' title='bbox 1067 4262 1286 4327; x_wconf 88' lang='lat' dir='ltr'><strong>Quibus</strong></span> <span class='ocrx_word' id='word_1_582' title='bbox 1339 4264 1610 4336; x_wconf 88' lang='lat' dir='ltr'><strong>ingressis</strong></span> <span class='ocrx_word' id='word_1_583' title='bbox 1675 4281 1905 4320; x_wconf 89' lang='lat' dir='ltr'><strong>murum</strong></span> <span class='ocrx_word' id='word_1_584' title='bbox 1968 4268 2110 4321; x_wconf 83' lang='lat' dir='ltr'><strong>inte-</strong></span> 
     </span>
    </p>
   </div>
   <div class='ocr_carea' id='block_1_85' title="bbox 489 4356 2113 4430">
    <p class='ocr_par' dir='ltr' id='par_1_85' title="bbox 489 4356 2113 4430">
     <span class='ocr_line' id='line_1_85' title="bbox 489 4356 2113 4430; baseline 0.001 -17"><span class='ocrx_word' id='word_1_585' title='bbox 489 4360 722 4426; x_wconf 88' lang='lat' dir='ltr'><strong>riorem,</strong></span> <span class='ocrx_word' id='word_1_586' title='bbox 768 4357 1094 4427; x_wconf 88' lang='lat' dir='ltr'><strong>objecerant</strong></span> <span class='ocrx_word' id='word_1_587' title='bbox 1137 4356 1205 4428; x_wconf 81' lang='lat'><strong>(9)</strong></span> <span class='ocrx_word' id='word_1_588' title='bbox 1256 4375 1333 4426; x_wconf 91' lang='lat' dir='ltr'><strong>se,</strong></span> <span class='ocrx_word' id='word_1_589' title='bbox 1382 4358 1707 4430; x_wconf 90' lang='lat' dir='ltr'><strong>quicunque</strong></span> <span class='ocrx_word' id='word_1_590' title='bbox 1757 4365 1918 4414; x_wconf 85' lang='lat' dir='ltr'><strong>erant</strong></span> <span class='ocrx_word' id='word_1_591' title='bbox 1967 4360 2113 4415; x_wconf 90' lang='lat' dir='ltr'><strong>bello</strong></span> 
     </span>
    </p>
   </div>
   <div class='ocr_carea' id='block_1_86' title="bbox 488 4451 2114 4524">
    <p class='ocr_par' dir='ltr' id='par_1_86' title="bbox 488 4451 2114 4524">
     <span class='ocr_line' id='line_1_86' title="bbox 488 4451 2114 4524; baseline 0 -16"><span class='ocrx_word' id='word_1_592' title='bbox 488 4452 680 4508; x_wconf 90' lang='lat' dir='ltr'><strong>idonei</strong></span> <span class='ocrx_word' id='word_1_593' title='bbox 722 4457 778 4506; x_wconf 89' lang='lat' dir='ltr'><strong>et</strong></span> <span class='ocrx_word' id='word_1_594' title='bbox 812 4451 870 4506; x_wconf 92' lang='lat' dir='ltr'><strong>in</strong></span> <span class='ocrx_word' id='word_1_595' title='bbox 906 4451 1189 4523; x_wconf 89' lang='lat' dir='ltr'><strong>angustiis</strong></span> <span class='ocrx_word' id='word_1_596' title='bbox 1222 4451 1417 4522; x_wconf 90' lang='lat' dir='ltr'><strong>positi;</strong></span> <span class='ocrx_word' id='word_1_597' title='bbox 1455 4469 1660 4524; x_wconf 88' lang='lat' dir='ltr'><strong>anceps</strong></span> <span class='ocrx_word' id='word_1_598' title='bbox 1700 4453 1911 4508; x_wconf 91' lang='lat' dir='ltr'><strong>bellum</strong></span> <span class='ocrx_word' id='word_1_599' title='bbox 1952 4454 2114 4508; x_wconf 89' lang='lat' dir='ltr'><strong>victo-</strong></span> 
     </span>
    </p>
   </div>
   <div class='ocr_carea' id='block_1_87' title="bbox 2216 4271 2831 4327">
    <p class='ocr_par' dir='ltr' id='par_1_87' title="bbox 2216 4271 2831 4327">
     <span class='ocr_line' id='line_1_87' title="bbox 2216 4271 2831 4327; baseline -0.003 0"><span class='ocrx_word' id='word_1_600' title='bbox 2216 4273 2325 4327; x_wconf 90' lang='lat' dir='ltr'><strong>cim</strong></span> <span class='ocrx_word' id='word_1_601' title='bbox 2357 4277 2412 4327; x_wconf 90' lang='lat' dir='ltr'><strong>et</strong></span> <span class='ocrx_word' id='word_1_602' title='bbox 2431 4272 2681 4326; x_wconf 85' lang='lat' dir='ltr'><strong>sexcenti</strong></span> <span class='ocrx_word' id='word_1_603' title='bbox 2703 4271 2831 4325; x_wconf 85' lang='lat' dir='ltr'><strong>viri.</strong></span> 
     </span>
    </p>
   </div>
   <div class='ocr_carea' id='block_1_88' title="bbox 2845 4365 3217 4419">
    <p class='ocr_par' dir='ltr' id='par_1_88' title="bbox 2845 4365 3217 4419">
     <span class='ocr_line' id='line_1_88' title="bbox 2845 4365 3217 4419; baseline -0.008 0"><span class='ocrx_word' id='word_1_604' title='bbox 2845 4365 3066 4419; x_wconf 85' lang='lat' dir='ltr'><strong>CAPUT</strong></span> <span class='ocrx_word' id='word_1_605' title='bbox 3115 4365 3217 4419; x_wconf 84' lang='lat' dir='ltr'><strong>XV.</strong></span> 
     </span>
    </p>
   </div>
   <div class='ocr_carea' id='block_1_89' title="bbox 2284 4452 3829 4530">
    <p class='ocr_par' dir='ltr' id='par_1_89' title="bbox 2284 4452 3829 4530">
     <span class='ocr_line' id='line_1_89' title="bbox 2284 4452 3829 4530; baseline -0.006 -16"><span class='ocrx_word' id='word_1_606' title='bbox 2284 4461 2564 4530; x_wconf 71' lang='lat' dir='ltr'><strong>Jotapata:</strong></span> <span class='ocrx_word' id='word_1_607' title='bbox 2616 4474 2843 4530; x_wconf 90' lang='lat' dir='ltr'><strong>quoque</strong></span> <span class='ocrx_word' id='word_1_608' title='bbox 2892 4458 3337 4529; x_wconf 87' lang='lat' dir='ltr'><strong>quadragesimo</strong></span> <span class='ocrx_word' id='word_1_609' title='bbox 3391 4461 3449 4510; x_wconf 89' lang='lat' dir='ltr'><strong>et</strong></span> <span class='ocrx_word' id='word_1_610' title='bbox 3506 4460 3696 4511; x_wconf 84' lang='lat' dir='ltr'><strong>octavo</strong></span> <span class='ocrx_word' id='word_1_611' title='bbox 3747 4452 3829 4506; x_wconf 87' lang='lat' dir='ltr'><strong>die</strong></span> 
     </span>
    </p>
   </div>
   <div class='ocr_carea' id='block_1_90' title="bbox 491 4545 3829 4625">
    <p class='ocr_par' dir='ltr' id='par_1_90' title="bbox 491 4545 3829 4625">
     <span class='ocr_line' id='line_1_90' title="bbox 491 4545 3829 4625; baseline -0.002 -19"><span class='ocrx_word' id='word_1_612' title='bbox 491 4546 643 4600; x_wconf 78' lang='lat' dir='ltr'><strong>ribus</strong></span> <span class='ocrx_word' id='word_1_613' title='bbox 678 4545 940 4613; x_wconf 73' lang='lat' dir='ltr'><strong>effecere,</strong></span> <span class='ocrx_word' id='word_1_614' title='bbox 972 4545 1366 4617; x_wconf 72' lang='lat' dir='ltr'><strong>pugnantibus</strong></span> <span class='ocrx_word' id='word_1_615' title='bbox 1399 4546 1641 4617; x_wconf 73' lang='lat' dir='ltr'><strong>desuper</strong></span> <span class='ocrx_word' id='word_1_616' title='bbox 1686 4547 1834 4601; x_wconf 79' lang='lat' dir='ltr'><strong>Virili</strong></span> <span class='ocrx_word' id='word_1_617' title='bbox 1879 4564 1942 4601; x_wconf 80' lang='lat' dir='ltr'><strong>ac</strong></span> <span class='ocrx_word' id='word_1_618' title='bbox 1989 4564 2109 4601; x_wconf 86' lang='lat' dir='ltr'><strong>mll-</strong></span> <span class='ocrx_word' id='word_1_619' title='bbox 2134 4546 2192 4617; x_wconf 92' lang='lat' dir='ltr'><strong>D</strong></span> <span class='ocrx_word' id='word_1_620' title='bbox 2217 4554 2361 4609; x_wconf 88' lang='lat' dir='ltr'><strong>facta</strong></span> <span class='ocrx_word' id='word_1_621' title='bbox 2390 4553 2708 4625; x_wconf 90' lang='lat' dir='ltr'><strong>irruptione</strong></span> <span class='ocrx_word' id='word_1_622' title='bbox 2736 4552 2925 4623; x_wconf 90' lang='lat' dir='ltr'><strong>primo</strong></span> <span class='ocrx_word' id='word_1_623' title='bbox 2964 4551 3228 4617; x_wconf 81' lang='lat' dir='ltr'><strong>diluculo,</strong></span> <span class='ocrx_word' id='word_1_624' title='bbox 3259 4567 3390 4605; x_wconf 92' lang='lat' dir='ltr'><strong>cum</strong></span> <span class='ocrx_word' id='word_1_625' title='bbox 3435 4550 3623 4605; x_wconf 87' lang='lat' dir='ltr'><strong>adhuc</strong></span> <span class='ocrx_word' id='word_1_626' title='bbox 3661 4546 3829 4602; x_wconf 88' lang='lat' dir='ltr'><strong>multo</strong></span> 
     </span>
    </p>
   </div>
   <div class='ocr_carea' id='block_1_91' title="bbox 488 4639 2115 4713">
    <p class='ocr_par' dir='ltr' id='par_1_91' title="bbox 488 4639 2115 4713">
     <span class='ocr_line' id='line_1_91' title="bbox 488 4639 2115 4713; baseline 0.002 -20"><span class='ocrx_word' id='word_1_627' title='bbox 488 4639 650 4694; x_wconf 89' lang='lat' dir='ltr'><strong>liebri</strong></span> <span class='ocrx_word' id='word_1_628' title='bbox 710 4655 882 4707; x_wconf 84' lang='lat' dir='ltr'><strong>sexu,</strong></span> <span class='ocrx_word' id='word_1_629' title='bbox 929 4656 992 4693; x_wconf 91' lang='lat' dir='ltr'><strong>ac</strong></span> <span class='ocrx_word' id='word_1_630' title='bbox 1040 4656 1188 4711; x_wconf 70' lang='lat' dir='ltr'><strong>saape</strong></span> <span class='ocrx_word' id='word_1_631' title='bbox 1243 4640 1413 4695; x_wconf 88' lang='lat' dir='ltr'><strong>etiam</strong></span> <span class='ocrx_word' id='word_1_632' title='bbox 1466 4642 1522 4694; x_wconf 87' lang='lat' dir='ltr'><strong>in</strong></span> <span class='ocrx_word' id='word_1_633' title='bbox 1579 4658 1708 4695; x_wconf 87' lang='lat' dir='ltr'><strong>suos</strong></span> <span class='ocrx_word' id='word_1_634' title='bbox 1765 4659 1898 4697; x_wconf 87' lang='lat' dir='ltr'><strong>saxa</strong></span> <span class='ocrx_word' id='word_1_635' title='bbox 1948 4648 2115 4713; x_wconf 88' lang='lat' dir='ltr'><strong>atque</strong></span> 
     </span>
    </p>
   </div>
   <div class='ocr_carea' id='block_1_92' title="bbox 488 4732 2115 4807">
    <p class='ocr_par' dir='ltr' id='par_1_92' title="bbox 488 4732 2115 4807">
     <span class='ocr_line' id='line_1_92' title="bbox 488 4732 2115 4807; baseline 0.001 -19"><span class='ocrx_word' id='word_1_636' title='bbox 488 4732 684 4788; x_wconf 87' lang='lat' dir='ltr'><strong>omnia</strong></span> <span class='ocrx_word' id='word_1_637' title='bbox 718 4748 845 4803; x_wconf 78' lang='lat' dir='ltr'><strong>quae</strong></span> <span class='ocrx_word' id='word_1_638' title='bbox 884 4732 1029 4787; x_wconf 92' lang='lat' dir='ltr'><strong>forte</strong></span> <span class='ocrx_word' id='word_1_639' title='bbox 1073 4739 1407 4805; x_wconf 74' lang='lat' dir='ltr'><strong>repererunt</strong></span> <span class='ocrx_word' id='word_1_640' title='bbox 1437 4735 1679 4789; x_wconf 88' lang='lat' dir='ltr'><strong>telorum</strong></span> <span class='ocrx_word' id='word_1_641' title='bbox 1720 4752 1933 4807; x_wconf 89' lang='lat' dir='ltr'><strong>genera</strong></span> <span class='ocrx_word' id='word_1_642' title='bbox 1964 4737 2115 4807; x_wconf 88' lang='lat' dir='ltr'><strong>jacu-</strong></span> 
     </span>
    </p>
   </div>
   <div class='ocr_carea' id='block_1_93' title="bbox 488 4825 2114 4902">
    <p class='ocr_par' dir='ltr' id='par_1_93' title="bbox 488 4825 2114 4902">
     <span class='ocr_line' id='line_1_93' title="bbox 488 4825 2114 4902; baseline 0.002 -21"><span class='ocrx_word' id='word_1_643' title='bbox 488 4828 762 4882; x_wconf 88' lang='lat' dir='ltr'><strong>lantibus.</strong></span> <span class='ocrx_word' id='word_1_644' title='bbox 799 4825 1055 4898; x_wconf 90' lang='lat' dir='ltr'><strong>Denique</strong></span> <span class='ocrx_word' id='word_1_645' title='bbox 1096 4844 1195 4882; x_wconf 91' lang='lat' dir='ltr'><strong>sex</strong></span> <span class='ocrx_word' id='word_1_646' title='bbox 1237 4828 1390 4882; x_wconf 90' lang='lat' dir='ltr'><strong>horis</strong></span> <span class='ocrx_word' id='word_1_647' title='bbox 1429 4829 1485 4883; x_wconf 92' lang='lat' dir='ltr'><strong>in</strong></span> <span class='ocrx_word' id='word_1_648' title='bbox 1528 4830 1651 4900; x_wconf 89' lang='lat' dir='ltr'><strong>ipso</strong></span> <span class='ocrx_word' id='word_1_649' title='bbox 1692 4830 1802 4885; x_wconf 77' lang='lat' dir='ltr'><strong>fine</strong></span> <span class='ocrx_word' id='word_1_650' title='bbox 1847 4831 2007 4902; x_wconf 89' lang='lat' dir='ltr'><strong>quasi</strong></span> <span class='ocrx_word' id='word_1_651' title='bbox 2046 4831 2114 4884; x_wconf 89' lang='lat' dir='ltr'><strong>ab</strong></span> 
     </span>
    </p>
   </div>
   <div class='ocr_carea' id='block_1_94' title="bbox 488 4921 2114 4996">
    <p class='ocr_par' dir='ltr' id='par_1_94' title="bbox 488 4921 2114 4996">
     <span class='ocr_line' id='line_1_94' title="bbox 488 4921 2114 4996; baseline 0.001 -19"><span class='ocrx_word' id='word_1_652' title='bbox 488 4921 722 4977; x_wconf 89' lang='lat' dir='ltr'><strong>exordio</strong></span> <span class='ocrx_word' id='word_1_653' title='bbox 754 4923 1092 4991; x_wconf 89' lang='lat' dir='ltr'><strong>pugnatum.</strong></span> <span class='ocrx_word' id='word_1_654' title='bbox 1136 4922 1213 4975; x_wconf 85' lang='lat' dir='ltr'><strong>Ad</strong></span> <span class='ocrx_word' id='word_1_655' title='bbox 1252 4928 1603 4992; x_wconf 89' lang='lat' dir='ltr'><strong>postremum</strong></span> <span class='ocrx_word' id='word_1_656' title='bbox 1644 4924 1823 4991; x_wconf 70' lang='lat' dir='ltr'><strong>CtPSiS,</strong></span> <span class='ocrx_word' id='word_1_657' title='bbox 1855 4925 1952 4996; x_wconf 86' lang='lat' dir='ltr'><strong>qui</strong></span> <span class='ocrx_word' id='word_1_658' title='bbox 1986 4941 2114 4979; x_wconf 88' lang='lat' dir='ltr'><strong>con-</strong></span> 
     </span>
    </p>
   </div>
   <div class='ocr_carea' id='block_1_95' title="bbox 486 5015 2111 5086">
    <p class='ocr_par' dir='ltr' id='par_1_95' title="bbox 486 5015 2111 5086">
     <span class='ocr_line' id='line_1_95' title="bbox 486 5015 2111 5086; baseline 0.003 -17"><span class='ocrx_word' id='word_1_659' title='bbox 486 5016 749 5070; x_wconf 89' lang='lat' dir='ltr'><strong>stiterant</strong></span> <span class='ocrx_word' id='word_1_660' title='bbox 793 5015 1121 5086; x_wconf 90' lang='lat' dir='ltr'><strong>pugnaturi,</strong></span> <span class='ocrx_word' id='word_1_661' title='bbox 1169 5017 1290 5070; x_wconf 89' lang='lat' dir='ltr'><strong>tum</strong></span> <span class='ocrx_word' id='word_1_662' title='bbox 1334 5016 1393 5070; x_wconf 89' lang='lat' dir='ltr'><strong>in</strong></span> <span class='ocrx_word' id='word_1_663' title='bbox 1444 5021 1678 5072; x_wconf 77' lang='lat' dir='ltr'><strong>caeteros</strong></span> <span class='ocrx_word' id='word_1_664' title='bbox 1723 5019 1845 5073; x_wconf 90' lang='lat' dir='ltr'><strong>sine</strong></span> <span class='ocrx_word' id='word_1_665' title='bbox 1895 5019 2111 5085; x_wconf 88' lang='lat' dir='ltr'><strong>ordine,</strong></span> 
     </span>
    </p>
   </div>
   <div class='ocr_carea' id='block_1_96' title="bbox 486 5108 2110 5179">
    <p class='ocr_par' dir='ltr' id='par_1_96' title="bbox 486 5108 2110 5179">
     <span class='ocr_line' id='line_1_96' title="bbox 486 5108 2110 5179; baseline 0.002 -15"><span class='ocrx_word' id='word_1_666' title='bbox 486 5110 607 5165; x_wconf 88' lang='lat' dir='ltr'><strong>sine</strong></span> <span class='ocrx_word' id='word_1_667' title='bbox 653 5108 845 5178; x_wconf 92' lang='lat' dir='ltr'><strong>modo,</strong></span> <span class='ocrx_word' id='word_1_668' title='bbox 881 5108 1002 5162; x_wconf 90' lang='lat' dir='ltr'><strong>sine</strong></span> <span class='ocrx_word' id='word_1_669' title='bbox 1044 5108 1464 5179; x_wconf 89' lang='lat' dir='ltr'><strong>misericordia;</strong></span> <span class='ocrx_word' id='word_1_670' title='bbox 1509 5127 1670 5166; x_wconf 88' lang='lat' dir='ltr'><strong>senes</strong></span> <span class='ocrx_word' id='word_1_671' title='bbox 1717 5129 1847 5166; x_wconf 91' lang='lat' dir='ltr'><strong>cum</strong></span> <span class='ocrx_word' id='word_1_672' title='bbox 1891 5112 2110 5167; x_wconf 90' lang='lat' dir='ltr'><strong>adoles-</strong></span> 
     </span>
    </p>
   </div>
   <div class='ocr_carea' id='block_1_97' title="bbox 487 5202 2115 5277">
    <p class='ocr_par' dir='ltr' id='par_1_97' title="bbox 487 5202 2115 5277">
     <span class='ocr_line' id='line_1_97' title="bbox 487 5202 2115 5277; baseline 0 -19"><span class='ocrx_word' id='word_1_673' title='bbox 487 5203 748 5258; x_wconf 89' lang='lat' dir='ltr'><strong>centibus</strong></span> <span class='ocrx_word' id='word_1_674' title='bbox 814 5202 1253 5272; x_wconf 82' lang='lat' dir='ltr'><strong>jugulabantur;</strong></span> <span class='ocrx_word' id='word_1_675' title='bbox 1322 5203 1589 5259; x_wconf 89' lang='lat' dir='ltr'><strong>mulieres</strong></span> <span class='ocrx_word' id='word_1_676' title='bbox 1658 5222 1787 5259; x_wconf 92' lang='lat' dir='ltr'><strong>cum</strong></span> <span class='ocrx_word' id='word_1_677' title='bbox 1866 5206 2115 5277; x_wconf 85' lang='lat' dir='ltr'><strong>parvulis</strong></span> 
     </span>
    </p>
   </div>
   <div class='ocr_carea' id='block_1_98' title="bbox 485 5296 2107 5364">
    <p class='ocr_par' dir='ltr' id='par_1_98' title="bbox 485 5296 2107 5364">
     <span class='ocr_line' id='line_1_98' title="bbox 485 5296 2107 5364; baseline 0.002 -13"><span class='ocrx_word' id='word_1_678' title='bbox 485 5301 806 5364; x_wconf 58' lang='lat' dir='ltr'><strong>reservata,</strong></span> <span class='ocrx_word' id='word_1_679' title='bbox 863 5311 974 5351; x_wconf 90' lang='lat' dir='ltr'><strong>non</strong></span> <span class='ocrx_word' id='word_1_680' title='bbox 1029 5296 1099 5351; x_wconf 91' lang='lat' dir='ltr'><strong>ad</strong></span> <span class='ocrx_word' id='word_1_681' title='bbox 1143 5298 1389 5364; x_wconf 89' lang='lat' dir='ltr'><strong>veniam,</strong></span> <span class='ocrx_word' id='word_1_682' title='bbox 1442 5298 1539 5353; x_wconf 89' lang='lat' dir='ltr'><strong>sed</strong></span> <span class='ocrx_word' id='word_1_683' title='bbox 1590 5298 1661 5353; x_wconf 91' lang='lat' dir='ltr'><strong>ad</strong></span> <span class='ocrx_word' id='word_1_684' title='bbox 1714 5299 2047 5355; x_wconf 89' lang='lat' dir='ltr'><strong>servitutem</strong></span> <span class='ocrx_word' id='word_1_685' title='bbox 2097 5318 2107 5354; x_wconf 93' lang='lat'><strong>:</strong></span> 
     </span>
    </p>
   </div>
   <div class='ocr_carea' id='block_1_99' title="bbox 484 5391 2114 5469">
    <p class='ocr_par' dir='ltr' id='par_1_99' title="bbox 484 5391 2114 5469">
     <span class='ocr_line' id='line_1_99' title="bbox 484 5391 2114 5469; baseline 0.002 -24"><span class='ocrx_word' id='word_1_686' title='bbox 484 5391 719 5447; x_wconf 88' lang='lat' dir='ltr'><strong>masculi</strong></span> <span class='ocrx_word' id='word_1_687' title='bbox 766 5406 966 5445; x_wconf 87' lang='lat' dir='ltr'><strong>omnes</strong></span> <span class='ocrx_word' id='word_1_688' title='bbox 1020 5391 1321 5459; x_wconf 84' lang='lat' dir='ltr'><strong>interfecti,</strong></span> <span class='ocrx_word' id='word_1_689' title='bbox 1374 5392 1478 5446; x_wconf 88' lang='lat' dir='ltr'><strong>nisi</strong></span> <span class='ocrx_word' id='word_1_690' title='bbox 1530 5408 1675 5463; x_wconf 90' lang='lat' dir='ltr'><strong>quos</strong></span> <span class='ocrx_word' id='word_1_691' title='bbox 1720 5394 1966 5469; x_wconf 81' lang='lat' dir='ltr'><strong>pueritia</strong></span> <span class='ocrx_word' id='word_1_692' title='bbox 2016 5398 2114 5449; x_wconf 90' lang='lat' dir='ltr'><strong>aut</strong></span> 
     </span>
    </p>
   </div>
   <div class='ocr_carea' id='block_1_100' title="bbox 484 5484 2107 5557">
    <p class='ocr_par' dir='ltr' id='par_1_100' title="bbox 484 5484 2107 5557">
     <span class='ocr_line' id='line_1_100' title="bbox 484 5484 2107 5557; baseline 0.004 -20"><span class='ocrx_word' id='word_1_693' title='bbox 484 5484 729 5540; x_wconf 79' lang='lat' dir='ltr'><strong>infantia</strong></span> <span class='ocrx_word' id='word_1_694' title='bbox 767 5484 1048 5554; x_wconf 89' lang='lat' dir='ltr'><strong>defendit;</strong></span> <span class='ocrx_word' id='word_1_695' title='bbox 1078 5484 1137 5539; x_wconf 92' lang='lat' dir='ltr'><strong>in</strong></span> <span class='ocrx_word' id='word_1_696' title='bbox 1176 5486 1432 5557; x_wconf 59' lang='lat' dir='ltr'><strong>praedam</strong></span> <span class='ocrx_word' id='word_1_697' title='bbox 1465 5486 1635 5543; x_wconf 89' lang='lat' dir='ltr'><strong>ducta</strong></span> <span class='ocrx_word' id='word_1_698' title='bbox 1673 5491 1807 5542; x_wconf 90' lang='lat' dir='ltr'><strong>sunt</strong></span> <span class='ocrx_word' id='word_1_699' title='bbox 1835 5487 1950 5543; x_wconf 92' lang='lat' dir='ltr'><strong>duo</strong></span> <span class='ocrx_word' id='word_1_700' title='bbox 1976 5489 2107 5543; x_wconf 91' lang='lat' dir='ltr'><strong>mil-</strong></span> 
     </span>
    </p>
   </div>
   <div class='ocr_carea' id='block_1_101' title="bbox 549 5651 1135 5713">
    <p class='ocr_par' dir='ltr' id='par_1_101' title="bbox 549 5651 1135 5713">
     <span class='ocr_line' id='line_1_101' title="bbox 549 5651 1135 5713; baseline 0.003 -12"><span class='ocrx_word' id='word_1_701' title='bbox 549 5653 612 5713; x_wconf 80' lang='lat' dir='ltr'><strong>m</strong></span> <span class='ocrx_word' id='word_1_702' title='bbox 638 5651 931 5703; x_wconf 72' lang='lat' dir='ltr'><strong>Peritum.</strong></span> <span class='ocrx_word' id='word_1_703' title='bbox 958 5654 1135 5705; x_wconf 76' lang='lat' dir='ltr'><strong>Bm.</strong></span> 
     </span>
    </p>
   </div>
   <div class='ocr_carea' id='block_1_102' title="bbox 548 5719 1996 5790">
    <p class='ocr_par' dir='ltr' id='par_1_102' title="bbox 548 5719 1996 5790">
     <span class='ocr_line' id='line_1_102' title="bbox 548 5719 1996 5790; baseline 0.009 -25"><span class='ocrx_word' id='word_1_704' title='bbox 548 5720 612 5780; x_wconf 82' lang='lat'><strong>(8)</strong></span> <span class='ocrx_word' id='word_1_705' title='bbox 642 5719 925 5790; x_wconf 68' lang='lat' dir='ltr'><strong>Duodecim</strong></span> <span class='ocrx_word' id='word_1_706' title='bbox 954 5723 1145 5785; x_wconf 73' lang='lat' dir='ltr'><strong>millia,</strong></span> <span class='ocrx_word' id='word_1_707' title='bbox 1171 5726 1467 5790; x_wconf 89' lang='lat' dir='ltr'><strong>Josephus,</strong></span> <span class='ocrx_word' id='word_1_708' title='bbox 1495 5726 1589 5778; x_wconf 89' lang='lat' dir='ltr'><strong>lib.</strong></span> <span class='ocrx_word' id='word_1_709' title='bbox 1626 5742 1703 5790; x_wconf 81' lang='lat' dir='ltr'><strong>iu,</strong></span> <span class='ocrx_word' id='word_1_710' title='bbox 1732 5742 1778 5779; x_wconf 90' lang='lat' dir='ltr'><strong>c.</strong></span> <span class='ocrx_word' id='word_1_711' title='bbox 1814 5729 1890 5780; x_wconf 88' lang='grc'>11.</span> <span class='ocrx_word' id='word_1_712' title='bbox 1920 5729 1996 5779; x_wconf 86' lang='lat' dir='ltr'><strong>In.</strong></span> 
     </span>
    </p>
   </div>
   <div class='ocr_carea' id='block_1_103' title="bbox 550 5786 1009 5851">
    <p class='ocr_par' dir='ltr' id='par_1_103' title="bbox 550 5786 1009 5851">
     <span class='ocr_line' id='line_1_103' title="bbox 550 5786 1009 5851; baseline 0 -11"><span class='ocrx_word' id='word_1_713' title='bbox 550 5790 617 5851; x_wconf 82' lang='lat'><strong>(9&#39;)</strong></span> <span class='ocrx_word' id='word_1_714' title='bbox 640 5786 894 5849; x_wconf 78' lang='lat' dir='ltr'><strong>Objicera.</strong></span> <span class='ocrx_word' id='word_1_715' title='bbox 927 5793 1009 5840; x_wconf 85' lang='lat' dir='ltr'><strong>In.</strong></span> 
     </span>
    </p>
   </div>
   <div class='ocr_carea' id='block_1_104' title="bbox 551 5856 1038 5922">
    <p class='ocr_par' dir='ltr' id='par_1_104' title="bbox 551 5856 1038 5922">
     <span class='ocr_line' id='line_1_104' title="bbox 551 5856 1038 5922; baseline 0 -13"><span class='ocrx_word' id='word_1_716' title='bbox 551 5856 647 5922; x_wconf 86' lang='grc'>(10)</span> <span class='ocrx_word' id='word_1_717' title='bbox 673 5856 929 5919; x_wconf 60' lang='lat' dir='ltr'><strong>Equam.</strong></span> <span class='ocrx_word' id='word_1_718' title='bbox 960 5860 1038 5909; x_wconf 82' lang='lat' dir='ltr'><strong>In.</strong></span> 
     </span>
    </p>
   </div>
   <div class='ocr_carea' id='block_1_105' title="bbox 2217 4641 3833 4718">
    <p class='ocr_par' dir='ltr' id='par_1_105' title="bbox 2217 4641 3833 4718">
     <span class='ocr_line' id='line_1_105' title="bbox 2217 4641 3833 4718; baseline -0.007 -16"><span class='ocrx_word' id='word_1_719' title='bbox 2217 4648 2537 4718; x_wconf 87' lang='lat' dir='ltr'><strong>superiores</strong></span> <span class='ocrx_word' id='word_1_720' title='bbox 2573 4646 2683 4701; x_wconf 89' lang='lat' dir='ltr'><strong>diei</strong></span> <span class='ocrx_word' id='word_1_721' title='bbox 2730 4645 2863 4700; x_wconf 86' lang='lat' dir='ltr'><strong>fessi</strong></span> <span class='ocrx_word' id='word_1_722' title='bbox 2905 4644 3094 4699; x_wconf 89' lang='lat' dir='ltr'><strong>labore</strong></span> <span class='ocrx_word' id='word_1_723' title='bbox 3140 4645 3584 4716; x_wconf 86' lang='lat' dir='ltr'><strong>requiescerent,</strong></span> <span class='ocrx_word' id='word_1_724' title='bbox 3626 4641 3833 4714; x_wconf 84' lang='lat' dir='ltr'><strong>primus</strong></span> 
     </span>
    </p>
   </div>
   <div class='ocr_carea' id='block_1_106' title="bbox 2217 4734 3833 4809">
    <p class='ocr_par' dir='ltr' id='par_1_106' title="bbox 2217 4734 3833 4809">
     <span class='ocr_line' id='line_1_106' title="bbox 2217 4734 3833 4809; baseline -0.007 -13"><span class='ocrx_word' id='word_1_725' title='bbox 2217 4742 2475 4796; x_wconf 90' lang='lat' dir='ltr'><strong>omnium</strong></span> <span class='ocrx_word' id='word_1_726' title='bbox 2506 4741 2659 4795; x_wconf 85' lang='lat' dir='ltr'><strong>Titus</strong></span> <span class='ocrx_word' id='word_1_727' title='bbox 2685 4756 2814 4794; x_wconf 92' lang='lat' dir='ltr'><strong>cum</strong></span> <span class='ocrx_word' id='word_1_728' title='bbox 2857 4739 3067 4794; x_wconf 91' lang='lat' dir='ltr'><strong>Sabino</strong></span> <span class='ocrx_word' id='word_1_729' title='bbox 3105 4740 3413 4809; x_wconf 87' lang='lat' dir='ltr'><strong>ingressus,</strong></span> <span class='ocrx_word' id='word_1_730' title='bbox 3443 4736 3657 4793; x_wconf 74' lang='lat' dir='ltr'><strong>caeteris</strong></span> <span class='ocrx_word' id='word_1_731' title='bbox 3688 4734 3833 4787; x_wconf 81' lang='lat' dir='ltr'><strong>viam</strong></span> 
     </span>
    </p>
   </div>
   <div class='ocr_carea' id='block_1_107' title="bbox 2219 4825 3831 4907">
    <p class='ocr_par' dir='ltr' id='par_1_107' title="bbox 2219 4825 3831 4907">
     <span class='ocr_line' id='line_1_107' title="bbox 2219 4825 3831 4907; baseline -0.008 -17"><span class='ocrx_word' id='word_1_732' title='bbox 2219 4835 2477 4907; x_wconf 66' lang='lat' dir='ltr'><strong>praebuit.</strong></span> <span class='ocrx_word' id='word_1_733' title='bbox 2531 4833 3085 4905; x_wconf 81' lang='lat' dir='ltr'><strong>Comprehensisque</strong></span> <span class='ocrx_word' id='word_1_734' title='bbox 3142 4831 3534 4904; x_wconf 84' lang='lat' dir='ltr'><strong>superioribus</strong></span> <span class='ocrx_word' id='word_1_735' title='bbox 3584 4829 3737 4891; x_wconf 87' lang='lat' dir='ltr'><strong>locis,</strong></span> <span class='ocrx_word' id='word_1_736' title='bbox 3779 4825 3831 4878; x_wconf 88' lang='lat' dir='ltr'><strong>in</strong></span> 
     </span>
    </p>
   </div>
   <div class='ocr_carea' id='block_1_108' title="bbox 2216 4922 3828 5000">
    <p class='ocr_par' dir='ltr' id='par_1_108' title="bbox 2216 4922 3828 5000">
     <span class='ocr_line' id='line_1_108' title="bbox 2216 4922 3828 5000; baseline -0.006 -16"><span class='ocrx_word' id='word_1_737' title='bbox 2216 4929 2493 5000; x_wconf 88' lang='lat' dir='ltr'><strong>angustiis</strong></span> <span class='ocrx_word' id='word_1_738' title='bbox 2527 4930 2843 4999; x_wconf 87' lang='lat' dir='ltr'><strong>platearum</strong></span> <span class='ocrx_word' id='word_1_739' title='bbox 2876 4928 3107 4998; x_wconf 82' lang='lat' dir='ltr'><strong>passim,</strong></span> <span class='ocrx_word' id='word_1_740' title='bbox 3136 4933 3192 4981; x_wconf 89' lang='lat' dir='ltr'><strong>et</strong></span> <span class='ocrx_word' id='word_1_741' title='bbox 3229 4926 3418 4998; x_wconf 90' lang='lat' dir='ltr'><strong>ignari</strong></span> <span class='ocrx_word' id='word_1_742' title='bbox 3462 4925 3649 4980; x_wconf 87' lang='lat' dir='ltr'><strong>adhuc</strong></span> <span class='ocrx_word' id='word_1_743' title='bbox 3672 4922 3828 4977; x_wconf 65' lang='lat' dir='ltr'><strong>facta?</strong></span> 
     </span>
    </p>
   </div>
   <div class='ocr_carea' id='block_1_109' title="bbox 2216 5011 3825 5093">
    <p class='ocr_par' dir='ltr' id='par_1_109' title="bbox 2216 5011 3825 5093">
     <span class='ocr_line' id='line_1_109' title="bbox 2216 5011 3825 5093; baseline -0.003 -17"><span class='ocrx_word' id='word_1_744' title='bbox 2216 5022 2546 5093; x_wconf 90' lang='lat' dir='ltr'><strong>irruptionis</strong></span> <span class='ocrx_word' id='word_1_745' title='bbox 2603 5020 2972 5075; x_wconf 87' lang='lat' dir='ltr'><strong>feriebantur.</strong></span> <span class='ocrx_word' id='word_1_746' title='bbox 3033 5020 3136 5075; x_wconf 82' lang='lat' dir='ltr'><strong>Alii</strong></span> <span class='ocrx_word' id='word_1_747' title='bbox 3192 5019 3248 5073; x_wconf 90' lang='lat' dir='ltr'><strong>in</strong></span> <span class='ocrx_word' id='word_1_748' title='bbox 3302 5020 3420 5074; x_wconf 88' lang='lat' dir='ltr'><strong>suis</strong></span> <span class='ocrx_word' id='word_1_749' title='bbox 3469 5018 3682 5082; x_wconf 79' lang='lat' dir='ltr'><strong>stratis,</strong></span> <span class='ocrx_word' id='word_1_750' title='bbox 3737 5011 3825 5065; x_wconf 75' lang='lat' dir='ltr'><strong>alii</strong></span> 
     </span>
    </p>
   </div>
   <div class='ocr_carea' id='block_1_110' title="bbox 2214 5113 3821 5187">
    <p class='ocr_par' dir='ltr' id='par_1_110' title="bbox 2214 5113 3821 5187">
     <span class='ocr_line' id='line_1_110' title="bbox 2214 5113 3821 5187; baseline -0.009 -16"><span class='ocrx_word' id='word_1_751' title='bbox 2214 5116 2619 5187; x_wconf 88' lang='lat' dir='ltr'><strong>expergefacti,</strong></span> <span class='ocrx_word' id='word_1_752' title='bbox 2658 5115 2752 5169; x_wconf 89' lang='lat' dir='ltr'><strong>alii</strong></span> <span class='ocrx_word' id='word_1_753' title='bbox 2803 5114 3121 5185; x_wconf 89' lang='lat' dir='ltr'><strong>vigilantes,</strong></span> <span class='ocrx_word' id='word_1_754' title='bbox 3164 5113 3263 5169; x_wconf 88' lang='lat' dir='ltr'><strong>sed</strong></span> <span class='ocrx_word' id='word_1_755' title='bbox 3306 5113 3501 5168; x_wconf 89' lang='lat' dir='ltr'><strong>inedia</strong></span> <span class='ocrx_word' id='word_1_756' title='bbox 3537 5128 3599 5166; x_wconf 88' lang='lat' dir='ltr'><strong>ac</strong></span> <span class='ocrx_word' id='word_1_757' title='bbox 3630 5120 3821 5163; x_wconf 86' lang='lat' dir='ltr'><strong>somno</strong></span> 
     </span>
    </p>
   </div>
   <div class='ocr_carea' id='block_1_111' title="bbox 2216 5201 3812 5281">
    <p class='ocr_par' dir='ltr' id='par_1_111' title="bbox 2216 5201 3812 5281">
     <span class='ocr_line' id='line_1_111' title="bbox 2216 5201 3812 5281; baseline -0.009 -16"><span class='ocrx_word' id='word_1_758' title='bbox 2216 5210 2385 5265; x_wconf 86' lang='lat' dir='ltr'><strong>soluti</strong></span> <span class='ocrx_word' id='word_1_759' title='bbox 2424 5225 2615 5281; x_wconf 68' lang='lat' dir='ltr'><strong>poenas</strong></span> <span class='ocrx_word' id='word_1_760' title='bbox 2649 5208 2877 5263; x_wconf 86' lang='lat' dir='ltr'><strong>dabant.</strong></span> <span class='ocrx_word' id='word_1_761' title='bbox 2926 5208 3120 5264; x_wconf 87' lang='lat' dir='ltr'><strong>Adhuc</strong></span> <span class='ocrx_word' id='word_1_762' title='bbox 3164 5211 3360 5262; x_wconf 87' lang='lat' dir='ltr'><strong>tamen</strong></span> <span class='ocrx_word' id='word_1_763' title='bbox 3409 5211 3581 5263; x_wconf 88' lang='lat' dir='ltr'><strong>totam</strong></span> <span class='ocrx_word' id='word_1_764' title='bbox 3630 5201 3812 5257; x_wconf 82' lang='lat' dir='ltr'><strong>urbem</strong></span> 
     </span>
    </p>
   </div>
   <div class='ocr_carea' id='block_1_112' title="bbox 2214 5301 3807 5369">
    <p class='ocr_par' dir='ltr' id='par_1_112' title="bbox 2214 5301 3807 5369">
     <span class='ocr_line' id='line_1_112' title="bbox 2214 5301 3807 5369; baseline -0.003 -12"><span class='ocrx_word' id='word_1_765' title='bbox 2214 5305 2294 5358; x_wconf 89' lang='lat' dir='ltr'><strong>vis</strong></span> <span class='ocrx_word' id='word_1_766' title='bbox 2335 5303 2548 5359; x_wconf 86' lang='lat' dir='ltr'><strong>latebat</strong></span> <span class='ocrx_word' id='word_1_767' title='bbox 2586 5304 2887 5358; x_wconf 88' lang='lat' dir='ltr'><strong>malorum.</strong></span> <span class='ocrx_word' id='word_1_768' title='bbox 2926 5303 3033 5358; x_wconf 91' lang='lat' dir='ltr'><strong>Sed</strong></span> <span class='ocrx_word' id='word_1_769' title='bbox 3078 5301 3174 5356; x_wconf 92' lang='lat' dir='ltr'><strong>ubi</strong></span> <span class='ocrx_word' id='word_1_770' title='bbox 3221 5301 3509 5357; x_wconf 86' lang='lat' dir='ltr'><strong>exercitus</strong></span> <span class='ocrx_word' id='word_1_771' title='bbox 3546 5301 3807 5369; x_wconf 67' lang='lat' dir='ltr'><strong>ingressui</strong></span> 
     </span>
    </p>
   </div>
   <div class='ocr_carea' id='block_1_113' title="bbox 2214 5385 3800 5464">
    <p class='ocr_par' dir='ltr' id='par_1_113' title="bbox 2214 5385 3800 5464">
     <span class='ocr_line' id='line_1_113' title="bbox 2214 5385 3800 5464; baseline -0.006 -11"><span class='ocrx_word' id='word_1_772' title='bbox 2214 5397 2447 5453; x_wconf 87' lang='lat' dir='ltr'><strong>militari</strong></span> <span class='ocrx_word' id='word_1_773' title='bbox 2512 5397 2805 5452; x_wconf 90' lang='lat' dir='ltr'><strong>infremuit</strong></span> <span class='ocrx_word' id='word_1_774' title='bbox 2872 5397 3112 5464; x_wconf 88' lang='lat' dir='ltr'><strong>ululatu,</strong></span> <span class='ocrx_word' id='word_1_775' title='bbox 3164 5395 3238 5450; x_wconf 86' lang='lat' dir='ltr'><strong>ad</strong></span> <span class='ocrx_word' id='word_1_776' title='bbox 3297 5397 3481 5451; x_wconf 92' lang='lat' dir='ltr'><strong>solum</strong></span> <span class='ocrx_word' id='word_1_777' title='bbox 3523 5394 3634 5449; x_wconf 81' lang='lat' dir='ltr'><strong>fere</strong></span> <span class='ocrx_word' id='word_1_778' title='bbox 3680 5385 3800 5440; x_wconf 77' lang='lat' dir='ltr'><strong>sub-</strong></span> 
     </span>
    </p>
   </div>
   <div class='ocr_carea' id='block_1_114' title="bbox 2213 5483 3802 5555">
    <p class='ocr_par' dir='ltr' id='par_1_114' title="bbox 2213 5483 3802 5555">
     <span class='ocr_line' id='line_1_114' title="bbox 2213 5483 3802 5555; baseline -0.004 -8"><span class='ocrx_word' id='word_1_779' title='bbox 2213 5492 2415 5547; x_wconf 65' lang='lat' dir='ltr'><strong>eundae.</strong></span> <span class='ocrx_word' id='word_1_780' title='bbox 2446 5492 2645 5547; x_wconf 89' lang='lat' dir='ltr'><strong>mortis</strong></span> <span class='ocrx_word' id='word_1_781' title='bbox 2675 5490 2939 5546; x_wconf 77' lang='lat' dir='ltr'><strong>affectum</strong></span> <span class='ocrx_word' id='word_1_782' title='bbox 2974 5490 3428 5546; x_wconf 84' lang='lat' dir='ltr'><strong>insurrexerunt.</strong></span> <span class='ocrx_word' id='word_1_783' title='bbox 3461 5491 3523 5544; x_wconf 84' lang='lat' dir='ltr'><strong>Et</strong></span> <span class='ocrx_word' id='word_1_784' title='bbox 3546 5488 3586 5542; x_wconf 92' lang='lat' dir='ltr'><strong>si</strong></span> <span class='ocrx_word' id='word_1_785' title='bbox 3609 5483 3693 5555; x_wconf 79' lang='lat' dir='ltr'><strong>qui</strong></span> <span class='ocrx_word' id='word_1_786' title='bbox 3721 5493 3802 5532; x_wconf 74' lang='grc' dir='ltr'><strong>εα-</strong></span> 
     </span>
    </p>
   </div>
   <div class='ocr_carea' id='block_1_115' title="bbox 2273 5660 3235 5725">
    <p class='ocr_par' dir='ltr' id='par_1_115' title="bbox 2273 5660 3235 5725">
     <span class='ocr_line' id='line_1_115' title="bbox 2273 5660 3235 5725; baseline -0.005 -13"><span class='ocrx_word' id='word_1_787' title='bbox 2273 5662 2368 5724; x_wconf 76' lang='lat' dir='ltr'><strong>(li)</strong></span> <span class='ocrx_word' id='word_1_788' title='bbox 2405 5661 2722 5725; x_wconf 58' lang='grc' dir='ltr'><strong>ϐοηθῆσαιὶ</strong></span> <span class='ocrx_word' id='word_1_789' title='bbox 2746 5660 3121 5711; x_wconf 69' lang='lat' dir='ltr'><strong>ascendissent.</strong></span> <span class='ocrx_word' id='word_1_790' title='bbox 3150 5660 3235 5709; x_wconf 87' lang='lat' dir='ltr'><strong>In.</strong></span> 
     </span>
    </p>
   </div>
   <div class='ocr_carea' id='block_1_116' title="bbox 2276 5725 3649 5793">
    <p class='ocr_par' dir='ltr' id='par_1_116' title="bbox 2276 5725 3649 5793">
     <span class='ocr_line' id='line_1_116' title="bbox 2276 5725 3649 5793; baseline -0.006 -12"><span class='ocrx_word' id='word_1_791' title='bbox 2276 5732 2371 5793; x_wconf 71' lang='grc'>(12)</span> <span class='ocrx_word' id='word_1_792' title='bbox 2404 5733 2711 5783; x_wconf 87' lang='lat' dir='ltr'><strong>Pronomen</strong></span> <span class='ocrx_word' id='word_1_793' title='bbox 2739 5731 2888 5782; x_wconf 87' lang='lat' dir='ltr'><strong>istud</strong></span> <span class='ocrx_word' id='word_1_794' title='bbox 2913 5730 3088 5783; x_wconf 82' lang='lat' dir='ltr'><strong>codex</strong></span> <span class='ocrx_word' id='word_1_795' title='bbox 3114 5744 3215 5782; x_wconf 88' lang='lat' dir='ltr'><strong>ms.</strong></span> <span class='ocrx_word' id='word_1_796' title='bbox 3246 5744 3358 5782; x_wconf 91' lang='lat' dir='ltr'><strong>non</strong></span> <span class='ocrx_word' id='word_1_797' title='bbox 3382 5730 3551 5781; x_wconf 82' lang='lat' dir='ltr'><strong>habet.</strong></span> <span class='ocrx_word' id='word_1_798' title='bbox 3581 5725 3649 5776; x_wconf 85' lang='lat' dir='ltr'><strong>In.</strong></span> 
     </span>
    </p>
   </div>
   <div class='ocr_carea' id='block_1_117' title="bbox 2273 5802 2971 5869">
    <p class='ocr_par' dir='ltr' id='par_1_117' title="bbox 2273 5802 2971 5869">
     <span class='ocr_line' id='line_1_117' title="bbox 2273 5802 2971 5869; baseline -0.001 -16"><span class='ocrx_word' id='word_1_799' title='bbox 2273 5803 2368 5866; x_wconf 83' lang='lat' dir='ltr'><strong>(i3)</strong></span> <span class='ocrx_word' id='word_1_800' title='bbox 2400 5802 2866 5869; x_wconf 72' lang='lat' dir='ltr'><strong>Constipntionom.</strong></span> <span class='ocrx_word' id='word_1_801' title='bbox 2892 5803 2971 5853; x_wconf 80' lang='lat' dir='ltr'><strong>In.</strong></span> 
     </span>
    </p>
   </div>
  </div>
