4072 6192
172 258 318 312 2185
1198 258 1282 313 DE
1320 258 1592 314 EXClDlO
1633 255 1831 313 URBIS
1874 256 2223 312 HIERUSOL.
2269 259 2395 314 LIB.
2436 259 2528 313 Ill.
3404 263 3543 316 2186

170 380 410 452 periora
464 382 658 452 petere
709 383 1090 449 tentaverant,
1142 382 1351 455 repulsi
1403 382 1805 449 caedebantur,
1833 382 2140 466 Avitatem
2169 383 2484 452 minantur,
2512 382 2634 436 haec
2658 381 2986 438 libertatem
3013 388 3325 439 reservant.
3350 385 3546 440 lnﬂec-

173 480 234 529 et
288 474 497 547 quibus
545 474 849 530 ulciscendi
900 475 982 530 vis
1038 478 1341 549 suppetere
1398 481 1641 548 poterat,
1691 476 1811 548 ipsa
1911 476 2069 545 teris,
2108 476 2377 547 Iosephe,
2422 478 2480 530 et
2516 475 2698 533 animi
2738 476 2984 548 quadam
3022 477 3235 533 fractus
3274 479 3538 547 mollitia,

174 568 484 624 coarctatio
525 568 831 625 vindictam
875 569 1203 639 ademerat;
1242 573 1300 626 et
1336 571 1383 625 si
1416 571 1515 642 qui
1552 570 1808 626 resistere
1910 569 1990 623 vis
2034 586 2157 624 esse
2211 570 2407 641 patriae
2451 569 2778 642 superstes?
2824 569 2928 625 Ubi
2971 575 3058 625 est
3100 571 3355 626 doctrina
3393 574 3541 645 Moy—

178 662 459 733 parabant
498 662 853 718 irruentibus
893 680 1066 736 supra
1107 681 1165 720 se
1204 664 1347 732 aliis,
1390 664 1540 720 bello
1582 664 1817 719 abscon-

177 756 485 812 dabantur.
545 757 650 811 Alii
716 759 897 812 multo
959 758 1092 813 fessi
1157 759 1502 823 certamine,
1552 758 1811 815 demissis

180 849 453 905 manibus
488 866 610 905 sese
641 851 958 907 offerebant
982 851 1224 920 vulneri,
1254 856 1318 906 ut
1347 852 1432 907 vel
1470 858 1651 908 morte
1692 856 1811 906 tam

178 942 455 998 feralibus
508 945 793 1000 malorum
846 962 1082 1000 suorum
1138 946 1475 1019 spectaculis
1530 947 1814 1018 eriperen-

182 1040 300 1092 tur.
343 1037 456 1092 Hac
496 1038 771 1110 deceptus
813 1040 1112 1095 securitate
1154 1040 1517 1110 pereuntium
1558 1040 1813 1095 centurio

180 1132 481 1198 Antonius,
512 1137 738 1203 rogatus
764 1149 794 1186 a
834 1134 1113 1205 quodam,
1145 1134 1243 1205 qui
1286 1135 1344 1188 in
1381 1135 1588 1205 spelma
1623 1134 1814 1189 confu-

183 1227 369 1297 gerat,
404 1230 469 1280 ut
496 1226 548 1280 ei
583 1225 879 1281 dexteram
920 1228 1102 1296 daret,
1132 1227 1388 1283 obsidem
1430 1228 1611 1283 veniae
1648 1232 1704 1283 et
1736 1244 1815 1284 sa-

181 1318 321 1374 lutis
357 1322 739 1391 sequestram,
793 1321 1047 1391 porrexit
1090 1321 1264 1389 illico,
1325 1322 1444 1377 doli
1493 1322 1813 1393 negligens,

186 1416 265 1479 et,
302 1428 389 1466 vas
430 1413 632 1468 miser!
671 1413 916 1469 nimium
952 1431 1187 1470 securus
1225 1416 1532 1486 triumphi;
1575 1416 1678 1471 sed
1722 1416 1815 1471 ille

185 1506 483 1561 incautum
508 1508 723 1578 spiculo
760 1508 913 1577 ferit,
951 1514 1007 1564 et
1042 1508 1580 1581 statim-transﬁgit,
1617 1527 1688 1565 ne
1719 1510 1820 1565 im-

188 1599 341 1671 pleta
386 1604 533 1656 esset
580 1601 881 1657 incruenta
924 1602 1202 1658 Romanis
1247 1603 1495 1659 victoria.
1551 1604 1650 1659 lllo
1696 1605 1818 1675 ipso

1912 663 2007 730 sis,
2039 664 2139 735 qui
2168 681 2225 718 se
2252 664 2321 719 de
2355 664 2500 718 libro
2539 663 2751 719 caelesti
2792 663 2966 719 deleri
3000 664 3252 735 petebat,
3287 682 3357 720 ne
3389 666 3541 737 plebi

1914 757 2137 811 Domini
2190 757 2619 828 superviveret?
2667 756 2769 811 Ubi
2825 761 2911 812 est
2961 762 3186 823 Aaron,
3244 759 3340 829 qui
3391 759 3541 814 inter

1913 850 2065 904 vivos
2119 867 2183 906 ac
2226 836 2483 905 mortuos
2540 850 2764 905 medius
2813 851 2987 919 stetit,
3036 868 3106 905 ne
3152 868 3307 906 mors
3353 853 3541 908 viven-

1915 951 2026 999 tem
2072 945 2349 1017 populum
2390 961 2537 999 εωνο
2571 945 2833 1016 contagio
2868 945 3201 1016 depasceret
3244 946 3401 1016 (15)?
3436 946 3541 1002 Ubi

1915 1043 2002 1093 est
2026 1038 2180 1109 regis
2205 1038 2390 1093 Saulis
2416 1044 2471 1093 et
2497 1038 2760 1093 Ionathas
2789 1038 3023 1094 devotus
3056 1039 3260 1110 patriae
3298 1040 3544 1106 animus,

1915 1136 1972 1187 et
2012 1148 2168 1187 mors
2207 1132 2303 1187 illa
2347 1149 2451 1204 pro
2495 1132 2709 1186 civibus
2753 1139 3029 1203 suscepta,
3070 1135 3129 1187 et
3168 1133 3391 1189 fortiter
3433 1134 3546 1205 glo-

1918 1226 2176 1297 rioseque
2216 1226 2467 1297 expetita
2486 1225 2513 1280 ‘?
2539 1225 2689 1280 ﬁlius
2718 1229 2939 1296 patrem
2971 1226 3232 1297 exemplo
3268 1226 3545 1293 invitavit,

1918 1325 2079 1391 pater
2119 1319 2302 1375 ﬁlium
2342 1320 2539 1374 mortis
2578 1320 2867 1390 proposito
2917 1336 3031 1373 non
3074 1319 3396 1392 dereliquit.
3442 1321 3548 1385 Qui

1918 1430 2048 1469 cum
2097 1416 2286 1485 posset
2328 1414 2533 1481 vivere,
2582 1414 2788 1468 maluit
2831 1430 2889 1467 se
2938 1412 3204 1480 interﬁci,
3252 1430 3429 1484 quam
3473 1415 3543 1468 ab

1919 1509 2083 1563 hoste
2139 1507 2500 1579 triumphari.
2554 1507 2898 1563 Hortabatur
2961 1507 3313 1578 armigerum
3380 1525 3547 1564 suum

1920 1602 2114 1656 dicens
2145 1618 2158 1655 :
2192 1604 2409 1657 Percute
2447 1617 2551 1664 me,
2580 1617 2645 1655 ne
2683 1602 2910 1655 veniant
2944 1602 3309 1656 incircumcisi
3346 1603 3457 1665 isti,
3498 1612 3547 1656 et

188 1695 284 1748 die
338 1694 619 1750 interfecti
671 1712 873 1750 omnes
916 1696 1240 1769 quicunque
1285 1696 1521 1753 inventi.
1568 1699 1877 1770 Sequen-A
1912 1698 2231 1765 percutiant
2278 1712 2378 1757 me,
2422 1700 2473 1751 et
2522 1695 2765 1749 illudant
2807 1710 2887 1748 me
2947 1694 2991 1765 (Ι
3040 1698 3192 1763 Reg.,
3234 1712 3383 1762 χχχι,
3427 1695 3484 1768 4)
3533 1714 3545 1750 :

188 1787 346 1843 tibus
388 1792 584 1843 autem
632 1789 829 1845 diebus
869 1790 1040 1845 etiam
1078 1768 1163 1845 de
1193 1791 1471 1863 hypogeis
1513 1796 1570 1848 et
1602 1768 1896 1848 cm—terisB
1922 1790 2055 1860 quia
2095 1788 2351 1859 armiger
2390 1788 2598 1855 timuit,
2640 1787 2759 1858 ipse
2797 1803 2854 1842 se
2901 1787 3090 1858 gladio
3133 1788 3551 1844 transverbera-

191 1880 431 1939 defossis
455 1883 734 1954 specubus
764 1884 1246 1954 producebantur,
1270 1886 1354 1940 vel
1374 1886 1589 1941 ibidem
1618 1888 1820 1941 exstin-

191 1976 539 2049 guebantur,
570 1979 823 2050 exceptis
862 1979 1109 2050 parvulis
1152 1995 1218 2034 ac
1253 1979 1605 2035 mulieribus.
1646 1983 1819 2047 Caesa,

190 2087 297 2142 per
335 2087 539 2126 omnes
573 2071 716 2139 dies,
758 2072 1140 2145 quadraginta
1179 2073 1377 2141 millia,
1405 2091 1532 2145 qua:
1579 2091 1821 2130 numero

190 2165 612 2237 comprehensa
659 2172 823 2236 sunt;
865 2166 925 2221 in
966 2167 1353 2239 captivitatem
1400 2168 1627 2223 deducti
1672 2170 1822 2225 mille

194 2263 254 2313 et
303 2258 568 2328 ducenti;
617 2276 812 2315 eversa
855 2263 907 2315 et
957 2260 1077 2332 igni
1124 2266 1323 2316 exusta
1380 2266 1466 2316 est
1509 2263 1723 2331 civitas,
1770 2269 1823 2318 et

194 2353 421 2409 castella
472 2353 594 2424 ejus
650 2354 875 2423 omnia,
927 2371 1078 2410 anno
1130 2355 1354 2427 imperii
1420 2357 1653 2411 Neronis
1704 2374 1822 2413 xm.

193 2446 476 2519 Iosephus
523 2448 735 2503 interea
785 2448 933 2505 inter
983 2449 1196 2505 favillas
1246 2449 1405 2504 urbis
1459 2451 1519 2504 in
1576 2452 1824 2521 quodam

199 2543 323 2596 lacu
378 2541 765 2613 delitescebat,
817 2543 973 2599 haud
1027 2544 1238 2599 inscius
1288 2545 1443 2616 quod
1495 2544 1655 2616 quasi
1711 2545 1823 2600 dux

200 2635 421 2690 adversi
462 2636 710 2708 agminis
747 2637 1055 2693 studiosius
1099 2637 1506 2710 requireretur.
1555 2640 1828 2709 Egressus

201 2728 298 2783 die
337 2730 602 2799 secundo,
645 2730 740 2786 ubi
775 2736 936 2804 septa
977 2731 1222 2786 advertit
1266 2731 1482 2801 omnia,
1525 2732 1830 2787 revertitur

198 2822 258 2877 in
290 2822 497 2879 lacum.
526 2825 713 2881 Tertio
739 2825 829 2880 die
853 2825 1057 2880 mulier
1077 2825 1338 2897 quaedam
1366 2830 1613 2897 reperta,
1637 2827 1829 2898 cogni-

199 2921 288 2971 tas
330 2917 437 2972 sibi
477 2918 701 2989 Iosephi
742 2918 1008 2988 latebras,
1051 2918 1437 2991 querentibus
1481 2920 1830 2975 demonstra-

198 3010 280 3065 vit
332 3010 451 3079 (sed
499 3012 557 3067 in
606 3012 735 3067 lacu
801 3012 1182 3085 quadraginta
1244 3013 1352 3068 viri
1402 3014 1547 3085 (14),
1598 3014 1695 3086 qui
1763 3030 1830 3069 eo

198 3104 594 3176 confugerant,
639 3122 759 3161 sese
812 3107 1119 3177 tegebant).
1170 3107 1274 3171 Qui
1321 3106 1418 3162 ubi
1464 3108 1833 3163 advertebant

197 3198 532 3269 Iosephum,
579 3199 763 3270 primo
808 3216 912 3271 per
952 3200 1255 3254 Paulinum
1303 3207 1361 3255 et
1405 3201 1754 3256 Gallicanum
1803 3218 1833 3254 a

201 3292 548 3364 Vespasiano
600 3292 671 3348 ad
728 3310 891 3365 spem
952 3294 1148 3349 salutis
1197 3295 1418 3363 vocari,
1473 3300 1672 3365 postea
1734 3310 1836 3365 per

200 3387 564 3456 Nicanorem,
615 3387 714 3459 qui
761 3387 1007 3459 Iosepho
1057 3387 1263 3444 veteris
1314 3388 1584 3444 amicitiae
1647 3391 1835 3461 gratia

196 3480 596 3552 copulabatur,
640 3487 697 3537 et
739 3480 870 3536 ideo
919 3481 1146 3552 missus,
1192 3484 1260 3536 ut
1311 3482 1605 3538 dexteram
1653 3484 1834 3551 daret,

199 3574 525 3649 promptius
579 3574 829 3631 ofﬁcium
884 3575 1141 3631 mandati
1190 3576 1451 3631 muneris
1502 3578 1838 3648 exsequeba-

199 3676 301 3725 tur
352 3686 366 3725 :
416 3670 741 3725 circumfusi
797 3669 1114 3740 Iosephum
1178 3669 1381 3725 talibus
1431 3669 1840 3726 adoriebantur

200 3763 595 3818 sermonibus.

805 3834 1027 3889 CAPUT
1065 3834 1195 3888 XVI.

276 3952 439 4005 Nunc
465 3951 649 4022 major
684 3950 864 4006 Iudaei
900 3950 1150 4006 nominis
1182 3955 1437 4007 tentatur
1477 3954 1664 4019 ruina,
1692 3970 1841 4008 nunc

196 4045 395 4101 favilla
436 4045 655 4115 tetrior,
691 4061 818 4116 quae
863 4045 1105 4116 sepeliat
1146 4051 1204 4100 et
1239 4045 1548 4101 abscondat
1588 4046 1838 4117 splendi-

197 4139 455 4195 dissime
505 4138 862 4211 disciplinam
910 4140 1204 4210 prosapiae,
1245 4143 1417 4211 atque
1458 4156 1634 4194 omne
1672 4140 1842 4196 decus

198 4234 464 4303 subruat,
505 4232 728 4305 quando
760 4232 1037 4304 Iosephus
1074 4232 1147 4287 ad
1191 4233 1549 4304 triumphum
1595 4234 1844 4305 captivus

199 4327 489 4383 reservari
536 4326 790 4397 jubetur.
851 4326 999 4391 Quid
1055 4326 1164 4381 sibi
1221 4328 1417 4383 volunt
1468 4331 1585 4382 tam
1644 4327 1844 4383 sedula

199 4421 396 4477 subito
450 4420 823 4475 invitamenta
894 4420 1185 4476 hostium?
1242 4420 1394 4485 Quid
1446 4422 1599 4476 dona
1650 4422 1845 4476 salutis

1923 1882 2019 1937 vit.
2056 1883 2267 1954 Dignus
2314 1898 2489 1953 quem
2535 1881 2713 1935 David
2753 1880 2956 1951 spiritu
3007 1882 3335 1951 prophetico
3377 1882 3551 1938 vindi-

1922 1982 2077 2032 caret
2117 1993 2130 2030 :
2172 1976 2305 2047 quia
2350 1992 2407 2030 se
2446 1975 2699 2045 degener
2745 1973 3056 2029 Amalecita
3100 1975 3169 2031 de
3203 1976 3327 2045 ejus
3368 1982 3551 2032 morte

1924 2070 2067 2125 falso
2087 2071 2418 2140 jactaverat,
2447 2074 2503 2123 et
2529 2068 2775 2138 gloriam
2802 2066 2905 2122 viri
2945 2068 3045 2139 qui
3084 2085 3143 2123 se
3181 2068 3371 2139 ipsum
3400 2070 3554 2125 hosti

1924 2166 2233 2232 exemerat,
2263 2160 2722 2217 imminuendam
2747 2161 2984 2232 putavit,
3013 2165 3077 2215 ut
3110 2178 3143 2215 a
3189 2178 3247 2217 se
3286 2163 3553 2219 interfec.

1926 2262 2047 2311 tum
2087 2256 2443 2312 mentiretur.
2489 2256 2705 2327 Dignus
2737 2254 2936 2321 etiam,
2980 2271 3154 2327 quem
3199 2259 3394 2311 tantus
3432 2257 3553 2312 lau-

1927 2351 2092 2406 daret
2136 2350 2411 2421 propheta
2456 2349 2651 2404 dicens
2697 2368 2709 2401 :
2752 2349 2892 2405 Saul
2937 2353 2987 2403 et
3031 2350 3295 2405 Ionathas
3336 2352 3562 2421 speciosi

1926 2450 1976 2499 et
2014 2446 2318 2499 charissimi
2354 2443 2746 2513 inseparabiles
2786 2444 2845 2496 in
2886 2444 3001 2498 vita
3038 2458 3158 2505 sua,
3206 2448 3256 2497 et
3290 2445 3350 2497 in
3389 2450 3560 2499 morte

1928 2554 2035 2593 non
2093 2545 2218 2592 sunt
2274 2538 2553 2607 separati;
2612 2551 2776 2607 super
2826 2537 3045 2607 aquilas
3096 2536 3342 2603 leviores,
3397 2552 3561 2608 super

1930 2632 2104 2686 leones
2163 2632 2491 2702 potentiores
2547 2631 2610 2698 (ll
2658 2633 2811 2698 Reg.,
2874 2647 2910 2695 1,
2980 2630 3089 2699 23).
3142 2630 3263 2701 lpse
3326 2646 3559 2702 quoque

1930 2724 2105 2779 David
2134 2740 2266 2779 cum
2301 2724 2581 2795 populum
2623 2722 2847 2794 percuti
2876 2722 2945 2777 ab
2980 2723 3188 2794 angelo
3232 2723 3468 2792 videret,
3501 2725 3560 2778 in

1930 2834 1987 2872 se
2017 2818 2191 2872 voluit
2227 2817 2511 2872 caelestem
2538 2816 2781 2872 derivari
2821 2816 3148 2884 vindictam,
3181 2833 3253 2871 ne
3286 2821 3562 2888 pereunte

1931 2912 2143 2983 populo
2185 2914 2583 2966 reservaretur.
2627 2912 2918 2965 Postremo
2961 2910 3058 2964 ubi
3106 2911 3192 2965 lex
3231 2910 3427 2966 divina
3467 2928 3564 2967 cu-

1926 3007 2020 3077 jus
2064 3006 2346 3077 interpres
2394 3020 2627 3076 semper
2676 3003 2853 3073 fuisti,
2904 3019 3033 3076 que
3090 3020 3196 3075 pro
3247 3004 3351 3060 hac
3405 3004 3562 3060 brevi

1932 3099 2049 3154 vita
2102 3103 2442 3172 perpetuam
2491 3098 2662 3169 justis
2715 3098 2979 3169 promisit
3026 3098 3570 3155 immortalitatem?

1933 3194 2039 3248 Ubi
2092 3194 2239 3248 Deus
2296 3192 2693 3260 Hebraeorum,
2754 3192 2853 3263 qui
2910 3191 3073 3247 docet
3116 3193 3301 3262 justos
3363 3194 3567 3248 mortis

1934 3290 2331 3358 contemptum
2369 3286 2621 3341 habere?
2661 3286 2947 3357 Befugere
2989 3285 3162 3341 etiam
3201 3286 3409 3342 debere
3447 3292 3566 3342 ter-

1938 3397 2144 3436 renum
2186 3380 2593 3445 habitaculum,
2630 3380 2908 3434 anhelare
2948 3382 3054 3449 (16)
3096 3380 3164 3434 ad
3203 3396 3470 3453 superna,
3495 3380 3571 3436 ad

1936 3475 2235 3546 regionem
2265 3473 2532 3545 paradisi,
2565 3472 2661 3527 ubi
2693 3474 2843 3528 Deus
2866 3474 2986 3545 ipse
3030 3474 3150 3545 pias
3185 3474 3404 3529 animas
3443 3492 3571 3530 con-

1938 3568 2197 3623 servavit.
2255 3569 2411 3622 Nunc
2479 3567 2718 3622 demum
2781 3567 2971 3638 cupis,
3023 3568 3299 3638 Iosephe,
3358 3568 3569 3639 vivere,

1939 3662 2172 3733 quando
2194 3677 2308 3716 non
2331 3665 2579 3733 oportet,
2601 3661 2719 3714 imo
2739 3676 2847 3715 nec
2866 3659 3033 3728 licet;
3058 3660 3194 3729 imo,
3216 3662 3366 3732 quod
3384 3662 3572 3733 majus

1939 3760 2041 3825 est,
2071 3771 2188 3810 non
2216 3755 2413 3823 decet;
2444 3758 2501 3808 et
2539 3769 2771 3824 carpere
2797 3755 2905 3823 (17)
2947 3752 3234 3809 desideras
3271 3755 3467 3810 lumen
3502 3756 3570 3809 il-

1942 3850 2037 3905 lud
2068 3849 2270 3921 (ausim
2298 3848 2507 3919 dicere)
2544 3847 2848 3915 servitutis,
2877 3846 3030 3918 quod
3071 3846 3128 3901 in
3171 3847 3356 3902 aliena
3388 3853 3575 3920 potes-

1942 3946 2054 3998 tate
2092 3948 2197 4012 est,
2225 3945 2289 3997 ut
2327 3941 2388 3996 id
2429 3940 2658 4013 quando
2704 3940 2943 3995 voluerit
2976 3940 3265 3995 Romanus
3301 3942 3506 4012 eripiat
3557 3961 3571 3997 :

1941 4037 2171 4109 quando
2218 4035 2372 4104 velit,
2412 4035 2658 4090 carceris
2700 4034 2953 4089 tenebris
2994 4034 3275 4103 obducat;
3315 4042 3375 4090 ut
3412 4040 3574 4108 optes

1943 4131 2074 4186 hinc
2114 4131 2353 4201 fugere;
2401 4144 2507 4183 nec
2543 4128 2712 4184 liceat
2753 4128 2948 4184 mori:
2992 4131 3050 4183 et
3079 4144 3193 4200 quo
3235 4128 3456 4201 pudore
3501 4132 3573 4186 ad

1943 4241 2040 4279 eos
2066 4224 2193 4293 ibis,
2220 4222 2427 4295 quibus
2465 4222 2795 4293 persuasisti
2831 4238 2937 4293 pro
2977 4222 3157 4293 patria
3184 4223 3373 4278 mori?
3402 4239 3575 4295 quam

1944 4317 2367 4373 excusationem
2428 4315 2685 4384 habebis,
2746 4315 2897 4388 quod
2959 4319 3075 4370 tam
3117 4315 3216 4369 diu
3260 4317 3576 4372 resederis?

1946 4416 2283 4485 Exspectant
2316 4412 2457 4484 quid
2503 4428 2669 4483 agas;
2712 4411 2903 4467 dicent
2945 4412 3201 4482 profecto
3242 4412 3346 4481 (18)
3380 4429 3394 4466 :
3431 4413 3578 4477 Quid

200 4516 569 4588 spontanan
625 4514 982 4586 Rogantibus
1023 4514 1199 4570 vitam
1246 4515 1370 4569 aliis
1411 4531 1529 4570 non
1580 4505 1925 4587 peperce-[)
1947 4512 2201 4563 moratur
2228 4505 2530 4576 Iosephus,
2562 4505 2662 4575 qui
2697 4504 3011 4575 prevenire
3056 4503 3291 4559 debuit?
3320 4520 3423 4558 cur
3455 4510 3577 4560 tam

204 4614 366 4663 runt.
431 4608 710 4679 Iosephus
767 4608 1104 4675 accersitur,
1160 4608 1439 4680 Iosephus
1498 4615 1732 4680 rogatur
1784 4614 1849 4665 ut

205 4703 386 4757 vivat.
447 4702 703 4758 Metuunt
764 4701 1047 4769 videlicet,
1107 4718 1178 4758 ne
1240 4718 1517 4774 pompam
1586 4703 1849 4757 amittant

204 4795 511 4866 triumphi,
555 4812 624 4851 ne
655 4795 817 4862 desit,
856 4811 1033 4867 quem
1064 4799 1284 4868 spectet
1320 4797 1501 4852 Roma
1540 4796 1845 4868 captivum,

199 4905 383 4963 quem
421 4892 751 4944 catenatum
805 4889 1176 4960 Vespasianus
1215 4895 1348 4945 ante
1398 4906 1629 4944 currum
1680 4906 1847 4945 suum

199 4983 440 5055 dirigat.
486 4983 569 5037 Ad
620 4984 742 5037 haec
785 4982 963 5054 igitur
1008 4983 1256 5039 ludibria
1302 4983 1385 5037 vis
1431 4983 1754 5039 reservari?
1784 4984 1852 5037 Et

204 5077 363 5133 unde
395 5076 853 5149 triumphabant,
882 5076 927 5131 si
954 5076 1067 5133 dux
1104 5093 1301 5133 eorum
1344 5076 1590 5133 defuerit
1623 5076 1692 5132 de
1731 5077 1851 5147 qui-

205 5172 319 5227 bus
362 5171 787 5243 triumphatur?
823 5174 936 5227 Aut
974 5172 1073 5244 qui
1118 5171 1471 5242 triumphus,
1519 5170 1564 5225 si
1604 5170 1851 5226 amicitia

207 5266 383 5321 datur
406 5265 604 5320 victis?
631 5266 708 5320 Ne
736 5266 956 5333 credas,
990 5265 1235 5336 Iosephe
1269 5281 1281 5320 ε
1311 5264 1425 5319 vita
1460 5264 1561 5319 tibi
1605 5263 1847 5336 promit-

207 5360 374 5426 titur,
425 5360 525 5414 sed
568 5365 846 5431 parantur
896 5360 1158 5430 graviora
1209 5362 1413 5414 morte.
1467 5358 1739 5414 Vicerunt
1795 5360 1849 5413 te

211 5454 472 5508 Romana
510 5470 691 5521 arma,
729 5470 845 5509 non
882 5454 1069 5526 capiat
1110 5453 1517 5509 fraudulentia.
1555 5452 1851 5507 Atrociora

214 5550 353 5603 sunt
380 5546 529 5603 dona
565 5564 788 5617 eorum,
819 5563 991 5619 quam
1027 5548 1283 5602 vulnera.
1332 5547 1428 5603 Illa
1472 5546 1627 5601 enim
1666 5546 1847 5616 capti-

281 5680 380 5742 (ιι)
406 5680 543 5730 XLII
568 5680 693 5729 viri.
720 5680 897 5732 BARB.

287 5752 384 5813 (15)
413 5752 807 5817 Dcpasceretur.
839 5753 923 5802 In.

287 5822 383 5887 (ιϐ)
402 5821 670 5875 Ravola".
699 5823 768 5874 Et
796 5824 961 5888 paulo
1000 5827 1145 5889 post,
1172 5824 1405 5874 ωσναυὸε
1435 5834 1534 5887 pro
1563 5832 1851 5873 conserva-

546 5913 822 5981 ΡΑτιιοι..
871 5913 977 5979 XV
1025 5912 1202 5994 (XIV,
1252 5932 1407 5979 nas
1453 5910 1560 5997 Il.)

1948 4618 2072 4657 sero
2100 4598 2400 4673 sequitur?
2429 4614 2532 4653 cur
2556 4597 2864 4668 discipulos
2889 4613 3020 4652 suos
3045 4596 3255 4669 quibus
3278 4613 3383 4670 pro
3410 4598 3585 4654 liber-

1950 4698 2063 4750 tate
2109 4692 2468 4748 moriendum
2507 4691 2703 4759 suasit,
2749 4690 2960 4746 imitari
3015 4692 3284 4761 recusat?
3330 4692 3575 4749 Perfere-

1950 4805 2077 4843 mus
2137 4790 2290 4842 certe
2353 4801 2485 4853 nos,
2544 4785 2695 4855 quod
2762 4784 2973 4839 servire
3037 4785 3283 4856 elegeris
3338 4789 3581 4845 assertor

1948 4881 2092 4953 legis
2133 4883 2191 4935 et
2243 4878 2544 4946 libertatis,
2604 4878 2756 4949 quod
2803 4879 3155 4949 mancipium
3208 4882 3263 4933 te
3308 4879 3577 4935 Romanis

1947 4974 2249 5037 addixeris,
2283 4972 2434 5045 quod
2472 4973 2859 5044 captivitatem
2894 4971 3145 5027 libertati
3179 4974 3575 5043 preposueris.

1949 5069 2056 5124 Sed
2112 5072 2253 5136 esto,
2310 5067 2447 5121 velis
2495 5066 2705 5135 vivere,
2756 5066 3043 5137 quomodo
3095 5066 3202 5120 hoc
3248 5067 3581 5137 impetrabis

1950 5162 2020 5217 ab
2068 5162 2180 5228 his,
2227 5160 2532 5216 adversum
2571 5176 2716 5231 quos
2753 5159 2921 5215 toties
2960 5158 3252 5231 praeliatus
3291 5160 3398 5213 es?
3438 5160 3582 5225 Quo-

1950 5255 2117 5311 modo
2193 5259 2248 5309 te
2311 5252 2731 5310 intuebuntur?
2808 5252 3014 5325 quibus
3085 5254 3304 5307 oculis?
3375 5252 3583 5324 quibus

1950 5349 2207 5405 animis?
2250 5348 2545 5413 Quomodo
2585 5347 2749 5402 iratis
2796 5346 3068 5414 dominis,
3115 5347 3221 5401 etsi
3273 5347 3465 5415 liceat,
3511 5349 3584 5402 vi-

1948 5460 2079 5500 vere
2115 5443 2314 5499 voles?
2339 5445 2452 5497 Ant
2490 5441 2619 5513 quis
2659 5439 3017 5512 proditorem
3053 5440 3257 5512 patriae
3295 5456 3411 5495 non
3455 5457 3582 5496 cre-

1951 5538 2049 5594 det
2075 5537 2265 5607 fuisse,
2293 5538 2384 5591 cui
2420 5535 2746 5591 mercedem
2781 5535 3026 5589 solutam
3066 5534 3403 5606 proditionis
3437 5535 3590 5590 vide-

1948 5673 2043 5723 vit.
2070 5671 2153 5721 ID.

2016 5744 2114 5806 (17)
2144 5742 2366 5804 Capua.
2396 5740 2477 5789 In.

2017 5815 2113 5876 (18)
2149 5814 2339 5863 Dicunt
2363 5812 2505 5874 jam.
2540 5810 2619 5860 In.

3191 5911 3269 5965 69
