4000 6166
566 261 701 314 2187

2044 258 2094 308 ς.
2141 254 2451 310 λΜΒιιοειι

3715 263 3816 316 2188

564 387 683 440 bit?
710 385 906 440 Utrum
935 386 1112 440 mavis
1138 386 1282 457 elige
1314 403 1325 440 :
1358 386 1560 440 horum
1595 387 1836 440 alterum
1871 385 1943 439 sit
1967 400 2193 438 necesse
2220 396 2275 466 Α
2295 382 2415 435 fero
2435 380 2725 451 jugulum,
2756 379 2802 433 si
2827 378 3001 433 hostis
3029 381 3185 449 petat
3218 395 3229 432 ε
3265 378 3306 430 si
3345 394 3639 435 mucronem
3661 384 3826 440 demer-

564 487 666 535 est.
715 479 836 533 Vita
879 482 978 534 tua
1028 486 1127 534 aut
1178 479 1483 551 przemium
1533 478 1871 550 proditionis
1926 478 2053 545 erit,
2099 480 2197 530 aut

563 573 847 629 servitutis
895 573 1256 646 supplicium.
1305 573 1401 629 His
1455 572 1617 628 dictis
1665 573 2026 627 intentarunt
2069 571 2190 642 gla-

563 665 708 736 dios,
764 665 1041 722 addentes
1089 683 1101 721 :
1141 667 1198 722 Si
1250 667 1560 740 acquiescis
1600 665 1768 733 mori,
1824 666 1984 738 quasi
2025 665 2192 719 amici

563 760 942 816 ministerium
995 760 1344 831 praebemus;
1389 760 1433 814 si
1481 777 1724 830 recusas,
1779 761 1940 832 quasi
1986 758 2193 830 proditi

564 853 841 911 ultionem
871 854 1173 926 exigimus.

1203 949 1420 1004 CAPUT
1469 949 1624 1003 XVII.

634 1043 720 1098 Ad
752 1043 870 1098 huic
894 1044 1172 1113 Josephus
1198 1043 1407 1098 refert:
1439 1043 1508 1096 Et
1535 1041 1660 1113 quis
1688 1041 1821 1096 velit
1858 1058 1979 1096 esse
2019 1044 2192 1096 tantis

567 1137 764 1192 mortis
807 1136 1130 1208 superstes?
1160 1136 1294 1201 Quis
1339 1135 1516 1207 eligat
1563 1135 1683 1190 ﬁeri
1730 1136 1912 1190 haeres
1948 1133 2194 1189 doloris?

566 1231 702 1296 Quis
727 1231 978 1286 animam
1013 1247 1171 1285 suam
1225 1230 1365 1285 nolit
1410 1247 1478 1285 ex
1525 1231 1646 1301 ipso
1699 1246 1934 1300 corpore
1972 1229 2190 1294 mortis,

564 1326 610 1379 si
629 1325 811 1392 liceat,
839 1323 1095 1379 absolvi?
1121 1324 1222 1378 sed
1273 1341 1385 1378 non
1436 1323 1566 1378 licet
1602 1325 1836 1393 solvere,
1877 1323 1983 1376 nisi
2015 1323 2066 1377 ei
2096 1325 2192 1394 qui

560 1417 838 1492 ligaverit.
868 1419 1093 1473 Naturae
1119 1418 1344 1473 vinculo
1385 1417 1692 1488 conjuncta
1719 1421 1805 1472 est
1831 1417 2023 1473 anima
2066 1435 2188 1474 cor-

561 1513 704 1584 pori.
747 1512 880 1576 Quis
919 1517 1115 1567 auctor
1168 1517 1384 1567 natura:
1444 1512 1550 1566 nisi
1596 1512 1962 1584 omnipotens
2009 1513 2192 1568 Deus?

561 1607 693 1670 Quis
722 1606 829 1661 hoc
862 1605 1071 1660 animae
1121 1613 1178 1660 et
1227 1606 1479 1676 corporis
1526 1607 1703 1660 nostri
1754 1607 1867 1662 Deo
1918 1605 2190 1677 placitum

562 1699 1000 1755 contubernium
1040 1699 1462 1770 interrumpere
1490 1717 1554 1756 ac
1600 1699 1905 1756 dissociare
1943 1700 2193 1755 audeat?

2297 482 2436 546 gant
2463 475 2723 539 Romani,
2754 473 2960 545 quibus
3004 473 3074 526 de
3103 472 3260 526 nobis
3291 473 3432 526 Deus
3467 474 3716 532 victoriam
3753 480 3826 533 de-

2296 569 2396 635 dit,
2428 568 2630 638 quibus
2672 570 2906 639 propter
2929 569 3158 638 peccata
3199 571 3385 621 nostra
3421 584 3510 620 nos
3542 568 3828 638 adjudicavit.

2298 663 2406 716 Nec
2454 662 2597 716 mihi
2653 661 2929 729 blandior,
2989 660 3139 732 quod
3196 660 3528 730 parcendum
3558 664 3826 732 spondeant.

2296 757 2520 811 Utinam
2546 756 2770 810 fallant!
2805 757 2901 810 Vel
2929 755 3038 810 hoc
3066 755 3286 808 lucrum
3307 754 3496 820 feram,
3524 756 3656 825 quod
3683 773 3756 811 me
3777 762 3830 812 sic

2297 850 2609 905 timuerunt
2640 854 2704 904 ut
2735 849 2994 904 fallerent
3018 865 3035 917 ;
3059 849 3141 902 vel
3177 848 3321 902 hanc
3355 847 3604 903 ultionem
3631 850 3831 919 referam,

2294 943 2430 1015 quia
2480 944 2755 1015 frangunt
2799 944 2992 998 ﬁdem.
3039 944 3180 997 Malo
3225 941 3448 995 illorum
3485 942 3738 998 latrocinio
3771 962 3834 1016 pe-

2295 1037 2404 1092 rire
2424 1053 2596 1109 quam
2625 1053 2777 1092 meo.
2801 1037 3180 1092 Latrocinium
3207 1051 3400 1089 meum
3425 1040 3521 1103 est,
3549 1036 3589 1090 si
3608 1037 3728 1091 mihi
3753 1039 3835 1110 ipse

2294 1131 2540 1187 intulero
2568 1148 2843 1200 manum;
2885 1132 2929 1185 si
2966 1131 3174 1200 hostes,
3208 1127 3556 1185 beneﬁcium.
3592 1131 3714 1202 Ergo
3737 1133 3835 1186 illud

2294 1241 2423 1280 cum
2454 1225 2795 1281 beneficium
2817 1225 2952 1280 dare
2989 1227 3220 1296 possent
3262 1223 3642 1292 interimenda,
3668 1241 3838 1280 servan-

2292 1319 2427 1375 dum
2455 1323 2795 1391 putaverunt
2811 1319 2961 1390 quod
2980 1319 3040 1372 in
3062 1321 3336 1388 potestate
3359 1316 3627 1372 habebant
3651 1336 3661 1371 :
3684 1322 3735 1372 ut
3753 1335 3841 1390 cap-

2296 1417 2414 1467 tum
2449 1413 2792 1479 occiderent,
2845 1412 3166 1467 latrocinati
3206 1414 3360 1466 sunt.
3419 1411 3522 1466 Sed
3566 1412 3842 1482 pollicemini

2293 1507 2436 1561 mihi
2465 1523 2672 1561 manus
2701 1508 2902 1560 vestrae
2935 1505 3315 1561 ministerium
3353 1522 3366 1558 :
3403 1520 3587 1559 revera
3614 1521 3844 1576 percussor

2292 1600 2456 1655 nobis
2481 1600 2681 1670 defuit,
2716 1605 2774 1654 ut
2802 1602 2998 1654 nostro
3026 1599 3238 1653 scelere
3269 1613 3579 1668 pereamus.
3598 1599 3719 1653 Nolo
3738 1615 3845 1654 meo.

2295 1694 2432 1750 nolo
2460 1698 2650 1749 vestro
2676 1694 2882 1749 scelere
2906 1694 3114 1766 perire,
3143 1691 3294 1764 quod
3315 1692 3439 1762 plus
3457 1695 3539 1746 est
3558 1709 3708 1763 quam
3737 1707 3843 1756 meo,

561 1793 615 1848 Si
651 1793 778 1864 quis
823 1793 1090 1864 imposita
1132 1793 1396 1848 manibus
1431 1794 1544 1848 suis
1571 1796 1856 1865 praecepto
1887 1793 2048 1848 herili
2078 1795 2191 1848 vin-
2211 1766 2269 1838 Β
2293 1790 2424 1844 ηοΙο
2453 1791 2672 1843 mutuo.
2704 1790 2816 1843 Hoc
2847 1791 2929 1843 est
2957 1787 3111 1842 enim
3140 1802 3608 1858 unumquemque
3651 1789 3847 1840 nostrum

560 1886 708 1954 cula,
735 1887 860 1940 sine
905 1886 1144 1942 arbitrio
1197 1886 1415 1942 domini
1455 1888 1542 1941 sui
1594 1887 1876 1955 detrahat,
1917 1904 2110 1943 nonne
2144 1889 2190 1942 is

559 1978 718 2051 gravi
744 1981 993 2050 pulsasse
1015 1980 1224 2050 injuria
1249 1997 1416 2034 suum
1462 1980 1762 2035 dominum
1791 1983 2190 2038 condemnabi-

559 2074 694 2128 tur?
743 2072 842 2127 Dei
896 2073 1172 2143 possessio
1227 2090 1444 2142 sumus,
1500 2075 1612 2128 Deo
1671 2075 1962 2129 servitium
2014 2076 2185 2131 debe-

558 2182 714 2236 mus;
780 2166 939 2238 quasi
1011 2167 1158 2221 servi
1219 2171 1618 2239 exspectemus
1697 2169 1956 2240 imperia,
2027 2172 2188 2242 quasi

561 2258 731 2314 vincti
759 2275 1112 2314 reservemus
1142 2261 1384 2328 vincula,
1416 2262 1573 2333 quasi
1621 2261 1817 2317 fideles
1843 2263 2059 2318 bonum
2089 2264 2182 2318 de-

559 2352 804 2424 positum
845 2353 1246 2408 custodiamus.
1297 2355 1419 2410 Non
1467 2372 1794 2411 recusemus
1839 2357 1966 2412 vitae
2026 2357 2187 2412 istius

557 2461 768 2503 munus
818 2448 969 2518 quod
1015 2447 1171 2504 dedit
1216 2448 1396 2517 nobis,
1426 2465 1544 2505 non
1591 2449 1941 2521 refugiamus
1972 2452 2184 2506 donum

557 2540 805 2596 caeleste.
836 2540 892 2596 Si
921 2541 1174 2597 hominis
1207 2542 1336 2598 data
1355 2543 1600 2613 rejicias,
1629 2545 2075 2601 contumeliosus
2090 2563 2179 2601 es:

556 2637 766 2706 quanto
793 2634 979 2706 magis
1004 2651 1228 2691 servare
1278 2636 1571 2704 debemus,
1603 2638 1756 2710 quod
1785 2656 1816 2693 a
1849 2639 1958 2695 Deo
1993 2645 2185 2696 nostro

553 2728 1011 2800 accepimus?Ab
1041 2729 1168 2801 ipso
1191 2729 1382 2800 itaque
1405 2731 1747 2803 accepimus,
1777 2733 1930 2806 quod
1949 2751 2145 2789 sumus
2169 2752 2180 2789 :

553 2821 730 2892 ipsius
760 2837 989 2893 quoque
1017 2821 1188 2876 debet
1225 2839 1365 2890 esse,
1403 2829 1462 2878 ut
1505 2825 1760 2896 quandiu
1793 2826 1948 2897 velit,
1983 2828 2181 2884 simus.

555 2914 870 2986 Utrumque
915 2915 1069 2971 enim
1134 2917 1347 2987 ingrati
1402 2922 1518 2985 est,
1569 2925 1627 2974 et
1676 2919 1840 2974 citius
1891 2920 2183 2978 discedere

554 3024 730 3080 quam
771 3009 924 3079 velit,
971 3015 1026 3064 et
1079 3009 1287 3064 diutius
1332 3010 1518 3066 vivere
1565 3029 1735 3083 quam
1780 3015 2022 3069 voluerit
2063 3016 2181 3086 ipse

551 3103 649 3174 qui
679 3103 856 3158 vitam
900 3103 1150 3158 donavit.
1181 3103 1469 3177 Numquid
1520 3108 1653 3160 ante
1698 3107 1984 3164 festinavit
2029 3110 2184 3164 exire

552 3193 880 3250 Abraham?
924 3197 1205 3268 numquid
1246 3202 1376 3251 ante
1418 3201 1672 3254 ascendit
1724 3201 1950 3256 Abarim
2010 3204 2186 3258 Moses

552 3305 724 3360 quam
748 3288 1031 3344 diceretur
1050 3291 1101 3344 ei
1123 3291 1390 3347 :Ascende
1405 3294 1462 3345 in
1489 3299 1718 3348 montem
1739 3295 1967 3351 Abarim
1985 3297 2000 3364 (
2011 3301 2184 3361 Deut,

553 3398 720 3448 xxxn,
752 3381 884 3451 49)?
912 3382 1019 3438 Sed
1050 3383 1264 3438 dictum
1290 3390 1393 3452 est,
1416 3387 1657 3442 Ascende
1689 3404 1704 3439 :
1737 3391 1794 3443 et
1828 3391 2098 3460 ascendit,
2131 3396 2188 3445 et

554 3479 812 3530 mortuus
837 3482 951 3545 est;
984 3478 1145 3549 quasi
1189 3478 1370 3532 bonus
1399 3480 1674 3549 servulus,
1708 3485 2052 3554 exspectavit
2079 3487 2182 3539 Do-

553 3569 692 3623 mini
721 3576 1088 3641 praeceptum.
1117 3574 1235 3642 Ipse
1266 3572 1368 3627 Job
1397 3573 1493 3644 qui
1523 3573 1665 3629 dixit
1695 3592 1707 3630 :
1733 3577 1922 3632 Pereat
1945 3578 2060 3634 dies
2085 3579 2184 3634 illa

549 3667 608 3717 in
655 3679 763 3733 qua
807 3669 971 3719 natus
1009 3681 1126 3718 sum
1165 3666 1299 3735 (Job,
1331 3682 1406 3736 ιιι,
1443 3668 1492 3736 3)
1539 3686 1550 3721 :
1599 3671 1789 3724 tamen
1838 3671 1898 3725 in
1934 3671 2182 3728 vulneri-

549 3758 656 3812 bus
697 3761 755 3812 et
803 3757 1087 3813 doloribus
1133 3759 1366 3829 positus,
1414 3760 1540 3816 vita:
1587 3762 1756 3834 hujus
1802 3764 2025 3819 vincula
2070 3783 2183 3822 non

551 3850 961 3922 disrumpebat,
991 3851 1091 3906 sed
1123 3855 1183 3906 ut
1208 3853 1826 3927 liberareturrogabat,
1850 3858 2041 3914 dicens
2075 3877 2086 3914 :
2119 3862 2186 3916 Ut

550 3944 684 4015 quid
711 3945 902 4000 datum
928 3952 1007 3999 est
1035 3948 1092 4000 in
1134 3947 1505 4004 amaritudine
1534 3950 1730 4014 lumen,
1760 3955 1874 4005 vita
1922 3959 2099 4009 autem
2125 3957 2185 4008 in

550 4038 822 4093 doloribus
861 4041 1058 4093 anima
1101 4040 1285 4111 (Ibid.,
1318 4042 1448 4112 20)?
1481 4043 1774 4098 Laudabat
1805 4044 1998 4117 itaque
2029 4064 2180 4102 mor-

550 4135 690 4199 tem,
720 4147 848 4185 cum
879 4132 1097 4186 diceret
1127 4149 1140 4186 :
1171 4135 1313 4188 Mors
1357 4151 1479 4189 vero
1507 4136 1614 4208 (19)
1645 4141 1854 4208 requies
1889 4141 2020 4208 (Job,
2055 4158 2181 4208 xvu,

557 4218 642 4289 l6)
702 4235 714 4272 :
761 4223 951 4273 tamen
1003 4237 1113 4274 non
1164 4222 1550 4293 praeripiebat,
1600 4226 1697 4280 sed
1735 4229 2076 4298 postulabat,
2121 4236 2184 4285 ut

554 4312 827 4383 scriptum
865 4316 985 4367 est:
1033 4317 1317 4370 Foncutior
1356 4319 1604 4373 omnibus
1644 4322 1891 4376 membris
1920 4342 1934 4376 :
1965 4330 2014 4378 et
2052 4327 2181 4392 quia

551 4421 670 4461 sum
694 4408 913 4477 impius.
943 4422 1113 4476 quare
1155 4424 1261 4463 non
1313 4425 1430 4463 sum
1471 4416 1752 4468 mortuus?
1780 4417 1885 4473 Cur
1910 4416 1974 4470 de
1999 4424 2184 4473 ventre

2292 1883 2394 1937 sibi
2422 1899 2624 1937 manus
2641 1882 2873 1950 inferre,
2891 1880 3118 1936 vicariae
3143 1882 3300 1935 necis
3317 1878 3632 1934 mercedem
3651 1878 3845 1933 solvere:

2293 1983 2351 2030 ut
2377 1977 2498 2046 jam
2532 1993 2646 2032 non
2666 1976 2850 2031 solum
2871 1992 2976 2047 pro
2988 1991 3089 2030 suo
3106 1975 3369 2047 quisque,
3390 1973 3486 2028 sed
3512 1973 3671 2028 etiam
3705 1989 3787 2043 pro
3803 1972 3852 2025 al-

2290 2063 2465 2126 terius
2505 2070 2780 2143 sanguine
2831 2070 3012 2124 scelus
3070 2068 3295 2124 debeat.
3337 2069 3544 2124 Verum
3589 2066 3723 2138 regis
3760 2065 3851 2120 Saul

2289 2165 2615 2236 exemplum
2638 2165 2942 2236 promitur,
2971 2164 3093 2234 ejus
3119 2169 3273 2218 certe
3294 2162 3392 2234 qui
3429 2162 3682 2217 adversus
3707 2159 3852 2213 volun-

2290 2263 2464 2314 tatem
2487 2259 2734 2313 divinam
2755 2275 2848 2314 ros
2869 2258 3183 2329 postulatus
3205 2261 3325 2326 est;
3351 2260 3411 2312 et
3430 2255 3686 2310 offensam
3707 2254 3855 2308 meruit

2291 2353 2402 2408 Dei.
2431 2352 2593 2408 Unde
2621 2352 2795 2407 etiam
2831 2368 2959 2406 cum
3001 2351 3234 2419 viveret,
3263 2364 3642 2406 successorem
3676 2347 3856 2417 accepit.

2286 2447 2597 2518 Egregium
2623 2446 2949 2518 exemplum
2989 2445 3112 2513 viri,
3143 2445 3233 2500 cui
3271 2444 3460 2500 defuit
3484 2442 3585 2498 Dei
3625 2441 3799 2513 gratia,
3824 2444 3858 2493 et

2285 2546 2482 2597 tamen
2507 2540 2680 2596 voluit
2704 2539 2869 2608 mori,
2896 2539 3032 2612 quia
3041 2540 3167 2612 jam
3188 2555 3301 2594 non
3326 2539 3559 2610 poterat
3577 2536 3763 2592 vivere.
3786 2534 3857 2589 Vo-

2285 2634 2392 2690 luit
2412 2640 2603 2691 tamen
2644 2637 2702 2690 et
2748 2634 2866 2706 ipse
2901 2638 2960 2688 ut
3003 2650 3136 2688 eum
3176 2633 3362 2689 socius
3405 2631 3702 2698 occideret;
3731 2627 3860 2683 sedet

2284 2729 2379 2784 ille
2406 2729 2587 2784 scelus
2603 2729 2844 2801 putavit,
2876 2727 3148 2783 recusavit
3174 2727 3582 2782 ministerium.
3601 2725 3714 2780 Non
3733 2722 3860 2794 igitur

2285 2841 2419 2879 usus
2444 2822 2700 2891 consilio,
2731 2821 2829 2878 sed
2857 2821 3159 2878 destitutus
3195 2819 3519 2876 ministerio
3546 2819 3686 2886 fecit,
3713 2822 3763 2872 ut
3780 2817 3862 2885 ipse

2285 2918 2536 2990 gladium
2581 2917 2640 2973 in
2667 2933 2726 2971 se
2769 2920 3143 2972 converteret.
3185 2915 3241 2971 Si
3269 2915 3486 2971 timens
3524 2913 3670 2979 fecit,
3692 2927 3754 2966 ne
3789 2907 3863 2963 sibi

2282 3013 2634 3079 illuderetur,
2671 3010 2810 3084 quid
2842 3011 3040 3066 laudas
3086 3011 3238 3082 quod
3279 3009 3514 3064 timoris
3558 3006 3677 3063 est?
3719 3004 3863 3060 Sinon

2285 3105 2500 3175 timuit,
2530 3123 2632 3161 cur
2656 3106 2841 3177 primo
2867 3105 3020 3160 aliud
3068 3103 3285 3176 elegit?
3308 3104 3436 3175 Ego
3486 3119 3587 3158 nec
3628 3099 3866 3156 illudentes

2288 3201 2573 3256 Romanos
2612 3199 2810 3267 timeo,
2856 3216 2961 3253 nec
3008 3197 3376 3254 mentientes.
3421 3197 3555 3254 Saul
3595 3198 3791 3250 tantum
3829 3205 3866 3242 se

2287 3295 2440 3349 solus
2469 3293 2730 3366 peremit,
2759 3309 2876 3348 non
2905 3293 3194 3359 Jonathas,
3222 3307 3336 3346 non
3366 3291 3664 3364 quisquam
3697 3287 3809 3343 alius
3828 3284 3867 3337 in

2289 3387 2494 3443 nostris
2521 3386 2847 3459 Scripturis.
2901 3385 3049 3451 Quid
3074 3384 3306 3455 mirum,
3353 3386 3402 3440 si
3450 3385 3637 3456 potuit
3672 3399 3724 3436 se
3765 3379 3867 3450 peri-

2289 3498 2466 3549 mere,
2491 3480 2588 3553 qui
2613 3480 2797 3552 potuit
2843 3480 3017 3535 etiam
3065 3479 3245 3534 filium
3294 3478 3603 3534 occidere?
3631 3481 3792 3532 Aaron
3816 3473 3868 3524 in-

2286 3581 2376 3630 ter
2407 3574 2558 3629 vivos
2577 3591 2642 3629 ac
2671 3579 2927 3629 mortuos
2969 3573 3146 3641 stetit,
3178 3576 3236 3628 et
3273 3573 3385 3628 hoc
3420 3573 3646 3628 virtutis
3684 3574 3770 3634 est,
3791 3580 3868 3621 non

2288 3667 2621 3724 temeritatis
2677 3685 2689 3722 :
2737 3684 2850 3724 non
2901 3667 3055 3721 enim
3114 3671 3361 3722 mortem
3412 3666 3524 3722 sibi
3567 3663 3760 3730 intulit,
3802 3656 3867 3712 sed

2288 3767 2533 3817 mortem
2561 3779 2679 3818 non
2707 3762 2901 3817 timuit
2927 3784 2938 3815 :
2970 3761 3068 3833 qui
3109 3777 3232 3817 eam
3280 3777 3531 3833 corpore
3577 3776 3674 3814 suo
3699 3751 3866 3827 repulit,

2286 3859 2343 3911 et
2381 3855 2631 3927 serpenti
2676 3855 2734 3909 in
2785 3855 2942 3910 omni
2993 3854 3099 3925 (22)
3139 3853 3437 3910 obstaculo
3492 3855 3621 3909 fuit.
3649 3852 3757 3906 Non
3797 3858 3866 3915 ego

2285 3949 2512 4019 quidem
2565 3951 2781 4015 Aaron,
2833 3948 2929 4003 sed
2987 3953 3183 4003 tamen
3235 3965 3354 4003 non
3408 3947 3666 4021 degener
3713 3943 3772 3997 ab
3809 3955 3868 4002 θοι

2285 4041 2463 4097 offero
2489 4059 2727 4110 manus;
2749 4041 2960 4096 feriant
2989 4044 3052 4096 ut
3084 4041 3298 4097 volunt.
3349 4041 3409 4098 Si
3458 4055 3687 4112 possum
3723 4045 3870 4090 eorum

2286 4151 2488 4190 manus
2530 4136 2757 4203 timere,
2809 4135 3017 4206 dignus
3075 4151 3202 4190 sum
3245 4135 3346 4206 qui
3398 4134 3660 4190 manibus
3694 4140 3870 4203 peream

2283 4229 2445 4284 meis.
2479 4228 2533 4284 Si
2571 4232 2816 4300 pereunt
2862 4229 2968 4300 (23)
3009 4228 3090 4283 illi
3139 4227 3488 4296 adversario,
3528 4243 3628 4283 cur
3661 4239 3755 4296 ego
3793 4231 3872 4274 non

2285 4339 2517 4393 peream
2564 4323 2743 4377 mihi?
2787 4323 2839 4378 Si
2899 4323 3155 4394 quaeritis
3200 4339 3302 4378 cur
3339 4339 3580 4393 parcere
3626 4318 3801 4383 velint;
3837 4311 3874 4364 et

2285 4416 2341 4470 in
2367 4417 2528 4471 hoste
2553 4416 2823 4472 virtutem
2865 4417 3165 4472 mirantur.
3195 4417 3373 4471 Tanta
3416 4421 3507 4472 est
3535 4415 3682 4471 enim
3705 4405 3874 4465 virtutis

549 4502 745 4555 matris
768 4515 873 4554 non
915 4502 972 4555 in
997 4501 1300 4572 sepulcrum
1344 4504 1562 4559 decidi?
1598 4508 1706 4562 Aut
1732 4511 1999 4579 numquid
2031 4512 2184 4567 breve
2203 4510 2262 4580 D
2287 4511 2489 4581 gratia,
2521 4515 2580 4565 ut
2608 4510 2947 4581 frequenter
2971 4511 3146 4566 etiam
3185 4511 3419 4566 hostem
3449 4511 3700 4566 delectet.
3738 4499 3875 4558 Nostis

553 4593 662 4663 (20)
702 4600 906 4662 tempus
943 4596 1069 4649 vitae
1104 4599 1274 4651 mea?
1301 4600 1523 4654 Dimitte
1564 4617 1646 4654 me
1689 4605 2011 4671 requiescere
2033 4621 2179 4674 puu-

553 4686 728 4740 lulum
772 4687 908 4756 (Job,
941 4703 994 4749 x,
1031 4690 1238 4760 lii-20).
1282 4691 1441 4746 Alius
1471 4709 1698 4765 quoque
1736 4701 1960 4751 sanctus
1999 4697 2136 4752 dicit
2166 4718 2178 4753 :

550 4779 702 4834 Educ
728 4779 796 4833 de
824 4780 1067 4835 custodia.
1107 4784 1347 4838 animam
1391 4802 1564 4841 meum
1604 4789 1774 4859 (Psal.
1807 4805 1942 4858 cxu,
1973 4791 2047 4860 8).
2078 4794 2178 4847 Pe-

552 4871 621 4926 tit
649 4870 886 4926 evadere
919 4889 932 4926 :
962 4874 1106 4943 petit
1131 4890 1200 4928 ex
1233 4876 1340 4930 hoc
1368 4894 1604 4949 corpore
1646 4882 1805 4952 quasi
1831 4883 1901 4937 de
1933 4885 2181 4954 quodam

549 4959 777 5016 liberari
825 4977 1052 5017 carcere
1094 4983 1104 5016 :
1147 4965 1336 5019 nullus
1393 4971 1577 5024 tamen
1622 4978 1942 5026 sanctorum
1981 4990 2182 5028 necem

550 5053 655 5109 sibi
707 5055 827 5126 ipse
881 5061 1137 5128 usurpat,
1179 5059 1367 5114 nullus
1413 5064 1686 5134 praeripit.
1735 5066 1786 5120 Si
1835 5066 2054 5122 lucrum
2099 5075 2183 5123 est

549 5149 714 5217 mori,
766 5149 983 5205 furtum
1028 5155 1112 5205 est
1167 5169 1441 5224 usurpare
1491 5161 1621 5212 ante
1674 5164 2095 5231 exspectatum;
2137 5163 2181 5216 si

545 5242 758 5298 bonum
797 5247 883 5299 est
921 5243 1130 5312 vivere,
1177 5247 1541 5319 sacrilegium
1587 5253 1702 5321 (2|)
1745 5257 1830 5307 est
1878 5255 2180 5326 repudiare

549 5340 680 5390 ante
730 5353 908 5410 quam
953 5346 1299 5410 reposcatur.
1350 5341 1461 5397 Sed
1511 5343 1824 5414 gloriosum
1870 5350 2078 5418 putatis
2124 5349 2179 5405 in

549 5428 695 5485 bello
728 5431 913 5486 mori?
941 5432 1050 5487 Nec
1080 5449 1189 5504 ego
1219 5434 1410 5490 abnuo
1437 5435 1654 5492 bonum
1687 5455 1810 5494 esse
1832 5458 1938 5513 pro
1969 5444 2178 5514 patria,

548 5520 762 5578 bonum
798 5540 898 5594 pro
924 5524 1138 5582 civibus
1165 5528 1222 5581 in
1253 5528 1398 5584 bello
1435 5532 1598 5586 mori.
1629 5532 1739 5588 Sed
1771 5533 1908 5589 belli
1938 5537 2062 5606 lege
2094 5539 2177 5592 of—

612 5654 712 5714 (19)
747 5655 881 5703 Viro.
915 5657 1092 5709 BARR.

610 5721 712 5782 (20)
741 5723 1009 5788 Numquid
1036 5741 1143 5777 non
1171 5729 1339 5780 breve.
1374 5734 1459 5782 ID.

611 5789 712 5856 (21)
744 5789 1087 5855 Sacrilegum.
1125 5800 1201 5846 lo.

2284 4604 2456 4658 etiam
2505 4604 2635 4675 ipsi,
2668 4609 2884 4675 quanta
2907 4605 3201 4659 intulerim
3245 4604 3422 4659 exitia
3455 4601 3727 4667 Romanis,
3762 4609 3870 4666 quo-

2283 4697 2456 4752 modo
2503 4697 2745 4753 victores
2787 4697 3045 4752 omnium
3095 4697 3382 4769 gentium,
3428 4700 3704 4768 Jotapatie
3745 4693 3871 4760 igno-

2282 4791 2410 4844 bilis
2436 4791 2594 4846 urbis
2625 4791 2892 4847 diuturna
2931 4791 3249 4862 obsidione,
3278 4792 3351 4846 ab
3403 4785 3873 4860 Hierosolymitane

2283 4883 2439 4938 urbis
2477 4885 2692 4940 excidio
2740 4885 3064 4941 averterim.
3101 4885 3257 4941 Brevi
3311 4885 3533 4940 damno
3576 4882 3737 4938 totius
3772 4872 3873 4929 belli

2284 4978 2465 5032 aleam
2496 4980 2620 5033 lusi.
2651 4980 2978 5035 Didicerunt
3021 4979 3211 5035 caeteri
3263 4996 3400 5034 meo
3449 4977 3692 5050 periculo
3716 4982 3869 5045 pacem

2284 5079 2503 5142 optare.
2542 5074 2811 5127 Fortassis
2837 5075 2908 5129 ad
2939 5075 3047 5129 hoc
3088 5089 3479 5141 reservamur,
3511 5076 3573 5126 ut
3601 5085 3708 5126 non
3736 5066 3872 5120 deter-

2285 5169 2516 5220 reantur
2546 5167 2761 5236 caateri,
2791 5168 2884 5223 sed
2919 5173 3310 5238 provocentur.
3345 5167 3461 5222 Sed
3483 5180 3646 5220 suave
3671 5154 3867 5214 asseritis

2283 5260 2429 5313 mori
2482 5276 2586 5330 pro
2626 5260 2908 5316 libertate.
2963 5261 3099 5325 Quis
3152 5264 3325 5332 negat
3379 5267 3438 5315 et
3489 5257 3668 5314 illud?
3714 5261 3860 5308 tamen

2283 5353 2449 5408 dulce
2511 5353 2700 5408 vivere
2756 5371 2862 5427 pro
2921 5354 3202 5410 libertate.
3264 5355 3405 5408 Nam
3472 5353 3569 5425 qui
3618 5345 3866 5405 amicitiam

2282 5446 2465 5515 offert,
2523 5446 2848 5504 libertatem
2898 5449 3203 5521 promittit.
3258 5447 3424 5512 Quod
3477 5447 3524 5501 si
3590 5441 3866 5498 servitutem

2281 5541 2511 5608 inferat,
2536 5546 2672 5597 tunc
2699 5542 2808 5598 erit
2837 5548 2990 5599 certe
3010 5540 3388 5614 opportunior
3414 5535 3688 5596 moriendi
3715 5532 3862 5586 volun-

2342 5674 2439 5738 (22)
2465 5677 2526 5726 In
2555 5687 2752 5728 omnes.
2784 5677 2864 5726 In.

2340 5745 2441 5807 (23)
2469 5745 2600 5812 Leg.
2629 5753 2958 5810 parcunt.....
2981 5760 3228 5813 parcam.
3260 5747 3339 5798 In.
