4072 6192
145 307 295 360 2189

149 435 255 495 tas,
301 428 349 482 si
392 431 712 500 oportuerit
753 431 895 485 mori

149 528 332 593 runt;
377 523 577 579 nolunt
617 525 894 580 occidere.
928 526 1182 581 Timidus
1219 532 1414 583 autem
1450 533 1553 598 est,
1593 535 1649 582 et
1691 529 1786 599 qui

146 632 263 670 non
293 618 413 672 vult
438 618 585 672 mori
614 619 850 689 quando
879 626 1140 690 oportet;
1175 625 1234 676 et
1258 621 1355 693 qui
1385 623 1523 691 vult,
1555 621 1788 694 quando

149 727 265 765 non
302 714 545 782 oportet.
578 712 713 776 Quis
751 714 904 768 enim
938 713 1166 785 ignorat
1191 716 1425 770 femina:
1466 715 1789 770 timiditatis

147 820 297 871 esse,
349 808 406 858 et
469 806 764 868 muliebris
819 808 1174 863 fortitudinis
1219 812 1348 880 (24),
1389 827 1461 863 ne
1525 810 1784 877 moriare,

147 899 299 953 mori
343 899 528 954 velle?
561 900 815 972 Denique
855 901 1075 972 pavidae
1105 903 1392 969 mulieres,
1425 903 1516 958 ubi
1555 903 1787 974 aliquod

145 992 454 1047 imminere
515 994 618 1047 sibi
681 994 998 1065 periculum
1051 997 1443 1068 cognoverint,
1495 997 1679 1051 solent
1729 1013 1786 1052 se

147 1086 462 1156 praecipitio
491 1087 646 1143 dare.
676 1089 916 1159 Augusti
954 1091 1105 1145 enim
1135 1091 1309 1145 animi
1343 1091 1559 1145 molem
1589 1089 1781 1144 formi-

145 1178 324 1245 dinis,
369 1186 427 1234 et
479 1185 695 1236 metum
750 1184 946 1237 mortis
995 1185 1276 1239 sustinere
1338 1189 1650 1255 nequeunt.
1696 1185 1787 1238 Vir

143 1280 337 1329 autem
383 1275 624 1346 patiens,
660 1277 757 1347 qui
797 1279 1097 1348 praesentia
1140 1295 1254 1332 non
1297 1279 1461 1332 timet
1504 1283 1560 1332 et
1594 1278 1785 1332 futura

143 1368 383 1439 cogitat,
413 1369 595 1424 nescit
630 1369 943 1441 trepidare,
978 1372 1076 1426 ubi
1118 1389 1234 1427 non
1274 1378 1358 1426 est
1391 1373 1582 1429 timor.
1615 1374 1779 1427 Deni-

143 1478 260 1532 que
308 1463 582 1534 scriptum
616 1467 721 1531 est,
759 1466 894 1535 quia
950 1468 1148 1520 animae
1194 1467 1620 1536 effeminatorum
1663 1484 1779 1521 esu-

140 1559 291 1611 rient
343 1557 725 1626 (Prov.,xvm,
777 1558 850 1628 8),
891 1575 1019 1630 quae
1061 1559 1253 1614 cibum
1311 1561 1505 1631 utique
1559 1561 1782 1615 virtutis

143 1666 262 1704 non
299 1650 576 1706 habentes
621 1651 880 1706 esuriunt
922 1670 934 1706 ε
980 1653 1223 1724 ideoque
1263 1653 1334 1708 ad
1371 1658 1613 1708 mortem
1651 1661 1780 1710 ante

144 1749 382 1816 tempus
407 1744 696 1799 festinant.
727 1747 918 1817 Neque
960 1747 1112 1801 enim
1140 1748 1394 1818 repletus
1423 1747 1549 1803 cibo
1583 1749 1781 1819 gratiae

141 1838 436 1909 spiritalis,
482 1838 586 1893 sibi
630 1838 736 1910 ipsi
791 1856 996 1894 manus
1041 1841 1277 1912 irrogat,
1327 1858 1456 1896 cum
1505 1817 1858 1913 scriptumB

141 1933 217 1986 sit
273 1951 286 1986 :
346 1934 484 2000 Quia
535 1948 592 1988 os
645 1935 1011 2004 imprudentis
1062 1939 1284 1990 mortem
1335 1939 1550 1991 invocat
1577 1939 1778 2005 (Proe.

145 2043 259 2094 vui,
306 2027 416 2095 36).
458 2027 525 2080 Et
569 2027 785 2082 iterum
833 2026 971 2082 dicit
1016 2028 1312 2100 Scriptura
1361 2046 1372 2082 :
1422 2032 1490 2084 Et
1534 2035 1632 2099 qui
1675 2047 1780 2085 non

140 2126 304 2174 curat
345 2122 579 2192 seipsum
623 2123 679 2175 in
721 2122 970 2192 operibus
1007 2125 1142 2185 suis,
1176 2124 1357 2189 frater
1399 2129 1474 2177 est
1515 2125 1624 2192 ejus
1669 2127 1777 2190 (25)

137 2218 245 2284 qui
279 2230 334 2270 se
375 2217 556 2285 ipsum
595 2219 922 2271 exterminat
961 2219 1165 2288 (Prov.,
1209 2233 1356 2284 xvm,
1391 2219 1465 2282 9).
1495 2217 1774 2271 Condem-

139 2311 318 2364 natur
355 2325 492 2380 ergo
544 2309 644 2381 qui
693 2326 749 2366 se
794 2310 980 2381 ipsum
1020 2311 1379 2381 percusserit.
1425 2310 1570 2375 Quid
1624 2311 1774 2364 enim

141 2407 265 2457 tam
297 2406 497 2459 contra
523 2403 712 2474 legem
751 2409 971 2459 naturae
994 2403 1021 2458 ‘?
1050 2403 1196 2468 Quid
1224 2404 1397 2458 etiam
1426 2410 1540 2458 tam
1583 2410 1779 2458 contra

140 2500 416 2552 naturam
443 2497 703 2552 omnium
730 2497 1157 2552 animantium?
1183 2497 1532 2570 quibuslibet
1559 2498 1692 2552 feris
1721 2499 1781 2551 li-

140 2595 236 2645 cet
261 2596 430 2662 atque
456 2591 795 2664 agrestibus,
829 2592 1064 2646 insitum
1094 2597 1178 2646 est
1208 2608 1269 2646 se
1312 2608 1524 2647 amare.
1557 2593 1776 2646 Naturae

140 2685 300 2739 enim
335 2685 420 2740 lex
458 2685 644 2740 valida
680 2689 764 2740 est
799 2685 943 2740 velle
981 2685 1190 2752 vivere,
1225 2701 1328 2740 nec
1379 2685 1483 2738 sibi
1532 2691 1775 2740 mortem

143 2779 436 2834 asciscere.
484 2779 739 2850 Denique
783 2780 932 2833 ferro
975 2779 1034 2832 in
1079 2796 1136 2833 se
1181 2779 1391 2833 armari
1438 2779 1627 2832 omnia
1676 2796 1774 2851 ge-

143 2889 289 2928 nera
317 2872 719 2941 animantium,
747 2889 851 2927 nec
878 2873 923 2928 si
955 2873 1150 2941 velint,
1175 2877 1428 2943 possunt.
1466 2873 1772 2927 lnformem

142 2967 280 3022 lethi
325 2967 590 3038 laqueum
629 2967 891 3022 homines
933 2967 1292 3034 invenerunt,
1323 2967 1461 3021 ferae
1497 2967 1772 3020 nesciunt.

139 3061 247 3116 Sed
305 3077 532 3116 morsus
584 3061 837 3116 ferarum
903 3078 1061 3116 arma
1114 3066 1267 3130 sunt,
1322 3061 1520 3115 dentes
1579 3077 1775 3115 eorum

140 3154 343 3226 gladii.
377 3155 612 3219 Quando
639 3159 832 3210 tamen
873 3155 1174 3227 quisquam
1209 3154 1447 3222 audivit,
1479 3154 1633 3224 quod
1671 3154 1772 3208 sibi
1798 3187 1851 3261 Ο

136 3248 337 3319 aliqua
380 3248 500 3302 fera
550 3249 782 3321 proprio
830 3265 1021 3303 morsu
1077 3248 1399 3303 membrum
1453 3249 1778 3302 ademerit?

136 3342 448 3396 adversum
499 3342 640 3397 alios
691 3342 945 3397 faucium
995 3359 1226 3396 suarum
1281 3342 1456 3396 armis
1517 3345 1772 3410 utuntur,

137 3435 448 3490 adversum
477 3452 536 3490 se
567 3436 793 3490 osculis.
824 3436 998 3490 Nobis
1035 3452 1261 3506 quoque
1289 3435 1428 3506 quid
1459 3439 1574 3489 tam
1610 3435 1774 3489 dulce

139 3546 320 3601 quam
364 3530 524 3584 vita?
553 3529 698 3595 Quid
741 3536 854 3584 tam
900 3529 1196 3584 inimicum
1234 3545 1402 3600 quam
1439 3530 1636 3583 mors?
1668 3530 1770 3583 De-

138 3624 317 3694 nique
371 3623 470 3695 qui
523 3623 701 3678 vitam
754 3623 1088 3694 protexerit,
1146 3628 1419 3694 patronus
1471 3628 1555 3676 est
1604 3639 1616 3676 :
1677 3624 1774 3694 qui

136 3721 392 3772 mortem
436 3723 706 3789 appetere
761 3717 1087 3783 tentaverit,
1127 3716 1425 3770 insidiator
1467 3723 1567 3770 est.
1611 3716 1772 3780 Quod

137 3827 280 3882 ergo
326 3811 382 3865 in
428 3811 551 3865 aliis
605 3827 1003 3880 exsecramur,
1042 3812 1086 3864 si
1139 3827 1240 3864 nos
1284 3815 1618 3880 appetamus
1667 3809 1770 3880 ipsi

139 3904 307 3958 nobis
345 3904 606 3958 volumus
643 3905 854 3958 inferre
885 3921 899 3957 :
934 3907 990 3958 et
1030 3903 1184 3974 quod
1218 3904 1286 3956 ab
1315 3902 1436 3956 aliis
1463 3919 1567 3973 pro
1606 3919 1770 3973 poena

139 3998 446 4069 exigimus,
476 3997 580 4051 hoc
623 3997 728 4069 ipsi
757 3996 918 4051 nobis
954 3998 1276 4068 irrogamus
1324 4013 1425 4067 pro
1459 3997 1645 4066 gratia
1674 4013 1684 4050 :
1717 4002 1772 4050 et

135 4093 588 4162 gubernatorem
625 4091 670 4144 si
708 4091 1066 4146 commissam
1106 4090 1210 4145 sibi
1247 4107 1450 4144 navem
1494 4107 1622 4144 saxo
1659 4090 1768 4144 illi-

135 4186 252 4252 dat,
296 4185 700 4255 persequimur
743 4203 753 4238 :
808 4200 910 4238 nos
963 4183 1338 4238 commissum
1388 4183 1552 4237 nobis
1593 4184 1768 4237 nostri

130 4278 391 4350 corporis
425 4278 874 4348 gubernaculum
917 4277 1072 4331 ferro
1099 4277 1534 4348 exstinguimus,
1570 4282 1625 4330 et
1670 4293 1766 4329 vo-

134 4372 380 4426 luntario
426 4370 729 4442 naufragio
774 4370 1092 4426 addicimus
1121 4371 1148 4425 ?
1187 4370 1291 4425 Sed
1337 4369 1582 4442 objicitis
1628 4369 1764 4424 mihi

135 4472 386 4520 mortem
448 4469 760 4531 maturam,
815 4481 944 4519 cum
1002 4465 1058 4519 in
1126 4467 1468 4536 potestatem
1521 4464 1770 4518 hostium

1196 312 1278 365 DE
1319 311 1585 365 EXCIDIO
1628 311 1823 366 URBlS
1863 312 2216 367 HIEROSOI..
2262 316 2381 368 LIB.
2427 315 2516 368 Ill.

939 448 951 485 ε
995 448 1148 487 nunc
1193 439 1389 488 autem
1438 434 1610 488 vitam
1650 432 1784 488 offe-
1813 448 1996 518 Anec
2063 437 2378 506 profectum
2458 437 2739 492 utilitatis.
2804 438 2950 503 Quid
3010 444 3202 495 autem
3272 446 3519 500 attexam

3380 323 3520 375 2l90

1893 528 2079 583 violati
2120 530 2230 598 (26)
2274 529 2520 601 depositi
2553 530 2943 602 religionem?
2971 534 3119 588 Deus
3158 536 3521 606 omnipotens

1891 623 2225 678 thesaurum
2276 625 2438 679 nobis
2481 624 2763 696 optimum
2813 625 2990 693 dedit,
3021 633 3192 699 atque
3239 629 3518 686 inclusum

1893 717 1949 770 in
1991 717 2098 771 hoc
2136 734 2264 772 vase
2307 717 2463 772 ﬁctili
2501 724 2555 772 et
2587 719 3007 790 consignatum,
3037 721 3323 776 commisit
3359 723 3521 777 nobis

1890 811 2362 880 custodiendum,
2433 813 2622 883 quoad
2705 813 2812 883 ipsi
2896 814 3121 884 placeat
3202 832 3517 886 reposcere.

1889 904 2084 958 Nonne
2136 906 2194 958 in
2233 909 2479 976 utroque
2529 905 2745 961 crimen
2793 913 2897 972 est,
2942 908 3027 961 vel
3074 909 3307 979 rejicere
3355 911 3524 981 depo-

1890 997 2081 1065 situm,
2117 1015 2234 1053 non
2277 1003 2613 1071 reposcente
2653 1001 2750 1070 qui
2789 1000 3030 1070 dederit,
3069 1003 3154 1055 vel
3192 1010 3521 1073 reposcente

1888 1092 2153 1162 negare?
2196 1093 2249 1146 Si
2298 1092 2549 1146 hominis
2597 1093 2919 1164 depositum
2961 1094 3188 1161 violare,
3233 1113 3400 1166 poena
3440 1098 3521 1151 in—

1886 1184 2078 1238 famiae
2123 1191 2248 1240 est:
2283 1190 2502 1258 quanto
2545 1188 2729 1257 magis
2768 1188 2982 1242 violare
3027 1188 3347 1259 depositum
3379 1190 3522 1244 Dei?

1889 1279 2218 1349 Depositum
2264 1280 2362 1332 Dei
2408 1281 2463 1334 in
2503 1280 2698 1335 anima
2736 1285 2823 1334 est
2857 1282 2914 1334 in
2956 1281 3060 1335 hoc
3106 1298 3337 1353 corpore
3383 1285 3518 1355 (27),

1885 1373 2080 1427 anima
2119 1389 2245 1445 quae
2282 1374 2476 1427 mortis
2523 1374 2682 1428 istius
2721 1391 2894 1445 capax
2934 1391 3046 1430 non
3088 1376 3169 1430 fit.
3201 1377 3322 1431 Non
3362 1378 3514 1433 enim

1885 1467 2002 1521 ullo
2065 1468 2264 1521 mortis
2321 1467 2548 1521 vinculo
2608 1469 2949 1539 astringitur
3000 1472 3172 1541 atque
3223 1471 3516 1542 alligatur,

1885 1560 1980 1615 sed
2012 1561 2238 1615 videtur
2264 1568 2505 1616 mortem
2535 1563 2804 1632 opperiri,
2836 1579 2968 1616 cum
2994 1563 3231 1618 solvitur
3257 1581 3514 1635 corpore,

1884 1658 2053 1726 atque
2105 1654 2176 1708 de
2221 1655 2524 1709 commisso
2577 1655 2678 1710 sibi
2741 1656 3116 1711 contubernio
3174 1658 3514 1729 sejungitur.

1883 1749 1996 1803 Cur
2032 1747 2208 1819 igitur
2236 1755 2367 1803 ante
2407 1749 2713 1820 repetitum
2741 1749 3060 1820 depositum
3101 1755 3344 1806 mortem
3374 1751 3514 1807 irro-

1885 1858 2107 1912 gamus,
2134 1848 2187 1897 et
2208 1842 2464 1897 animam
2489 1844 2648 1914 quasi
2675 1843 3122 1898 inutilemnobis
3150 1846 3513 1910 remittimus,

1884 1941 2055 2006 atque
2103 1953 2132 1990 e
2181 1937 2354 1990 domo
2398 1944 2590 1991 nostra
2631 1937 3007 2002 excludimus,
3049 1942 3107 1991 et
3143 1955 3348 2009 corpus
3393 1941 3514 1993 sine

1884 2029 2090 2084 decore
2143 2036 2196 2084 et
2249 2031 2432 2100 gratia
2479 2031 2562 2083 sui
2613 2031 2668 2084 in
2716 2036 2928 2084 terram
2982 2032 3318 2086 resolvimus
3347 2033 3374 2086 ?
3415 2049 3518 2087 cur

1882 2122 2129 2176 exeundi
2171 2123 2303 2177 hinc
2341 2127 2688 2194 praeceptum
2736 2141 2848 2178 non
2889 2126 3334 2195 exspectamus?
3365 2126 3516 2181 Miles

1880 2222 2148 2271 tesseram
2225 2221 2540 2288 exspectat,
2599 2235 2793 2272 servus
2872 2218 3194 2290 imperium.
3255 2221 3308 2274 Si
3389 2221 3516 2291 quis

1881 2310 2090 2364 horum
2133 2312 2254 2366 sine
2306 2318 2590 2382 praecepto
2627 2312 2827 2366 exierit
2872 2331 2884 2366 :
2929 2313 3074 2367 alter
3113 2314 3389 2381 desertor,
3435 2315 3515 2368 al-

1883 2409 1968 2458 ter
1992 2404 2261 2476 fugitivus
2291 2411 2392 2459 est.
2428 2405 2536 2468 Qui
2575 2406 2875 2460 hominem
2915 2405 3082 2476 fugit,
3121 2423 3266 2477 pene
3300 2411 3386 2461 est
3422 2408 3519 2462 ob-

1883 2501 2100 2567 noxius,
2140 2499 2399 2570 quamvis
2428 2499 2750 2569 improbum
2782 2499 2997 2570 fugerit
3026 2500 3328 2555 dominum
3361 2518 3372 2554 :
3412 2517 3516 2556 nos

1879 2593 2161 2664 optimum
2188 2593 2446 2646 omnium
2474 2593 2758 2664 fugientes
2785 2609 3087 2663 possumus
3116 2610 3234 2648 non
3273 2594 3515 2664 astringi

1880 2685 2196 2757 impietatis
2235 2685 2451 2757 ﬂagitio
2474 2686 2501 2740 ‘?
2530 2687 2676 2740 Num
2715 2687 2888 2740 etiam
2915 2687 3062 2740 istud
3091 2688 3345 2757 praeterit
3381 2693 3512 2743 nos-

1881 2787 2026 2834 iram
2073 2779 2406 2849 opinionem
2449 2779 2632 2850 quod,
2683 2783 2940 2849 apposuit
2984 2785 3122 2835 Deus
3167 2782 3421 2849 angelum
3461 2784 3518 2836 in

1877 2875 2108 2928 circuitu
2148 2876 2455 2928 timentium
2499 2889 2619 2926 eum
2661 2874 2827 2940 (Psal.
2873 2890 3056 2940 XXXIII,
3097 2874 3198 2936 8)?
3239 2874 3334 2928 Est
3379 2891 3517 2946 ergo

1880 2966 1976 3035 qui
2018 2965 2336 3036 prohibeat,
2381 2965 2487 3019 nisi
2529 2971 2878 3037 przeceptum
2926 2967 3202 3038 acceperit
3240 2967 3268 3021 Ἰ
3307 2968 3353 3021 si
3392 2967 3516 3022 nul-

1878 3061 1998 3114 lum
2057 3065 2426 3130 praeceptum,
2481 3059 2704 3113 nullum
2759 3060 3048 3116 viaticum.
3106 3061 3174 3115 Et
3224 3061 3515 3132 quomodo

1877 3153 2277 3224 perveniemus
2342 3155 2463 3208 sine
2517 3153 2770 3208 viatico?
2803 3153 2937 3218 Quis
2989 3171 3091 3208 nos
3153 3155 3390 3225 recipiet
3456 3155 3512 3209 in

1877 3247 2039 3301 illum
2079 3263 2286 3317 purum
2329 3251 2386 3300 et
2422 3250 2703 3301 secretum
2744 3248 2929 3302 locum
2951 3248 2979 3302 ‘l
3006 3247 3140 3312 Quis
3177 3265 3280 3302 nos
3304 3248 3511 3302 admit-

1879 3346 1960 3395 tet
1997 3342 2064 3396 ad
2105 3341 2198 3394 illa
2229 3346 2558 3396 sanctarum
2600 3341 2930 3396 animarum
2965 3342 3251 3396 consortia
3274 3342 3301 3394 ‘?
3333 3342 3508 3397 Adam

1877 3435 2113 3502 latebat,
2157 3435 2288 3505 quia
2341 3439 2694 3505 praeceptum
2747 3435 2844 3488 Dei
2897 3437 3297 3505 prmvaricatus
3356 3438 3441 3490 est
3499 3453 3510 3490 :

1876 3528 2138 3582 exclusus
2178 3531 2264 3581 est
2298 3527 2368 3581 de
2409 3526 2698 3597 paradiso,
2737 3528 2867 3599 quia
2910 3545 3022 3582 non
3065 3529 3304 3583 servavit
3348 3546 3507 3583 man-

1875 3622 2088 3675 datum.
2139 3620 2350 3674 Dicitur
2405 3622 2457 3675 ei
2507 3639 2518 3674 :
2571 3621 2772 3684 Adam,
2808 3622 2904 3675 ubi
2953 3637 3005 3675 es
3047 3621 3225 3690 (Gem,
3277 3638 3358 3687 ιη,
3410 3624 3510 3690 9)?

1873 3715 2042 3778 Quasi
2090 3714 2138 3768 ei
2187 3713 2282 3784 qui
2328 3714 2561 3784 fugerit.
2609 3714 2769 3784 quasi
2828 3714 2881 3766 ei
2922 3714 3084 3783 cujus
3123 3714 3276 3784 apud
3327 3716 3507 3769 Deum

1872 3823 1983 3862 non
2026 3813 2108 3862 est
2150 3807 2473 3878 praesentia.
2503 3807 2703 3861 Nonne
2747 3810 2802 3861 et
2832 3807 2976 3860 mihi
3007 3807 3233 3874 dicitur,
3265 3807 3367 3861 Ubi
3407 3825 3464 3861 es
3485 3811 3511 3861 γ

1874 3901 1972 3972 qui
2017 3903 2228 3971 praeter
2267 3904 2617 3971 praeceptum
2652 3899 2873 3968 venisti,
2909 3916 3082 3970 quem
3123 3915 3232 3970 ego
3273 3904 3505 3954 natura-

1873 3995 2018 4049 libus
2067 3994 2303 4049 vinculis
2347 4010 2460 4047 non
2503 3993 2813 4048 relaxavi?
2860 3994 3051 4048 Tollite
3094 4009 3212 4048 eum
3250 3996 3310 4046 in
3363 4000 3504 4048 tene-

1875 4090 2000 4142 bras
2043 4089 2346 4154 emteriores,
2379 4087 2472 4141 ubi
2511 4089 2614 4141 erit
2640 4089 2793 4154 ﬂetus
2834 4091 2884 4140 et
2925 4087 3131 4140 stridor
3170 4087 3411 4140 dentium
3456 4094 3505 4140 et

1873 4182 2025 4235 dolor
2070 4183 2316 4252 (Matth.,
2361 4197 2492 4247 xxu,
2539 4180 2646 4248 13).
2696 4181 2824 4234 Haec
2869 4197 2983 4235 non
3033 4180 3215 4235 solum
3249 4179 3505 4234 moribus

1873 4275 2190 4342 hominum,
2225 4275 2319 4329 sed
2353 4275 2520 4328 etiam
2554 4273 2773 4344 legibus
2805 4273 3108 4328 interdicta
3135 4274 3459 4344 accepimus
3491 4292 3501 4326 :

1871 4384 2122 4439 namque
2167 4368 2262 4422 alii
2304 4367 2614 4437 insepultos
2661 4367 2862 4437 projici
2900 4366 3108 4436 jubent
3145 4382 3260 4433 eos,
3305 4367 3402 4437 qui
3446 4383 3502 4421 se

1872 4463 1931 4516 in
1978 4462 2194 4516 ferrum
2254 4462 2600 4532 dejecerunt.
2654 4460 2901 4531 Dignum
2946 4466 3031 4513 est
3080 4460 3254 4528 enim,
3303 4463 3361 4512 ut
3404 4462 3500 4529 qui

134 4560 296 4614 fuero
341 4559 638 4613 deductus.
671 4559 818 4623 Quid
855 4574 992 4629 ergo
1033 4558 1378 4613 lucrifaciam
1419 4556 1467 4611 si
1507 4558 1659 4629 quod
1698 4555 1845 4626 abD
1871 4555 2041 4627 patris
2112 4555 2415 4626 imperium
2486 4571 2601 4608 non
2671 4555 3154 4623 exspectaverunt,
3209 4552 3503 4622 priventur

137 4655 304 4709 hoste
353 4658 568 4722 metuo,
596 4653 706 4708 hoc
746 4653 866 4724 ipse
907 4652 1054 4706 mihi
1091 4651 1331 4707 inferam
1375 4670 1386 4705 :
1426 4667 1552 4705 cum
1595 4652 1769 4722 possit

133 4747 404 4803 accidere
441 4752 507 4802 ut
545 4746 701 4819 quod
742 4747 994 4801 suadetis
1036 4745 1180 4801 mihi
1215 4745 1422 4814 facere,
1457 4762 1569 4799 non
1606 4745 1766 4798 faciat

129 4842 403 4896 inimicus
422 4840 450 4894 ?
479 4841 806 4912 Hujusmodi
839 4840 988 4895 istud
1028 4846 1133 4909 est,
1165 4856 1228 4894 ac
1258 4839 1304 4893 si
1328 4839 1529 4893 videns
1556 4839 1763 4909 guber-

132 4939 309 4989 nator
380 4939 781 5006 tempestatem
848 4935 1124 5000 futuram,
1171 4932 1521 5004 tempestatis
1588 4932 1765 5003 gratia

130 5028 492 5083 declinanda:
546 5044 752 5083 navem
806 5027 1072 5082 fluctibus
1123 5027 1454 5098 immergat.
1498 5030 1577 5081 An
1633 5026 1766 5096 quia

132 5123 400 5193 graviora
445 5121 727 5193 supplicia
772 5127 1070 5177 exacturus
1108 5125 1192 5175 est
1231 5119 1605 5188 adversarius,
1640 5119 1765 5174 ideo

129 5215 600 5287 praeveniendum
645 5215 909 5288 putatis?
950 5215 1037 5269 vel
1082 5216 1217 5286 quia
1267 5220 1563 5269 strenuum
1612 5213 1760 5267 arbi-

131 5309 392 5377 tramini,
425 5312 489 5364 ut
528 5309 585 5363 in
627 5326 732 5363 nos
771 5310 876 5380 ipsi
914 5309 1066 5363 ferro
1107 5307 1391 5363 utamur?
1418 5308 1515 5362 sed
1557 5308 1615 5362 id
1655 5307 1761 5361 im-

127 5402 454 5458 becillitatis
503 5403 816 5475 suffugium
873 5406 979 5472 est,
1024 5418 1136 5457 non
1191 5402 1411 5457 virtutis
1464 5406 1762 5473 tropaeum,

129 5503 356 5568 captare
398 5497 615 5551 lucrum
662 5496 1092 5568 suppliciorum.
1127 5497 1186 5550 in
1226 5496 1330 5550 hoc
1375 5496 1552 5567 igitur
1590 5496 1764 5551 inha-

133 5607 358 5657 remus,
417 5591 573 5661 quod
639 5607 745 5646 nec
808 5590 1054 5660 insignia
1119 5589 1325 5644 habeat
1386 5589 1761 5655 fortitudinis,

190 5731 291 5793 (34)
317 5729 660 5781 Formidinis.
696 5731 872 5783 ΒΑΜ..

192 5801 287 5865 (25)
316 5800 439 5852 Vat.
470 5801 614 5861 cod.,
645 5801 820 5864 frater
845 5809 916 5854 est
938 5817 1037 5854 sua
1064 5815 1230 5868 opera
1257 5801 1588 5866 dissipantis.
1620 5800 1697 5850 ln.

195 5871 293 5938 (se)
333 5871 559 5924 Victori.
592 5873 672 5922 In.

1869 4650 2032 4720 quasi
2073 4647 2320 4720 quodam
2365 4648 2565 4701 matris
2604 4645 2847 4717 gremio,
2880 4651 3046 4700 terrae
3084 4645 3362 4716 sepulcro.
3397 4645 3499 4701 Alii

1870 4744 2156 4798 dexteram
2205 4758 2434 4796 manum
2485 4739 2824 4794 abscindunt
2869 4738 3176 4806 defunctis,
3219 4744 3283 4792 ut
3332 4755 3495 4810 sepa-

1870 4839 2028 4890 retur
2066 4853 2097 4890 a
2142 4834 2415 4889 membris
2462 4835 2547 4887 sui
2579 4834 2848 4904 corporis,
2877 4833 3026 4904 quod
3075 4833 3184 4902 (28)
3231 4833 3498 4886 adversus

1867 4945 2073 5001 corpus
2122 4945 2287 4982 suum
2338 4943 2544 4982 vesano
2600 4927 2864 4981 militavit
2913 4928 3124 4982 furore.
3181 4927 3286 4982 Sed
3347 4926 3497 4981 hunc

1868 5023 2083 5078 exitum
2127 5021 2388 5092 sacrilegi
2427 5021 2637 5087 ferunt,
2671 5026 2769 5074 aut
2795 5021 3110 5092 proditores
3141 5020 3230 5073 vel
3265 5035 3494 5090 percus-

1867 5133 2025 5173 sores
2071 5119 2397 5189 parentum,
2445 5115 2544 5186 qui
2587 5131 2786 5169 verum
2829 5120 3049 5184 patrem
3096 5129 3210 5168 non
3248 5128 3493 5184 agnove-

1869 5215 2018 5280 runt,
2052 5227 2154 5265 nec
2191 5226 2311 5265 sese
2351 5212 2723 5279 cognoscunt.
2755 5208 2886 5264 Ideo
2928 5211 3026 5261 aut
3066 5207 3294 5277 penitus
3332 5223 3493 5276 sepe-

1866 5304 1955 5359 liri
1991 5303 2383 5376 prohibentur,
2425 5305 2523 5356 aut
2558 5318 2672 5356 non
2710 5300 2812 5356 toti
2853 5300 3221 5372 sepeliuntur.
3263 5300 3494 5355 Animas

1868 5414 2099 5470 quoque
2143 5413 2345 5452 eorum
2393 5412 2509 5451 non
2554 5395 2847 5466 paradisus
2884 5394 3106 5464 recipit,
3147 5392 3244 5447 sed
3277 5393 3490 5448 infero-

1866 5509 1994 5547 rum
2035 5492 2307 5560 tenebrm,
2337 5505 2601 5561 saevaque
2644 5487 2938 5560 supplicia.
2973 5487 3099 5541 Haec
3137 5485 3280 5539 mihi
3321 5501 3488 5556 repu-

1866 5586 2033 5653 tanti,
2081 5601 2408 5657 quanquam
2459 5583 2652 5637 omnia
2702 5586 2893 5652 erepta
2948 5580 3080 5642 sint,
3132 5578 3245 5632 sola
3295 5584 3489 5633 tamen

1930 5729 2025 5791 (27)
2056 5727 2220 5778 Forte
2250 5724 2485 5776 delenda
2515 5723 2851 5787 prmpositio,
2892 5720 3303 5785 legendumque
3337 5735 3347 5768 :
3377 5720 3480 5770 De-

1863 5800 2094 5863 positum
2121 5800 2235 5853 Dei,
2265 5798 2447 5847 anima
2476 5800 2550 5843 est
2579 5796 2633 5841 in
2663 5792 2758 5842 hoc
2786 5805 3022 5856 corpore.
3056 5791 3355 5842 GALLAND.

1930 5870 2023 5929 (28)
2057 5869 2187 5930 Qua.
2221 5869 2391 5918 BARR.
