4000 6166
624 283 750 333 2191

2100 280 2152 329 s.
2197 273 2509 330 AMBROSII
3744 291 3834 346 2,9,,

624 404 827 458 terrori
856 420 918 457 ac
962 403 1256 458 formidini
1297 408 1428 459 sunt
1462 422 1475 459 :
1511 420 1613 459 nec
1657 403 1794 458 mihi
1826 405 1933 473 (29)
1972 402 2076 474 ipsi
2102 402 2243 456 infe-
2270 412 2328 484 Α
2352 416 2607 455 recusare
2634 401 2846 472 poterit
2875 405 3163 468 eventum,
3194 416 3365 471 quem
3392 401 3469 455 vel
3493 418 3624 458 casus
3645 408 3838 483 intulerit,

622 514 766 566 ram,
798 514 926 569 qua;
965 513 1067 553 nec
1095 498 1273 553 hostis
1315 499 1527 570 poterit
1555 498 1766 552 inferre
1797 514 1810 552 :
1851 501 1908 551 et
1947 496 2041 551 illa
2081 512 2245 567 para-

620 592 725 646 disi
792 591 1056 664 eripiam,
1114 608 1243 664 quae
1305 593 1599 648 Romanus
1648 591 1833 647 adhuc
1896 607 2009 646 non
2068 590 2250 662 potuit

620 684 863 757 eripere.
900 687 1064 742 Certe
1108 686 1427 741 accelerare
1476 685 1678 758 potuit,
1720 702 1835 740 non
1884 684 2096 758 poterit
2142 701 2244 739 au-

620 779 796 847 ferre,
835 795 963 850 quas
1009 779 1129 835 sola
1182 779 1550 851 impatienter
1593 779 1872 834 desidero.
1915 779 2034 833 Non
2090 778 2246 832 enim

618 873 749 927 vita:
811 871 934 943 ejus
980 872 1099 927 ulla
1163 889 1252 929 me
1303 872 1583 944 cupiditas
1637 878 1814 942 tenet,
1869 872 1926 927 in
1976 889 2089 944 qua
2143 888 2248 927 nec

619 966 771 1037 apud
805 967 976 1036 cives,
1020 983 1122 1022 nec
1158 966 1311 1038 apud
1348 967 1537 1023 hostes
1569 967 1693 1038 cepi
1733 966 1883 1039 quod
1920 966 2243 1021 delectaret.

624 1059 719 1114 Isti
745 1060 888 1114 mihi
924 1076 1122 1132 pacem
1155 1065 1460 1132 negarunt,
1491 1061 1571 1115 illi
1610 1060 1852 1132 patriam
1895 1060 2244 1132 eripuerunt.

622 1154 776 1209 Inter
822 1156 904 1208 tot
946 1154 1095 1209 mala
1142 1154 1279 1225 quid
1318 1159 1504 1226 potest
1553 1154 1841 1210 suavitatis
1880 1154 1938 1208 in
1985 1154 2088 1209 hac
2131 1154 2247 1209 vita

623 1262 916 1317 superesse
938 1246 966 1301 ?
995 1248 1075 1302 Tu
1101 1247 1291 1315 modo,
1314 1248 1676 1319 omnipotens
1702 1250 1886 1315 Pater,
1911 1248 2008 1319 qui
2031 1251 2248 1302 naturai

624 1346 818 1395 auctor
847 1345 1017 1412 atque
1057 1340 1274 1396 arbiter
1313 1358 1393 1410 es,
1419 1342 1724 1397 honestum
1762 1342 1973 1413 largire
2008 1342 2244 1409 exitum,

622 1440 680 1489 tu
720 1450 919 1506 rumpe
957 1436 1213 1490 naturale
1251 1437 1361 1491 hoc
1396 1435 1685 1491 vinculum
1727 1455 1739 1491 :
1782 1435 1957 1491 redde
1996 1436 2247 1491 animam

622 1543 811 1583 meam
896 1528 1127 1583 secretis
1208 1528 1339 1584 suis.
1428 1529 1748 1585 Exstinctus
1832 1530 1903 1584 sit
1983 1530 2245 1603 populus,

622 1626 884 1693 ereptum
940 1622 1064 1694 jus,
1120 1622 1347 1679 libertas
1413 1624 1657 1679 infracta
1722 1642 1734 1677 :
1803 1640 1917 1679 non
1978 1624 2245 1695 praevari—

623 1715 795 1771 cabor
840 1719 1033 1771 tamen
1108 1717 1294 1789 legem
1347 1721 1526 1788 tuam,
1585 1722 1649 1772 ut
1700 1718 1913 1773 moriar
1979 1718 2244 1789 injussus.

624 1812 895 1881 Exspecto
937 1816 1001 1865 ut
1039 1782 1260 1881 jubeas,
1292 1782 1555 1883 exspecto
1594 1816 1659 1866 ut
1693 1812 1976 1868 volentem
2016 1782 2325 1867 liberes.B

620 1904 823 1958 Multos
863 1903 1037 1959 habes
1066 1904 1149 1958 tui
1178 1905 1401 1976 imperii
1430 1909 1795 1961 exsecutores
1839 1923 1851 1960 :
1891 1924 1923 1959 a
1958 1911 2014 1961 te
2043 1923 2244 1978 exspe-

621 2000 710 2053 cto
748 1997 1079 2068 imperium,
1111 1998 1181 2052 ab
1226 2004 1555 2054 exsecutore
1591 2000 1990 2055 ministerium.
2028 2001 2245 2054 Bonum

623 2096 705 2143 est
746 2091 936 2158 mori;
980 2091 1079 2145 sed
1120 2091 1354 2159 moriar,
1389 2098 1449 2147 ut
1490 2093 1780 2162 Hebraeus,
1813 2110 1926 2148 non
1973 2097 2034 2147 ut
2074 2094 2245 2163 latro,

619 2199 734 2237 non
780 2186 843 2237 ut
888 2183 1162 2254 carnifex,
1214 2201 1328 2238 non
1376 2191 1441 2239 ut
1488 2186 1686 2241 hostis.
1736 2186 1923 2241 Victus
1966 2186 2070 2240 sim
2116 2186 2250 2241 licet

620 2276 792 2347 bello,
820 2277 1062 2332 manebo
1102 2282 1316 2346 tamen,
1350 2279 1501 2349 quod
1543 2285 1709 2335 natus
1737 2296 1884 2349 sum,
1914 2283 1976 2335 ut
2006 2280 2248 2335 Abrahae

624 2371 798 2440 patris
844 2370 1240 2427 haereditatem
1290 2389 1401 2426 non
1436 2373 1713 2429 deseram.
1740 2375 1860 2429 Non
1886 2374 2143 2429 transibo
2188 2374 2245 2428 in

621 2480 930 2520 numerum
981 2465 1251 2531 hostium,
1292 2470 1357 2520 ut
1400 2466 1522 2539 ipse
1570 2483 1732 2522 meus
1777 2485 2076 2540 percussor
2115 2468 2243 2522 sim.

623 2561 841 2617 Offerre
871 2578 966 2617 me
988 2563 1135 2617 hosti
1163 2564 1596 2635 percutiendum
1621 2566 1741 2621 sine
1767 2566 1999 2639 pietatis
2020 2583 2247 2639 possum

621 2655 922 2729 dispendio
955 2673 967 2711 :
1002 2673 1207 2712 manus
1242 2675 1399 2712 meas
1426 2658 1569 2714 mihi
1602 2660 1660 2714 in
1700 2660 1923 2715 hostem
1967 2661 2073 2730 (30)
2108 2676 2245 2715 con-

620 2756 837 2806 vertere
882 2750 1002 2805 sine
1044 2753 1257 2806 scelere
1305 2769 1414 2807 non
1465 2770 1710 2824 possum.
1747 2756 1831 2809 An
1879 2771 2013 2809 vero
2060 2756 2248 2809 metus

623 2849 724 2911 est,
765 2860 837 2898 ne
881 2860 995 2899 non
1030 2844 1197 2900 liceat
1230 2846 1390 2901 nobis
1434 2846 1749 2903 secundum
1792 2849 1977 2920 legem
2018 2849 2248 2906 vivere?

621 2939 837 2993 Revera
860 2953 1012 2992 nunc
1052 2954 1263 3009 magna
1293 2939 1525 2995 libertas
1554 2944 1661 3008 est,
1692 2941 1899 3013 quibus
1942 2959 2092 2998 nunc
2120 2944 2250 2999 licet

623 3032 936 3087 secundum
964 3031 1151 3103 legem
1181 3033 1348 3088 mori.

1218 3128 1437 3182 CAPUT
1476 3128 1652 3182 XVIII.

694 3220 820 3273 Haec
862 3219 1139 3290 Iosephus
1192 3218 1495 3290 allegabat,
1544 3238 1655 3291 quo
1703 3227 1999 3277 evacuaret
2043 3227 2242 3279 volun—

624 3312 783 3366 tariae
817 3312 1019 3366 mortis
1060 3311 1417 3367 affectionem
1463 3314 1595 3383 (31).
1641 3315 1743 3370 Sed
1784 3316 1883 3384 illi,
1929 3317 2025 3388 qui
2072 3319 2244 3374 semel

624 3422 745 3460 sese
796 3405 965 3461 morti
1006 3406 1367 3475 devoverant,
1408 3407 1543 3479 quia
1600 3408 1782 3463 verbis
1826 3411 2087 3465 resistere
2130 3429 2243 3467 non

624 3503 909 3570 poterant,
959 3500 1161 3571 gladiis
1214 3500 1373 3571 quasi
1427 3501 1649 3557 ferituri
1696 3502 1861 3570 illico,
1910 3506 2094 3560 virum
2144 3507 2247 3561 cir-

626 3597 975 3648 cumstetere
1046 3593 1153 3647 nisi
1219 3593 1655 3666 aquiescendum
1731 3602 1978 3668 putaret.
2021 3603 2090 3654 At
2151 3599 2245 3655 ille

621 3686 1024 3754 circumdatus,
1061 3687 1237 3742 alium
1280 3687 1439 3742 ducis
1479 3689 1775 3745 revocabat
1811 3693 2142 3749 auctoritate
2191 3699 2246 3748 et

619 3781 842 3836 virtutis
886 3782 1222 3849 constantia,
1255 3781 1433 3837 alium
1470 3799 1666 3839 severo
1704 3784 1904 3841 obtutu
1944 3788 2240 3842 convenie-

619 3876 737 3930 hat.
793 3874 970 3945 Hujus
1016 3876 1317 3930 revocabat
1377 3875 1691 3944 dexteram,
1731 3878 1881 3934 illius
1924 3880 2247 3937 intlectebat

621 3968 788 4037 iram,
818 3968 1101 4023 mulcebat
1135 3968 1353 4023 consilii
1398 3970 1743 4026 salubritate.
1781 3973 2023 4029 Diversis
2061 3975 2246 4030 modis

622 4061 929 4132 unicuique
1008 4061 1461 4117 irrationabilem
1542 4066 1914 4137 extorquebat
1958 4069 2241 4124 furorem.

623 4154 844 4208 Etenim
872 4155 1133 4225 quamvis
1159 4155 1358 4209 ultima
1386 4173 1507 4211 sors
1532 4158 1661 4212 victi
1692 4158 2030 4231 dignitatem
2058 4169 2242 4219 extor-

622 4250 788 4317 serat,
824 4264 933 4301 non
976 4247 1205 4318 penitus
1248 4251 1442 4303 tamen
1487 4250 1812 4307 aboleverat
1846 4256 2243 4325 reverentiam,

620 4340 901 4396 Paulatim
925 4340 1115 4412 itaque
1141 4341 1577 4413 deponebantur
1605 4361 1828 4415 manus,
1865 4349 2247 4404 recondebam-

620 4439 714 4490 tur
756 4434 953 4505 gladii,
986 4439 1176 4489 tamen
1205 4435 1445 4490 intentio
1475 4440 1894 4508 perseverabat.
1924 4444 2065 4496 Cum
2102 4444 2246 4499 vide-

2270 3155 2325 3228 Ο
2351 3126 2692 3183 elaberetur.

2348 495 2433 548 vel
2477 496 2735 549 voluntas
2772 495 2870 550 Dei
2902 494 3236 567 signaverit.
3272 493 3453 549 Fidem
3477 496 3591 551 fecit
3620 500 3786 571 oblatio,
3807 516 3839 561 et

2348 591 2747 646 universorum
2825 605 3086 644 assensus
3159 588 3293 644 sorti
3361 592 3618 660 acquievit.
3673 596 3842 669 Quisque

2349 688 2499 739 sorte
2526 686 2611 738 est
2637 682 2987 754 designatus,
3020 687 3279 754 paratam
3314 686 3545 753 sequenti
3572 702 3728 742 necem
3749 706 3840 759 pre-

2349 779 2486 833 buit.
2520 781 2714 848 Itaque
2751 776 2975 839 accidit,
3016 782 3079 831 ut
3119 776 3463 847 interemptis
3500 778 3710 849 reliquis,
3743 784 3843 837 lose.

2348 872 2495 943 phus
2523 888 2655 926 eum
2704 872 2878 925 altero
2909 873 3231 940 superesset
3278 867 3418 923 neci.
3460 870 3682 926 Manebat
3719 891 3843 929 neces-

2349 965 2521 1032 sario;
2551 970 2611 1020 ut
2635 968 2733 1019 aut
2760 969 2911 1020 sorte
2938 964 3431 1033 condemnaretur,
3456 967 3543 1019 aut
3564 970 3709 1033 certe,
3729 968 3764 1021 si
3781 971 3847 1023 exi-

2350 1060 2428 1114 tio
2459 1063 2797 1131 superesset,
2825 1059 3103 1130 sanguine
3148 1057 3282 1112 socii
3310 1057 3725 1113 contaminandus
3742 1060 3845 1114 foret.

2349 1153 2555 1208 Suadet
2581 1156 2643 1206 ut
2682 1152 2820 1208 sorti
2856 1151 3236 1207 renuntiaret.
3276 1150 3363 1206 Sic
3391 1150 3717 1206 domesticum
3736 1155 3851 1208 evasit

2347 1247 2632 1319 prmlium,
2662 1252 2718 1301 et
2756 1262 2861 1318 per
2888 1246 3226 1301 Nicanorem
3255 1244 3330 1300 ad
3358 1245 3710 1316 Vespasianum
3733 1246 3850 1300 dedu-

2347 1340 2515 1396 citur.
2555 1340 2641 1394 Fit
2674 1355 2981 1395 concursus
3023 1339 3095 1393 ad
3131 1339 3254 1410 ejus
3299 1337 3629 1393 advenientis
3651 1345 3850 1410 spectacu-

2351 1435 2487 1502 lum,
2547 1432 2811 1489 Romanis
2865 1433 2984 1487 fere
3040 1433 3307 1487 omnibus
3357 1430 3755 1497 couﬂuentibus;
3798 1433 3854 1485 alii

2348 1528 2539 1583 videre
2570 1526 2857 1598 dejectum
2885 1526 3304 1596 desiderabant,
3336 1541 3499 1598 quem
3528 1526 3673 1596 paulo
3706 1529 3802 1579 ante
3821 1525 3854 1579 in

2349 1620 2701 1693 amplissimo
2739 1621 2951 1675 honore
2992 1620 3267 1692 positum,
3318 1635 3551 1674 summie
3591 1619 3656 1673 rei
3691 1634 3855 1688 praess?

2348 1715 2718 1770 intuebantur
2748 1732 2760 1769 :
2796 1714 2891 1769 alii
2915 1714 3208 1769 certabant
3246 1717 3411 1785 capto
3456 1713 3684 1779 illudere,
3705 1711 3776 1765 alii
3805 1713 3852 1764 vi-

2350 1826 2442 1864 ces
2472 1826 2666 1865 rerum
2704 1809 3090 1864 humanarum
3131 1812 3251 1862 tam
3280 1808 3463 1862 varias
3499 1811 3653 1879 atque
3675 1804 3860 1860 ﬂexibiles

2349 1904 2721 1959 mirabantur.
2787 1902 3048 1975 Plerique
3108 1900 3416 1957 consultius
3478 1899 3858 1973 ingemiscehant,

2349 1999 2446 2071 qui
2488 1998 2546 2053 in
2593 1997 2795 2053 alienis
2841 1996 3057 2051 casibus
3103 1996 3209 2050 sibi
3262 2011 3424 2067 posse
3473 1994 3653 2049 eadem
3691 1990 3862 2046 accidere

2347 2091 2706 2165 reputabant.
2736 2091 2890 2147 Titus
2918 2107 3035 2163 prae
3061 2089 3284 2145 caeteris
3326 2088 3662 2156 movebatur,
3686 2084 3861 2157 ingenita

2351 2186 2527 2241 animi
2553 2185 2990 2241 mansuetudine
3022 2202 3033 2239 :
3064 2185 3229 2239 illum
3262 2183 3480 2238 dudum
3519 2180 3794 2236 bellatorem
3811 2193 3865 2230 su-

2349 2279 2588 2352 perbum
2633 2279 2818 2334 subito
2863 2278 3127 2350 potestati
3173 2276 3467 2333 addictum
3516 2274 3730 2330 hostium
3759 2270 3866 2326 alieni

2348 2379 2534 2429 motus
2569 2376 2776 2429 sortem
2810 2374 2917 2443 (33)
2945 2371 3194 2444 opperiri
3223 2371 3357 2426 vitae
3384 2367 3740 2439 naufragium,
3764 2380 3867 2418 eisn-

2348 2469 2459 2523 lem
2508 2469 2649 2540 spei,
2703 2468 2982 2522 incertum
3027 2466 3242 2521 salutis.
3293 2466 3537 2519 Tantum
3592 2461 3749 2515 valere
3793 2472 3867 2510 mo-
3918 2498 3919 2549 ἐ

2348 2565 2537 2619 menta
2567 2563 2625 2617 in
2670 2560 2903 2634 praeliis,
2933 2564 3000 2615 ut
3043 2559 3202 2614 brevi
3246 2575 3386 2614 casu
3425 2557 3661 2629 dispares
3695 2551 3764 2607 sui
3789 2547 3869 2604 red-
3918 2612 3919 2639 ξ

2348 2656 2505 2724 dant,
2561 2672 2691 2711 cum
2747 2659 2843 2709 aut
2902 2656 3164 2726 potentes
3206 2652 3580 2724 dejiciuntur,
3628 2652 3711 2702 aut
3747 2641 3868 2698 afﬂicti
3918 2642 3919 2703 Ῐ

2347 2750 2627 2805 levantur.
2651 2752 2851 2821 Itaque
2878 2765 3008 2820 pars
3030 2747 3255 2815 melior,
3284 2762 3491 2802 eorum
3517 2741 3709 2799 scilicet
3730 2737 3803 2811 qui
3818 2735 3874 2788 he
3918 2812 3919 2815 η

2350 2860 2489 2901 nore
2516 2843 2896 2917 potiebantur,
2923 2842 3157 2898 mitiora
3182 2840 3421 2896 consilia
3446 2837 3648 2895 dabant
3671 2851 3683 2890 :
3703 2829 3873 2888 maxim!
3918 2830 3919 2899 Ῐ

2350 2943 2543 2994 tamen
2588 2937 2773 3009 portio
2815 2936 3009 2992 salutis
3054 2935 3204 3008 apud
3253 2939 3485 3006 patrem
3531 2927 3745 3001 Josepho
3780 2922 3878 2978 Titus
3918 3004 3919 3011 γ

2350 3032 2476 3089 fuit.
2500 3030 2870 3103 Vespasianus
2900 3046 3033 3086 eum
3072 3028 3356 3085 asservari
3402 3023 3679 3101 praecepit,
3705 3035 3761 3075 ne
3788 3016 3877 3069 forte

2967 3196 3187 3251 CAPUT
3224 3194 3356 3249 XIX.

2420 3314 2557 3370 Inde
2606 3314 2798 3385 paucis
2849 3316 2977 3385 post
3029 3311 3227 3367 diebus
3280 3308 3686 3366 Ptolemaidem
3730 3298 3880 3371 repetit

2348 3414 2518 3480 atque
2567 3406 2700 3463 inde
2751 3408 3062 3463 Caesaream
3119 3404 3440 3473 contendit,
3509 3401 3695 3456 urbem
3743 3392 3880 3523 Iud?

2348 3502 2653 3523 _A__:__-_-
2722 3501 2811 3523 --.ι
2868 3500 3045 3523 _.-_--
3091 3497 3398 3523 _-_L:I:L.--
3447 3482 3882 3523 _-s-.s.m:nhai.

2348 3502 2681 3570 maximam,
2720 3501 2814 3556 sed
2866 3500 3046 3573 magis
3086 3497 3402 3571 gentilibus
3447 3496 3705 3552 refertam
3728 3482 3882 3543 inhabi-
3918 3482 3919 3545 1

2346 3596 2594 3651 tantibus
2637 3613 2649 3649 :
2704 3594 2853 3650 unde
2904 3609 3035 3649 cum
3078 3594 3277 3664 plausu
3326 3598 3385 3647 et
3435 3588 3633 3647 laetitia
3674 3590 3883 3649 susceper?

2349 3692 2655 3746 exercitum
2696 3690 3044 3756 Romanum,
3084 3703 3201 3742 non
3258 3686 3451 3741 solum
3485 3684 3740 3739 Romana

2345 3785 2475 3840 tatis
2518 3786 2777 3855 ex0ptata
2825 3782 2932 3837 sibi
2974 3781 3174 3853 gratia,
3213 3779 3315 3835 sed
3355 3778 3528 3834 insito
3576 3784 3768 3847 quoque
3802 3762 3883 3817 odio

2346 3877 2529 3950 plebis
2555 3877 2767 3943 Iudaeae
2802 3892 2815 3931 :
2844 3876 3003 3946 cujus
3029 3874 3348 3946 principem
3388 3869 3687 3943 Josephum
3708 3861 3885 3935 0110rtem

2347 3972 2533 4043 puniri
2589 3970 2848 4024 maximis
2892 3968 3234 4023 clamoribus
3269 3965 3731 4022 vociferabantur.
3770 3955 3919 4019 Οαεωη

2345 4064 2737 4135 Vespasianus,
2765 4066 2831 4118 ut
2858 4062 3016 4134 vulgi
3041 4063 3185 4117 iram
3222 4062 3349 4117 sine
3376 4057 3592 4132 judicio
3621 4050 3890 4120 conceptam,

2348 4159 2570 4213 silentio
2612 4157 2887 4212 dissolvit.
2918 4158 2987 4211 Et
3020 4155 3155 4227 quia
3183 4156 3251 4210 ad
3290 4152 3685 4215 hiemandum,
3716 4147 3763 4198 θῐ
3791 4144 3889 4235 δεῖξ’
3918 4230 3919 4235 η

2346 4269 2451 4324 pus
2494 4253 2906 4323 opportunum,
2943 4253 3001 4305 et
3044 4249 3239 4304 civitas
3290 4253 3442 4315 erat,
3472 4247 3612 4302 duos
3649 4236 3828 4297 ordines
3854 4240 3919 4287 ιιιη

2347 4347 2605 4402 Caesarea
2647 4345 2964 4413 constituit,
3005 4343 3293 4399 decimum
3340 4354 3575 4414 quoque
3617 4341 3668 4391 et

2348 4440 2605 4496 ordinem
2660 4439 2719 4493 in
2782 4438 2920 4494 urbe
2970 4437 3320 4509 Scythopoli,
3375 4452 3450 4491 ne
3502 4435 3736 4489 Caesarea
3776 4422 3919 4503 ὶοίίιιεξ

620 4532 711 4583 ret
744 4544 924 4583 unum
952 4546 983 4582 a
1023 4528 1280 4600 pluribus
1308 4546 1366 4584 se
1406 4530 1699 4587 obsessum
1731 4535 1933 4604 teneri,
1965 4536 2079 4590 sive
2117 4524 2325 4597 casuD
2347 4550 2518 4590 onere
2566 4533 2844 4589 exercitus
2887 4535 3246 4589 attereretur.
3292 4530 3545 4601 Ideoque
3585 4522 3706 4579 urbs
3742 4516 3919 4604 ωεωίξξ

622 4621 908 4693 quodam,
953 4622 1067 4676 sive
1111 4623 1347 4679 consilio
1395 4630 1816 4681 commentatus
1864 4628 1973 4699 (32)
2027 4635 2140 4700 est,
2187 4636 2249 4685 ut

623 4714 908 4770 minueret
943 4732 1251 4770 numerum
1292 4719 1755 4789 repugnantium.
1788 4722 2243 4792 Committamus,

619 4809 830 4882 inquit,
869 4809 1006 4864 sorti
1043 4810 1321 4865 moriendi
1367 4812 1652 4881 ordinem,
1694 4820 1756 4869 ut
1799 4832 1855 4870 se
1898 4833 2068 4873 nemo
2114 4818 2242 4872 sub-

619 4903 830 4971 trahat,
876 4920 1004 4958 cum
1053 4920 1174 4959 sors
1221 4906 1524 4961 conveniat
1566 4908 1872 4964 universos.
1925 4910 2245 4967 Istiusmodi

624 4997 875 5053 conditio
922 4997 993 5051 sit
1037 4997 1224 5066 sortis,
1254 5002 1317 5052 ut
1361 4999 1409 5052 is
1452 5000 1546 5071 qui
1596 5005 1745 5057 sorte
1799 5003 2021 5072 exierit,
2063 5004 2133 5059 ab
2179 5022 2245 5060 eo

623 5092 718 5164 qui
741 5091 1018 5164 sequitur,
1042 5091 1423 5147 interimatur.
1451 5095 1641 5166 Itaque
1660 5095 1783 5151 fore
1812 5104 1872 5151 ut
1903 5114 2023 5152 sors
2043 5115 2247 5153 unum-

621 5202 931 5260 quemque,
978 5200 1091 5240 non
1137 5186 1368 5258 propria
1412 5188 1670 5243 voluntas
1720 5191 1892 5245 morti
1935 5191 2242 5263 adjudicet.

623 5280 738 5335 Stet
765 5279 946 5352 igitur
981 5279 1370 5351 unusquisque
1410 5281 1514 5336 sub
1540 5285 1693 5336 sorte
1714 5283 1930 5353 judice,
1963 5292 2019 5339 et
2055 5302 2245 5340 exsors

623 5373 848 5429 sceleris
884 5377 941 5427 et
974 5372 1116 5428 liber
1145 5374 1497 5445 captivitatis,
1531 5378 1593 5429 ut
1631 5392 1742 5430 non
1784 5378 1968 5433 alieno
2009 5379 2243 5435 arbitrio

623 5468 917 5535 acceleret,
946 5470 1043 5521 aut
1067 5467 1315 5523 declinet
1339 5485 1463 5533 suo,
1499 5474 1743 5525 mortem
1769 5470 2039 5527 futuram.
2070 5475 2245 5529 Nemo

687 5634 779 5695 (29)
804 5636 879 5683 Ne
906 5634 1048 5682 mihi.
1083 5635 1259 5686 BARR.

687 5703 780 5760 (30)
807 5702 936 5751 Mihi
964 5716 1061 5765 pro
1091 5706 1150 5753 in
1171 5719 1253 5756 me
1277 5707 1384 5768 Al.,
1415 5713 1471 5758 ut
1498 5709 1555 5757 in
1577 5708 1790 5761 hostem.
1827 5710 1905 5759 ID.

682 5769 778 5828 (3t)
807 5770 1171 5822 Assertionem.
1196 5775 1277 5823 ID.

684 5838 781 5903 (32)
816 5836 1158 5890 Commeatus.
1188 5843 1264 5891 ID.

2348 4635 2471 4684 rata
2496 4629 2691 4686 Diana).
2721 4627 2999 4699 Scythicae
3028 4628 3376 4693 consecrata,
3401 4629 3669 4694 tanquam
3689 4630 3717 4668 a
3738 4603 3893 4706 Sciit-1.15

2348 4723 2597 4791 condita,
2630 4728 2685 4778 et
2709 4698 2991 4793 appellata
3021 4719 3215 4774 civitas
3256 4718 3621 4789 Scytharum,
3648 4698 3896 4802 otia-stili!

2346 4817 2671 4873 Graecorum
2699 4833 2711 4871 :
2746 4816 2884 4870 situs
2916 4814 3021 4869 loci
3052 4813 3309 4868 declarat
3335 4808 3657 4884 ingenitam
3692 4796 3895 4856 dun'tiam

2347 4909 2672 4979 conditoris,
2701 4908 2971 4981 patientia
3006 4907 3189 4978 magis
3233 4918 3602 4977 camporum,
3633 4907 3780 4969 quam
3800 4898 3919 4951 0011'.

2348 5004 2613 5060 ducibilia
2638 4980 2998 5058 habitationis
3028 5000 3150 5055 usui
3178 4999 3480 5072 delegisse.
3505 4980 3893 5083 Namque
3918 5020 3919 5075 ἦ

2347 5104 2403 5154 et
2424 5114 2625 5170 aspero
2662 5097 2888 5163 hiemis,
2922 5098 2980 5149 et
3024 5093 3264 5149 ferventi
3308 5096 3573 5164 tempore
3613 5079 3788 5141 aestatis
3815 5073 3892 5173 i3?

2348 5193 2470 5263 plus
2511 5191 2720 5246 laboris
2765 5191 2997 5258 habent,
3028 5206 3199 5261 quam
3240 5174 3890 5263 delectationis:quoulaltl

2348 5260 2402 5340 et
2431 5286 2623 5340 hieme
2665 5285 2791 5356 plus
2836 5284 3033 5355 frigori
3048 5260 3270 5354 patent,
3303 5286 3364 5336 et
3391 5278 3613 5351 gravior
3636 5275 3688 5328 in
3712 5266 3781 5322 his
3800 5260 3893 5355 lociS

2347 5380 2558 5435 aestatis
2583 5378 2883 5451 flagrantia
2909 5381 3011 5445 est,
3064 5376 3123 5431 in
3150 5376 3357 5448 quibus
3400 5373 3575 5427 solem
3611 5368 3765 5422 totum
3799 5366 3891 5408 ref?
3918 5368 3919 5385 ‘

2346 5474 2512 5545 piunt
2573 5473 2693 5528 sine
2769 5472 2877 5526 ulla
2923 5470 3041 5526 arvi
3097 5468 3331 5525 virentis
3380 5465 3707 5522 amoenitate.
3750 5454 3919 5519 ιιιφιει

2407 5641 2501 5703 (33)
2531 5640 2706 5691 Alieni
2730 5645 2888 5692 natus
2906 5645 3065 5692 sorte.
3098 5640 3179 5690 In.
3620 5701 3631 5703 Α
3800 5694 3861 5703 ,Δ
3918 5680 3919 5683 η

2408 5694 2503 5777 (³4)
2532 5714 2771 5778 Namque
2804 5718 2992 5778 aperta
3022 5718 3068 5764 σι
3101 5724 3295 5779 aspera
3322 5710 3505 5771 hiems,
3533 5710 3579 5755 et
3603 5694 3882 5765 [meum

2346 5796 2444 5849 pus
2469 5784 2679 5836 aestatis.
2713 5784 2792 5835 In.
