4072 6192
159 302 313 354 2193

1206 298 1290 353 DE
1331 298 1599 355 EXCIDIO
1641 298 1839 355 URBIS
1882 300 2233 358 HIERUSOL.
2279 303 2401 359 LIB.
2449 305 2530 361 ω.

3400 314 3539 366 2194

156 422 507 496 campestris
572 426 625 477 et
676 422 965 477 maritima
1029 423 1189 494 regio
1238 428 1569 479 memoratas
1628 424 1804 494 urbis,
1830 424 2177 508 Avidebant
2203 443 2361 484 mare
2388 428 2731 500 irrumpere,
2760 430 2856 485 alii
2888 446 2945 486 se
2973 433 3406 505 praecipitabant
3431 452 3537 491 na-

157 519 341 574 etiam
368 522 539 572 estus
570 517 750 571 maris
772 517 1020 588 amplius
1046 517 1445 588 vaporabatur.

805 609 1025 665 CAPUT
1059 611 1159 688 xx,

230 708 349 762 Nec
377 712 568 760 tamen
602 722 635 758 a
672 705 921 777 negotiis
950 705 1167 759 bellicis
1198 705 1567 776 Vespasianus
1596 722 1803 761 vacuus

156 804 308 856 erat.
359 799 603 871 Cognito
645 798 857 854 etenim
916 798 1148 854 diversis
1189 816 1252 854 ex
1299 798 1437 855 locis
1482 800 1554 855 ad
1604 799 1802 855 urbem

152 896 383 966 Joppen
420 910 538 949 sese
575 892 881 948 contulisse
926 892 1219 964 plurimos,
1260 910 1502 964 eamque
1545 894 1654 949 sibi
1695 912 1798 966 op-

158 993 475 1060 portunam
512 987 587 1042 ad
622 1003 888 1043 excursus
927 987 1213 1058 piraticos,
1245 988 1519 1058 reparatis
1550 987 1801 1043 aedificiis

158 1099 295 1155 qua:
348 1099 382 1137 a
429 1082 617 1139 Cestio
676 1082 964 1137 destructa
1022 1082 1273 1149 fuerant,
1331 1082 1725 1137 instauravisse
1785 1100 1797 1137 :

157 1177 444 1249 quoniam
464 1178 685 1231 vastata
710 1176 974 1247 regione,
996 1175 1316 1231 subsidium
1342 1176 1626 1231 alimonia
1654 1178 1801 1232 mari

158 1270 568 1343 quaerebatur,
622 1269 927 1341 diligenter
975 1270 1284 1341 exploravit
1338 1270 1547 1325 omnia.
1600 1272 1671 1325 At
1722 1270 1800 1326 illi

156 1368 484 1420 statuentes
512 1363 844 1435 hujusmodi
872 1364 1106 1436 navigia
1147 1380 1275 1435 quae
1301 1365 1428 1419 usui
1459 1365 1799 1436 predonum

156 1458 541 1515 accommoda
583 1458 792 1526 forent,
832 1458 1109 1530 speculati
1154 1458 1606 1513 commeantium
1642 1465 1798 1515 tran-

156 1554 340 1620 situs,
408 1553 671 1608 universa
746 1568 923 1624 prope
996 1551 1271 1607 Phasnicis
1342 1556 1511 1625 atque
1574 1554 1801 1626 Egypti

156 1647 514 1703 commercia
549 1645 993 1718 populabantur,
1035 1646 1180 1701 adeo
1223 1649 1283 1701 ut
1318 1646 1533 1701 crebrae
1571 1647 1796 1719 praeda-

159 1742 338 1797 tionis
391 1741 737 1807 terroribus,
794 1756 968 1795 omne
1020 1740 1161 1795 illud
1224 1756 1380 1796 mare
1436 1741 1796 1809 clauderent,

159 1840 344 1908 atque
382 1835 602 1890 indubii
644 1835 879 1907 periculi
917 1840 1077 1889 metu
1105 1834 1413 1905 navigandi
1446 1852 1577 1889 usus
1617 1836 1797 1891 inter-
1822 1808 1877 1880 Β

157 1931 469 2002 ciperetur.
500 1929 625 1994 Quo
662 1935 955 2001 comperto
994 1928 1273 2000 pedestris
1307 1929 1531 1985 militias
1565 1946 1801 1985 manum

157 2031 220 2080 et
247 2024 506 2097 equitum
528 2023 831 2095 plerosque
858 2039 1096 2095 pergere
1109 2023 1296 2093 jubet,
1320 2025 1378 2077 et
1395 2026 1559 2079 nocte
1582 2025 1799 2096 Joppen

157 2117 414 2190 ingredi.
441 2117 599 2181 Quod
637 2116 802 2172 facile
840 2117 997 2172 factu
1032 2116 1160 2183 fuit,
1189 2130 1321 2172 cum
1358 2118 1617 2172 custodia
1649 2118 1800 2173 nulla

157 2210 383 2267 civitati
410 2211 896 2283 prwtenderetur:
927 2211 1198 2282 quoniam
1227 2227 1423 2266 eversa
1446 2212 1599 2267 urbis
1623 2212 1797 2280 fama,

158 2306 351 2361 nullas
383 2304 695 2360 excitatura
723 2305 966 2360 Romani
1004 2321 1164 2360 curas
1191 2304 1350 2360 ducis
1388 2306 1796 2361 aestimabatur.

156 2401 479 2455 Prmsentes
529 2403 723 2454 tamen
773 2404 976 2467 erant;
1034 2399 1133 2453 sed
1188 2416 1303 2454 non
1356 2399 1479 2454 ausi
1541 2400 1798 2456 resistere

157 2499 336 2565 atque
382 2494 706 2565 ingressum
755 2509 967 2565 negare
1017 2494 1288 2549 Romanis
1332 2493 1797 2562 advenientibus,

159 2587 410 2660 navigiis
456 2587 723 2656 ascensis,
766 2587 917 2641 ultra
956 2588 1178 2658 jactum
1225 2588 1507 2658 progressi
1552 2587 1795 2658 sagittas,

160 2683 225 2737 in
286 2681 431 2737 mari
483 2683 979 2753 pernoctaverunt.
1037 2681 1145 2735 Res
1203 2680 1493 2752 postulare
1555 2680 1796 2750 videtur,

163 2778 341 2831 situm
386 2775 588 2831 littoris
631 2773 753 2847 ejus
794 2791 906 2846 quo
946 2774 1278 2846 prastexitur
1315 2776 1515 2847 JOppe,
1548 2774 1799 2831 breviter

162 2885 483 2941 exponere;
518 2873 578 2924 ut
610 2869 1099 2941 quemadmodum
1133 2868 1260 2922 sine
1290 2869 1401 2923 ullo
1426 2868 1621 2940 prtelio
1650 2885 1794 2940 prae-

163 2963 331 3019 dicta:
371 2962 497 3018 urbi
538 2963 787 3019 secunda
827 2962 1012 3017 clades
1049 2962 1239 3030 fuerit,
1273 2962 1490 3034 liquido
1528 2962 1792 3017 manifes-

164 3061 341 3114 tetur.
388 3060 449 3113 In
493 3062 666 3130 portu
709 3060 792 3112 est
838 3056 946 3127 (35)
997 3060 1200 3111 natura
1242 3056 1462 3123 civitas,
1513 3057 1676 3127 cujus
1727 3058 1797 3111 ab

165 3169 272 3208 ora
300 3152 474 3207 maris
512 3151 670 3206 littus
712 3166 982 3222 asperum
1018 3150 1435 3222 directumque,
1475 3151 1574 3205 sed
1610 3151 1793 3205 corni-
1819 3178 1872 3252 Ο

162 3248 275 3301 bus
299 3246 569 3318 utrinque
603 3246 803 3301 leviter
832 3244 1126 3315 inﬂexum,
1162 3245 1218 3300 in
1257 3244 1462 3316 quibus
1500 3244 1797 3317 profunda:

162 3356 336 3412 rupes
378 3356 630 3412 saxaque
675 3339 949 3411 ingentia,
994 3355 1121 3410 quae
1163 3340 1306 3393 mari
1351 3339 1696 3410 prominent,
1741 3343 1799 3393 et

161 3451 297 3489 cum
356 3433 426 3489 de
480 3434 596 3488 imo
644 3432 818 3489 maris
874 3438 1129 3505 surgant,
1178 3433 1236 3487 in
1280 3449 1441 3488 mare
1487 3436 1799 3488 excurrunt

165 3533 361 3583 tamen
394 3545 406 3582 :
442 3528 593 3583 unde
635 3527 803 3582 etiam
842 3526 1271 3582 Andromedam
1308 3526 1421 3581 illic
1458 3526 1630 3581 fuisse
1666 3544 1794 3582 cum

162 3628 289 3678 ceto
315 3621 711 3692 objectaretur,
739 3621 942 3676 formae
963 3621 1218 3676 locorum
1240 3624 1411 3692 atque
1439 3620 1576 3693 ipsae
1600 3636 1794 3676 rerum

163 3716 381 3789 species
408 3716 652 3788 prodere
693 3715 982 3785 videntur,
1018 3731 1131 3770 non
1169 3715 1524 3770 mediocrem
1566 3714 1798 3769 vetustis

164 3810 374 3866 fabulis
412 3810 587 3865 ﬁdem
626 3809 1152 3865 accommodantes.
1197 3808 1559 3864 (laedentibus
1601 3810 1797 3879 itaque

165 3906 322 3959 littus
365 3903 616 3958 adversis
670 3905 859 3959 Boreae
911 3902 1168 3971 flatibus,
1213 3901 1464 3957 immane
1516 3904 1796 3973 quantum

167 3999 319 4054 unde
370 3997 708 4053 attolluntur
753 4014 765 4052 :

165 4094 463 4165 ingentem
490 4092 763 4159 excitant,
792 4107 956 4163 aquae
986 4091 1043 4144 in
1074 4089 1282 4144 ﬂuctus
1308 4091 1545 4161 relapsae
1578 4090 1799 4162 inquie—

168 4192 289 4242 tum
329 4186 495 4241 illum
538 4185 711 4240 maris
753 4185 941 4239 sinum
986 4183 1249 4252 reddunt,
1294 4187 1354 4237 ut
1394 4184 1518 4255 plus
1558 4183 1797 4254 periculi

166 4283 222 4335 in
250 4284 425 4353 portu
459 4296 637 4352 quam
664 4279 722 4334 in
751 4278 973 4334 deserto
1000 4277 1092 4333 sit.
1121 4279 1185 4333 In
1218 4293 1287 4333 eo
1314 4276 1492 4349 igitur
1516 4278 1795 4333 ﬂuctuan-

166 4376 316 4430 tibus
344 4374 588 4446 scaphis,
616 4390 757 4446 quas
794 4390 861 4427 ex
898 4375 1076 4444 Joppe
1118 4372 1259 4427 urbe
1295 4372 1600 4443 productas
1629 4388 1799 4443 supra

167 4468 437 4535 diximus,
487 4468 559 4524 ad
603 4467 944 4523 matutinum
991 4466 1157 4521 ﬂatus
1206 4465 1518 4521 vehemens
1561 4465 1795 4537 ingruit,

817 4013 945 4068 qua:
996 3996 1239 4067 scopulis
1298 3996 1456 4050 illism
1511 3996 1833 4067 fragorem.

1907 519 2067 574 tandi
2112 521 2348 592 peritia;
2397 522 2489 576 alii
2534 522 2674 578 dum
2712 523 2771 578 in
2817 525 3345 598 appropinquantes
3389 530 3535 585 exsi-

1903 612 2056 667 liunt
2104 616 2359 686 scaphas,
2400 615 2462 670 in
2509 632 2665 672 mare
2711 617 2876 689 lapsi,
2922 636 3203 675 concursu
3250 622 3537 680 alveorum

1908 709 2364 779 proterebantur.
2422 710 2681 782 Plerique
2741 728 2870 766 cum
2931 712 3070 783 ipsis
3126 714 3185 768 in
3248 717 3536 786 profundo

1905 801 2171 858 sidebant
2183 804 2653 874 myoparonibus,
2668 821 2813 877 quos
2839 807 3116 861 enatandi
3136 806 3340 863 fiducia
3364 809 3535 865 desti-

1904 900 2110 963 tuerat,
2141 896 2365 952 minore
2404 903 2599 953 tamen
2634 898 2910 967 cruciatu,
2947 900 3154 972 quibus
3195 919 3287 957 ars
3317 903 3534 970 deerat,

1902 989 1987 1043 vel
2050 1006 2177 1061 spes
2228 991 2342 1045 ulla
2390 993 2878 1048 tentamentorum
2928 1010 3080 1049 mors
3141 996 3533 1070 transﬁgebat.

1901 1084 2182 1140 Caeterum
2235 1089 2429 1140 natare
2484 1085 2741 1153 adorsos,
2787 1088 3056 1144 convulsa
3102 1090 3329 1146 navium
3377 1092 3531 1166 frag-

1902 1180 2102 1232 menta
2171 1178 2385 1234 crebris
2455 1180 2790 1250 quatiebant
2853 1182 3085 1251 ictibus,
3146 1184 3533 1259 lateribusque

1901 1270 2047 1327 illisa
2086 1272 2324 1329 miseros
2364 1277 2520 1329 artus
2562 1274 2707 1330 foede
2753 1276 3119 1346 mulctabant,
3154 1283 3254 1333 aut
3291 1280 3536 1352 scopulis

1900 1364 2177 1437 impulsos
2204 1366 2356 1422 inter
2378 1367 2501 1439 ipsa
2533 1368 2917 1439 amplectendi
2953 1370 3163 1426 littoris
3202 1376 3350 1441 vota,
3384 1389 3533 1428 mors

1902 1458 2266 1530 sequebatur,
2299 1460 2696 1534 qualecunque
2738 1466 2931 1518 tamen
2969 1463 3242 1521 habentes
3269 1466 3530 1522 solatium

1900 1553 1959 1606 in
2010 1553 2176 1607 terris
2226 1554 2479 1625 periisse.
2535 1556 2853 1612 Miseranda
2898 1558 3088 1629 itaque
3138 1559 3310 1615 facies
3372 1567 3526 1629 erat,

1900 1662 2030 1700 cum
2058 1663 2291 1702 excusso
2320 1647 2643 1703 infelicium
2673 1649 2908 1705 cerebro
2941 1653 3130 1707 cautes
3156 1668 3532 1726 aspergeren-

1902 1745 2012 1805 tur,
2041 1741 2321 1813 sanguine
2359 1742 2658 1797 maderent
2696 1743 2906 1798 littora.
2946 1746 3216 1801 Cerneres
3255 1747 3529 1804 infectum

1902 1834 2199 1890 cruoribus
2238 1852 2422 1903 mare,
2457 1837 2676 1907 repleta
2716 1838 2913 1892 omnia
2951 1840 3337 1896 cadaveribus.
3381 1844 3450 1897 Et
3487 1844 3530 1897 si

1901 1928 1999 1999 qui
2034 1928 2178 1984 forte
2214 1934 2536 1999 evaserant,
2570 1930 3096 2003 appropinquantes
3133 1933 3316 1990 littori
3352 1936 3528 1992 inter-

1900 2021 2241 2077 ﬁciebantur
2286 2040 2299 2077 :
2347 2024 2758 2080 mstimantibus
2803 2026 3076 2081 Romanis
3119 2029 3268 2099 quod
3311 2045 3424 2084 non
3469 2046 3531 2085 ex

1900 2116 2156 2171 locorum
2197 2116 2500 2188 asperitate
2541 2134 2761 2191 usuque
2806 2122 3110 2176 ventorum
3153 2121 3213 2176 in
3256 2122 3365 2177 illis
3402 2124 3535 2178 locis

1901 2209 2200 2265 desaeviret
2230 2212 2491 2283 procella,
2524 2212 2625 2267 sed
2666 2212 2857 2269 divina
2890 2213 3285 2286 indignatione
3324 2220 3535 2289 printer

1902 2303 2134 2359 solitum
2180 2306 2640 2377 conspirantibus
2695 2307 2876 2362 ventis
2924 2325 3082 2365 mare
3126 2310 3531 2377 involveretur,

1900 2414 1972 2451 ne
2000 2398 2178 2453 Judaei
2216 2399 2549 2469 evaderent;
2586 2405 2643 2455 et
2680 2401 2807 2456 ideo
2846 2402 3233 2457 metuentibus
3274 2403 3356 2457 eis
3397 2422 3529 2476 par-

1900 2507 2051 2559 cere,
2089 2491 2296 2563 quibus
2338 2495 2485 2548 Deus
2531 2511 2649 2549 non
2690 2494 3061 2565 pepercisset.
3110 2497 3285 2551 Fuere
3327 2498 3425 2568 qui
3474 2515 3531 2552 se

1899 2585 2050 2640 ferro
2105 2585 2512 2653 interﬁcerent,
2566 2586 2913 2642 tolerabilius
2967 2587 3077 2643 rati
3120 2589 3300 2658 ferro,
3357 2607 3530 2661 quam

1899 2678 2203 2750 naufragio
2243 2679 2432 2750 perire
2478 2698 2489 2734 :
2536 2680 2627 2735 alii
2671 2680 2782 2750 (36)
2826 2680 2922 2753 qui
2967 2682 3149 2737 contis
3194 2683 3531 2754 protrudere

1897 2773 2168 2841 volentes,
2198 2772 2429 2844 navigia
2456 2774 2817 2845 perforarent
2848 2794 2859 2828 :
2897 2776 3180 2843 nonnulli,
3214 2777 3311 2848 qui
3339 2778 3530 2848 lapsos

1898 2868 1955 2922 in
1984 2882 2163 2935 mare,
2196 2866 2241 2920 si
2280 2866 2427 2922 forte
2472 2872 2704 2923 orarent
2734 2874 2794 2924 ut
2831 2885 2864 2923 a
2906 2870 3306 2941 navigantibus
3342 2872 3526 2926 eleva-

1899 2963 2121 3029 rentur,
2164 2961 2340 3015 remis
2378 2962 2732 3034 repellerent
2769 2968 2866 3017 aut
2908 2964 3021 3018 telo
3065 2964 3321 3019 ferirent.
3369 2965 3530 3030 Quod

1898 3054 2027 3109 ideo
2056 3070 2170 3109 non
2208 3055 2566 3126 praetermisi,
2606 3072 2720 3128 quo
2759 3058 2965 3112 clareat
3005 3057 3074 3112 ab
3118 3058 3253 3130 ipsis
3288 3058 3394 3114 sibi
3432 3062 3528 3115 Ju-

1898 3148 2154 3203 daaorum
2196 3148 2441 3221 populis,
2471 3165 2646 3221 quam
2682 3149 2751 3205 ab
2790 3150 2951 3205 hoste
2996 3151 3315 3223 periculum
3349 3154 3532 3225 majus

1898 3241 2093 3309 fuisse,
2118 3243 2215 3314 qui
2237 3243 2454 3315 seipsos
2474 3242 2883 3299 interimebant
2904 3261 2918 3300 :
2942 3245 3101 3317 quasi
3125 3245 3327 3318 exigua
3348 3252 3535 3302 essent

1900 3335 1973 3391 ad
2032 3352 2229 3392 eorum
2284 3335 2521 3405 exitum,
2572 3336 2779 3392 infesta
2831 3338 2997 3393 simul
3042 3339 3257 3402 omnia,
3306 3340 3529 3403 coelum,

1898 3429 2094 3497 hostis,
2125 3446 2302 3496 mare,
2329 3446 2518 3501 rupes.
2547 3431 2799 3495 Quatuor
2825 3430 3015 3504 itaque
3044 3433 3219 3488 millia
3240 3435 3530 3506 quingen-

1900 3527 2071 3595 taque
2100 3522 2504 3579 defunctorum
2528 3531 2835 3580 numerata
2861 3542 3103 3597 corpora
3134 3542 3263 3597 quas
3293 3528 3531 3599 despue-

1898 3620 1989 3672 rat
2017 3632 2209 3687 mare;
2238 3616 2358 3672 sine
2392 3616 2540 3673 bello
2581 3623 2748 3690 capta
2779 3619 2935 3687 urbs,
2966 3622 3023 3674 et
3052 3620 3239 3680 excisa
3268 3637 3301 3674 a
3327 3621 3526 3676 funda-

1899 3710 2129 3765 mentis.
2188 3710 2277 3767 Sic
2328 3711 2385 3765 in
2438 3711 2597 3767 brevi
2659 3718 2954 3783 tempore,
3007 3712 3254 3769 secundo
3314 3716 3528 3786 Joppeu

1900 3806 2154 3859 Romana
2183 3821 2386 3860 manus
2412 3804 2608 3859 diruit.
2639 3805 2805 3869 Quod
2826 3806 2960 3877 jure
2986 3806 3368 3878 Vespasianus
3392 3823 3536 3877 pra.»

1898 3898 2227 3970 cipiendum
2257 3898 2497 3970 putavit,
2530 3915 2601 3953 ne
2644 3899 2858 3954 iterum
2901 3899 3015 3955 illic
3054 3900 3292 3971 piratica
3330 3900 3535 3955 conde-

1900 3997 2100 4049 rentur
2130 3993 2474 4048 habitacula.
2498 3993 2657 4048 Unde
2690 3997 2748 4048 et
2775 3994 3091 4065 equitatum
3117 4010 3184 4050 eo
3210 3993 3345 4060 loci,
3377 3992 3531 4049 illinc

1899 4103 2031 4142 cum
2075 4086 2361 4157 peditibus
2403 4086 2767 4158 paucioribus
2806 4087 2942 4143 licet
2984 4086 3369 4158 proﬁciscens,
3408 4088 3534 4143 reli~

1899 4179 2043 4251 quit,
2073 4185 2137 4235 ut
2169 4180 2388 4251 pedites
2426 4180 2485 4234 in
2522 4179 2646 4235 loco
2679 4186 3002 4249 manerent,
3029 4197 3102 4235 ne
3131 4180 3269 4253 quid
3299 4181 3535 4237 auderet

1898 4274 2239 4346 praedonum
2279 4290 2481 4329 manus
2520 4278 2742 4329 assueta
2780 4274 3136 4330 latrociniis:
3181 4275 3400 4347 equites
3431 4292 3531 4329 au-

1901 4371 2018 4423 tem
2052 4370 2453 4440 percursarent
2477 4367 2727 4424 finitima
2756 4368 3012 4440 regionis
3039 4368 3306 4440 vicosque
3340 4371 3396 4423 et
3435 4385 3532 4440 op-

1898 4461 2052 4533 pida,
2074 4478 2187 4534 quo
2219 4462 2448 4533 penitus
2476 4462 2672 4518 omnia
2696 4464 2787 4531 (ne
2816 4463 3206 4534 conspirarent
3232 4461 3289 4516 in
3316 4461 3536 4533 aliquos

166 4580 341 4636 quem
394 4561 822 4618 Melamborium
872 4577 974 4632 per
1032 4577 1101 4615 ea
1156 4561 1409 4615 locorum
1468 4552 2089 4631 navigantesDausus)
2120 4555 2508 4611 diruerentur.

168 4663 398 4723 vocant,
455 4656 764 4728 statimque
818 4656 968 4711 inter
1019 4671 1077 4709 se
1136 4654 1303 4709 undis
1368 4652 1801 4724 impellentibus

168 4752 406 4823 scaphas
443 4750 671 4806 miscuit
706 4756 880 4821 atque
920 4748 1171 4803 involvit.
1202 4748 1350 4802 Alias
1377 4747 1559 4819 ruptis
1588 4747 1798 4801 ancho-

165 4846 379 4901 ralibus
426 4843 546 4917 egit
591 4844 650 4898 in
706 4848 931 4915 petram
983 4860 995 4897 :
1042 4841 1168 4897 aliis
1218 4858 1349 4897 cum
1396 4842 1454 4897 in
1501 4842 1801 4897 adversum

167 4957 327 4996 mare
371 4938 653 4995 violenter
687 4937 1136 5009 subrigerentur,
1171 4937 1351 4991 saxosi
1401 4934 1606 4992 littoris
1651 4935 1800 5007 peri-

164 5036 382 5102 culum,
407 5034 491 5088 vel
522 5050 554 5087 a
582 5030 854 5089 Romanis
880 5031 977 5103 qui
1010 5047 1068 5086 se
1098 5029 1582 5085 circumfuderant
1600 5028 1799 5097 littori,

168 5128 362 5183 nautis
398 5126 777 5199 fugientibus,
818 5125 1002 5181 clades
1042 5125 1305 5191 occurrit,
1341 5124 1608 5196 undaque
1654 5140 1800 5195 prm-

166 5224 315 5278 mlsa
344 5238 499 5277 more
545 5221 982 5293 supereminens
1020 5235 1317 5291 oppressos
1358 5218 1648 5274 demersit.
1691 5220 1801 5272 Nec

166 5316 540 5389 confugiendi
587 5315 734 5370 ullus
781 5320 902 5369 erat
950 5314 1129 5383 locus,
1178 5330 1285 5368 nec
1337 5314 1603 5370 manendi
1654 5329 1801 5385 spes,

168 5428 302 5466 eum
331 5415 531 5466 ventus
556 5410 625 5465 de
654 5409 799 5464 mari
826 5409 1151 5480 expelleret,
1184 5408 1423 5463 Romani
1449 5408 1588 5462 urbe
1621 5407 1806 5462 exclu-

167 5508 395 5561 derent.
435 5504 625 5560 Gravis
668 5509 792 5558 erat
837 5502 1197 5574 navigiorum
1248 5518 1441 5570 sonus,
1486 5518 1618 5556 cum
1657 5501 1809 5556 inter

170 5617 231 5653 se
280 5598 736 5654 colliderentur:
780 5597 1148 5653 intolerabilis
1190 5596 1494 5652 hominum
1538 5595 1806 5665 gemitus,

170 5711 305 5749 rum
372 5693 796 5763 frangerentur.
855 5691 962 5757 Qui
1024 5691 1121 5747 ubi
1186 5688 1573 5745 vacillantibus
1634 5688 1809 5743 alveis

238 5812 336 5872 {35)
364 5813 699 5873 Importuosa
729 5815 819 5862 cst.
853 5810 1031 5861 BARR.

242 5883 341 5947 (36)
368 5882 574 5948 Aliqui.
608 5881 691 5933 In.

2522 4650 2742 4705 CAPUT
2780 4650 2903 4704 XXI.

1973 4745 2118 4798 Dum
2174 4744 2295 4798 hate
2340 4744 2400 4797 in
2454 4745 2635 4814 Joppe
2684 4746 2983 4813 geruntur,
3035 4743 3294 4815 quamvis
3338 4744 3537 4816 procul

1908 4836 2404 4909 Hierosolymitani
2444 4837 2744 4907 degerent,
2789 4854 2895 4891 nec
2935 4837 3013 4892 sic
3059 4837 3291 4909 quidem
3321 4853 3355 4892 a
3396 4854 3533 4893 con-

1906 4930 2082 4986 sortio
2110 4930 2283 4986 cladis
2308 4929 2679 4985 feriebantur.
2708 4929 2926 4985 Auditis
2956 4931 3136 4997 enim,
3164 4947 3292 5002 qua:
3320 4933 3479 5002 gesta
3508 4949 3537 4983 a

1906 5024 2172 5080 Romanis
2218 5026 2442 5079 fuerant
2471 5023 2527 5078 in
2570 5024 2783 5089 Judaea,
2825 5029 2882 5079 et
2911 5024 3179 5090 maxime,
3216 5024 3355 5095 quia
3391 5025 3540 5077 loses

1903 5119 2086 5189 phum
2140 5118 2499 5173 interfectum
2554 5123 2971 5188 compererant,
3024 5117 3233 5188 primo,
3280 5116 3418 5188 quia
3469 5117 3539 5170 de

1906 5211 2039 5265 locis
2088 5211 2157 5266 ad
2207 5228 2306 5267 eos
2348 5211 2515 5266 index
2564 5211 2753 5265 nullus
2800 5211 3131 5278 advenerat,
3180 5226 3296 5265 non
3349 5210 3539 5266 crede-

1904 5306 2072 5373 bant;
2108 5304 2318 5360 deinde
2349 5304 2555 5360 ducem
2592 5308 2814 5358 tantum
2854 5320 2968 5358 non
2997 5308 3217 5358 temere
3250 5303 3307 5357 in
3341 5319 3542 5358 manus

1910 5398 2161 5453 hostium
2210 5397 2474 5453 incidisse
2513 5396 2953 5452 arbitrabantur.
2996 5398 3064 5451 Et
3106 5412 3304 5452 revera
3351 5398 3541 5452 nullus

1910 5492 2147 5547 nuntius
2179 5494 2352 5547 tantae
2382 5491 2553 5547 cladis
2587 5490 2960 5563 superfuerat,
2993 5494 3047 5544 et
3075 5491 3179 5544 hoc
3209 5491 3398 5562 ipsum
3431 5492 3541 5561 (37".

1911 5586 2164 5658 supremi
2194 5585 2401 5641 excidii
2430 5585 2606 5652 fama,
2640 5585 2776 5656 quia
2803 5584 2992 5640 nullus
3018 5584 3192 5639 index
3224 5590 3540 5655 supererat,

1910 5680 2196 5737 astruebat
2232 5679 2463 5751 periisse
2507 5679 2720 5747 omnia,
2757 5678 3017 5751 nihilque
3048 5679 3322 5733 resedisse
3354 5678 3442 5733 vel
3473 5678 3543 5732 ad

1972 5804 2072 5865 (37)
2095 5804 2163 5853 Et
2200 5803 2293 5854 hoc
2322 5802 2454 5866 ipso.
2502 5801 2677 5853 Paulo
2713 5805 2861 5863 ante,
2891 5801 3049 5853 cladi.
3085 5801 3211 5855 Mox
3242 5816 3394 5864 vero,
3424 5815 3549 5853 ma—

1914 5873 2080 5928 nabat
2103 5888 2203 5940 pro
2232 5872 2497 5927 manabat.
2522 5874 2605 5925 ID.
