4000 6166
626 281 761 336 2195

2095 264 2148 329 s‘;
2192 275 2506 330 AMBROSII

3751 289 3840 341 2196

624 399 897 456 indicium
942 414 1137 454 rerum
1183 404 1493 470 gestarum.
1524 398 1780 453 Manebat
1819 399 2015 469 Opinio
2054 397 2251 469 quovis
2276 397 2761 482 Aadversaretur.
2809 400 2878 451 At
2929 397 3021 452 ille
3078 395 3463 450 convenientia
3505 400 3663 469 populi
3700 405 3843 473 studia,

623 493 805 566 major
840 494 1043 561 relatu,
1085 493 1235 564 quod
1278 492 1402 564 ipsa
1445 492 1690 548 incertos
1725 492 1864 547 dum
1904 495 2103 548 tenent
2145 491 2252 561 (38)

622 586 862 656 silentia,
897 586 1284 642 credebantur
1307 585 1500 642 omnia
1531 602 1657 657 qua
1685 586 2044 640 timebantur
2078 602 2090 640 :
2124 588 2251 640 tan-

622 686 861 752 tumque
900 680 1100 735 aberat
1142 696 1255 751 quo
1295 680 1485 736 verius
1518 680 1732 752 aliquid
1774 680 2153 747 nuntiaretur,
2189 685 2253 734 ut

624 774 796 831 etiam
836 791 965 846 qua
1012 777 1172 846 gesta
1216 791 1332 829 non
1372 775 1617 843 fuerant,
1662 773 2065 844 adjicerentur.
2109 775 2247 828 Nam

619 863 933 940 JoSephum
985 885 1210 940 quoque
1264 868 1627 925 interfectum
1673 868 1829 923 fama
1875 867 2247 935 asseverabat,

618 961 795 1034 idque
832 961 1012 1018 dolori
1054 962 1299 1017 maximo
1337 961 1447 1016 fuit
1488 961 1785 1017 universis.
1827 962 1933 1017 Sed
1976 961 2070 1015 ubi
2114 977 2247 1016 eum

619 1056 772 1127 apud
803 1058 1090 1113 Romanos
1116 1056 1323 1128 degere
1355 1060 1740 1126 compertum,
1766 1059 1928 1111 tanto
1960 1055 2089 1111 odio
2116 1071 2244 1126 pro-

622 1151 1029 1224 sequebantur,
1090 1156 1149 1204 ut
1201 1150 1362 1220 cujus
1420 1150 1609 1220 primo
1662 1155 1907 1204 mortem
1960 1149 2245 1217 dolebant,

621 1245 875 1317 ejusdem
902 1244 1077 1298 vitam
1104 1244 1190 1298 vel
1221 1243 1466 1316 ignavia
1493 1244 1581 1298 vel
1623 1243 1962 1313 proditionis
1993 1243 2247 1298 indicem

622 1339 1058 1395 detestarentur.
1096 1336 1232 1391 Hinc
1273 1337 1459 1408 major
1498 1337 1557 1391 in
1594 1338 1878 1392 Romanos
1917 1338 2246 1405 commotio,

621 1436 686 1488 ut
745 1449 803 1487 se
864 1430 934 1487 de
986 1432 1232 1502 Josepho
1286 1430 1716 1486 ulciscerentur.
1774 1432 1838 1485 Et
1894 1448 2007 1503 quo
2071 1432 2250 1503 magis

623 1541 821 1581 eorum
860 1541 952 1579 res
990 1525 1386 1594 inclinabatur,
1421 1541 1490 1579 eo
1533 1525 1780 1597 amplius
1813 1526 1870 1579 in
1910 1526 2122 1580 bellum
2154 1541 2247 1579 ac-

620 1619 1026 1676 cendebantur.
1070 1618 1176 1674 Ubi
1222 1618 1352 1673 finis
1394 1618 1855 1686 essedebuerat,
1902 1620 2033 1674 inde
2081 1635 2245 1673 exor-

621 1713 780 1769 dium
815 1712 1096 1767 malorum
1130 1712 1557 1784 capessebatur.
1587 1715 1725 1768 Nam
1764 1714 2113 1785 sapientibus
2146 1713 2245 1767 ad-

618 1807 763 1863 versi
790 1806 971 1862 exitus
999 1822 1217 1873 rerum,
1245 1806 1315 1861 ad
1343 1800 1872 1878 cavendum'magis
1900 1807 2247 1862 documento
2271 1783 2325 1854 Β

619 1906 770 1970 sunt,
804 1918 877 1956 ne
907 1917 1101 1956 rursus
1129 1900 1332 1956 eadem
1358 1900 1614 1956 accidant
1643 1917 1769 1972 qua
1789 1902 1912 1972 jam
1948 1901 2094 1956 male
2122 1918 2245 1956 ces-

618 1998 818 2051 serunt
849 2012 862 2049 :
894 1994 1351 2067 imprudentibus
1377 2000 1572 2049 autem
1601 1994 1951 2049 incentivum
1980 1995 2244 2049 miseria-

616 2105 770 2144 rum.
802 2089 1081 2144 Debuerat
1104 2104 1241 2159 ergo
1271 2088 1792 2159 Hierosolymitanis
1826 2106 1992 2144 causa
2021 2090 2242 2144 sobrie-

617 2183 748 2239 tatis
777 2198 900 2237 esse
928 2182 1211 2238 sociorum
1256 2182 1570 2253 periculum
1590 2199 1606 2251 ;
1636 2183 1731 2237 sed
1769 2182 1901 2254 quia
1939 2183 2249 2238 noluerunt

617 2276 936 2347 intelligere
965 2279 1027 2330 ut
1048 2276 1195 2331 bene
1226 2281 1485 2347 agerent,
1516 2277 1575 2331 in
1604 2276 1842 2333 exitium
1870 2278 2037 2332 vertit
2071 2277 2242 2347 (Psal.

621 2386 783 2440 xxxv,
813 2370 886 2439 4).

1224 2442 1443 2497 CAPUT
1479 2441 1637 2497 XXII.

688 2558 1058 2631 Vespasianus
1098 2564 1312 2628 tamen,
1354 2565 1417 2613 ut
1457 2563 1515 2614 et
1558 2558 1683 2630 ipsa
1722 2575 1887 2615 mora
1930 2560 1990 2614 in
2040 2559 2246 2614 melius

617 2652 934 2709 consuleret
962 2651 1089 2721 sibi,
1123 2657 1181 2708 et
1209 2668 1244 2707 a
1284 2651 1475 2708 labore
1512 2652 1792 2709 exercitus
1831 2653 2124 2725 paulisper
2150 2669 2241 2707 re-

616 2748 951 2819 quiesceret,
974 2745 1206 2818 roganti
1231 2745 1397 2801 cessit
1423 2746 1712 2818 Agrippa,
1735 2752 1799 2801 ut
1828 2746 1884 2801 in
1914 2746 2053 2801 urbe
2081 2746 2244 2819 regni

616 2842 737 2913 ejus
763 2842 1015 2897 Caesarea
1035 2839 1279 2911 Philippi
1308 2839 1510 2912 viginti
1538 2840 1659 2895 fere
1687 2840 2081 2912 interponeret
2100 2839 2243 2910 dies,

617 2934 782 2989 simul
811 2937 877 2991 ut
910 2950 1063 3006 agra
1100 2933 1351 3006 partium
1390 2933 1514 3005 ejus
1542 2950 1575 2988 a
1604 2933 2011 2990 commotionis
2048 2937 2104 2989 et
2130 2934 2241 2989 dis-

614 3026 824 3085 cordia
854 3028 1047 3083 furore
1077 3027 1496 3099 resipiscerent,
1530 3028 1627 3100 qui
1655 3044 1713 3083 se
1744 3028 2063 3084 interventu
2095 3029 2246 3099 regis

616 3121 823 3194 suscipi
867 3138 1049 3193 posse,
1095 3121 1139 3175 si
1182 3126 1669 3190 converterentur,
1717 3138 2026 3194 agnoscere
2071 3122 2240 3178 debe-

614 3220 764 3282 rent,
787 3230 918 3269 cum
940 3218 1056 3269 tam
1079 3214 1276 3269 sedula
1301 3214 1622 3270 ofﬁciorum
1642 3215 1852 3271 foedera
1874 3216 2024 3271 inter
2044 3232 2241 3287 regem

617 3313 674 3365 et
689 3309 974 3363 Romanos
988 3307 1418 3363 intervenirent.
1439 3308 1693 3381 Denique
1712 3309 1963 3364 Tiberias
1984 3309 2243 3382 proxima

614 3406 884 3459 Caesarea
920 3401 1236 3456 remedium
1266 3418 1382 3457 non
1420 3402 1637 3471 abnuit,
1669 3404 1973 3459 sanitatem
2004 3404 2239 3459 invenit.

617 3496 758 3551 Nam
787 3500 843 3550 et
873 3495 996 3567 ipsa
1026 3495 1184 3567 gravi
1217 3495 1420 3551 morbo
1448 3494 1770 3551 dissidentis
1798 3497 1948 3551 inter
1977 3514 2037 3552 se
2062 3496 2243 3568 plebis

615 3588 977 3644 exastuabat.
1010 3589 1169 3645 Unde
1203 3591 1576 3662 Vespasianus
1605 3594 1719 3645 tres
1755 3590 1979 3645 ordines
2007 3590 2240 3645 validio-

617 3698 703 3739 res
729 3683 917 3751 acciri,
946 3687 1003 3738 et
1042 3683 1428 3754 Scythopolim
1465 3687 1681 3755 petere,
1707 3684 1921 3739 directo
1960 3685 2020 3738 in
2060 3700 2240 3756 nego-

613 3777 759 3832 tium
782 3775 901 3832 ﬁlio
929 3776 1207 3853 decernit.
1237 3778 1311 3830 Ea
1342 3782 1461 3831 erat
1488 3776 1683 3831 decem
1718 3777 1943 3831 urbium
1978 3777 2239 3844 maxima,

611 3871 798 3927 vicina
811 3870 1143 3925 Tiberiadis.
1166 3871 1301 3925 Inde
1324 3871 1781 3943 appropinquare
1802 3871 1980 3925 muris
1999 3872 2243 3926 Valeria-

610 3980 753 4020 num
781 3980 909 4018 cum
939 3964 1360 4035 quinquaginta
1381 3964 1665 4035 equitibus
1678 3964 1864 4035 jubet,
1887 3966 1983 4035 qui
2013 3964 2242 4035 pacifica

613 4057 896 4126 suaderet,
929 4062 986 4112 et
1023 4057 1096 4111 ad
1124 4057 1297 4111 ﬁdem
1338 4057 1622 4111 societatis
1659 4059 1874 4113 clausos
1910 4064 2149 4124 vocaret,
2185 4064 2243 4113 ut

612 4152 941 4223 congregati
965 4151 1243 4206 exercitus
1266 4152 1454 4205 terror
1472 4167 1701 4206 aversos
1726 4151 2081 4222 percelleret,
2101 4168 2242 4206 nun-

613 4245 725 4298 tius
749 4244 904 4316 pacis
932 4244 1188 4299 volentes
1224 4243 1510 4298 invitaret.
1543 4245 1871 4299 Valerianus
1903 4262 2080 4317 prope
2111 4263 2237 4300 mu-

613 4355 703 4395 ros
731 4355 881 4410 equo
920 4337 1161 4407 desiliit;
1198 4337 1396 4393 eadem
1430 4338 1616 4392 fecere
1647 4338 1819 4392 etiam
1852 4338 1908 4409 ii,
1940 4339 2036 4411 qui
2073 4340 2240 4394 simul

612 4434 846 4505 propius
880 4437 1256 4488 accesserant.
1291 4431 1445 4496 Quos
1481 4449 1585 4503 pro
1620 4448 1862 4487 numero
1889 4434 2242 4505 spernendos

2353 492 2645 548 seniorum
2672 490 2935 562 precibus
2973 490 3343 555 annuntians,
3372 487 3527 545 fidem
3553 491 3764 563 legationi
3782 516 3843 554 ac-

2352 584 2677 640 cumulavit.
2708 585 2788 639 lta
2815 584 3141 655 petentibus
3170 584 3339 638 venia
3367 582 3520 639 data:
3548 587 3744 643 maxime
3758 593 3848 661 quia

2353 677 2653 733 sollicitum
2680 693 2876 750 regem
2907 693 3014 749 pro
3042 676 3215 732 totius
3244 676 3398 731 urbis
3422 680 3550 732 statu
3572 679 3847 751 Vespasianus

2352 771 2699 827 intuebatur.
2723 771 2894 843 Cujus
2922 771 3033 826 ﬁde
3059 769 3412 842 interposita,
3432 769 3555 825 nihil
3578 772 3665 827 tale
3687 790 3849 831 ausuros

2351 870 2563 938 postea,
2591 865 2778 922 delicti
2804 865 3046 937 gratiam
3066 865 3263 919 volens
3289 863 3467 918 cessit.

2944 959 3031 1014 CA
3040 959 3165 1013 PUT
3203 958 3380 1013 XXIII.

2424 1053 2556 1108 lnde
2597 1052 2898 1109 Taricheas
2937 1052 3173 1107 sollicito
3215 1055 3386 1123 atque
3426 1051 3661 1108 instinctu
3697 1059 3851 1126 agmine

2350 1147 2512 1218 petit,
2548 1163 2618 1202 eo
2657 1146 2805 1219 quod
2838 1147 3152 1218 plurimum
3186 1145 3258 1200 ad
3294 1147 3472 1217 ipsam
3506 1147 3675 1202 urbem
3698 1155 3853 1220 propter

2351 1241 2734 1296 munitionem
2760 1240 2872 1296 loci
2907 1239 3268 1295 conﬂuxerat
3308 1238 3673 1308 multitudinis,
3702 1246 3745 1296 et
3771 1246 3856 1314 quia

2350 1352 2513 1391 muro
2540 1351 2666 1390 eam
2690 1335 2991 1390 vallaverat
3009 1334 3307 1405 Josephus,
3337 1333 3445 1389 nisi
3474 1350 3576 1405 qua
3598 1336 3855 1405 pedestribus

2350 1428 2498 1484 invia
2524 1428 2795 1485 Genesari
2820 1428 2974 1483 lacus
3005 1427 3270 1483 ﬂuctibus
3300 1426 3616 1495 alluebatur,
3640 1430 3740 1484 ideo
3764 1431 3859 1483 navi-

2352 1523 2458 1594 giis
2483 1522 2866 1594 congregatis,
2895 1538 3105 1594 anceps
3129 1520 3345 1576 bellum
3374 1520 3647 1576 fremebat.
3673 1522 3717 1577 Si
3740 1531 3855 1577 terre-

2350 1633 2488 1672 num
2515 1616 2817 1672 inclinaret
2842 1616 3140 1672 adversum
3168 1632 3228 1670 se
3262 1615 3532 1686 pralium,
3549 1616 3612 1670 ad
3633 1633 3859 1671 uavescon»

2350 1712 2647 1783 fugerent;
2671 1710 2717 1765 si
2748 1710 2933 1766 navali
2963 1710 3277 1765 certamine
3304 1709 3567 1764 cederent
3592 1709 3704 1781 (39),
3725 1709 3858 1764 urbem

2350 1806 2680 1873 reviserent,
2707 1804 2996 1876 murisque
3022 1819 3144 1858 sese
3171 1801 3554 1857 ambientibus
3576 1802 3862 1857 defensarent.

2348 1897 2679 1955 Consimilia
2719 1898 3025 1969 utrobique
3068 1896 3360 1969 prasidia,
3404 1897 3486 1951 vel
3523 1897 3576 1950 in
3618 1896 3729 1951 urbe
3757 1897 3858 1951 Tibe-

2349 1992 2523 2059 riade,
2552 1993 2637 2047 vel
2667 1991 2969 2047 Taricheis.
3002 1990 3114 2047 Sed
3142 1989 3431 2046 Taricheis
3457 1989 3734 2062 perniciora
3758 1990 3863 2061 inge-

2350 2086 2445 2141 nia
2476 2104 2490 2141 :
2523 2086 2701 2141 muris
2728 2085 2840 2158 (40)
2862 2084 3101 2141 validior
3119 2084 3453 2141 Tiberiadis.
3481 2084 3577 2140 Sed
3596 2088 3644 2139 et
3658 2084 3864 2139 Taricheo-

2348 2196 2474 2235 rum
2505 2180 2665 2235 furor
2692 2179 3034 2251 promptior,
3056 2184 3118 2235 ut
3150 2180 3197 2234 si
3227 2194 3459 2234 necesse
3483 2183 3635 2246 esset,
3651 2178 3867 2233 miscerent

2347 2275 2578 2329 omnia:
2617 2273 2836 2330 navalia
2871 2272 3112 2329 terrenis
3149 2273 3488 2340 certamina,
3527 2276 3721 2327 terrena
3740 2270 3866 2325 classi-

2346 2367 2443 2424 cis.
2479 2369 2735 2440 Denique
2773 2367 3205 2435 circumvallati,
3246 2366 3486 2422 adversa
3514 2365 3643 2433 acie,
3667 2382 3770 2421 cum
3792 2381 3868 2420 ma-

2338 2464 2469 2534 jora
2514 2463 2794 2517 auderent
2836 2461 3075 2531 viribus,
3118 2477 3226 2516 nec
3274 2460 3543 2515 adversus
3582 2458 3869 2531 dispositionis

2348 2557 2620 2612 Romana
2664 2555 3084 2622 moderamina,
3128 2555 3389 2609 veterani
3429 2571 3640 2627 quoque
3679 2553 3873 2609 exercitus

2344 2651 2611 2707 virtutem
2651 2649 2967 2722 quidquam
3009 2648 3303 2704 temeritas
3350 2654 3717 2721 promoveret;
3749 2647 3870 2719 prius-

2345 2761 2519 2817 quam
2563 2743 2781 2815 aliquid
2822 2742 2985 2798 exitii
3029 2742 3310 2810 subirent,
3359 2742 3508 2798 versi
3544 2742 3598 2797 in
3634 2742 3809 2812 fugam,
3830 2737 3871 2791 ad

2346 2854 2518 2893 naves
2544 2838 2930 2893 convolavere.
2963 2835 3179 2901 Quibus
3207 2836 3499 2905 confertis,
3527 2841 3761 2907 tanquam
3781 2833 3870 2887 deu-

2346 2935 2462 2986 sata
2485 2931 2603 2987 acie
2628 2930 3015 3002 praliabatur,
3048 2946 3114 2985 ac
3144 2929 3189 2984 si
3225 2931 3285 2985 in
3322 2932 3495 2985 terris
3532 2946 3690 2985 manu
3722 2944 3791 2983 res
3813 2941 3872 2996 ge-

2346 3028 2591 3081 reretur.
2624 3026 2686 3079 In
2728 3040 2933 3096 campo
2977 3024 3149 3079 etiam
3184 3024 3493 3079 multitudo
3536 3018 3875 3078 innumerabilis

2348 3120 2570 3174 hostem
2603 3118 3060 3190 prastolabatur.
3084 3118 3164 3172 Eo
3184 3117 3421 3189 cognito
3441 3118 3611 3172 ﬁlium
3637 3132 3744 3171 cum
3760 3113 3878 3168 delec-
3932 3113 3933 3179 Ϊ

2345 3214 2416 3268 tis
2441 3211 2727 3284 equitibus
2756 3211 3129 3283 Vespasianus
3152 3211 3385 3267 direxit.
3415 3211 3520 3276 Qui
3548 3210 3634 3264 ubi
3661 3226 3711 3263 se
3737 3208 3874 3276 ingen-

2343 3305 2494 3361 tibus
2530 3304 2939 3361 circumfusum
2977 3305 3152 3376 copiis
3187 3304 3349 3373 vidit,
3383 3304 3459 3360 ad
3491 3310 3695 3377 patrem
3719 3299 3876 3374 quidem

2343 3400 2536 3455 retulit
2561 3400 2841 3470 majorem
2880 3415 3001 3455 esse
3030 3399 3278 3454 hostium
3322 3400 3741 3461 multitudinem,
3765 3407 3878 3465 quam

2346 3493 2537 3565 Opinio
2562 3493 3110 3566 comprehenderat;
3140 3494 3235 3549 sed
3264 3495 3585 3550 convocatis
3609 3507 3733 3564 quos
3752 3499 3879 3543 secum

2347 3587 2685 3657 deduxerat,
2717 3587 2966 3644 bellandi
2992 3587 3346 3644 incentivum
3369 3585 3685 3661 hujusmodi
3707 3580 3878 3650 alloquio

2346 3682 2555 3736 infudit
2589 3699 2601 3735 :

2932 3752 3155 3808 CAPUT
3203 3753 3380 3809 XXIV.

2413 3869 2547 3935 Viri,
2581 3869 2789 3940 inquit,
2823 3868 3082 3938 Romani,
3110 3869 3451 3925 meminisse
3485 3868 3633 3924 enim
3665 3861 3797 3920 vestri
3819 3873 3879 3912 vos

2347 3961 2592 4016 nominis
2630 3965 2688 4015 et
2713 3962 2942 4033 generis
2970 3962 3325 4033 praliaturos
3357 3963 3542 4029 decet,
3572 3972 3781 4032 quorum
3800 3969 3879 4008 ma-

2343 4072 2450 4109 nus
2497 4072 2664 4110 nemo
2711 4055 2912 4127 effugit
2949 4055 3046 4128 qui
3094 4056 3152 4111 in
3193 4056 3328 4112 orbe
3378 4059 3629 4112 Romano
3664 4056 3749 4108 est.
3777 4044 3881 4105 Unde

2343 4150 2493 4205 enim
2533 4150 2638 4204 hoc
2672 4166 2885 4204 nomen
2918 4150 3191 4205 universis
3219 4151 3388 4206 terris
3425 4150 3533 4205 nisi
3562 4143 3795 4202 vincendo
3820 4140 3880 4194 dc-

2344 4243 2542 4298 distis?
2565 4244 2884 4300 Meminisse
2929 4242 3103 4299 etiam
3139 4244 3248 4298 loci
3292 4247 3539 4315 oportet,
3570 4243 3623 4296 in
3656 4254 3750 4312 quo
3781 4244 3881 4288 nunc

2343 4337 2484 4405 sitis,
2517 4341 2574 4392 et
2600 4338 2901 4392 adversum
2946 4353 3091 4409 quos
3126 4339 3459 4393 Romanum
3499 4337 3697 4392 bellum
3721 4327 3880 4402 geratis.

2343 4432 2402 4485 In
2435 4436 2686 4487 extrema
2714 4431 2870 4486 enim
2902 4434 3060 4502 parte
3092 4431 3244 4486 orbis
3273 4435 3553 4487 terrarum
3581 4424 3880 4485 consistimus
3932 4470 3933 4502 ἦ

610 4526 887 4594 arbitrati,
930 4528 1086 4582 Jesus
1127 4525 1480 4598 pradatoria
1532 4542 1736 4580 manus
1786 4525 2065 4599 princeps,
2110 4522 2319 4593 cumD
2342 4526 2514 4580 Tanta
2541 4540 2680 4595 ergo
2717 4530 2998 4580 terrarum
3034 4526 3218 4596 spatia
3250 4530 3626 4590 transeuntes,
3656 4519 3769 4575 nihil
3787 4514 3882 4569 alie-

610 4619 723 4675 suis
757 4620 856 4691 qui
886 4620 1101 4691 pariter
1135 4619 1415 4676 incessere
1443 4620 1587 4687 ausi,
1618 4620 1913 4691 repentina
1941 4621 2239 4693 eruptione

612 4713 923 4768 deturbant
939 4714 1079 4779 loco,
1101 4714 1498 4787 cedentesque
1520 4714 1685 4769 simul
1716 4730 1858 4785 quos
1887 4714 2237 4770 deduxerant

610 4823 787 4880 equos
825 4808 1182 4875 involavere;
1217 4806 1512 4863 dementes
1555 4808 1653 4879 qui
1699 4824 1811 4862 non
1853 4808 2235 4876 adverterent,

607 4900 922 4958 consultius
981 4899 1338 4956 Valerianum
1394 4902 1623 4957 cessisse
1672 4902 2011 4971 insolentia,
2065 4919 2236 4974 quam

607 4996 787 5069 spolia
815 4995 883 5051 de
911 4994 997 5050 his
1025 4994 1120 5066 qui
1147 5010 1343 5065 pacem
1370 4993 1706 5064 offerebant,
1737 4996 2113 5068 usurpavisse.
2141 4999 2237 5051 De-

608 5089 779 5161 nique
820 5089 1073 5144 seniores
1118 5087 1319 5143 offensi
1359 5088 1629 5143 facinoris
1667 5088 1992 5158 acerbitate,
2033 5090 2233 5145 urbem

604 5184 1014 5254 relinquentes,
1046 5183 1115 5238 ad
1149 5182 1551 5254 Vespasianum
1584 5186 1876 5253 precatum
1908 5199 2132 5252 venere,
2162 5201 2234 5239 ne

607 5292 919 5347 paucorum
963 5275 1265 5332 insolentia
1314 5276 1591 5331 universa
1637 5276 1788 5347 plebi
1833 5277 2231 5334 ascriberetur.

606 5372 973 5444 Vespasianus
1017 5370 1166 5426 illico
1208 5371 1277 5424 ad
1324 5370 1523 5425 urbem
1568 5370 1871 5441 Trajanum
1910 5370 2131 5435 direxit,
2177 5377 2236 5426 ut

605 5465 950 5535 exploraret,
1001 5464 1045 5519 si
1100 5465 1348 5536 populus
1401 5462 1796 5519 insidiatorum
1847 5465 2230 5520 temeritatem

669 5630 761 5692 (38)
795 5632 1024 5681 Torreat.
1054 5631 1230 5682 ΒΑΜ.

670 5698 764 5760 (39)
794 5698 960 5747 Forte
988 5700 1249 5750 caderent.
1283 5701 1583 5752 GALLAND.

672 5765 767 5827 (40)
796 5767 1115 5818 Peritiora...
1146 5783 1348 5821 murus.
1379 5771 1556 5824 Bann.

671 5835 765 5897 (41)
813 5833 1120 5887 Currebatis
1161 5837 1287 5887 bene
1315 5855 1331 5888 :
1361 5842 1479 5904 quis
1516 5844 1699 5895 statuit
1750 5850 1945 5898 vostros
1972 5843 2097 5897 orbe
2127 5849 2231 5897 toto

2340 4635 2478 4673 num
2508 4618 2736 4673 vidistis.
2768 4618 2914 4683 Quid
2943 4618 3097 4673 enim
3126 4618 3283 4675 vobis
3315 4620 3590 4685 alienum,
3617 4624 3816 4688 quorum
3844 4605 3881 4656 in
3932 4626 3933 4683 ξ

2340 4712 2689 4784 possessione
2734 4712 2885 4767 orbis
2932 4715 3211 4769 terrarum
3260 4713 3391 4769 est?
3430 4708 3697 4782 Quidquid
3730 4703 3882 4770 ubique

2340 4809 2443 4875 est,
2480 4806 2575 4876 jus
2611 4810 2863 4861 vestrum
2904 4811 3007 4872 est,
3052 4806 3331 4878 quidquid
3367 4806 3633 4861 incolatus
3658 4798 3879 4855 universo-

2342 4917 2468 4955 rum
2508 4903 2685 4969 tenet,
2717 4899 2996 4971 possessio
3039 4902 3219 4956 vestra
3253 4904 3354 4954 est.
3397 4899 3663 4957 Currebat
3692 4894 3732 4948 is
3761 4891 3879 4944 bene.

2339 4994 2434 5066 qui
2466 4994 2662 5049 statuit
2698 4998 2910 5049 vestros
2947 4993 3085 5049 orbe
3128 4999 3247 5048 toto
3283 4996 3577 5055 currentes
3609 4982 3875 5053 triumpho-ﬁ

2340 5105 2479 5159 quos
2511 5104 2620 5142 non
2651 5087 2963 5143 Hasdrubal
2997 5089 3219 5153 Panas,
3257 5105 3374 5142 non
3414 5086 3652 5159 Pyrrhus
3678 5074 3873 5137 μΕδεὶιίθς,

2336 5198 2452 5235 non
2484 5182 2735 5235 Brennus
2761 5180 3087 5253 Capitolinis
3116 5182 3408 5237 vestibulis
3448 5176 3770 5237 incumbens,
3796 5178 3873 5220 non

2339 5276 2633 5330 Persarum
2654 5280 2917 5341 caterva,
2939 5292 3055 5330 non
3075 5275 3348 5347 Egyptia
3375 5275 3676 5347 phalanges
3695 5270 3872 5322 statuet?

2338 5373 2666 5440 potuerunt.
2714 5371 2825 5424 Hos
2861 5368 3055 5425 statuit
3087 5369 3310 5425 rebellis
3350 5368 3545 5424 Judaa
3585 5364 3697 5435 (41),
3729 5359 3868 5412 ineru-

2336 5463 2514 5518 ditam
2552 5463 2863 5535 praeferens
2899 5462 3150 5519 bellandi
3186 5462 3585 5529 temeritatem,
3612 5457 3729 5513 rixa
3748 5459 3870 5521 quam

2333 5635 2602 5682 currentes
2657 5630 2944 5695 triumphos
2973 5628 3002 5680 Ρ
3055 5631 3190 5692 Quos
3244 5643 3349 5679 non
3406 5628 3583 5679 statuit
3638 5608 3867 5695 Haedi-utut

2333 5703 2580 5752 Pwnus...
2628 5703 2718 5753 hos
2746 5686 2925 5754 statuit
2959 5686 3169 5753 rebellis
3207 5701 3411 5752 Judaa.
3448 5702 3522 5749 lta
3564 5686 3862 5760 equidem“?

2332 5773 2577 5840 gendum
2606 5777 2773 5839 atque
2798 5774 3301 5839 interpungendum
3324 5755 3741 5825 existimaverim.
3764 5755 3862 5809 ϐω
3932 5766 3933 5769 ‘

2330 5856 2500 5897 LAND.
