  <div class='ocr_page' id='page_1' title='image "/cluster/home/n/w/nwhite01/storage/ocr_20150623/15/hvd.32044048207278/480.png"; bbox 0 0 4072 6192; ppageno 0'>
   <div class='ocr_carea' id='block_1_1' title="bbox 209 313 350 364">
    <p class='ocr_par' dir='ltr' id='par_1_1' title="bbox 209 313 350 364">
     <span class='ocr_line' id='line_1_1' title="bbox 209 313 350 364; baseline 0 -1"><span class='ocrx_word' id='word_1_1' title='bbox 209 313 350 364; x_wconf 67' lang='lat'><strong>2197</strong></span> 
     </span>
    </p>
   </div>
   <div class='ocr_carea' id='block_1_2' title="bbox 1238 310 2571 371">
    <p class='ocr_par' dir='ltr' id='par_1_2' title="bbox 1238 310 2571 371">
     <span class='ocr_line' id='line_1_2' title="bbox 1238 310 2571 371; baseline 0.002 -5"><span class='ocrx_word' id='word_1_2' title='bbox 1238 313 1322 366; x_wconf 80' lang='lat' dir='ltr'><strong>DE</strong></span> <span class='ocrx_word' id='word_1_3' title='bbox 1367 313 1633 369; x_wconf 80' lang='lat' dir='ltr'><strong>EXCIDIO</strong></span> <span class='ocrx_word' id='word_1_4' title='bbox 1674 311 1870 368; x_wconf 79' lang='lat' dir='ltr'><strong>URBIS</strong></span> <span class='ocrx_word' id='word_1_5' title='bbox 1911 310 2267 370; x_wconf 76' lang='lat' dir='ltr'><strong>HIEROSOL.</strong></span> <span class='ocrx_word' id='word_1_6' title='bbox 2312 315 2436 370; x_wconf 84' lang='lat' dir='ltr'><strong>LIB.</strong></span> <span class='ocrx_word' id='word_1_7' title='bbox 2481 316 2571 371; x_wconf 85' lang='lat' dir='ltr'><strong>ll].</strong></span> 
     </span>
    </p>
   </div>
   <div class='ocr_carea' id='block_1_3' title="bbox 3446 321 3580 372">
    <p class='ocr_par' dir='ltr' id='par_1_3' title="bbox 3446 321 3580 372">
     <span class='ocr_line' id='line_1_3' title="bbox 3446 321 3580 372; baseline 0 -2"><span class='ocrx_word' id='word_1_8' title='bbox 3446 321 3580 372; x_wconf 76' lang='grc'><strong>2198</strong></span> 
     </span>
    </p>
   </div>
   <div class='ocr_carea' id='block_1_4' title="bbox 206 437 3577 521">
    <p class='ocr_par' dir='ltr' id='par_1_4' title="bbox 206 437 3577 521">
     <span class='ocr_line' id='line_1_4' title="bbox 206 437 3577 521; baseline 0.002 -31"><span class='ocrx_word' id='word_1_9' title='bbox 206 453 422 508; x_wconf 61' lang='lat' dir='ltr'><strong>pugnae</strong></span> <span class='ocrx_word' id='word_1_10' title='bbox 471 437 674 509; x_wconf 82' lang='lat' dir='ltr'><strong>aptior.</strong></span> <span class='ocrx_word' id='word_1_11' title='bbox 719 441 910 510; x_wconf 82' lang='lat' dir='ltr'><strong>Neque</strong></span> <span class='ocrx_word' id='word_1_12' title='bbox 955 440 1106 494; x_wconf 90' lang='lat' dir='ltr'><strong>enim</strong></span> <span class='ocrx_word' id='word_1_13' title='bbox 1153 444 1236 495; x_wconf 90' lang='lat' dir='ltr'><strong>est</strong></span> <span class='ocrx_word' id='word_1_14' title='bbox 1277 441 1429 512; x_wconf 90' lang='lat' dir='ltr'><strong>quod</strong></span> <span class='ocrx_word' id='word_1_15' title='bbox 1477 457 1698 508; x_wconf 88' lang='lat' dir='ltr'><strong>vereor,</strong></span> <span class='ocrx_word' id='word_1_16' title='bbox 1747 439 1846 494; x_wconf 91' lang='lat' dir='ltr'><strong>sed</strong></span> <span class='ocrx_word' id='word_1_17' title='bbox 1871 440 2251 521; x_wconf 79' lang='lat' dir='ltr'><strong>Avenimus?</strong></span> <span class='ocrx_word' id='word_1_18' title='bbox 2289 443 2687 498; x_wconf 87' lang='lat' dir='ltr'><strong>Nuntiavimus</strong></span> <span class='ocrx_word' id='word_1_19' title='bbox 2728 444 2958 514; x_wconf 80' lang='lat' dir='ltr'><strong>quidem</strong></span> <span class='ocrx_word' id='word_1_20' title='bbox 3008 444 3076 498; x_wconf 88' lang='lat' dir='ltr'><strong>de</strong></span> <span class='ocrx_word' id='word_1_21' title='bbox 3124 461 3360 499; x_wconf 88' lang='lat' dir='ltr'><strong>numero</strong></span> <span class='ocrx_word' id='word_1_22' title='bbox 3404 444 3577 516; x_wconf 88' lang='lat' dir='ltr'><strong>patri,</strong></span> 
     </span>
    </p>
   </div>
   <div class='ocr_carea' id='block_1_5' title="bbox 207 533 1844 606">
    <p class='ocr_par' dir='ltr' id='par_1_5' title="bbox 207 533 1844 606">
     <span class='ocr_line' id='line_1_5' title="bbox 207 533 1844 606; baseline 0.002 -22"><span class='ocrx_word' id='word_1_23' title='bbox 207 533 446 602; x_wconf 87' lang='lat' dir='ltr'><strong>plenum</strong></span> <span class='ocrx_word' id='word_1_24' title='bbox 475 533 830 587; x_wconf 65' lang='lat' dir='ltr'><strong>verecundiae</strong></span> <span class='ocrx_word' id='word_1_25' title='bbox 859 533 1123 602; x_wconf 84' lang='lat' dir='ltr'><strong>arbitror,</strong></span> <span class='ocrx_word' id='word_1_26' title='bbox 1152 535 1307 606; x_wconf 89' lang='lat' dir='ltr'><strong>quod</strong></span> <span class='ocrx_word' id='word_1_27' title='bbox 1333 552 1428 590; x_wconf 88' lang='lat' dir='ltr'><strong>vos</strong></span> <span class='ocrx_word' id='word_1_28' title='bbox 1457 535 1732 590; x_wconf 90' lang='lat' dir='ltr'><strong>vincendo</strong></span> <span class='ocrx_word' id='word_1_29' title='bbox 1757 534 1844 588; x_wconf 87' lang='lat' dir='ltr'><strong>de-</strong></span> 
     </span>
    </p>
   </div>
   <div class='ocr_carea' id='block_1_6' title="bbox 207 625 1844 698">
    <p class='ocr_par' dir='ltr' id='par_1_6' title="bbox 207 625 1844 698">
     <span class='ocr_line' id='line_1_6' title="bbox 207 625 1844 698; baseline 0.002 -20"><span class='ocrx_word' id='word_1_30' title='bbox 207 625 556 695; x_wconf 79' lang='lat' dir='ltr'><strong>fatigamiui.</strong></span> <span class='ocrx_word' id='word_1_31' title='bbox 592 626 674 680; x_wconf 91' lang='lat' dir='ltr'><strong>llli</strong></span> <span class='ocrx_word' id='word_1_32' title='bbox 709 632 898 682; x_wconf 89' lang='lat' dir='ltr'><strong>autem</strong></span> <span class='ocrx_word' id='word_1_33' title='bbox 939 628 1161 698; x_wconf 89' lang='lat' dir='ltr'><strong>quoties</strong></span> <span class='ocrx_word' id='word_1_34' title='bbox 1191 629 1518 696; x_wconf 88' lang='lat' dir='ltr'><strong>vincuntur,</strong></span> <span class='ocrx_word' id='word_1_35' title='bbox 1551 628 1844 683; x_wconf 82' lang='lat' dir='ltr'><strong>audaciam</strong></span> 
     </span>
    </p>
   </div>
   <div class='ocr_carea' id='block_1_7' title="bbox 205 720 1844 790">
    <p class='ocr_par' dir='ltr' id='par_1_7' title="bbox 205 720 1844 790">
     <span class='ocr_line' id='line_1_7' title="bbox 205 720 1844 790; baseline 0.002 -19"><span class='ocrx_word' id='word_1_36' title='bbox 205 735 510 790; x_wconf 81' lang='lat' dir='ltr'><strong>sumpsere</strong></span> <span class='ocrx_word' id='word_1_37' title='bbox 543 720 769 775; x_wconf 88' lang='lat' dir='ltr'><strong>:lassati</strong></span> <span class='ocrx_word' id='word_1_38' title='bbox 802 721 907 790; x_wconf 78' lang='grc'>(42)</span> <span class='ocrx_word' id='word_1_39' title='bbox 938 738 1056 789; x_wconf 88' lang='lat' dir='ltr'><strong>vos,</strong></span> <span class='ocrx_word' id='word_1_40' title='bbox 1092 722 1262 776; x_wconf 83' lang='lat' dir='ltr'><strong>rebus</strong></span> <span class='ocrx_word' id='word_1_41' title='bbox 1290 723 1578 790; x_wconf 91' lang='lat' dir='ltr'><strong>secundis,</strong></span> <span class='ocrx_word' id='word_1_42' title='bbox 1603 739 1734 777; x_wconf 90' lang='lat' dir='ltr'><strong>cum</strong></span> <span class='ocrx_word' id='word_1_43' title='bbox 1766 723 1844 776; x_wconf 83' lang='lat' dir='ltr'><strong>illi</strong></span> 
     </span>
    </p>
   </div>
   <div class='ocr_carea' id='block_1_8' title="bbox 201 813 1840 887">
    <p class='ocr_par' dir='ltr' id='par_1_8' title="bbox 201 813 1840 887">
     <span class='ocr_line' id='line_1_8' title="bbox 201 813 1840 887; baseline 0.004 -22"><span class='ocrx_word' id='word_1_44' title='bbox 201 814 460 867; x_wconf 84' lang='lat' dir='ltr'><strong>adversis</strong></span> <span class='ocrx_word' id='word_1_45' title='bbox 491 813 753 868; x_wconf 92' lang='lat' dir='ltr'><strong>duriores</strong></span> <span class='ocrx_word' id='word_1_46' title='bbox 795 815 924 869; x_wconf 90' lang='lat' dir='ltr'><strong>sint.</strong></span> <span class='ocrx_word' id='word_1_47' title='bbox 960 816 1215 870; x_wconf 82' lang='lat' dir='ltr'><strong>Attollite</strong></span> <span class='ocrx_word' id='word_1_48' title='bbox 1248 816 1423 887; x_wconf 79' lang='lat' dir='ltr'><strong>igitur</strong></span> <span class='ocrx_word' id='word_1_49' title='bbox 1449 819 1696 883; x_wconf 90' lang='lat' dir='ltr'><strong>animos,</strong></span> <span class='ocrx_word' id='word_1_50' title='bbox 1737 819 1840 871; x_wconf 83' lang='lat' dir='ltr'><strong>Ro-</strong></span> 
     </span>
    </p>
   </div>
   <div class='ocr_carea' id='block_1_9' title="bbox 205 907 1846 981">
    <p class='ocr_par' dir='ltr' id='par_1_9' title="bbox 205 907 1846 981">
     <span class='ocr_line' id='line_1_9' title="bbox 205 907 1846 981; baseline 0.002 -20"><span class='ocrx_word' id='word_1_51' title='bbox 205 908 369 961; x_wconf 87' lang='lat' dir='ltr'><strong>mani</strong></span> <span class='ocrx_word' id='word_1_52' title='bbox 399 907 523 974; x_wconf 89' lang='lat' dir='ltr'><strong>viri,</strong></span> <span class='ocrx_word' id='word_1_53' title='bbox 553 913 609 962; x_wconf 91' lang='lat' dir='ltr'><strong>et</strong></span> <span class='ocrx_word' id='word_1_54' title='bbox 634 908 898 963; x_wconf 84' lang='lat' dir='ltr'><strong>adversus</strong></span> <span class='ocrx_word' id='word_1_55' title='bbox 925 912 1174 964; x_wconf 80' lang='lat' dir='ltr'><strong>catervas</strong></span> <span class='ocrx_word' id='word_1_56' title='bbox 1204 910 1473 977; x_wconf 88' lang='lat' dir='ltr'><strong>hostium,</strong></span> <span class='ocrx_word' id='word_1_57' title='bbox 1505 911 1634 965; x_wconf 85' lang='lat' dir='ltr'><strong>freti</strong></span> <span class='ocrx_word' id='word_1_58' title='bbox 1665 911 1846 981; x_wconf 89' lang='lat' dir='ltr'><strong>patria</strong></span> 
     </span>
    </p>
   </div>
   <div class='ocr_carea' id='block_1_10' title="bbox 203 1002 1840 1075">
    <p class='ocr_par' dir='ltr' id='par_1_10' title="bbox 203 1002 1840 1075">
     <span class='ocr_line' id='line_1_10' title="bbox 203 1002 1840 1075; baseline 0.004 -24"><span class='ocrx_word' id='word_1_59' title='bbox 203 1002 438 1068; x_wconf 88' lang='lat' dir='ltr'><strong>virtute,</strong></span> <span class='ocrx_word' id='word_1_60' title='bbox 473 1003 777 1072; x_wconf 78' lang='lat' dir='ltr'><strong>exsurgite.</strong></span> <span class='ocrx_word' id='word_1_61' title='bbox 811 1003 1000 1073; x_wconf 75' lang='lat' dir='ltr'><strong>Neque</strong></span> <span class='ocrx_word' id='word_1_62' title='bbox 1031 1020 1128 1057; x_wconf 90' lang='lat' dir='ltr'><strong>vos</strong></span> <span class='ocrx_word' id='word_1_63' title='bbox 1162 1020 1436 1059; x_wconf 89' lang='lat' dir='ltr'><strong>numerus</strong></span> <span class='ocrx_word' id='word_1_64' title='bbox 1465 1010 1696 1060; x_wconf 84' lang='lat' dir='ltr'><strong>moveat</strong></span> <span class='ocrx_word' id='word_1_65' title='bbox 1724 1005 1840 1075; x_wconf 81' lang='lat' dir='ltr'><strong>ple-</strong></span> 
     </span>
    </p>
   </div>
   <div class='ocr_carea' id='block_1_11' title="bbox 206 1095 1841 1169">
    <p class='ocr_par' dir='ltr' id='par_1_11' title="bbox 206 1095 1841 1169">
     <span class='ocr_line' id='line_1_11' title="bbox 206 1095 1841 1169; baseline 0.002 -21"><span class='ocrx_word' id='word_1_66' title='bbox 206 1095 299 1149; x_wconf 85' lang='lat' dir='ltr'><strong>bis</strong></span> <span class='ocrx_word' id='word_1_67' title='bbox 317 1095 550 1162; x_wconf 67' lang='lat' dir='ltr'><strong>Judaaaa,</strong></span> <span class='ocrx_word' id='word_1_68' title='bbox 574 1112 703 1150; x_wconf 87' lang='lat' dir='ltr'><strong>cum</strong></span> <span class='ocrx_word' id='word_1_69' title='bbox 728 1096 851 1150; x_wconf 90' lang='lat' dir='ltr'><strong>illos</strong></span> <span class='ocrx_word' id='word_1_70' title='bbox 874 1101 954 1150; x_wconf 90' lang='lat' dir='ltr'><strong>tot</strong></span> <span class='ocrx_word' id='word_1_71' title='bbox 982 1103 1184 1152; x_wconf 64' lang='lat' dir='ltr'><strong>vestrae</strong></span> <span class='ocrx_word' id='word_1_72' title='bbox 1209 1099 1430 1152; x_wconf 87' lang='lat' dir='ltr'><strong>virtutis</strong></span> <span class='ocrx_word' id='word_1_73' title='bbox 1458 1098 1711 1169; x_wconf 90' lang='lat' dir='ltr'><strong>insignia</strong></span> <span class='ocrx_word' id='word_1_74' title='bbox 1732 1115 1841 1152; x_wconf 90' lang='lat' dir='ltr'><strong>non</strong></span> 
     </span>
    </p>
   </div>
   <div class='ocr_carea' id='block_1_12' title="bbox 204 1189 1842 1264">
    <p class='ocr_par' dir='ltr' id='par_1_12' title="bbox 204 1189 1842 1264">
     <span class='ocr_line' id='line_1_12' title="bbox 204 1189 1842 1264; baseline 0.002 -21"><span class='ocrx_word' id='word_1_75' title='bbox 204 1189 554 1258; x_wconf 82' lang='lat' dir='ltr'><strong>deterreant,</strong></span> <span class='ocrx_word' id='word_1_76' title='bbox 577 1205 707 1261; x_wconf 72' lang='lat' dir='ltr'><strong>quae</strong></span> <span class='ocrx_word' id='word_1_77' title='bbox 726 1191 899 1262; x_wconf 88' lang='lat' dir='ltr'><strong>longe</strong></span> <span class='ocrx_word' id='word_1_78' title='bbox 921 1208 1163 1246; x_wconf 89' lang='lat' dir='ltr'><strong>numero</strong></span> <span class='ocrx_word' id='word_1_79' title='bbox 1191 1192 1461 1247; x_wconf 84' lang='lat' dir='ltr'><strong>validiora</strong></span> <span class='ocrx_word' id='word_1_80' title='bbox 1484 1197 1634 1247; x_wconf 91' lang='lat' dir='ltr'><strong>sunt.</strong></span> <span class='ocrx_word' id='word_1_81' title='bbox 1653 1194 1842 1264; x_wconf 85' lang='lat' dir='ltr'><strong>Neque</strong></span> 
     </span>
    </p>
   </div>
   <div class='ocr_carea' id='block_1_13' title="bbox 207 1283 1842 1353">
    <p class='ocr_par' dir='ltr' id='par_1_13' title="bbox 207 1283 1842 1353">
     <span class='ocr_line' id='line_1_13' title="bbox 207 1283 1842 1353; baseline 0.002 -17"><span class='ocrx_word' id='word_1_82' title='bbox 207 1283 365 1337; x_wconf 90' lang='lat' dir='ltr'><strong>enim</strong></span> <span class='ocrx_word' id='word_1_83' title='bbox 398 1283 508 1337; x_wconf 85' lang='lat' dir='ltr'><strong>ulla</strong></span> <span class='ocrx_word' id='word_1_84' title='bbox 549 1283 606 1336; x_wconf 90' lang='lat' dir='ltr'><strong>in</strong></span> <span class='ocrx_word' id='word_1_85' title='bbox 655 1283 898 1338; x_wconf 63' lang='lat' dir='ltr'><strong>Hebraeis</strong></span> <span class='ocrx_word' id='word_1_86' title='bbox 935 1285 1020 1339; x_wconf 90' lang='lat' dir='ltr'><strong>vel</strong></span> <span class='ocrx_word' id='word_1_87' title='bbox 1057 1285 1138 1338; x_wconf 88' lang='lat' dir='ltr'><strong>rei</strong></span> <span class='ocrx_word' id='word_1_88' title='bbox 1179 1285 1436 1340; x_wconf 90' lang='lat' dir='ltr'><strong>militaris</strong></span> <span class='ocrx_word' id='word_1_89' title='bbox 1474 1285 1727 1353; x_wconf 87' lang='lat' dir='ltr'><strong>scientia,</strong></span> <span class='ocrx_word' id='word_1_90' title='bbox 1755 1287 1842 1339; x_wconf 86' lang='lat' dir='ltr'><strong>vel</strong></span> 
     </span>
    </p>
   </div>
   <div class='ocr_carea' id='block_1_14' title="bbox 206 1376 1840 1451">
    <p class='ocr_par' dir='ltr' id='par_1_14' title="bbox 206 1376 1840 1451">
     <span class='ocr_line' id='line_1_14' title="bbox 206 1376 1840 1451; baseline 0.002 -21"><span class='ocrx_word' id='word_1_91' title='bbox 206 1376 509 1448; x_wconf 65' lang='lat' dir='ltr'><strong>praeliandi</strong></span> <span class='ocrx_word' id='word_1_92' title='bbox 544 1377 768 1448; x_wconf 89' lang='lat' dir='ltr'><strong>peritia,</strong></span> <span class='ocrx_word' id='word_1_93' title='bbox 802 1379 889 1432; x_wconf 87' lang='lat' dir='ltr'><strong>vel</strong></span> <span class='ocrx_word' id='word_1_94' title='bbox 918 1379 1251 1433; x_wconf 86' lang='lat' dir='ltr'><strong>moderandi</strong></span> <span class='ocrx_word' id='word_1_95' title='bbox 1283 1379 1489 1451; x_wconf 89' lang='lat' dir='ltr'><strong>gratia,</strong></span> <span class='ocrx_word' id='word_1_96' title='bbox 1518 1380 1705 1434; x_wconf 90' lang='lat' dir='ltr'><strong>nullus</strong></span> <span class='ocrx_word' id='word_1_97' title='bbox 1731 1379 1840 1433; x_wconf 78' lang='lat' dir='ltr'><strong>dis~</strong></span> 
     </span>
    </p>
   </div>
   <div class='ocr_carea' id='block_1_15' title="bbox 206 1469 1843 1544">
    <p class='ocr_par' dir='ltr' id='par_1_15' title="bbox 206 1469 1843 1544">
     <span class='ocr_line' id='line_1_15' title="bbox 206 1469 1843 1544; baseline 0.002 -20"><span class='ocrx_word' id='word_1_98' title='bbox 206 1469 432 1541; x_wconf 72' lang='lat' dir='ltr'><strong>ciplinte</strong></span> <span class='ocrx_word' id='word_1_99' title='bbox 477 1487 631 1537; x_wconf 89' lang='lat' dir='ltr'><strong>usus,</strong></span> <span class='ocrx_word' id='word_1_100' title='bbox 679 1472 832 1525; x_wconf 88' lang='lat' dir='ltr'><strong>nulla</strong></span> <span class='ocrx_word' id='word_1_101' title='bbox 873 1473 1154 1527; x_wconf 85' lang='lat' dir='ltr'><strong>tolerandi</strong></span> <span class='ocrx_word' id='word_1_102' title='bbox 1192 1473 1492 1544; x_wconf 81' lang='lat' dir='ltr'><strong>patientia.</strong></span> <span class='ocrx_word' id='word_1_103' title='bbox 1539 1473 1735 1528; x_wconf 92' lang='lat' dir='ltr'><strong>Solum</strong></span> <span class='ocrx_word' id='word_1_104' title='bbox 1786 1474 1843 1527; x_wconf 91' lang='lat' dir='ltr'><strong>in</strong></span> 
     </span>
    </p>
   </div>
   <div class='ocr_carea' id='block_1_16' title="bbox 208 1563 1843 1638">
    <p class='ocr_par' dir='ltr' id='par_1_16' title="bbox 208 1563 1843 1638">
     <span class='ocr_line' id='line_1_16' title="bbox 208 1563 1843 1638; baseline 0.004 -23"><span class='ocrx_word' id='word_1_105' title='bbox 208 1564 475 1635; x_wconf 71' lang='lat' dir='ltr'><strong>praelium</strong></span> <span class='ocrx_word' id='word_1_106' title='bbox 521 1563 784 1619; x_wconf 85' lang='lat' dir='ltr'><strong>deferunt</strong></span> <span class='ocrx_word' id='word_1_107' title='bbox 821 1565 1018 1620; x_wconf 87' lang='lat' dir='ltr'><strong>mortis</strong></span> <span class='ocrx_word' id='word_1_108' title='bbox 1067 1569 1478 1638; x_wconf 89' lang='lat' dir='ltr'><strong>contemptum,</strong></span> <span class='ocrx_word' id='word_1_109' title='bbox 1527 1566 1627 1621; x_wconf 91' lang='lat' dir='ltr'><strong>sed</strong></span> <span class='ocrx_word' id='word_1_110' title='bbox 1671 1583 1843 1622; x_wconf 88' lang='lat' dir='ltr'><strong>nemo</strong></span> 
     </span>
    </p>
   </div>
   <div class='ocr_carea' id='block_1_17' title="bbox 213 1657 1844 1732">
    <p class='ocr_par' dir='ltr' id='par_1_17' title="bbox 213 1657 1844 1732">
     <span class='ocr_line' id='line_1_17' title="bbox 213 1657 1844 1732; baseline 0.004 -22"><span class='ocrx_word' id='word_1_111' title='bbox 213 1674 462 1729; x_wconf 87' lang='lat' dir='ltr'><strong>unquam</strong></span> <span class='ocrx_word' id='word_1_112' title='bbox 492 1657 788 1714; x_wconf 89' lang='lat' dir='ltr'><strong>moriendo</strong></span> <span class='ocrx_word' id='word_1_113' title='bbox 817 1658 948 1714; x_wconf 87' lang='lat' dir='ltr'><strong>vicit</strong></span> <span class='ocrx_word' id='word_1_114' title='bbox 974 1660 1217 1730; x_wconf 84' lang='lat' dir='ltr'><strong>hostem,</strong></span> <span class='ocrx_word' id='word_1_115' title='bbox 1248 1661 1344 1716; x_wconf 88' lang='lat' dir='ltr'><strong>sed</strong></span> <span class='ocrx_word' id='word_1_116' title='bbox 1374 1661 1738 1732; x_wconf 88' lang='lat' dir='ltr'><strong>perimendo.</strong></span> <span class='ocrx_word' id='word_1_117' title='bbox 1761 1661 1844 1716; x_wconf 93' lang='lat' dir='ltr'><strong>llli</strong></span> 
     </span>
    </p>
   </div>
   <div class='ocr_carea' id='block_1_18' title="bbox 209 1751 1844 1825">
    <p class='ocr_par' dir='ltr' id='par_1_18' title="bbox 209 1751 1844 1825">
     <span class='ocr_line' id='line_1_18' title="bbox 209 1751 1844 1825; baseline 0.002 -21"><span class='ocrx_word' id='word_1_118' title='bbox 209 1751 474 1806; x_wconf 90' lang='lat' dir='ltr'><strong>nesciunt</strong></span> <span class='ocrx_word' id='word_1_119' title='bbox 502 1768 661 1806; x_wconf 90' lang='lat' dir='ltr'><strong>arma</strong></span> <span class='ocrx_word' id='word_1_120' title='bbox 692 1752 801 1806; x_wconf 88' lang='lat' dir='ltr'><strong>nisi</strong></span> <span class='ocrx_word' id='word_1_121' title='bbox 828 1752 885 1807; x_wconf 92' lang='lat' dir='ltr'><strong>in</strong></span> <span class='ocrx_word' id='word_1_122' title='bbox 914 1753 1087 1822; x_wconf 88' lang='lat' dir='ltr'><strong>bello,</strong></span> <span class='ocrx_word' id='word_1_123' title='bbox 1117 1771 1220 1810; x_wconf 91' lang='lat' dir='ltr'><strong>nos</strong></span> <span class='ocrx_word' id='word_1_124' title='bbox 1249 1754 1306 1809; x_wconf 92' lang='lat' dir='ltr'><strong>in</strong></span> <span class='ocrx_word' id='word_1_125' title='bbox 1329 1771 1466 1825; x_wconf 84' lang='lat' dir='ltr'><strong>pace</strong></span> <span class='ocrx_word' id='word_1_126' title='bbox 1490 1755 1664 1810; x_wconf 90' lang='lat' dir='ltr'><strong>armis</strong></span> <span class='ocrx_word' id='word_1_127' title='bbox 1690 1771 1844 1810; x_wconf 89' lang='lat' dir='ltr'><strong>exer-</strong></span> 
     </span>
    </p>
   </div>
   <div class='ocr_carea' id='block_1_19' title="bbox 1950 535 3579 606">
    <p class='ocr_par' dir='ltr' id='par_1_19' title="bbox 1950 535 3579 606">
     <span class='ocr_line' id='line_1_19' title="bbox 1950 535 3579 606; baseline 0.003 -18"><span class='ocrx_word' id='word_1_128' title='bbox 1950 535 2084 606; x_wconf 91' lang='lat' dir='ltr'><strong>quia</strong></span> <span class='ocrx_word' id='word_1_129' title='bbox 2124 552 2242 593; x_wconf 90' lang='lat' dir='ltr'><strong>non</strong></span> <span class='ocrx_word' id='word_1_130' title='bbox 2278 536 2481 591; x_wconf 88' lang='lat' dir='ltr'><strong>licebat</strong></span> <span class='ocrx_word' id='word_1_131' title='bbox 2529 536 2716 605; x_wconf 81' lang='lat' dir='ltr'><strong>aliud;</strong></span> <span class='ocrx_word' id='word_1_132' title='bbox 2756 537 2853 592; x_wconf 89' lang='lat' dir='ltr'><strong>sed</strong></span> <span class='ocrx_word' id='word_1_133' title='bbox 2895 538 3169 604; x_wconf 83' lang='lat' dir='ltr'><strong>advertat,</strong></span> <span class='ocrx_word' id='word_1_134' title='bbox 3210 555 3314 593; x_wconf 91' lang='lat' dir='ltr'><strong>nos</strong></span> <span class='ocrx_word' id='word_1_135' title='bbox 3352 555 3465 594; x_wconf 89' lang='lat' dir='ltr'><strong>non</strong></span> <span class='ocrx_word' id='word_1_136' title='bbox 3510 538 3579 593; x_wconf 88' lang='lat' dir='ltr'><strong>de</strong></span> 
     </span>
    </p>
   </div>
   <div class='ocr_carea' id='block_1_20' title="bbox 1949 629 3579 700">
    <p class='ocr_par' dir='ltr' id='par_1_20' title="bbox 1949 629 3579 700">
     <span class='ocr_line' id='line_1_20' title="bbox 1949 629 3579 700; baseline 0.003 -17"><span class='ocrx_word' id='word_1_137' title='bbox 1949 629 2202 700; x_wconf 88' lang='lat' dir='ltr'><strong>periculo</strong></span> <span class='ocrx_word' id='word_1_138' title='bbox 2246 631 2538 698; x_wconf 88' lang='lat' dir='ltr'><strong>metuisse,</strong></span> <span class='ocrx_word' id='word_1_139' title='bbox 2590 630 2689 696; x_wconf 84' lang='lat' dir='ltr'><strong>sed</strong></span> <span class='ocrx_word' id='word_1_140' title='bbox 2739 631 3122 687; x_wconf 86' lang='lat' dir='ltr'><strong>reverentiam</strong></span> <span class='ocrx_word' id='word_1_141' title='bbox 3172 631 3307 687; x_wconf 86' lang='lat' dir='ltr'><strong>belli</strong></span> <span class='ocrx_word' id='word_1_142' title='bbox 3367 631 3579 688; x_wconf 87' lang='lat' dir='ltr'><strong>arbitro</strong></span> 
     </span>
    </p>
   </div>
   <div class='ocr_carea' id='block_1_21' title="bbox 1948 724 3578 795">
    <p class='ocr_par' dir='ltr' id='par_1_21' title="bbox 1948 724 3578 795">
     <span class='ocr_line' id='line_1_21' title="bbox 1948 724 3578 795; baseline 0.002 -18"><span class='ocrx_word' id='word_1_143' title='bbox 1948 724 2338 779; x_wconf 87' lang='lat' dir='ltr'><strong>reservavisse.</strong></span> <span class='ocrx_word' id='word_1_144' title='bbox 2361 725 2518 779; x_wconf 87' lang='lat' dir='ltr'><strong>Licet</strong></span> <span class='ocrx_word' id='word_1_145' title='bbox 2537 724 2836 795; x_wconf 72' lang='lat' dir='ltr'><strong>praelibare</strong></span> <span class='ocrx_word' id='word_1_146' title='bbox 2857 725 3099 793; x_wconf 89' lang='lat' dir='ltr'><strong>bellum,</strong></span> <span class='ocrx_word' id='word_1_147' title='bbox 3121 730 3314 781; x_wconf 89' lang='lat' dir='ltr'><strong>tenere</strong></span> <span class='ocrx_word' id='word_1_148' title='bbox 3333 726 3578 792; x_wconf 86' lang='lat' dir='ltr'><strong>hostem,</strong></span> 
     </span>
    </p>
   </div>
   <div class='ocr_carea' id='block_1_22' title="bbox 1951 817 3578 889">
    <p class='ocr_par' dir='ltr' id='par_1_22' title="bbox 1951 817 3578 889">
     <span class='ocr_line' id='line_1_22' title="bbox 1951 817 3578 889; baseline 0.002 -18"><span class='ocrx_word' id='word_1_149' title='bbox 1951 834 2145 889; x_wconf 88' lang='lat' dir='ltr'><strong>rapere</strong></span> <span class='ocrx_word' id='word_1_150' title='bbox 2182 817 2497 885; x_wconf 87' lang='lat' dir='ltr'><strong>victoriam,</strong></span> <span class='ocrx_word' id='word_1_151' title='bbox 2528 818 2667 872; x_wconf 90' lang='lat' dir='ltr'><strong>dum</strong></span> <span class='ocrx_word' id='word_1_152' title='bbox 2696 819 3028 889; x_wconf 87' lang='lat' dir='ltr'><strong>adjumenta</strong></span> <span class='ocrx_word' id='word_1_153' title='bbox 3068 819 3324 888; x_wconf 90' lang='lat' dir='ltr'><strong>veniunt,</strong></span> <span class='ocrx_word' id='word_1_154' title='bbox 3358 835 3430 874; x_wconf 91' lang='lat' dir='ltr'><strong>ne</strong></span> <span class='ocrx_word' id='word_1_155' title='bbox 3467 837 3578 874; x_wconf 91' lang='lat' dir='ltr'><strong>nou</strong></span> 
     </span>
    </p>
   </div>
   <div class='ocr_carea' id='block_1_23' title="bbox 1948 911 3578 984">
    <p class='ocr_par' dir='ltr' id='par_1_23' title="bbox 1948 911 3578 984">
     <span class='ocr_line' id='line_1_23' title="bbox 1948 911 3578 984; baseline 0.002 -20"><span class='ocrx_word' id='word_1_156' title='bbox 1948 918 2064 965; x_wconf 89' lang='lat' dir='ltr'><strong>tam</strong></span> <span class='ocrx_word' id='word_1_157' title='bbox 2107 916 2408 982; x_wconf 87' lang='lat' dir='ltr'><strong>superatos</strong></span> <span class='ocrx_word' id='word_1_158' title='bbox 2435 911 2809 981; x_wconf 86' lang='lat' dir='ltr'><strong>adversarios,</strong></span> <span class='ocrx_word' id='word_1_159' title='bbox 2838 913 3133 967; x_wconf 90' lang='lat' dir='ltr'><strong>communi</strong></span> <span class='ocrx_word' id='word_1_160' title='bbox 3170 911 3376 968; x_wconf 88' lang='lat' dir='ltr'><strong>robore</strong></span> <span class='ocrx_word' id='word_1_161' title='bbox 3406 929 3578 984; x_wconf 86' lang='lat' dir='ltr'><strong>quam</strong></span> 
     </span>
    </p>
   </div>
   <div class='ocr_carea' id='block_1_24' title="bbox 1948 1005 3578 1077">
    <p class='ocr_par' dir='ltr' id='par_1_24' title="bbox 1948 1005 3578 1077">
     <span class='ocr_line' id='line_1_24' title="bbox 1948 1005 3578 1077; baseline 0 -18"><span class='ocrx_word' id='word_1_162' title='bbox 1948 1007 2233 1076; x_wconf 86' lang='lat' dir='ltr'><strong>protectos</strong></span> <span class='ocrx_word' id='word_1_163' title='bbox 2266 1022 2366 1059; x_wconf 88' lang='lat' dir='ltr'><strong>nos</strong></span> <span class='ocrx_word' id='word_1_164' title='bbox 2394 1005 2601 1060; x_wconf 89' lang='lat' dir='ltr'><strong>virtute</strong></span> <span class='ocrx_word' id='word_1_165' title='bbox 2627 1022 2726 1060; x_wconf 88' lang='lat' dir='ltr'><strong>sua</strong></span> <span class='ocrx_word' id='word_1_166' title='bbox 2748 1006 2989 1076; x_wconf 81' lang='lat' dir='ltr'><strong>jactent,</strong></span> <span class='ocrx_word' id='word_1_167' title='bbox 3022 1007 3119 1077; x_wconf 88' lang='lat' dir='ltr'><strong>qui</strong></span> <span class='ocrx_word' id='word_1_168' title='bbox 3149 1006 3429 1062; x_wconf 88' lang='lat' dir='ltr'><strong>venerint.</strong></span> <span class='ocrx_word' id='word_1_169' title='bbox 3457 1008 3578 1071; x_wconf 88' lang='lat' dir='ltr'><strong>Quo</strong></span> 
     </span>
    </p>
   </div>
   <div class='ocr_carea' id='block_1_25' title="bbox 1949 1099 3576 1170">
    <p class='ocr_par' dir='ltr' id='par_1_25' title="bbox 1949 1099 3576 1170">
     <span class='ocr_line' id='line_1_25' title="bbox 1949 1099 3576 1170; baseline 0.001 -18"><span class='ocrx_word' id='word_1_170' title='bbox 1949 1099 2125 1169; x_wconf 81' lang='lat' dir='ltr'><strong>igitur</strong></span> <span class='ocrx_word' id='word_1_171' title='bbox 2150 1115 2249 1153; x_wconf 90' lang='lat' dir='ltr'><strong>ore</strong></span> <span class='ocrx_word' id='word_1_172' title='bbox 2276 1100 2334 1152; x_wconf 90' lang='lat' dir='ltr'><strong>in</strong></span> <span class='ocrx_word' id='word_1_173' title='bbox 2363 1102 2734 1170; x_wconf 88' lang='lat' dir='ltr'><strong>conspectum</strong></span> <span class='ocrx_word' id='word_1_174' title='bbox 2757 1099 2930 1170; x_wconf 86' lang='lat' dir='ltr'><strong>patris</strong></span> <span class='ocrx_word' id='word_1_175' title='bbox 2958 1099 3268 1167; x_wconf 88' lang='lat' dir='ltr'><strong>veniemus,</strong></span> <span class='ocrx_word' id='word_1_176' title='bbox 3295 1100 3340 1154; x_wconf 89' lang='lat' dir='ltr'><strong>si</strong></span> <span class='ocrx_word' id='word_1_177' title='bbox 3363 1100 3576 1154; x_wconf 90' lang='lat' dir='ltr'><strong>bellum</strong></span> 
     </span>
    </p>
   </div>
   <div class='ocr_carea' id='block_1_26' title="bbox 1951 1192 3580 1265">
    <p class='ocr_par' dir='ltr' id='par_1_26' title="bbox 1951 1192 3580 1265">
     <span class='ocr_line' id='line_1_26' title="bbox 1951 1192 3580 1265; baseline 0 -19"><span class='ocrx_word' id='word_1_178' title='bbox 1951 1192 2199 1264; x_wconf 89' lang='lat' dir='ltr'><strong>incipere</strong></span> <span class='ocrx_word' id='word_1_179' title='bbox 2229 1193 2634 1248; x_wconf 86' lang='lat' dir='ltr'><strong>timuerimus?</strong></span> <span class='ocrx_word' id='word_1_180' title='bbox 2657 1193 2780 1257; x_wconf 92' lang='lat' dir='ltr'><strong>Quo</strong></span> <span class='ocrx_word' id='word_1_181' title='bbox 2800 1193 3019 1265; x_wconf 89' lang='lat' dir='ltr'><strong>pudore</strong></span> <span class='ocrx_word' id='word_1_182' title='bbox 3042 1193 3298 1265; x_wconf 87' lang='lat' dir='ltr'><strong>degener</strong></span> <span class='ocrx_word' id='word_1_183' title='bbox 3317 1193 3468 1248; x_wconf 85' lang='lat' dir='ltr'><strong>ﬁlius</strong></span> <span class='ocrx_word' id='word_1_184' title='bbox 3494 1211 3580 1246; x_wconf 37' lang='lat' dir='ltr'><strong>sui</strong></span> 
     </span>
    </p>
   </div>
   <div class='ocr_carea' id='block_1_27' title="bbox 1946 1287 3577 1358">
    <p class='ocr_par' dir='ltr' id='par_1_27' title="bbox 1946 1287 3577 1358">
     <span class='ocr_line' id='line_1_27' title="bbox 1946 1287 3577 1358; baseline -0.001 -17"><span class='ocrx_word' id='word_1_185' title='bbox 1946 1287 2076 1342; x_wconf 87' lang='lat' dir='ltr'><strong>bibo</strong></span> <span class='ocrx_word' id='word_1_186' title='bbox 2104 1288 2298 1342; x_wconf 89' lang='lat' dir='ltr'><strong>oculos</strong></span> <span class='ocrx_word' id='word_1_187' title='bbox 2329 1287 2469 1342; x_wconf 90' lang='lat' dir='ltr'><strong>tanti</strong></span> <span class='ocrx_word' id='word_1_188' title='bbox 2502 1287 2625 1354; x_wconf 89' lang='lat' dir='ltr'><strong>viri,</strong></span> <span class='ocrx_word' id='word_1_189' title='bbox 2651 1287 2747 1358; x_wconf 89' lang='lat' dir='ltr'><strong>qui</strong></span> <span class='ocrx_word' id='word_1_190' title='bbox 2778 1287 2991 1342; x_wconf 90' lang='lat' dir='ltr'><strong>nesciat</strong></span> <span class='ocrx_word' id='word_1_191' title='bbox 3019 1288 3260 1342; x_wconf 89' lang='lat' dir='ltr'><strong>militem</strong></span> <span class='ocrx_word' id='word_1_192' title='bbox 3281 1304 3448 1342; x_wconf 91' lang='lat' dir='ltr'><strong>suum</strong></span> <span class='ocrx_word' id='word_1_193' title='bbox 3472 1288 3577 1342; x_wconf 83' lang='lat' dir='ltr'><strong>nisi</strong></span> 
     </span>
    </p>
   </div>
   <div class='ocr_carea' id='block_1_28' title="bbox 1946 1380 3575 1452">
    <p class='ocr_par' dir='ltr' id='par_1_28' title="bbox 1946 1380 3575 1452">
     <span class='ocr_line' id='line_1_28' title="bbox 1946 1380 3575 1452; baseline 0.001 -19"><span class='ocrx_word' id='word_1_194' title='bbox 1946 1380 2222 1435; x_wconf 89' lang='lat' dir='ltr'><strong>victorem</strong></span> <span class='ocrx_word' id='word_1_195' title='bbox 2263 1381 2493 1435; x_wconf 87' lang='lat' dir='ltr'><strong>videre?</strong></span> <span class='ocrx_word' id='word_1_196' title='bbox 2529 1381 2821 1445; x_wconf 84' lang='lat' dir='ltr'><strong>Quomodo</strong></span> <span class='ocrx_word' id='word_1_197' title='bbox 2865 1381 2989 1452; x_wconf 85' lang='lat' dir='ltr'><strong>ejus</strong></span> <span class='ocrx_word' id='word_1_198' title='bbox 3030 1397 3124 1435; x_wconf 91' lang='lat' dir='ltr'><strong>me</strong></span> <span class='ocrx_word' id='word_1_199' title='bbox 3160 1381 3399 1436; x_wconf 88' lang='lat' dir='ltr'><strong>militem</strong></span> <span class='ocrx_word' id='word_1_200' title='bbox 3445 1397 3575 1452; x_wconf 86' lang='lat' dir='ltr'><strong>pro-</strong></span> 
     </span>
    </p>
   </div>
   <div class='ocr_carea' id='block_1_29' title="bbox 1945 1474 3577 1545">
    <p class='ocr_par' dir='ltr' id='par_1_29' title="bbox 1945 1474 3577 1545">
     <span class='ocr_line' id='line_1_29' title="bbox 1945 1474 3577 1545; baseline -0.004 -16"><span class='ocrx_word' id='word_1_201' title='bbox 1945 1474 2091 1529; x_wconf 88' lang='lat' dir='ltr'><strong>babo</strong></span> <span class='ocrx_word' id='word_1_202' title='bbox 2127 1480 2186 1529; x_wconf 91' lang='lat' dir='ltr'><strong>et</strong></span> <span class='ocrx_word' id='word_1_203' title='bbox 2220 1474 2424 1541; x_wconf 87' lang='lat' dir='ltr'><strong>ﬁlium,</strong></span> <span class='ocrx_word' id='word_1_204' title='bbox 2462 1491 2592 1529; x_wconf 88' lang='lat' dir='ltr'><strong>cum</strong></span> <span class='ocrx_word' id='word_1_205' title='bbox 2638 1474 2730 1529; x_wconf 91' lang='lat' dir='ltr'><strong>ille</strong></span> <span class='ocrx_word' id='word_1_206' title='bbox 2769 1491 2995 1545; x_wconf 88' lang='lat' dir='ltr'><strong>semper</strong></span> <span class='ocrx_word' id='word_1_207' title='bbox 3032 1475 3442 1545; x_wconf 86' lang='lat' dir='ltr'><strong>triumphator,</strong></span> <span class='ocrx_word' id='word_1_208' title='bbox 3473 1492 3577 1541; x_wconf 67' lang='lat' dir='ltr'><strong>egn</strong></span> 
     </span>
    </p>
   </div>
   <div class='ocr_carea' id='block_1_30' title="bbox 1947 1568 3574 1640">
    <p class='ocr_par' dir='ltr' id='par_1_30' title="bbox 1947 1568 3574 1640">
     <span class='ocr_line' id='line_1_30' title="bbox 1947 1568 3574 1640; baseline -0.002 -18"><span class='ocrx_word' id='word_1_209' title='bbox 1947 1568 2119 1623; x_wconf 90' lang='lat' dir='ltr'><strong>etiam</strong></span> <span class='ocrx_word' id='word_1_210' title='bbox 2140 1585 2289 1638; x_wconf 90' lang='lat' dir='ltr'><strong>meo,</strong></span> <span class='ocrx_word' id='word_1_211' title='bbox 2309 1569 2463 1639; x_wconf 90' lang='lat' dir='ltr'><strong>quod</strong></span> <span class='ocrx_word' id='word_1_212' title='bbox 2487 1568 2713 1640; x_wconf 87' lang='lat' dir='ltr'><strong>gravius</strong></span> <span class='ocrx_word' id='word_1_213' title='bbox 2731 1573 2833 1635; x_wconf 89' lang='lat' dir='ltr'><strong>est,</strong></span> <span class='ocrx_word' id='word_1_214' title='bbox 2859 1569 3032 1622; x_wconf 89' lang='lat' dir='ltr'><strong>victus</strong></span> <span class='ocrx_word' id='word_1_215' title='bbox 3046 1568 3285 1639; x_wconf 89' lang='lat' dir='ltr'><strong>judicio,</strong></span> <span class='ocrx_word' id='word_1_216' title='bbox 3311 1569 3404 1638; x_wconf 88' lang='lat' dir='ltr'><strong>qui</strong></span> <span class='ocrx_word' id='word_1_217' title='bbox 3429 1569 3574 1622; x_wconf 81' lang='lat' dir='ltr'><strong>hosti</strong></span> 
     </span>
    </p>
   </div>
   <div class='ocr_carea' id='block_1_31' title="bbox 1942 1661 3572 1734">
    <p class='ocr_par' dir='ltr' id='par_1_31' title="bbox 1942 1661 3572 1734">
     <span class='ocr_line' id='line_1_31' title="bbox 1942 1661 3572 1734; baseline -0.002 -17"><span class='ocrx_word' id='word_1_218' title='bbox 1942 1662 2136 1717; x_wconf 64' lang='lat' dir='ltr'><strong>Judmo</strong></span> <span class='ocrx_word' id='word_1_219' title='bbox 2171 1662 2478 1718; x_wconf 86' lang='lat' dir='ltr'><strong>cesserim?</strong></span> <span class='ocrx_word' id='word_1_220' title='bbox 2509 1661 2650 1734; x_wconf 91' lang='lat' dir='ltr'><strong>quid</strong></span> <span class='ocrx_word' id='word_1_221' title='bbox 2681 1661 2840 1717; x_wconf 89' lang='lat' dir='ltr'><strong>vobis</strong></span> <span class='ocrx_word' id='word_1_222' title='bbox 2870 1661 2970 1716; x_wconf 85' lang='lat' dir='ltr'><strong>ﬁet</strong></span> <span class='ocrx_word' id='word_1_223' title='bbox 3004 1661 3380 1717; x_wconf 89' lang='lat' dir='ltr'><strong>condemnato</strong></span> <span class='ocrx_word' id='word_1_224' title='bbox 3409 1662 3572 1725; x_wconf 87' lang='lat' dir='ltr'><strong>duce,</strong></span> 
     </span>
    </p>
   </div>
   <div class='ocr_carea' id='block_1_32' title="bbox 1947 1753 3574 1827">
    <p class='ocr_par' dir='ltr' id='par_1_32' title="bbox 1947 1753 3574 1827">
     <span class='ocr_line' id='line_1_32' title="bbox 1947 1753 3574 1827; baseline -0.001 -17"><span class='ocrx_word' id='word_1_225' title='bbox 1947 1773 2118 1827; x_wconf 87' lang='lat' dir='ltr'><strong>quem</strong></span> <span class='ocrx_word' id='word_1_226' title='bbox 2166 1756 2325 1811; x_wconf 90' lang='lat' dir='ltr'><strong>vobis</strong></span> <span class='ocrx_word' id='word_1_227' title='bbox 2371 1758 2531 1827; x_wconf 89' lang='lat' dir='ltr'><strong>pater</strong></span> <span class='ocrx_word' id='word_1_228' title='bbox 2572 1771 2801 1811; x_wconf 90' lang='lat' dir='ltr'><strong>securus</strong></span> <span class='ocrx_word' id='word_1_229' title='bbox 2843 1753 3229 1812; x_wconf 79' lang='lat' dir='ltr'><strong>commiserit?</strong></span> <span class='ocrx_word' id='word_1_230' title='bbox 3267 1755 3375 1811; x_wconf 89' lang='lat' dir='ltr'><strong>Sed</strong></span> <span class='ocrx_word' id='word_1_231' title='bbox 3423 1756 3574 1809; x_wconf 89' lang='lat' dir='ltr'><strong>malo</strong></span> 
     </span>
    </p>
   </div>
   <div class='ocr_carea' id='block_1_33' title="bbox 209 1821 3571 1922">
    <p class='ocr_par' dir='ltr' id='par_1_33' title="bbox 209 1821 3571 1922">
     <span class='ocr_line' id='line_1_33' title="bbox 209 1821 3571 1922; baseline 0.001 -24"><span class='ocrx_word' id='word_1_232' title='bbox 209 1861 430 1912; x_wconf 89' lang='lat' dir='ltr'><strong>cemur,</strong></span> <span class='ocrx_word' id='word_1_233' title='bbox 455 1849 515 1900; x_wconf 94' lang='lat' dir='ltr'><strong>ut</strong></span> <span class='ocrx_word' id='word_1_234' title='bbox 539 1846 597 1900; x_wconf 87' lang='lat' dir='ltr'><strong>in</strong></span> <span class='ocrx_word' id='word_1_235' title='bbox 622 1846 768 1900; x_wconf 90' lang='lat' dir='ltr'><strong>bello</strong></span> <span class='ocrx_word' id='word_1_236' title='bbox 795 1863 959 1902; x_wconf 90' lang='lat' dir='ltr'><strong>casus</strong></span> <span class='ocrx_word' id='word_1_237' title='bbox 984 1847 1118 1902; x_wconf 90' lang='lat' dir='ltr'><strong>belli</strong></span> <span class='ocrx_word' id='word_1_238' title='bbox 1139 1847 1340 1903; x_wconf 89' lang='lat' dir='ltr'><strong>dubios</strong></span> <span class='ocrx_word' id='word_1_239' title='bbox 1367 1865 1484 1904; x_wconf 92' lang='lat' dir='ltr'><strong>non</strong></span> <span class='ocrx_word' id='word_1_240' title='bbox 1506 1848 1840 1904; x_wconf 88' lang='lat' dir='ltr'><strong>sentiamus.</strong></span> <span class='ocrx_word' id='word_1_241' title='bbox 1865 1821 1920 1892; x_wconf 85' lang='lat' dir='ltr'><strong>B</strong></span> <span class='ocrx_word' id='word_1_242' title='bbox 1947 1850 2017 1905; x_wconf 89' lang='lat' dir='ltr'><strong>de</strong></span> <span class='ocrx_word' id='word_1_243' title='bbox 2047 1849 2250 1906; x_wconf 89' lang='lat' dir='ltr'><strong>virtute</strong></span> <span class='ocrx_word' id='word_1_244' title='bbox 2273 1849 2435 1904; x_wconf 87' lang='lat' dir='ltr'><strong>ducis</strong></span> <span class='ocrx_word' id='word_1_245' title='bbox 2461 1866 2578 1916; x_wconf 91' lang='lat' dir='ltr'><strong>vos,</strong></span> <span class='ocrx_word' id='word_1_246' title='bbox 2601 1866 2776 1921; x_wconf 90' lang='lat' dir='ltr'><strong>quam</strong></span> <span class='ocrx_word' id='word_1_247' title='bbox 2805 1849 2875 1904; x_wconf 89' lang='lat' dir='ltr'><strong>de</strong></span> <span class='ocrx_word' id='word_1_248' title='bbox 2897 1850 3127 1922; x_wconf 88' lang='lat' dir='ltr'><strong>ignavia</strong></span> <span class='ocrx_word' id='word_1_249' title='bbox 3145 1865 3338 1904; x_wconf 88' lang='lat' dir='ltr'><strong>causas</strong></span> <span class='ocrx_word' id='word_1_250' title='bbox 3361 1848 3571 1903; x_wconf 87' lang='lat' dir='ltr'><strong>dicere.</strong></span> 
     </span>
    </p>
   </div>
   <div class='ocr_carea' id='block_1_34' title="bbox 210 1940 1844 2010">
    <p class='ocr_par' dir='ltr' id='par_1_34' title="bbox 210 1940 1844 2010">
     <span class='ocr_line' id='line_1_34' title="bbox 210 1940 1844 2010; baseline 0.004 -18"><span class='ocrx_word' id='word_1_251' title='bbox 210 1940 448 1994; x_wconf 90' lang='lat' dir='ltr'><strong>lnsuetis</strong></span> <span class='ocrx_word' id='word_1_252' title='bbox 497 1940 652 1994; x_wconf 88' lang='lat' dir='ltr'><strong>enim</strong></span> <span class='ocrx_word' id='word_1_253' title='bbox 705 1946 940 1996; x_wconf 88' lang='lat' dir='ltr'><strong>eventus</strong></span> <span class='ocrx_word' id='word_1_254' title='bbox 992 1941 1185 2010; x_wconf 89' lang='lat' dir='ltr'><strong>dubii,</strong></span> <span class='ocrx_word' id='word_1_255' title='bbox 1238 1943 1518 1997; x_wconf 80' lang='lat' dir='ltr'><strong>veteranis</strong></span> <span class='ocrx_word' id='word_1_256' title='bbox 1575 1943 1844 1998; x_wconf 89' lang='lat' dir='ltr'><strong>solemnis</strong></span> 
     </span>
    </p>
   </div>
   <div class='ocr_carea' id='block_1_35' title="bbox 212 2033 1842 2109">
    <p class='ocr_par' dir='ltr' id='par_1_35' title="bbox 212 2033 1842 2109">
     <span class='ocr_line' id='line_1_35' title="bbox 212 2033 1842 2109; baseline 0.003 -22"><span class='ocrx_word' id='word_1_257' title='bbox 212 2033 558 2105; x_wconf 88' lang='lat' dir='ltr'><strong>triumphus.</strong></span> <span class='ocrx_word' id='word_1_258' title='bbox 593 2034 736 2098; x_wconf 89' lang='lat' dir='ltr'><strong>Quid</strong></span> <span class='ocrx_word' id='word_1_259' title='bbox 769 2035 928 2089; x_wconf 90' lang='lat' dir='ltr'><strong>enim</strong></span> <span class='ocrx_word' id='word_1_260' title='bbox 969 2035 1124 2090; x_wconf 84' lang='lat' dir='ltr'><strong>aliud</strong></span> <span class='ocrx_word' id='word_1_261' title='bbox 1163 2037 1386 2108; x_wconf 87' lang='lat' dir='ltr'><strong>agimus</strong></span> <span class='ocrx_word' id='word_1_262' title='bbox 1421 2037 1695 2109; x_wconf 87' lang='lat' dir='ltr'><strong>quotidie,</strong></span> <span class='ocrx_word' id='word_1_263' title='bbox 1734 2037 1842 2092; x_wconf 89' lang='lat' dir='ltr'><strong>nisi</strong></span> 
     </span>
    </p>
   </div>
   <div class='ocr_carea' id='block_1_36' title="bbox 211 2126 1842 2202">
    <p class='ocr_par' dir='ltr' id='par_1_36' title="bbox 211 2126 1842 2202">
     <span class='ocr_line' id='line_1_36' title="bbox 211 2126 1842 2202; baseline 0.002 -21"><span class='ocrx_word' id='word_1_264' title='bbox 211 2133 273 2181; x_wconf 89' lang='lat' dir='ltr'><strong>ut</strong></span> <span class='ocrx_word' id='word_1_265' title='bbox 305 2126 473 2182; x_wconf 89' lang='lat' dir='ltr'><strong>nobis</strong></span> <span class='ocrx_word' id='word_1_266' title='bbox 508 2144 652 2182; x_wconf 91' lang='lat' dir='ltr'><strong>vana</strong></span> <span class='ocrx_word' id='word_1_267' title='bbox 686 2144 982 2200; x_wconf 87' lang='lat' dir='ltr'><strong>nunquam</strong></span> <span class='ocrx_word' id='word_1_268' title='bbox 1020 2131 1211 2199; x_wconf 62' lang='lat' dir='ltr'><strong>praelia</strong></span> <span class='ocrx_word' id='word_1_269' title='bbox 1249 2131 1404 2184; x_wconf 83' lang='lat' dir='ltr'><strong>sint?</strong></span> <span class='ocrx_word' id='word_1_270' title='bbox 1446 2131 1842 2202; x_wconf 87' lang='lat' dir='ltr'><strong>Unusquisque</strong></span> 
     </span>
    </p>
   </div>
   <div class='ocr_carea' id='block_1_37' title="bbox 209 2220 1843 2295">
    <p class='ocr_par' dir='ltr' id='par_1_37' title="bbox 209 2220 1843 2295">
     <span class='ocr_line' id='line_1_37' title="bbox 209 2220 1843 2295; baseline 0.002 -20"><span class='ocrx_word' id='word_1_271' title='bbox 209 2221 368 2276; x_wconf 90' lang='lat' dir='ltr'><strong>domi</strong></span> <span class='ocrx_word' id='word_1_272' title='bbox 395 2220 555 2293; x_wconf 88' lang='lat' dir='ltr'><strong>quasi</strong></span> <span class='ocrx_word' id='word_1_273' title='bbox 586 2221 644 2276; x_wconf 87' lang='lat' dir='ltr'><strong>in</strong></span> <span class='ocrx_word' id='word_1_274' title='bbox 678 2222 877 2293; x_wconf 75' lang='lat' dir='ltr'><strong>prealio</strong></span> <span class='ocrx_word' id='word_1_275' title='bbox 905 2230 1225 2291; x_wconf 84' lang='lat' dir='ltr'><strong>exercetur,</strong></span> <span class='ocrx_word' id='word_1_276' title='bbox 1255 2229 1318 2279; x_wconf 91' lang='lat' dir='ltr'><strong>ut</strong></span> <span class='ocrx_word' id='word_1_277' title='bbox 1349 2225 1408 2278; x_wconf 89' lang='lat' dir='ltr'><strong>in</strong></span> <span class='ocrx_word' id='word_1_278' title='bbox 1443 2224 1639 2295; x_wconf 63' lang='lat' dir='ltr'><strong>praalio</strong></span> <span class='ocrx_word' id='word_1_279' title='bbox 1670 2224 1843 2280; x_wconf 90' lang='lat' dir='ltr'><strong>medi-</strong></span> 
     </span>
    </p>
   </div>
   <div class='ocr_carea' id='block_1_38' title="bbox 207 2315 1845 2390">
    <p class='ocr_par' dir='ltr' id='par_1_38' title="bbox 207 2315 1845 2390">
     <span class='ocr_line' id='line_1_38' title="bbox 207 2315 1845 2390; baseline 0.002 -20"><span class='ocrx_word' id='word_1_280' title='bbox 207 2315 348 2370; x_wconf 84' lang='lat' dir='ltr'><strong>tatio</strong></span> <span class='ocrx_word' id='word_1_281' title='bbox 377 2315 640 2387; x_wconf 54' lang='lat' dir='ltr'><strong>quadam</strong></span> <span class='ocrx_word' id='word_1_282' title='bbox 669 2317 998 2371; x_wconf 87' lang='lat' dir='ltr'><strong>certaminis</strong></span> <span class='ocrx_word' id='word_1_283' title='bbox 1023 2317 1114 2372; x_wconf 91' lang='lat' dir='ltr'><strong>sit.</strong></span> <span class='ocrx_word' id='word_1_284' title='bbox 1145 2317 1399 2390; x_wconf 90' lang='lat' dir='ltr'><strong>Denique</strong></span> <span class='ocrx_word' id='word_1_285' title='bbox 1429 2335 1546 2373; x_wconf 89' lang='lat' dir='ltr'><strong>nou</strong></span> <span class='ocrx_word' id='word_1_286' title='bbox 1569 2319 1845 2374; x_wconf 88' lang='lat' dir='ltr'><strong>erraverit</strong></span> 
     </span>
    </p>
   </div>
   <div class='ocr_carea' id='block_1_39' title="bbox 203 2409 1839 2482">
    <p class='ocr_par' dir='ltr' id='par_1_39' title="bbox 203 2409 1839 2482">
     <span class='ocr_line' id='line_1_39' title="bbox 203 2409 1839 2482; baseline 0.001 -17"><span class='ocrx_word' id='word_1_287' title='bbox 203 2409 518 2482; x_wconf 86' lang='lat' dir='ltr'><strong>quisquam</strong></span> <span class='ocrx_word' id='word_1_288' title='bbox 568 2425 860 2478; x_wconf 89' lang='lat' dir='ltr'><strong>asserens,</strong></span> <span class='ocrx_word' id='word_1_289' title='bbox 916 2411 1072 2482; x_wconf 88' lang='lat' dir='ltr'><strong>quod</strong></span> <span class='ocrx_word' id='word_1_290' title='bbox 1129 2411 1537 2467; x_wconf 87' lang='lat' dir='ltr'><strong>meditationes</strong></span> <span class='ocrx_word' id='word_1_291' title='bbox 1599 2416 1839 2480; x_wconf 70' lang='lat' dir='ltr'><strong>nostrae,</strong></span> 
     </span>
    </p>
   </div>
   <div class='ocr_carea' id='block_1_40' title="bbox 201 2502 1842 2574">
    <p class='ocr_par' dir='ltr' id='par_1_40' title="bbox 201 2502 1842 2574">
     <span class='ocr_line' id='line_1_40' title="bbox 201 2502 1842 2574; baseline 0.002 -18"><span class='ocrx_word' id='word_1_292' title='bbox 201 2503 365 2557; x_wconf 87' lang='lat' dir='ltr'><strong>bella</strong></span> <span class='ocrx_word' id='word_1_293' title='bbox 400 2502 520 2556; x_wconf 88' lang='lat' dir='ltr'><strong>sine</strong></span> <span class='ocrx_word' id='word_1_294' title='bbox 551 2503 830 2574; x_wconf 86' lang='lat' dir='ltr'><strong>sanguine</strong></span> <span class='ocrx_word' id='word_1_295' title='bbox 869 2504 1000 2572; x_wconf 87' lang='lat' dir='ltr'><strong>sint,</strong></span> <span class='ocrx_word' id='word_1_296' title='bbox 1034 2504 1175 2558; x_wconf 90' lang='lat' dir='ltr'><strong>bella</strong></span> <span class='ocrx_word' id='word_1_297' title='bbox 1211 2511 1402 2560; x_wconf 88' lang='lat' dir='ltr'><strong>nostra</strong></span> <span class='ocrx_word' id='word_1_298' title='bbox 1442 2505 1842 2561; x_wconf 88' lang='lat' dir='ltr'><strong>meditationes</strong></span> 
     </span>
    </p>
   </div>
   <div class='ocr_carea' id='block_1_41' title="bbox 204 2597 1838 2671">
    <p class='ocr_par' dir='ltr' id='par_1_41' title="bbox 204 2597 1838 2671">
     <span class='ocr_line' id='line_1_41' title="bbox 204 2597 1838 2671; baseline 0.002 -21"><span class='ocrx_word' id='word_1_299' title='bbox 204 2598 344 2651; x_wconf 90' lang='lat' dir='ltr'><strong>sint.</strong></span> <span class='ocrx_word' id='word_1_300' title='bbox 379 2597 783 2669; x_wconf 89' lang='lat' dir='ltr'><strong>Progredimur</strong></span> <span class='ocrx_word' id='word_1_301' title='bbox 812 2597 871 2651; x_wconf 90' lang='lat' dir='ltr'><strong>in</strong></span> <span class='ocrx_word' id='word_1_302' title='bbox 903 2597 1114 2653; x_wconf 89' lang='lat' dir='ltr'><strong>bellum</strong></span> <span class='ocrx_word' id='word_1_303' title='bbox 1145 2599 1375 2666; x_wconf 90' lang='lat' dir='ltr'><strong>muniti,</strong></span> <span class='ocrx_word' id='word_1_304' title='bbox 1409 2600 1663 2670; x_wconf 90' lang='lat' dir='ltr'><strong>undique</strong></span> <span class='ocrx_word' id='word_1_305' title='bbox 1697 2600 1838 2671; x_wconf 87' lang='lat' dir='ltr'><strong>tegi-</strong></span> 
     </span>
    </p>
   </div>
   <div class='ocr_carea' id='block_1_42' title="bbox 207 2691 1840 2765">
    <p class='ocr_par' dir='ltr' id='par_1_42' title="bbox 207 2691 1840 2765">
     <span class='ocr_line' id='line_1_42' title="bbox 207 2691 1840 2765; baseline 0.002 -20"><span class='ocrx_word' id='word_1_306' title='bbox 207 2695 306 2745; x_wconf 89' lang='lat' dir='ltr'><strong>tur</strong></span> <span class='ocrx_word' id='word_1_307' title='bbox 353 2692 520 2764; x_wconf 87' lang='lat' dir='ltr'><strong>galea</strong></span> <span class='ocrx_word' id='word_1_308' title='bbox 567 2696 756 2763; x_wconf 91' lang='lat' dir='ltr'><strong>caput,</strong></span> <span class='ocrx_word' id='word_1_309' title='bbox 809 2691 987 2746; x_wconf 88' lang='lat' dir='ltr'><strong>lorica</strong></span> <span class='ocrx_word' id='word_1_310' title='bbox 1033 2697 1252 2764; x_wconf 91' lang='lat' dir='ltr'><strong>pectus,</strong></span> <span class='ocrx_word' id='word_1_311' title='bbox 1294 2697 1592 2765; x_wconf 90' lang='lat' dir='ltr'><strong>totumque</strong></span> <span class='ocrx_word' id='word_1_312' title='bbox 1640 2695 1840 2765; x_wconf 79' lang='lat' dir='ltr'><strong>clypeo</strong></span> 
     </span>
    </p>
   </div>
   <div class='ocr_carea' id='block_1_43' title="bbox 203 2784 1855 2861">
    <p class='ocr_par' dir='ltr' id='par_1_43' title="bbox 203 2784 1855 2861">
     <span class='ocr_line' id='line_1_43' title="bbox 203 2784 1855 2861; baseline 0.002 -22"><span class='ocrx_word' id='word_1_313' title='bbox 203 2801 441 2861; x_wconf 75' lang='lat' dir='ltr'><strong>corpus,</strong></span> <span class='ocrx_word' id='word_1_314' title='bbox 459 2784 560 2839; x_wconf 88' lang='lat' dir='ltr'><strong>ubi</strong></span> <span class='ocrx_word' id='word_1_315' title='bbox 581 2785 748 2840; x_wconf 87' lang='lat' dir='ltr'><strong>feriat</strong></span> <span class='ocrx_word' id='word_1_316' title='bbox 769 2786 945 2840; x_wconf 90' lang='lat' dir='ltr'><strong>hostis</strong></span> <span class='ocrx_word' id='word_1_317' title='bbox 969 2787 1289 2842; x_wconf 81' lang='lat' dir='ltr'><strong>Romanum</strong></span> <span class='ocrx_word' id='word_1_318' title='bbox 1311 2786 1570 2856; x_wconf 86' lang='lat' dir='ltr'><strong>militem,</strong></span> <span class='ocrx_word' id='word_1_319' title='bbox 1589 2787 1855 2858; x_wconf 88' lang='lat' dir='ltr'><strong>reperire.</strong></span> 
     </span>
    </p>
   </div>
   <div class='ocr_carea' id='block_1_44' title="bbox 205 2880 1843 2951">
    <p class='ocr_par' dir='ltr' id='par_1_44' title="bbox 205 2880 1843 2951">
     <span class='ocr_line' id='line_1_44' title="bbox 205 2880 1843 2951; baseline 0 -17"><span class='ocrx_word' id='word_1_320' title='bbox 205 2895 327 2934; x_wconf 87' lang='lat' dir='ltr'><strong>non</strong></span> <span class='ocrx_word' id='word_1_321' title='bbox 367 2882 572 2950; x_wconf 89' lang='lat' dir='ltr'><strong>potest,</strong></span> <span class='ocrx_word' id='word_1_322' title='bbox 603 2896 774 2950; x_wconf 90' lang='lat' dir='ltr'><strong>quem</strong></span> <span class='ocrx_word' id='word_1_323' title='bbox 807 2880 961 2934; x_wconf 87' lang='lat' dir='ltr'><strong>ferro</strong></span> <span class='ocrx_word' id='word_1_324' title='bbox 997 2883 1225 2951; x_wconf 87' lang='lat' dir='ltr'><strong>septum</strong></span> <span class='ocrx_word' id='word_1_325' title='bbox 1269 2880 1675 2951; x_wconf 89' lang='lat' dir='ltr'><strong>circumspicit.</strong></span> <span class='ocrx_word' id='word_1_326' title='bbox 1708 2880 1843 2937; x_wconf 88' lang='lat' dir='ltr'><strong>Aliis</strong></span> 
     </span>
    </p>
   </div>
   <div class='ocr_carea' id='block_1_45' title="bbox 206 2973 1842 3046">
    <p class='ocr_par' dir='ltr' id='par_1_45' title="bbox 206 2973 1842 3046">
     <span class='ocr_line' id='line_1_45' title="bbox 206 2973 1842 3046; baseline 0.001 -18"><span class='ocrx_word' id='word_1_327' title='bbox 206 2973 351 3028; x_wconf 87' lang='lat' dir='ltr'><strong>talia</strong></span> <span class='ocrx_word' id='word_1_328' title='bbox 378 2990 542 3028; x_wconf 89' lang='lat' dir='ltr'><strong>arma</strong></span> <span class='ocrx_word' id='word_1_329' title='bbox 569 2973 730 3028; x_wconf 84' lang='lat' dir='ltr'><strong>oneri</strong></span> <span class='ocrx_word' id='word_1_330' title='bbox 755 2977 907 3042; x_wconf 89' lang='lat' dir='ltr'><strong>sunt,</strong></span> <span class='ocrx_word' id='word_1_331' title='bbox 934 2974 1098 3029; x_wconf 90' lang='lat' dir='ltr'><strong>nobis</strong></span> <span class='ocrx_word' id='word_1_332' title='bbox 1128 2975 1546 3045; x_wconf 83' lang='lat' dir='ltr'><strong>integumento,</strong></span> <span class='ocrx_word' id='word_1_333' title='bbox 1575 2976 1712 3046; x_wconf 89' lang='lat' dir='ltr'><strong>quia</strong></span> <span class='ocrx_word' id='word_1_334' title='bbox 1740 2991 1842 3030; x_wconf 90' lang='lat' dir='ltr'><strong>usu</strong></span> 
     </span>
    </p>
   </div>
   <div class='ocr_carea' id='block_1_46' title="bbox 204 3068 1838 3140">
    <p class='ocr_par' dir='ltr' id='par_1_46' title="bbox 204 3068 1838 3140">
     <span class='ocr_line' id='line_1_46' title="bbox 204 3068 1838 3140; baseline 0.002 -20"><span class='ocrx_word' id='word_1_335' title='bbox 204 3069 492 3122; x_wconf 79' lang='lat' dir='ltr'><strong>levantur.</strong></span> <span class='ocrx_word' id='word_1_336' title='bbox 522 3068 835 3123; x_wconf 86' lang='lat' dir='ltr'><strong>Adversum</strong></span> <span class='ocrx_word' id='word_1_337' title='bbox 878 3068 1128 3122; x_wconf 88' lang='lat' dir='ltr'><strong>inermes</strong></span> <span class='ocrx_word' id='word_1_338' title='bbox 1167 3068 1342 3139; x_wconf 84' lang='lat' dir='ltr'><strong>igitur</strong></span> <span class='ocrx_word' id='word_1_339' title='bbox 1378 3085 1442 3123; x_wconf 93' lang='lat' dir='ltr'><strong>ac</strong></span> <span class='ocrx_word' id='word_1_340' title='bbox 1481 3069 1665 3123; x_wconf 90' lang='lat' dir='ltr'><strong>nudos</strong></span> <span class='ocrx_word' id='word_1_341' title='bbox 1694 3085 1838 3140; x_wconf 63' lang='lat' dir='ltr'><strong>pra:-</strong></span> 
     </span>
    </p>
   </div>
   <div class='ocr_carea' id='block_1_47' title="bbox 1945 1943 3571 2015">
    <p class='ocr_par' dir='ltr' id='par_1_47' title="bbox 1945 1943 3571 2015">
     <span class='ocr_line' id='line_1_47' title="bbox 1945 1943 3571 2015; baseline -0.002 -16"><span class='ocrx_word' id='word_1_342' title='bbox 1945 1946 2287 2000; x_wconf 88' lang='lat' dir='ltr'><strong>Proruamus</strong></span> <span class='ocrx_word' id='word_1_343' title='bbox 2316 1944 2493 2015; x_wconf 88' lang='lat' dir='ltr'><strong>igitur</strong></span> <span class='ocrx_word' id='word_1_344' title='bbox 2520 1944 2578 1997; x_wconf 88' lang='lat' dir='ltr'><strong>in</strong></span> <span class='ocrx_word' id='word_1_345' title='bbox 2605 1943 2978 2011; x_wconf 84' lang='lat' dir='ltr'><strong>adversarios,</strong></span> <span class='ocrx_word' id='word_1_346' title='bbox 3008 1959 3408 2014; x_wconf 88' lang='lat' dir='ltr'><strong>properemus,</strong></span> <span class='ocrx_word' id='word_1_347' title='bbox 3435 1959 3571 2013; x_wconf 84' lang='lat' dir='ltr'><strong>pro-</strong></span> 
     </span>
    </p>
   </div>
   <div class='ocr_carea' id='block_1_48' title="bbox 1944 2036 3570 2108">
    <p class='ocr_par' dir='ltr' id='par_1_48' title="bbox 1944 2036 3570 2108">
     <span class='ocr_line' id='line_1_48' title="bbox 1944 2036 3570 2108; baseline -0.002 -16"><span class='ocrx_word' id='word_1_348' title='bbox 1944 2042 2199 2092; x_wconf 88' lang='lat' dir='ltr'><strong>teramus</strong></span> <span class='ocrx_word' id='word_1_349' title='bbox 2225 2037 2338 2108; x_wconf 73' lang='grc'>(46)</span> <span class='ocrx_word' id='word_1_350' title='bbox 2367 2037 2616 2092; x_wconf 89' lang='lat' dir='ltr'><strong>hostem.</strong></span> <span class='ocrx_word' id='word_1_351' title='bbox 2656 2037 2880 2092; x_wconf 89' lang='lat' dir='ltr'><strong>Primus</strong></span> <span class='ocrx_word' id='word_1_352' title='bbox 2923 2037 2982 2092; x_wconf 88' lang='lat' dir='ltr'><strong>in</strong></span> <span class='ocrx_word' id='word_1_353' title='bbox 3023 2036 3342 2107; x_wconf 89' lang='lat' dir='ltr'><strong>periculum</strong></span> <span class='ocrx_word' id='word_1_354' title='bbox 3374 2052 3570 2091; x_wconf 84' lang='lat' dir='ltr'><strong>excur-</strong></span> 
     </span>
    </p>
   </div>
   <div class='ocr_carea' id='block_1_49' title="bbox 1946 2129 3571 2202">
    <p class='ocr_par' dir='ltr' id='par_1_49' title="bbox 1946 2129 3571 2202">
     <span class='ocr_line' id='line_1_49' title="bbox 1946 2129 3571 2202; baseline -0.002 -16"><span class='ocrx_word' id='word_1_355' title='bbox 1946 2147 2087 2198; x_wconf 89' lang='lat' dir='ltr'><strong>ram,</strong></span> <span class='ocrx_word' id='word_1_356' title='bbox 2107 2147 2205 2186; x_wconf 91' lang='lat' dir='ltr'><strong>vos</strong></span> <span class='ocrx_word' id='word_1_357' title='bbox 2232 2130 2562 2202; x_wconf 88' lang='lat' dir='ltr'><strong>sequimini,</strong></span> <span class='ocrx_word' id='word_1_358' title='bbox 2587 2135 2647 2185; x_wconf 89' lang='lat' dir='ltr'><strong>ut</strong></span> <span class='ocrx_word' id='word_1_359' title='bbox 2673 2130 2998 2201; x_wconf 90' lang='lat' dir='ltr'><strong>depositum</strong></span> <span class='ocrx_word' id='word_1_360' title='bbox 3025 2130 3202 2201; x_wconf 87' lang='lat' dir='ltr'><strong>patris</strong></span> <span class='ocrx_word' id='word_1_361' title='bbox 3227 2129 3571 2194; x_wconf 78' lang='lat' dir='ltr'><strong>custodiatis,</strong></span> 
     </span>
    </p>
   </div>
   <div class='ocr_carea' id='block_1_50' title="bbox 1945 2224 3572 2296">
    <p class='ocr_par' dir='ltr' id='par_1_50' title="bbox 1945 2224 3572 2296">
     <span class='ocr_line' id='line_1_50' title="bbox 1945 2224 3572 2296; baseline -0.002 -16"><span class='ocrx_word' id='word_1_362' title='bbox 1945 2228 2001 2280; x_wconf 89' lang='lat' dir='ltr'><strong>et</strong></span> <span class='ocrx_word' id='word_1_363' title='bbox 2048 2224 2410 2280; x_wconf 89' lang='lat' dir='ltr'><strong>commissum</strong></span> <span class='ocrx_word' id='word_1_364' title='bbox 2457 2225 2636 2296; x_wconf 88' lang='lat' dir='ltr'><strong>patris</strong></span> <span class='ocrx_word' id='word_1_365' title='bbox 2693 2224 3009 2280; x_wconf 76' lang='lat' dir='ltr'><strong>reservatis.</strong></span> <span class='ocrx_word' id='word_1_366' title='bbox 3054 2225 3174 2296; x_wconf 85' lang='lat' dir='ltr'><strong>Ego</strong></span> <span class='ocrx_word' id='word_1_367' title='bbox 3217 2229 3408 2280; x_wconf 88' lang='lat' dir='ltr'><strong>autem</strong></span> <span class='ocrx_word' id='word_1_368' title='bbox 3460 2239 3572 2278; x_wconf 87' lang='lat' dir='ltr'><strong>non</strong></span> 
     </span>
    </p>
   </div>
   <div class='ocr_carea' id='block_1_51' title="bbox 1945 2318 3575 2390">
    <p class='ocr_par' dir='ltr' id='par_1_51' title="bbox 1945 2318 3575 2390">
     <span class='ocr_line' id='line_1_51' title="bbox 1945 2318 3575 2390; baseline -0.002 -16"><span class='ocrx_word' id='word_1_369' title='bbox 1945 2319 2183 2390; x_wconf 89' lang='lat' dir='ltr'><strong>periculi</strong></span> <span class='ocrx_word' id='word_1_370' title='bbox 2209 2319 2388 2374; x_wconf 90' lang='lat' dir='ltr'><strong>socios</strong></span> <span class='ocrx_word' id='word_1_371' title='bbox 2419 2319 2608 2390; x_wconf 83' lang='lat' dir='ltr'><strong>exigo,</strong></span> <span class='ocrx_word' id='word_1_372' title='bbox 2628 2319 2727 2373; x_wconf 89' lang='lat' dir='ltr'><strong>sed</strong></span> <span class='ocrx_word' id='word_1_373' title='bbox 2754 2321 3047 2373; x_wconf 87' lang='lat' dir='ltr'><strong>consortes</strong></span> <span class='ocrx_word' id='word_1_374' title='bbox 3068 2318 3342 2374; x_wconf 68' lang='lat' dir='ltr'><strong>victorias.</strong></span> <span class='ocrx_word' id='word_1_375' title='bbox 3370 2319 3473 2372; x_wconf 90' lang='lat' dir='ltr'><strong>Vos</strong></span> <span class='ocrx_word' id='word_1_376' title='bbox 3501 2321 3575 2383; x_wconf 82' lang='lat' dir='ltr'><strong>ta-</strong></span> 
     </span>
    </p>
   </div>
   <div class='ocr_carea' id='block_1_52' title="bbox 1945 2411 3573 2483">
    <p class='ocr_par' dir='ltr' id='par_1_52' title="bbox 1945 2411 3573 2483">
     <span class='ocr_line' id='line_1_52' title="bbox 1945 2411 3573 2483; baseline -0.003 -15"><span class='ocrx_word' id='word_1_377' title='bbox 1945 2429 2077 2468; x_wconf 90' lang='lat' dir='ltr'><strong>men</strong></span> <span class='ocrx_word' id='word_1_378' title='bbox 2098 2417 2284 2468; x_wconf 89' lang='lat' dir='ltr'><strong>cavete</strong></span> <span class='ocrx_word' id='word_1_379' title='bbox 2317 2429 2389 2467; x_wconf 88' lang='lat' dir='ltr'><strong>ne</strong></span> <span class='ocrx_word' id='word_1_380' title='bbox 2411 2413 2659 2468; x_wconf 88' lang='lat' dir='ltr'><strong>oblatam</strong></span> <span class='ocrx_word' id='word_1_381' title='bbox 2690 2411 2848 2467; x_wconf 84' lang='lat' dir='ltr'><strong>vobis</strong></span> <span class='ocrx_word' id='word_1_382' title='bbox 2873 2413 3125 2483; x_wconf 90' lang='lat' dir='ltr'><strong>palmam</strong></span> <span class='ocrx_word' id='word_1_383' title='bbox 3145 2412 3426 2483; x_wconf 88' lang='lat' dir='ltr'><strong>triumphi</strong></span> <span class='ocrx_word' id='word_1_384' title='bbox 3452 2411 3573 2464; x_wconf 82' lang='lat' dir='ltr'><strong>aliis</strong></span> 
     </span>
    </p>
   </div>
   <div class='ocr_carea' id='block_1_53' title="bbox 1944 2505 3574 2577">
    <p class='ocr_par' dir='ltr' id='par_1_53' title="bbox 1944 2505 3574 2577">
     <span class='ocr_line' id='line_1_53' title="bbox 1944 2505 3574 2577; baseline -0.003 -16"><span class='ocrx_word' id='word_1_385' title='bbox 1944 2522 2261 2561; x_wconf 89' lang='lat' dir='ltr'><strong>reservasse</strong></span> <span class='ocrx_word' id='word_1_386' title='bbox 2292 2505 2621 2573; x_wconf 90' lang='lat' dir='ltr'><strong>videamini,</strong></span> <span class='ocrx_word' id='word_1_387' title='bbox 2647 2505 2806 2560; x_wconf 74' lang='lat' dir='ltr'><strong>vobis</strong></span> <span class='ocrx_word' id='word_1_388' title='bbox 2834 2505 3130 2577; x_wconf 88' lang='lat' dir='ltr'><strong>eripuisse.</strong></span> <span class='ocrx_word' id='word_1_389' title='bbox 3157 2505 3326 2560; x_wconf 88' lang='lat' dir='ltr'><strong>Certe</strong></span> <span class='ocrx_word' id='word_1_390' title='bbox 3349 2505 3394 2558; x_wconf 89' lang='lat' dir='ltr'><strong>si</strong></span> <span class='ocrx_word' id='word_1_391' title='bbox 3415 2521 3574 2559; x_wconf 83' lang='lat' dir='ltr'><strong>secus</strong></span> 
     </span>
    </p>
   </div>
   <div class='ocr_carea' id='block_1_54' title="bbox 1943 2597 3574 2670">
    <p class='ocr_par' dir='ltr' id='par_1_54' title="bbox 1943 2597 3574 2670">
     <span class='ocr_line' id='line_1_54' title="bbox 1943 2597 3574 2670; baseline -0.002 -16"><span class='ocrx_word' id='word_1_392' title='bbox 1943 2601 2190 2667; x_wconf 88' lang='lat' dir='ltr'><strong>cesserit,</strong></span> <span class='ocrx_word' id='word_1_393' title='bbox 2233 2600 2381 2654; x_wconf 91' lang='lat' dir='ltr'><strong>malo</strong></span> <span class='ocrx_word' id='word_1_394' title='bbox 2420 2615 2510 2654; x_wconf 90' lang='lat' dir='ltr'><strong>me</strong></span> <span class='ocrx_word' id='word_1_395' title='bbox 2549 2598 2731 2653; x_wconf 89' lang='lat' dir='ltr'><strong>ﬁlium</strong></span> <span class='ocrx_word' id='word_1_396' title='bbox 2769 2605 2934 2670; x_wconf 90' lang='lat' dir='ltr'><strong>pater</strong></span> <span class='ocrx_word' id='word_1_397' title='bbox 2970 2598 3029 2653; x_wconf 90' lang='lat' dir='ltr'><strong>in</strong></span> <span class='ocrx_word' id='word_1_398' title='bbox 3067 2597 3398 2653; x_wconf 88' lang='lat' dir='ltr'><strong>vulneribus</strong></span> <span class='ocrx_word' id='word_1_399' title='bbox 3436 2597 3574 2652; x_wconf 88' lang='lat' dir='ltr'><strong>meis</strong></span> 
     </span>
    </p>
   </div>
   <div class='ocr_carea' id='block_1_55' title="bbox 1944 2692 3570 2765">
    <p class='ocr_par' dir='ltr' id='par_1_55' title="bbox 1944 2692 3570 2765">
     <span class='ocr_line' id='line_1_55' title="bbox 1944 2692 3570 2765; baseline -0.002 -17"><span class='ocrx_word' id='word_1_400' title='bbox 1944 2695 2327 2765; x_wconf 86' lang='lat' dir='ltr'><strong>recognoscat,</strong></span> <span class='ocrx_word' id='word_1_401' title='bbox 2359 2693 2403 2747; x_wconf 91' lang='lat' dir='ltr'><strong>si</strong></span> <span class='ocrx_word' id='word_1_402' title='bbox 2441 2693 2497 2748; x_wconf 90' lang='lat' dir='ltr'><strong>in</strong></span> <span class='ocrx_word' id='word_1_403' title='bbox 2539 2692 2813 2748; x_wconf 89' lang='lat' dir='ltr'><strong>militibus</strong></span> <span class='ocrx_word' id='word_1_404' title='bbox 2853 2692 2968 2747; x_wconf 90' lang='lat' dir='ltr'><strong>suis</strong></span> <span class='ocrx_word' id='word_1_405' title='bbox 3010 2708 3123 2746; x_wconf 91' lang='lat' dir='ltr'><strong>non</strong></span> <span class='ocrx_word' id='word_1_406' title='bbox 3158 2692 3570 2762; x_wconf 86' lang='lat' dir='ltr'><strong>recognoverit.</strong></span> 
     </span>
    </p>
   </div>
   <div class='ocr_carea' id='block_1_56' title="bbox 1943 2785 3569 2857">
    <p class='ocr_par' dir='ltr' id='par_1_56' title="bbox 1943 2785 3569 2857">
     <span class='ocr_line' id='line_1_56' title="bbox 1943 2785 3569 2857; baseline -0.002 -16"><span class='ocrx_word' id='word_1_407' title='bbox 1943 2789 2227 2842; x_wconf 89' lang='lat' dir='ltr'><strong>Ponamus</strong></span> <span class='ocrx_word' id='word_1_408' title='bbox 2253 2792 2446 2842; x_wconf 89' lang='lat' dir='ltr'><strong>tamen</strong></span> <span class='ocrx_word' id='word_1_409' title='bbox 2477 2785 2690 2842; x_wconf 82' lang='lat' dir='ltr'><strong>offendi</strong></span> <span class='ocrx_word' id='word_1_410' title='bbox 2718 2792 2936 2857; x_wconf 86' lang='lat' dir='ltr'><strong>patrem</strong></span> <span class='ocrx_word' id='word_1_411' title='bbox 2967 2785 3150 2857; x_wconf 62' lang='lat' dir='ltr'><strong>praelii</strong></span> <span class='ocrx_word' id='word_1_412' title='bbox 3179 2785 3569 2857; x_wconf 86' lang='lat' dir='ltr'><strong>aggressione.</strong></span> 
     </span>
    </p>
   </div>
   <div class='ocr_carea' id='block_1_57' title="bbox 1944 2879 3571 2952">
    <p class='ocr_par' dir='ltr' id='par_1_57' title="bbox 1944 2879 3571 2952">
     <span class='ocr_line' id='line_1_57' title="bbox 1944 2879 3571 2952; baseline -0.002 -17"><span class='ocrx_word' id='word_1_413' title='bbox 1944 2881 2092 2945; x_wconf 85' lang='lat' dir='ltr'><strong>Quid</strong></span> <span class='ocrx_word' id='word_1_414' title='bbox 2130 2880 2307 2952; x_wconf 89' lang='lat' dir='ltr'><strong>igitur</strong></span> <span class='ocrx_word' id='word_1_415' title='bbox 2343 2879 2717 2947; x_wconf 89' lang='lat' dir='ltr'><strong>tolerabilius,</strong></span> <span class='ocrx_word' id='word_1_416' title='bbox 2755 2879 3113 2951; x_wconf 73' lang='lat' dir='ltr'><strong>praeripuisse</strong></span> <span class='ocrx_word' id='word_1_417' title='bbox 3153 2879 3471 2947; x_wconf 88' lang='lat' dir='ltr'><strong>victoriam,</strong></span> <span class='ocrx_word' id='word_1_418' title='bbox 3501 2895 3571 2932; x_wconf 86' lang='lat' dir='ltr'><strong>an</strong></span> 
     </span>
    </p>
   </div>
   <div class='ocr_carea' id='block_1_58' title="bbox 1942 2972 3574 3045">
    <p class='ocr_par' dir='ltr' id='par_1_58' title="bbox 1942 2972 3574 3045">
     <span class='ocr_line' id='line_1_58' title="bbox 1942 2972 3574 3045; baseline -0.002 -16"><span class='ocrx_word' id='word_1_419' title='bbox 1942 2974 2299 3030; x_wconf 86' lang='lat' dir='ltr'><strong>deseruisse?</strong></span> <span class='ocrx_word' id='word_1_420' title='bbox 2341 2976 2402 3028; x_wconf 90' lang='lat' dir='ltr'><strong>ln</strong></span> <span class='ocrx_word' id='word_1_421' title='bbox 2444 2973 2817 3045; x_wconf 71' lang='lat' dir='ltr'><strong>praeripiendo</strong></span> <span class='ocrx_word' id='word_1_422' title='bbox 2859 2973 3184 3044; x_wconf 87' lang='lat' dir='ltr'><strong>properatio</strong></span> <span class='ocrx_word' id='word_1_423' title='bbox 3223 2972 3574 3028; x_wconf 86' lang='lat' dir='ltr'><strong>fortitudinis</strong></span> 
     </span>
    </p>
   </div>
   <div class='ocr_carea' id='block_1_59' title="bbox 1944 3066 3573 3138">
    <p class='ocr_par' dir='ltr' id='par_1_59' title="bbox 1944 3066 3573 3138">
     <span class='ocr_line' id='line_1_59' title="bbox 1944 3066 3573 3138; baseline -0.003 -15"><span class='ocrx_word' id='word_1_424' title='bbox 1944 3071 2048 3136; x_wconf 90' lang='lat' dir='ltr'><strong>est,</strong></span> <span class='ocrx_word' id='word_1_425' title='bbox 2081 3070 2140 3123; x_wconf 92' lang='lat' dir='ltr'><strong>in</strong></span> <span class='ocrx_word' id='word_1_426' title='bbox 2171 3067 2486 3123; x_wconf 90' lang='lat' dir='ltr'><strong>deserendo</strong></span> <span class='ocrx_word' id='word_1_427' title='bbox 2533 3067 2703 3138; x_wconf 89' lang='lat' dir='ltr'><strong>culpa</strong></span> <span class='ocrx_word' id='word_1_428' title='bbox 2742 3066 3008 3138; x_wconf 64' lang='lat' dir='ltr'><strong>ignavias.</strong></span> <span class='ocrx_word' id='word_1_429' title='bbox 3042 3067 3398 3122; x_wconf 87' lang='lat' dir='ltr'><strong>Condemnet</strong></span> <span class='ocrx_word' id='word_1_430' title='bbox 3423 3073 3573 3120; x_wconf 84' lang='lat' dir='ltr'><strong>certe</strong></span> 
     </span>
    </p>
   </div>
   <div class='ocr_carea' id='block_1_60' title="bbox 205 3160 3570 3264">
    <p class='ocr_par' dir='ltr' id='par_1_60' title="bbox 205 3160 3570 3264">
     <span class='ocr_line' id='line_1_60' title="bbox 205 3160 3570 3264; baseline -0.001 -48"><span class='ocrx_word' id='word_1_431' title='bbox 205 3163 352 3216; x_wconf 87' lang='lat' dir='ltr'><strong>lium</strong></span> <span class='ocrx_word' id='word_1_432' title='bbox 382 3162 545 3217; x_wconf 88' lang='lat' dir='ltr'><strong>nobis</strong></span> <span class='ocrx_word' id='word_1_433' title='bbox 573 3165 678 3216; x_wconf 91' lang='lat' dir='ltr'><strong>est.</strong></span> <span class='ocrx_word' id='word_1_434' title='bbox 705 3164 789 3216; x_wconf 85' lang='lat' dir='ltr'><strong>An</strong></span> <span class='ocrx_word' id='word_1_435' title='bbox 833 3178 964 3216; x_wconf 90' lang='lat' dir='ltr'><strong>vero</strong></span> <span class='ocrx_word' id='word_1_436' title='bbox 997 3163 1328 3232; x_wconf 87' lang='lat' dir='ltr'><strong>metuimus,</strong></span> <span class='ocrx_word' id='word_1_437' title='bbox 1359 3180 1429 3217; x_wconf 92' lang='lat' dir='ltr'><strong>ne</strong></span> <span class='ocrx_word' id='word_1_438' title='bbox 1461 3180 1702 3219; x_wconf 91' lang='lat' dir='ltr'><strong>numero</strong></span> <span class='ocrx_word' id='word_1_439' title='bbox 1727 3165 1837 3219; x_wconf 84' lang='lat' dir='ltr'><strong>cir-</strong></span> <span class='ocrx_word' id='word_1_440' title='bbox 1863 3192 1916 3264; x_wconf 65' lang='grc' dir='ltr'>Ο</span> <span class='ocrx_word' id='word_1_441' title='bbox 1942 3163 2184 3218; x_wconf 90' lang='lat' dir='ltr'><strong>victores</strong></span> <span class='ocrx_word' id='word_1_442' title='bbox 2216 3167 2396 3233; x_wconf 89' lang='lat' dir='ltr'><strong>pater,</strong></span> <span class='ocrx_word' id='word_1_443' title='bbox 2427 3166 2650 3216; x_wconf 88' lang='lat' dir='ltr'><strong>reatum</strong></span> <span class='ocrx_word' id='word_1_444' title='bbox 2695 3160 3026 3231; x_wconf 90' lang='lat' dir='ltr'><strong>hujusmodi</strong></span> <span class='ocrx_word' id='word_1_445' title='bbox 3065 3177 3182 3215; x_wconf 91' lang='lat' dir='ltr'><strong>non</strong></span> <span class='ocrx_word' id='word_1_446' title='bbox 3223 3160 3570 3222; x_wconf 85' lang='lat' dir='ltr'><strong>reformido;</strong></span> 
     </span>
    </p>
   </div>
   <div class='ocr_carea' id='block_1_61' title="bbox 202 3255 1843 3329">
    <p class='ocr_par' dir='ltr' id='par_1_61' title="bbox 202 3255 1843 3329">
     <span class='ocr_line' id='line_1_61' title="bbox 202 3255 1843 3329; baseline 0.002 -19"><span class='ocrx_word' id='word_1_447' title='bbox 202 3257 681 3311; x_wconf 88' lang='lat' dir='ltr'><strong>cumveniamur?</strong></span> <span class='ocrx_word' id='word_1_448' title='bbox 721 3256 974 3311; x_wconf 89' lang='lat' dir='ltr'><strong>Primum</strong></span> <span class='ocrx_word' id='word_1_449' title='bbox 1014 3255 1159 3312; x_wconf 91' lang='lat' dir='ltr'><strong>liber</strong></span> <span class='ocrx_word' id='word_1_450' title='bbox 1203 3257 1261 3310; x_wconf 87' lang='lat' dir='ltr'><strong>in</strong></span> <span class='ocrx_word' id='word_1_451' title='bbox 1308 3257 1514 3328; x_wconf 69' lang='lat' dir='ltr'><strong>praeliis</strong></span> <span class='ocrx_word' id='word_1_452' title='bbox 1556 3259 1843 3329; x_wconf 90' lang='lat' dir='ltr'><strong>equitatus</strong></span> 
     </span>
    </p>
   </div>
   <div class='ocr_carea' id='block_1_62' title="bbox 202 3351 1839 3425">
    <p class='ocr_par' dir='ltr' id='par_1_62' title="bbox 202 3351 1839 3425">
     <span class='ocr_line' id='line_1_62' title="bbox 202 3351 1839 3425; baseline 0.001 -19"><span class='ocrx_word' id='word_1_453' title='bbox 202 3355 313 3417; x_wconf 88' lang='lat' dir='ltr'><strong>est,</strong></span> <span class='ocrx_word' id='word_1_454' title='bbox 343 3351 598 3405; x_wconf 90' lang='lat' dir='ltr'><strong>cedendo</strong></span> <span class='ocrx_word' id='word_1_455' title='bbox 624 3355 795 3422; x_wconf 90' lang='lat' dir='ltr'><strong>atque</strong></span> <span class='ocrx_word' id='word_1_456' title='bbox 819 3351 1171 3422; x_wconf 90' lang='lat' dir='ltr'><strong>insequendo</strong></span> <span class='ocrx_word' id='word_1_457' title='bbox 1196 3352 1408 3406; x_wconf 91' lang='lat' dir='ltr'><strong>bellum</strong></span> <span class='ocrx_word' id='word_1_458' title='bbox 1429 3352 1687 3422; x_wconf 91' lang='lat' dir='ltr'><strong>proludit</strong></span> <span class='ocrx_word' id='word_1_459' title='bbox 1709 3354 1839 3425; x_wconf 70' lang='grc'>(43).</span> 
     </span>
    </p>
   </div>
   <div class='ocr_carea' id='block_1_63' title="bbox 208 3445 1844 3517">
    <p class='ocr_par' dir='ltr' id='par_1_63' title="bbox 208 3445 1844 3517">
     <span class='ocr_line' id='line_1_63' title="bbox 208 3445 1844 3517; baseline 0 -18"><span class='ocrx_word' id='word_1_460' title='bbox 208 3447 280 3499; x_wconf 83' lang='lat' dir='ltr'><strong>Et</strong></span> <span class='ocrx_word' id='word_1_461' title='bbox 309 3445 565 3517; x_wconf 86' lang='lat' dir='ltr'><strong>quamvis</strong></span> <span class='ocrx_word' id='word_1_462' title='bbox 593 3445 868 3500; x_wconf 86' lang='lat' dir='ltr'><strong>maximas</strong></span> <span class='ocrx_word' id='word_1_463' title='bbox 912 3446 1061 3499; x_wconf 89' lang='lat' dir='ltr'><strong>acies</strong></span> <span class='ocrx_word' id='word_1_464' title='bbox 1091 3445 1519 3512; x_wconf 87' lang='lat' dir='ltr'><strong>circumcursat,</strong></span> <span class='ocrx_word' id='word_1_465' title='bbox 1551 3449 1608 3499; x_wconf 91' lang='lat' dir='ltr'><strong>et</strong></span> <span class='ocrx_word' id='word_1_466' title='bbox 1639 3447 1844 3517; x_wconf 89' lang='lat' dir='ltr'><strong>quibus</strong></span> 
     </span>
    </p>
   </div>
   <div class='ocr_carea' id='block_1_64' title="bbox 205 3539 1845 3611">
    <p class='ocr_par' dir='ltr' id='par_1_64' title="bbox 205 3539 1845 3611">
     <span class='ocr_line' id='line_1_64' title="bbox 205 3539 1845 3611; baseline 0 -18"><span class='ocrx_word' id='word_1_467' title='bbox 205 3539 439 3594; x_wconf 88' lang='lat' dir='ltr'><strong>libitum</strong></span> <span class='ocrx_word' id='word_1_468' title='bbox 469 3539 645 3593; x_wconf 91' lang='lat' dir='ltr'><strong>fuerit</strong></span> <span class='ocrx_word' id='word_1_469' title='bbox 669 3539 864 3610; x_wconf 86' lang='lat' dir='ltr'><strong>spatiis</strong></span> <span class='ocrx_word' id='word_1_470' title='bbox 893 3539 1129 3594; x_wconf 84' lang='lat' dir='ltr'><strong>excedit.</strong></span> <span class='ocrx_word' id='word_1_471' title='bbox 1159 3539 1373 3594; x_wconf 87' lang='lat' dir='ltr'><strong>Deinde</strong></span> <span class='ocrx_word' id='word_1_472' title='bbox 1405 3539 1461 3593; x_wconf 92' lang='lat' dir='ltr'><strong>in</strong></span> <span class='ocrx_word' id='word_1_473' title='bbox 1495 3540 1618 3610; x_wconf 89' lang='lat' dir='ltr'><strong>ipso</strong></span> <span class='ocrx_word' id='word_1_474' title='bbox 1646 3540 1845 3611; x_wconf 88' lang='lat' dir='ltr'><strong>pedes-</strong></span> 
     </span>
    </p>
   </div>
   <div class='ocr_carea' id='block_1_65' title="bbox 203 3633 1845 3705">
    <p class='ocr_par' dir='ltr' id='par_1_65' title="bbox 203 3633 1845 3705">
     <span class='ocr_line' id='line_1_65' title="bbox 203 3633 1845 3705; baseline -0.001 -16"><span class='ocrx_word' id='word_1_475' title='bbox 203 3633 286 3689; x_wconf 85' lang='lat' dir='ltr'><strong>tri</strong></span> <span class='ocrx_word' id='word_1_476' title='bbox 318 3633 649 3702; x_wconf 85' lang='lat' dir='ltr'><strong>certamine,</strong></span> <span class='ocrx_word' id='word_1_477' title='bbox 695 3649 810 3688; x_wconf 91' lang='lat' dir='ltr'><strong>non</strong></span> <span class='ocrx_word' id='word_1_478' title='bbox 850 3640 966 3687; x_wconf 90' lang='lat' dir='ltr'><strong>tam</strong></span> <span class='ocrx_word' id='word_1_479' title='bbox 1012 3649 1285 3687; x_wconf 88' lang='lat' dir='ltr'><strong>numerus</strong></span> <span class='ocrx_word' id='word_1_480' title='bbox 1327 3633 1576 3705; x_wconf 88' lang='lat' dir='ltr'><strong>plurium</strong></span> <span class='ocrx_word' id='word_1_481' title='bbox 1621 3634 1845 3688; x_wconf 86' lang='lat' dir='ltr'><strong>conﬁcit</strong></span> 
     </span>
    </p>
   </div>
   <div class='ocr_carea' id='block_1_66' title="bbox 203 3727 1842 3799">
    <p class='ocr_par' dir='ltr' id='par_1_66' title="bbox 203 3727 1842 3799">
     <span class='ocr_line' id='line_1_66' title="bbox 203 3727 1842 3799; baseline 0.001 -19"><span class='ocrx_word' id='word_1_482' title='bbox 203 3743 466 3799; x_wconf 83' lang='lat' dir='ltr'><strong>pugnam</strong></span> <span class='ocrx_word' id='word_1_483' title='bbox 483 3743 654 3798; x_wconf 89' lang='lat' dir='ltr'><strong>quam</strong></span> <span class='ocrx_word' id='word_1_484' title='bbox 671 3728 848 3781; x_wconf 88' lang='lat' dir='ltr'><strong>virtus</strong></span> <span class='ocrx_word' id='word_1_485' title='bbox 868 3742 1197 3798; x_wconf 90' lang='lat' dir='ltr'><strong>paucorum.</strong></span> <span class='ocrx_word' id='word_1_486' title='bbox 1219 3727 1511 3782; x_wconf 85' lang='lat' dir='ltr'><strong>Multitudo</strong></span> <span class='ocrx_word' id='word_1_487' title='bbox 1533 3727 1842 3798; x_wconf 56' lang='lat' dir='ltr'><strong>disciplina)</strong></span> 
     </span>
    </p>
   </div>
   <div class='ocr_carea' id='block_1_67' title="bbox 205 3819 1842 3892">
    <p class='ocr_par' dir='ltr' id='par_1_67' title="bbox 205 3819 1842 3892">
     <span class='ocr_line' id='line_1_67' title="bbox 205 3819 1842 3892; baseline -0.001 -16"><span class='ocrx_word' id='word_1_488' title='bbox 205 3821 486 3887; x_wconf 90' lang='lat' dir='ltr'><strong>insolens,</strong></span> <span class='ocrx_word' id='word_1_489' title='bbox 519 3821 638 3892; x_wconf 92' lang='lat' dir='ltr'><strong>ipsa</strong></span> <span class='ocrx_word' id='word_1_490' title='bbox 662 3820 769 3875; x_wconf 89' lang='lat' dir='ltr'><strong>sibi</strong></span> <span class='ocrx_word' id='word_1_491' title='bbox 804 3826 887 3875; x_wconf 92' lang='lat' dir='ltr'><strong>est</strong></span> <span class='ocrx_word' id='word_1_492' title='bbox 923 3819 1338 3891; x_wconf 88' lang='lat' dir='ltr'><strong>impedimento</strong></span> <span class='ocrx_word' id='word_1_493' title='bbox 1368 3820 1424 3874; x_wconf 92' lang='lat' dir='ltr'><strong>iu</strong></span> <span class='ocrx_word' id='word_1_494' title='bbox 1459 3821 1744 3892; x_wconf 89' lang='lat' dir='ltr'><strong>prosperis</strong></span> <span class='ocrx_word' id='word_1_495' title='bbox 1772 3822 1842 3876; x_wconf 89' lang='lat' dir='ltr'><strong>ad</strong></span> 
     </span>
    </p>
   </div>
   <div class='ocr_carea' id='block_1_68' title="bbox 202 3914 1843 3986">
    <p class='ocr_par' dir='ltr' id='par_1_68' title="bbox 202 3914 1843 3986">
     <span class='ocr_line' id='line_1_68' title="bbox 202 3914 1843 3986; baseline 0 -18"><span class='ocrx_word' id='word_1_496' title='bbox 202 3915 526 3983; x_wconf 86' lang='lat' dir='ltr'><strong>victoriam,</strong></span> <span class='ocrx_word' id='word_1_497' title='bbox 553 3915 611 3969; x_wconf 91' lang='lat' dir='ltr'><strong>in</strong></span> <span class='ocrx_word' id='word_1_498' title='bbox 638 3915 885 3969; x_wconf 90' lang='lat' dir='ltr'><strong>adversis</strong></span> <span class='ocrx_word' id='word_1_499' title='bbox 903 3914 971 3968; x_wconf 90' lang='lat' dir='ltr'><strong>ad</strong></span> <span class='ocrx_word' id='word_1_500' title='bbox 1003 3915 1215 3985; x_wconf 88' lang='lat' dir='ltr'><strong>fugam.</strong></span> <span class='ocrx_word' id='word_1_501' title='bbox 1241 3914 1430 3968; x_wconf 89' lang='lat' dir='ltr'><strong>Virtus</strong></span> <span class='ocrx_word' id='word_1_502' title='bbox 1460 3932 1590 3970; x_wconf 90' lang='lat' dir='ltr'><strong>vero</strong></span> <span class='ocrx_word' id='word_1_503' title='bbox 1620 3914 1843 3986; x_wconf 89' lang='lat' dir='ltr'><strong>patiens</strong></span> 
     </span>
    </p>
   </div>
   <div class='ocr_carea' id='block_1_69' title="bbox 202 4008 1842 4079">
    <p class='ocr_par' dir='ltr' id='par_1_69' title="bbox 202 4008 1842 4079">
     <span class='ocr_line' id='line_1_69' title="bbox 202 4008 1842 4079; baseline 0 -17"><span class='ocrx_word' id='word_1_504' title='bbox 202 4015 262 4062; x_wconf 85' lang='lat' dir='ltr'><strong>et</strong></span> <span class='ocrx_word' id='word_1_505' title='bbox 291 4008 556 4063; x_wconf 87' lang='lat' dir='ltr'><strong>secundis</strong></span> <span class='ocrx_word' id='word_1_506' title='bbox 583 4009 831 4074; x_wconf 90' lang='lat' dir='ltr'><strong>valescit,</strong></span> <span class='ocrx_word' id='word_1_507' title='bbox 872 4025 972 4063; x_wconf 89' lang='lat' dir='ltr'><strong>nec</strong></span> <span class='ocrx_word' id='word_1_508' title='bbox 1013 4025 1193 4079; x_wconf 90' lang='lat' dir='ltr'><strong>usque</strong></span> <span class='ocrx_word' id='word_1_509' title='bbox 1233 4008 1302 4062; x_wconf 89' lang='lat' dir='ltr'><strong>ad</strong></span> <span class='ocrx_word' id='word_1_510' title='bbox 1345 4008 1519 4063; x_wconf 82' lang='lat' dir='ltr'><strong>finem</strong></span> <span class='ocrx_word' id='word_1_511' title='bbox 1553 4008 1759 4063; x_wconf 89' lang='lat' dir='ltr'><strong>labitur</strong></span> <span class='ocrx_word' id='word_1_512' title='bbox 1787 4009 1842 4062; x_wconf 91' lang='lat' dir='ltr'><strong>iu</strong></span> 
     </span>
    </p>
   </div>
   <div class='ocr_carea' id='block_1_70' title="bbox 201 4102 1839 4174">
    <p class='ocr_par' dir='ltr' id='par_1_70' title="bbox 201 4102 1839 4174">
     <span class='ocr_line' id='line_1_70' title="bbox 201 4102 1839 4174; baseline 0 -16"><span class='ocrx_word' id='word_1_513' title='bbox 201 4103 483 4158; x_wconf 88' lang='lat' dir='ltr'><strong>adversis.</strong></span> <span class='ocrx_word' id='word_1_514' title='bbox 506 4103 728 4159; x_wconf 89' lang='lat' dir='ltr'><strong>Accedit</strong></span> <span class='ocrx_word' id='word_1_515' title='bbox 757 4103 913 4170; x_wconf 90' lang='lat' dir='ltr'><strong>illud,</strong></span> <span class='ocrx_word' id='word_1_516' title='bbox 937 4102 1086 4174; x_wconf 90' lang='lat' dir='ltr'><strong>quod</strong></span> <span class='ocrx_word' id='word_1_517' title='bbox 1116 4103 1421 4168; x_wconf 85' lang='lat' dir='ltr'><strong>assuetudo</strong></span> <span class='ocrx_word' id='word_1_518' title='bbox 1451 4102 1839 4171; x_wconf 89' lang='lat' dir='ltr'><strong>victoriarum,</strong></span> 
     </span>
    </p>
   </div>
   <div class='ocr_carea' id='block_1_71' title="bbox 198 4196 1842 4268">
    <p class='ocr_par' dir='ltr' id='par_1_71' title="bbox 198 4196 1842 4268">
     <span class='ocr_line' id='line_1_71' title="bbox 198 4196 1842 4268; baseline 0 -18"><span class='ocrx_word' id='word_1_519' title='bbox 198 4197 558 4252; x_wconf 87' lang='lat' dir='ltr'><strong>incentivum</strong></span> <span class='ocrx_word' id='word_1_520' title='bbox 600 4196 762 4251; x_wconf 87' lang='lat' dir='ltr'><strong>nobis</strong></span> <span class='ocrx_word' id='word_1_521' title='bbox 803 4196 874 4250; x_wconf 90' lang='lat' dir='ltr'><strong>sit</strong></span> <span class='ocrx_word' id='word_1_522' title='bbox 913 4196 1236 4267; x_wconf 65' lang='lat' dir='ltr'><strong>prailiandi.</strong></span> <span class='ocrx_word' id='word_1_523' title='bbox 1283 4197 1421 4250; x_wconf 87' lang='lat' dir='ltr'><strong>Nam</strong></span> <span class='ocrx_word' id='word_1_524' title='bbox 1467 4197 1569 4251; x_wconf 91' lang='lat' dir='ltr'><strong>etsi</strong></span> <span class='ocrx_word' id='word_1_525' title='bbox 1615 4196 1696 4250; x_wconf 90' lang='lat' dir='ltr'><strong>illi</strong></span> <span class='ocrx_word' id='word_1_526' title='bbox 1743 4213 1842 4268; x_wconf 90' lang='lat' dir='ltr'><strong>pro</strong></span> 
     </span>
    </p>
   </div>
   <div class='ocr_carea' id='block_1_72' title="bbox 203 4289 1842 4364">
    <p class='ocr_par' dir='ltr' id='par_1_72' title="bbox 203 4289 1842 4364">
     <span class='ocr_line' id='line_1_72' title="bbox 203 4289 1842 4364; baseline -0.001 -18"><span class='ocrx_word' id='word_1_527' title='bbox 203 4291 416 4364; x_wconf 88' lang='lat' dir='ltr'><strong>patria,</strong></span> <span class='ocrx_word' id='word_1_528' title='bbox 453 4308 556 4361; x_wconf 87' lang='lat' dir='ltr'><strong>pro</strong></span> <span class='ocrx_word' id='word_1_529' title='bbox 586 4290 779 4346; x_wconf 91' lang='lat' dir='ltr'><strong>liberis</strong></span> <span class='ocrx_word' id='word_1_530' title='bbox 810 4289 1107 4357; x_wconf 88' lang='lat' dir='ltr'><strong>dimicant,</strong></span> <span class='ocrx_word' id='word_1_531' title='bbox 1143 4307 1256 4344; x_wconf 91' lang='lat' dir='ltr'><strong>non</strong></span> <span class='ocrx_word' id='word_1_532' title='bbox 1289 4289 1417 4344; x_wconf 89' lang='lat' dir='ltr'><strong>ideo</strong></span> <span class='ocrx_word' id='word_1_533' title='bbox 1455 4290 1842 4361; x_wconf 88' lang='lat' dir='ltr'><strong>promptiores</strong></span> 
     </span>
    </p>
   </div>
   <div class='ocr_carea' id='block_1_73' title="bbox 199 4384 1839 4455">
    <p class='ocr_par' dir='ltr' id='par_1_73' title="bbox 199 4384 1839 4455">
     <span class='ocr_line' id='line_1_73' title="bbox 199 4384 1839 4455; baseline -0.001 -14"><span class='ocrx_word' id='word_1_534' title='bbox 199 4401 300 4441; x_wconf 87' lang='lat' dir='ltr'><strong>eos</strong></span> <span class='ocrx_word' id='word_1_535' title='bbox 326 4401 451 4440; x_wconf 91' lang='lat' dir='ltr'><strong>esse</strong></span> <span class='ocrx_word' id='word_1_536' title='bbox 479 4401 648 4454; x_wconf 92' lang='lat' dir='ltr'><strong>quam</strong></span> <span class='ocrx_word' id='word_1_537' title='bbox 680 4401 783 4439; x_wconf 90' lang='lat' dir='ltr'><strong>nos</strong></span> <span class='ocrx_word' id='word_1_538' title='bbox 814 4388 1057 4455; x_wconf 89' lang='lat' dir='ltr'><strong>oportet.</strong></span> <span class='ocrx_word' id='word_1_539' title='bbox 1095 4385 1290 4454; x_wconf 87' lang='lat' dir='ltr'><strong>Neque</strong></span> <span class='ocrx_word' id='word_1_540' title='bbox 1331 4384 1487 4438; x_wconf 89' lang='lat' dir='ltr'><strong>enim</strong></span> <span class='ocrx_word' id='word_1_541' title='bbox 1521 4384 1709 4439; x_wconf 90' lang='lat' dir='ltr'><strong>minus</strong></span> <span class='ocrx_word' id='word_1_542' title='bbox 1735 4391 1839 4451; x_wconf 90' lang='lat' dir='ltr'><strong>est,</strong></span> 
     </span>
    </p>
   </div>
   <div class='ocr_carea' id='block_1_74' title="bbox 202 4477 1843 4550">
    <p class='ocr_par' dir='ltr' id='par_1_74' title="bbox 202 4477 1843 4550">
     <span class='ocr_line' id='line_1_74' title="bbox 202 4477 1843 4550; baseline 0.001 -18"><span class='ocrx_word' id='word_1_543' title='bbox 202 4481 330 4533; x_wconf 91' lang='lat' dir='ltr'><strong>imo</strong></span> <span class='ocrx_word' id='word_1_544' title='bbox 374 4478 529 4532; x_wconf 90' lang='lat' dir='ltr'><strong>haud</strong></span> <span class='ocrx_word' id='word_1_545' title='bbox 569 4478 681 4533; x_wconf 90' lang='lat' dir='ltr'><strong>scio</strong></span> <span class='ocrx_word' id='word_1_546' title='bbox 713 4495 784 4532; x_wconf 88' lang='lat' dir='ltr'><strong>an</strong></span> <span class='ocrx_word' id='word_1_547' title='bbox 827 4479 1000 4532; x_wconf 88' lang='lat' dir='ltr'><strong>etiam</strong></span> <span class='ocrx_word' id='word_1_548' title='bbox 1040 4477 1286 4548; x_wconf 88' lang='lat' dir='ltr'><strong>amplius</strong></span> <span class='ocrx_word' id='word_1_549' title='bbox 1324 4477 1485 4532; x_wconf 89' lang='lat' dir='ltr'><strong>nobis</strong></span> <span class='ocrx_word' id='word_1_550' title='bbox 1519 4477 1630 4548; x_wconf 76' lang='grc'>(44)</span> <span class='ocrx_word' id='word_1_551' title='bbox 1669 4495 1843 4550; x_wconf 89' lang='lat' dir='ltr'><strong>quam</strong></span> 
     </span>
    </p>
   </div>
   <div class='ocr_carea' id='block_1_75' title="bbox 1943 3254 3574 3326">
    <p class='ocr_par' dir='ltr' id='par_1_75' title="bbox 1943 3254 3574 3326">
     <span class='ocr_line' id='line_1_75' title="bbox 1943 3254 3574 3326; baseline -0.003 -15"><span class='ocrx_word' id='word_1_552' title='bbox 1943 3257 2094 3311; x_wconf 87' lang='lat' dir='ltr'><strong>malo</strong></span> <span class='ocrx_word' id='word_1_553' title='bbox 2134 3273 2262 3311; x_wconf 89' lang='lat' dir='ltr'><strong>reus</strong></span> <span class='ocrx_word' id='word_1_554' title='bbox 2303 3272 2423 3311; x_wconf 89' lang='lat' dir='ltr'><strong>esse</strong></span> <span class='ocrx_word' id='word_1_555' title='bbox 2461 3254 2858 3326; x_wconf 86' lang='lat' dir='ltr'><strong>triumphante</strong></span> <span class='ocrx_word' id='word_1_556' title='bbox 2890 3254 3206 3325; x_wconf 90' lang='lat' dir='ltr'><strong>republica,</strong></span> <span class='ocrx_word' id='word_1_557' title='bbox 3243 3269 3413 3325; x_wconf 86' lang='lat' dir='ltr'><strong>quam</strong></span> <span class='ocrx_word' id='word_1_558' title='bbox 3444 3255 3574 3307; x_wconf 64' lang='lat' dir='ltr'><strong>lassa</strong></span> 
     </span>
    </p>
   </div>
   <div class='ocr_carea' id='block_1_76' title="bbox 1944 3348 3572 3419">
    <p class='ocr_par' dir='ltr' id='par_1_76' title="bbox 1944 3348 3572 3419">
     <span class='ocr_line' id='line_1_76' title="bbox 1944 3348 3572 3419; baseline -0.002 -14"><span class='ocrx_word' id='word_1_559' title='bbox 1944 3350 2229 3405; x_wconf 85' lang='lat' dir='ltr'><strong>innoxius.</strong></span> <span class='ocrx_word' id='word_1_560' title='bbox 2265 3349 2488 3404; x_wconf 89' lang='lat' dir='ltr'><strong>Utinam</strong></span> <span class='ocrx_word' id='word_1_561' title='bbox 2519 3349 2704 3404; x_wconf 87' lang='lat' dir='ltr'><strong>Manlii</strong></span> <span class='ocrx_word' id='word_1_562' title='bbox 2729 3348 2991 3419; x_wconf 88' lang='lat' dir='ltr'><strong>Torquati</strong></span> <span class='ocrx_word' id='word_1_563' title='bbox 3021 3349 3221 3414; x_wconf 82' lang='lat' dir='ltr'><strong>ﬁlium,</strong></span> <span class='ocrx_word' id='word_1_564' title='bbox 3249 3348 3337 3402; x_wconf 90' lang='lat' dir='ltr'><strong>vel</strong></span> <span class='ocrx_word' id='word_1_565' title='bbox 3369 3348 3426 3402; x_wconf 93' lang='lat' dir='ltr'><strong>in</strong></span> <span class='ocrx_word' id='word_1_566' title='bbox 3453 3348 3572 3401; x_wconf 91' lang='lat' dir='ltr'><strong>solo</strong></span> 
     </span>
    </p>
   </div>
   <div class='ocr_carea' id='block_1_77' title="bbox 1946 3441 3576 3513">
    <p class='ocr_par' dir='ltr' id='par_1_77' title="bbox 1946 3441 3576 3513">
     <span class='ocr_line' id='line_1_77' title="bbox 1946 3441 3576 3513; baseline -0.002 -15"><span class='ocrx_word' id='word_1_567' title='bbox 1946 3443 2088 3499; x_wconf 90' lang='lat' dir='ltr'><strong>mihi</strong></span> <span class='ocrx_word' id='word_1_568' title='bbox 2140 3444 2308 3498; x_wconf 89' lang='lat' dir='ltr'><strong>liceat</strong></span> <span class='ocrx_word' id='word_1_569' title='bbox 2356 3443 2567 3497; x_wconf 89' lang='lat' dir='ltr'><strong>imitari</strong></span> <span class='ocrx_word' id='word_1_570' title='bbox 2616 3442 2898 3513; x_wconf 86' lang='lat' dir='ltr'><strong>periculo;</strong></span> <span class='ocrx_word' id='word_1_571' title='bbox 2956 3458 3127 3513; x_wconf 90' lang='lat' dir='ltr'><strong>quem</strong></span> <span class='ocrx_word' id='word_1_572' title='bbox 3183 3441 3364 3496; x_wconf 90' lang='lat' dir='ltr'><strong>securi</strong></span> <span class='ocrx_word' id='word_1_573' title='bbox 3415 3446 3576 3513; x_wconf 85' lang='lat' dir='ltr'><strong>pater</strong></span> 
     </span>
    </p>
   </div>
   <div class='ocr_carea' id='block_1_78' title="bbox 1937 3535 3570 3609">
    <p class='ocr_par' dir='ltr' id='par_1_78' title="bbox 1937 3535 3570 3609">
     <span class='ocr_line' id='line_1_78' title="bbox 1937 3535 3570 3609; baseline -0.002 -17"><span class='ocrx_word' id='word_1_574' title='bbox 1937 3539 2108 3609; x_wconf 86' lang='lat' dir='ltr'><strong>jussit</strong></span> <span class='ocrx_word' id='word_1_575' title='bbox 2146 3535 2324 3605; x_wconf 88' lang='lat' dir='ltr'><strong>feriri,</strong></span> <span class='ocrx_word' id='word_1_576' title='bbox 2356 3537 2512 3608; x_wconf 89' lang='lat' dir='ltr'><strong>quod</strong></span> <span class='ocrx_word' id='word_1_577' title='bbox 2552 3542 2750 3591; x_wconf 88' lang='lat' dir='ltr'><strong>contra</strong></span> <span class='ocrx_word' id='word_1_578' title='bbox 2790 3536 3098 3606; x_wconf 81' lang='lat' dir='ltr'><strong>imperium</strong></span> <span class='ocrx_word' id='word_1_579' title='bbox 3138 3536 3318 3606; x_wconf 89' lang='lat' dir='ltr'><strong>patris</strong></span> <span class='ocrx_word' id='word_1_580' title='bbox 3357 3536 3570 3591; x_wconf 87' lang='lat' dir='ltr'><strong>exerci-</strong></span> 
     </span>
    </p>
   </div>
   <div class='ocr_carea' id='block_1_79' title="bbox 1945 3628 3574 3701">
    <p class='ocr_par' dir='ltr' id='par_1_79' title="bbox 1945 3628 3574 3701">
     <span class='ocr_line' id='line_1_79' title="bbox 1945 3628 3574 3701; baseline -0.004 -15"><span class='ocrx_word' id='word_1_581' title='bbox 1945 3638 2066 3687; x_wconf 90' lang='lat' dir='ltr'><strong>tum</strong></span> <span class='ocrx_word' id='word_1_582' title='bbox 2107 3631 2165 3685; x_wconf 93' lang='lat' dir='ltr'><strong>in</strong></span> <span class='ocrx_word' id='word_1_583' title='bbox 2211 3630 2433 3685; x_wconf 89' lang='lat' dir='ltr'><strong>hostem</strong></span> <span class='ocrx_word' id='word_1_584' title='bbox 2471 3629 2842 3701; x_wconf 82' lang='lat' dir='ltr'><strong>produxerat.</strong></span> <span class='ocrx_word' id='word_1_585' title='bbox 2883 3628 3076 3684; x_wconf 86' lang='lat' dir='ltr'><strong>Stabat</strong></span> <span class='ocrx_word' id='word_1_586' title='bbox 3118 3628 3374 3683; x_wconf 90' lang='lat' dir='ltr'><strong>hostibus</strong></span> <span class='ocrx_word' id='word_1_587' title='bbox 3418 3629 3574 3684; x_wconf 72' lang='lat' dir='ltr'><strong>caesis</strong></span> 
     </span>
    </p>
   </div>
   <div class='ocr_carea' id='block_1_80' title="bbox 1944 3721 3575 3792">
    <p class='ocr_par' dir='ltr' id='par_1_80' title="bbox 1944 3721 3575 3792">
     <span class='ocr_line' id='line_1_80' title="bbox 1944 3721 3575 3792; baseline -0.004 -12"><span class='ocrx_word' id='word_1_588' title='bbox 1944 3725 2292 3791; x_wconf 88' lang='lat' dir='ltr'><strong>adolescens,</strong></span> <span class='ocrx_word' id='word_1_589' title='bbox 2315 3723 2558 3778; x_wconf 88' lang='lat' dir='ltr'><strong>amictus</strong></span> <span class='ocrx_word' id='word_1_590' title='bbox 2587 3722 2807 3777; x_wconf 89' lang='lat' dir='ltr'><strong>adoreis</strong></span> <span class='ocrx_word' id='word_1_591' title='bbox 2833 3721 3299 3792; x_wconf 84' lang='lat' dir='ltr'><strong>triumphalibus,</strong></span> <span class='ocrx_word' id='word_1_592' title='bbox 3328 3721 3430 3776; x_wconf 92' lang='lat' dir='ltr'><strong>sub</strong></span> <span class='ocrx_word' id='word_1_593' title='bbox 3460 3739 3575 3776; x_wconf 83' lang='lat' dir='ltr'><strong>car-</strong></span> 
     </span>
    </p>
   </div>
   <div class='ocr_carea' id='block_1_81' title="bbox 1947 3813 3568 3886">
    <p class='ocr_par' dir='ltr' id='par_1_81' title="bbox 1947 3813 3568 3886">
     <span class='ocr_line' id='line_1_81' title="bbox 1947 3813 3568 3886; baseline -0.003 -14"><span class='ocrx_word' id='word_1_594' title='bbox 1947 3817 2110 3872; x_wconf 82' lang='lat' dir='ltr'><strong>niﬁce</strong></span> <span class='ocrx_word' id='word_1_595' title='bbox 2142 3817 2337 3872; x_wconf 90' lang='lat' dir='ltr'><strong>mortis</strong></span> <span class='ocrx_word' id='word_1_596' title='bbox 2372 3831 2622 3883; x_wconf 88' lang='lat' dir='ltr'><strong>securus,</strong></span> <span class='ocrx_word' id='word_1_597' title='bbox 2657 3815 2931 3886; x_wconf 89' lang='lat' dir='ltr'><strong>quoniam</strong></span> <span class='ocrx_word' id='word_1_598' title='bbox 2973 3813 3367 3869; x_wconf 86' lang='lat' dir='ltr'><strong>beatissimum</strong></span> <span class='ocrx_word' id='word_1_599' title='bbox 3407 3820 3568 3884; x_wconf 53' lang='lat' dir='ltr'><strong>puta-</strong></span> 
     </span>
    </p>
   </div>
   <div class='ocr_carea' id='block_1_82' title="bbox 1944 3906 3568 3979">
    <p class='ocr_par' dir='ltr' id='par_1_82' title="bbox 1944 3906 3568 3979">
     <span class='ocr_line' id='line_1_82' title="bbox 1944 3906 3568 3979; baseline -0.003 -13"><span class='ocrx_word' id='word_1_600' title='bbox 1944 3912 2036 3966; x_wconf 85' lang='lat' dir='ltr'><strong>bat</strong></span> <span class='ocrx_word' id='word_1_601' title='bbox 2085 3911 2144 3965; x_wconf 91' lang='lat' dir='ltr'><strong>in</strong></span> <span class='ocrx_word' id='word_1_602' title='bbox 2184 3909 2414 3966; x_wconf 85' lang='lat' dir='ltr'><strong>victoria</strong></span> <span class='ocrx_word' id='word_1_603' title='bbox 2455 3909 2619 3964; x_wconf 91' lang='lat' dir='ltr'><strong>mori.</strong></span> <span class='ocrx_word' id='word_1_604' title='bbox 2669 3907 2815 3972; x_wconf 91' lang='lat' dir='ltr'><strong>Quid</strong></span> <span class='ocrx_word' id='word_1_605' title='bbox 2862 3908 3015 3963; x_wconf 91' lang='lat' dir='ltr'><strong>enim</strong></span> <span class='ocrx_word' id='word_1_606' title='bbox 3057 3906 3351 3975; x_wconf 90' lang='lat' dir='ltr'><strong>illustrius,</strong></span> <span class='ocrx_word' id='word_1_607' title='bbox 3396 3923 3568 3979; x_wconf 86' lang='lat' dir='ltr'><strong>quam</strong></span> 
     </span>
    </p>
   </div>
   <div class='ocr_carea' id='block_1_83' title="bbox 1945 4001 3572 4076">
    <p class='ocr_par' dir='ltr' id='par_1_83' title="bbox 1945 4001 3572 4076">
     <span class='ocr_line' id='line_1_83' title="bbox 1945 4001 3572 4076; baseline -0.001 -20"><span class='ocrx_word' id='word_1_608' title='bbox 1945 4005 2112 4060; x_wconf 88' lang='lat' dir='ltr'><strong>vitam</strong></span> <span class='ocrx_word' id='word_1_609' title='bbox 2155 4004 2452 4076; x_wconf 87' lang='lat' dir='ltr'><strong>triumpho</strong></span> <span class='ocrx_word' id='word_1_610' title='bbox 2505 4002 2784 4071; x_wconf 89' lang='lat' dir='ltr'><strong>claudere,</strong></span> <span class='ocrx_word' id='word_1_611' title='bbox 2837 4019 2944 4057; x_wconf 92' lang='lat' dir='ltr'><strong>nec</strong></span> <span class='ocrx_word' id='word_1_612' title='bbox 2997 4002 3067 4056; x_wconf 90' lang='lat' dir='ltr'><strong>ad</strong></span> <span class='ocrx_word' id='word_1_613' title='bbox 3116 4001 3328 4056; x_wconf 85' lang='lat' dir='ltr'><strong>incerta</strong></span> <span class='ocrx_word' id='word_1_614' title='bbox 3381 4017 3572 4056; x_wconf 87' lang='lat' dir='ltr'><strong>rerum</strong></span> 
     </span>
    </p>
   </div>
   <div class='ocr_carea' id='block_1_84' title="bbox 1944 4095 3568 4170">
    <p class='ocr_par' dir='ltr' id='par_1_84' title="bbox 1944 4095 3568 4170">
     <span class='ocr_line' id='line_1_84' title="bbox 1944 4095 3568 4170; baseline -0.004 -16"><span class='ocrx_word' id='word_1_615' title='bbox 1944 4100 2156 4154; x_wconf 87' lang='lat' dir='ltr'><strong>servari</strong></span> <span class='ocrx_word' id='word_1_616' title='bbox 2188 4101 2310 4170; x_wconf 90' lang='lat' dir='ltr'><strong>post</strong></span> <span class='ocrx_word' id='word_1_617' title='bbox 2335 4102 2552 4153; x_wconf 88' lang='lat' dir='ltr'><strong>certam</strong></span> <span class='ocrx_word' id='word_1_618' title='bbox 2583 4096 2924 4151; x_wconf 81' lang='lat' dir='ltr'><strong>victoriam?</strong></span> <span class='ocrx_word' id='word_1_619' title='bbox 2949 4095 2992 4150; x_wconf 92' lang='grc' dir='ltr'><strong>Ο</strong></span> <span class='ocrx_word' id='word_1_620' title='bbox 3026 4095 3407 4166; x_wconf 88' lang='lat' dir='ltr'><strong>expetendum</strong></span> <span class='ocrx_word' id='word_1_621' title='bbox 3434 4112 3568 4166; x_wconf 87' lang='lat' dir='ltr'><strong>pru-</strong></span> 
     </span>
    </p>
   </div>
   <div class='ocr_carea' id='block_1_85' title="bbox 1943 4188 3571 4248">
    <p class='ocr_par' dir='ltr' id='par_1_85' title="bbox 1943 4188 3571 4248">
     <span class='ocr_line' id='line_1_85' title="bbox 1943 4188 3571 4248; baseline -0.003 -2"><span class='ocrx_word' id='word_1_622' title='bbox 1943 4193 2207 4248; x_wconf 84' lang='lat' dir='ltr'><strong>dentibus</strong></span> <span class='ocrx_word' id='word_1_623' title='bbox 2262 4192 2479 4246; x_wconf 89' lang='lat' dir='ltr'><strong>crimen</strong></span> <span class='ocrx_word' id='word_1_624' title='bbox 2525 4190 2805 4246; x_wconf 74' lang='lat' dir='ltr'><strong>victoriael</strong></span> <span class='ocrx_word' id='word_1_625' title='bbox 2853 4189 3081 4245; x_wconf 88' lang='lat' dir='ltr'><strong>Utinam</strong></span> <span class='ocrx_word' id='word_1_626' title='bbox 3141 4192 3199 4242; x_wconf 90' lang='lat' dir='ltr'><strong>et</strong></span> <span class='ocrx_word' id='word_1_627' title='bbox 3252 4188 3413 4244; x_wconf 89' lang='lat' dir='ltr'><strong>nobis</strong></span> <span class='ocrx_word' id='word_1_628' title='bbox 3465 4188 3571 4243; x_wconf 78' lang='lat' dir='ltr'><strong>hoc</strong></span> 
     </span>
    </p>
   </div>
   <div class='ocr_carea' id='block_1_86' title="bbox 1943 4283 3574 4357">
    <p class='ocr_par' dir='ltr' id='par_1_86' title="bbox 1943 4283 3574 4357">
     <span class='ocr_line' id='line_1_86' title="bbox 1943 4283 3574 4357; baseline -0.003 -17"><span class='ocrx_word' id='word_1_629' title='bbox 1943 4286 2263 4357; x_wconf 88' lang='lat' dir='ltr'><strong>objiciatur,</strong></span> <span class='ocrx_word' id='word_1_630' title='bbox 2294 4285 2450 4357; x_wconf 89' lang='lat' dir='ltr'><strong>quod</strong></span> <span class='ocrx_word' id='word_1_631' title='bbox 2478 4285 2800 4339; x_wconf 90' lang='lat' dir='ltr'><strong>vicerimus.</strong></span> <span class='ocrx_word' id='word_1_632' title='bbox 2824 4284 2989 4340; x_wconf 87' lang='lat' dir='ltr'><strong>Certe</strong></span> <span class='ocrx_word' id='word_1_633' title='bbox 3019 4283 3114 4339; x_wconf 92' lang='lat' dir='ltr'><strong>illo</strong></span> <span class='ocrx_word' id='word_1_634' title='bbox 3141 4283 3404 4354; x_wconf 88' lang='lat' dir='ltr'><strong>exemplo</strong></span> <span class='ocrx_word' id='word_1_635' title='bbox 3423 4283 3574 4337; x_wconf 77' lang='lat' dir='ltr'><strong>solus</strong></span> 
     </span>
    </p>
   </div>
   <div class='ocr_carea' id='block_1_87' title="bbox 1943 4377 3570 4452">
    <p class='ocr_par' dir='ltr' id='par_1_87' title="bbox 1943 4377 3570 4452">
     <span class='ocr_line' id='line_1_87' title="bbox 1943 4377 3570 4452; baseline -0.004 -17"><span class='ocrx_word' id='word_1_636' title='bbox 1943 4396 2049 4452; x_wconf 90' lang='lat' dir='ltr'><strong>ego</strong></span> <span class='ocrx_word' id='word_1_637' title='bbox 2087 4379 2472 4451; x_wconf 89' lang='lat' dir='ltr'><strong>periclitabor,</strong></span> <span class='ocrx_word' id='word_1_638' title='bbox 2505 4395 2598 4433; x_wconf 90' lang='lat' dir='ltr'><strong>vos</strong></span> <span class='ocrx_word' id='word_1_639' title='bbox 2632 4377 3079 4450; x_wconf 89' lang='lat' dir='ltr'><strong>triumphabitis.</strong></span> <span class='ocrx_word' id='word_1_640' title='bbox 3120 4379 3187 4432; x_wconf 87' lang='lat' dir='ltr'><strong>Et</strong></span> <span class='ocrx_word' id='word_1_641' title='bbox 3217 4380 3410 4432; x_wconf 89' lang='lat' dir='ltr'><strong>tamen</strong></span> <span class='ocrx_word' id='word_1_642' title='bbox 3455 4393 3570 4431; x_wconf 90' lang='lat' dir='ltr'><strong>non</strong></span> 
     </span>
    </p>
   </div>
   <div class='ocr_carea' id='block_1_88' title="bbox 1943 4471 3571 4545">
    <p class='ocr_par' dir='ltr' id='par_1_88' title="bbox 1943 4471 3571 4545">
     <span class='ocr_line' id='line_1_88' title="bbox 1943 4471 3571 4545; baseline -0.004 -16"><span class='ocrx_word' id='word_1_643' title='bbox 1943 4474 2239 4545; x_wconf 88' lang='lat' dir='ltr'><strong>prohibuit</strong></span> <span class='ocrx_word' id='word_1_644' title='bbox 2280 4491 2382 4528; x_wconf 92' lang='lat' dir='ltr'><strong>nos</strong></span> <span class='ocrx_word' id='word_1_645' title='bbox 2423 4475 2588 4544; x_wconf 90' lang='lat' dir='ltr'><strong>pater</strong></span> <span class='ocrx_word' id='word_1_646' title='bbox 2630 4487 2916 4544; x_wconf 88' lang='lat' dir='ltr'><strong>pugnare,</strong></span> <span class='ocrx_word' id='word_1_647' title='bbox 2957 4472 3052 4526; x_wconf 90' lang='lat' dir='ltr'><strong>sed</strong></span> <span class='ocrx_word' id='word_1_648' title='bbox 3085 4471 3275 4542; x_wconf 88' lang='lat' dir='ltr'><strong>jussit,</strong></span> <span class='ocrx_word' id='word_1_649' title='bbox 3313 4485 3456 4541; x_wconf 88' lang='lat' dir='ltr'><strong>quos</strong></span> <span class='ocrx_word' id='word_1_650' title='bbox 3504 4471 3571 4524; x_wconf 90' lang='lat' dir='ltr'><strong>ad</strong></span> 
     </span>
    </p>
   </div>
   <div class='ocr_carea' id='block_1_89' title="bbox 205 4561 3569 4643">
    <p class='ocr_par' dir='ltr' id='par_1_89' title="bbox 205 4561 3569 4643">
     <span class='ocr_line' id='line_1_89' title="bbox 205 4561 3569 4643; baseline -0.002 -19"><span class='ocrx_word' id='word_1_651' title='bbox 205 4589 312 4643; x_wconf 83' lang='lat' dir='ltr'><strong>pro</strong></span> <span class='ocrx_word' id='word_1_652' title='bbox 338 4572 551 4625; x_wconf 88' lang='lat' dir='ltr'><strong>nostris</strong></span> <span class='ocrx_word' id='word_1_653' title='bbox 579 4571 906 4627; x_wconf 89' lang='lat' dir='ltr'><strong>decernere.</strong></span> <span class='ocrx_word' id='word_1_654' title='bbox 932 4573 1036 4625; x_wconf 89' lang='lat' dir='ltr'><strong>Pro</strong></span> <span class='ocrx_word' id='word_1_655' title='bbox 1063 4570 1230 4625; x_wconf 90' lang='lat' dir='ltr'><strong>nobis</strong></span> <span class='ocrx_word' id='word_1_656' title='bbox 1257 4571 1606 4642; x_wconf 75' lang='lat' dir='ltr'><strong>praaliamur,</strong></span> <span class='ocrx_word' id='word_1_657' title='bbox 1632 4575 1689 4626; x_wconf 91' lang='lat' dir='ltr'><strong>et</strong></span> <span class='ocrx_word' id='word_1_658' title='bbox 1712 4587 1839 4626; x_wconf 89' lang='lat' dir='ltr'><strong>cum</strong></span> <span class='ocrx_word' id='word_1_659' title='bbox 1864 4561 1921 4632; x_wconf 87' lang='lat' dir='ltr'><strong>D</strong></span> <span class='ocrx_word' id='word_1_660' title='bbox 1945 4585 2198 4640; x_wconf 87' lang='lat' dir='ltr'><strong>pugnam</strong></span> <span class='ocrx_word' id='word_1_661' title='bbox 2249 4567 2474 4622; x_wconf 91' lang='lat' dir='ltr'><strong>direxit.</strong></span> <span class='ocrx_word' id='word_1_662' title='bbox 2517 4566 2677 4621; x_wconf 90' lang='lat' dir='ltr'><strong>Unde</strong></span> <span class='ocrx_word' id='word_1_663' title='bbox 2720 4564 2900 4636; x_wconf 86' lang='lat' dir='ltr'><strong>magis</strong></span> <span class='ocrx_word' id='word_1_664' title='bbox 2943 4564 3378 4636; x_wconf 87' lang='lat' dir='ltr'><strong>indignaturum</strong></span> <span class='ocrx_word' id='word_1_665' title='bbox 3418 4563 3569 4618; x_wconf 89' lang='lat' dir='ltr'><strong>arbi-</strong></span> 
     </span>
    </p>
   </div>
   <div class='ocr_carea' id='block_1_90' title="bbox 206 4665 1840 4738">
    <p class='ocr_par' dir='ltr' id='par_1_90' title="bbox 206 4665 1840 4738">
     <span class='ocr_line' id='line_1_90' title="bbox 206 4665 1840 4738; baseline -0.001 -18"><span class='ocrx_word' id='word_1_666' title='bbox 206 4666 540 4738; x_wconf 77' lang='lat' dir='ltr'><strong>praeliamur</strong></span> <span class='ocrx_word' id='word_1_667' title='bbox 572 4682 676 4737; x_wconf 90' lang='lat' dir='ltr'><strong>pro</strong></span> <span class='ocrx_word' id='word_1_668' title='bbox 715 4665 916 4737; x_wconf 90' lang='lat' dir='ltr'><strong>gloria,</strong></span> <span class='ocrx_word' id='word_1_669' title='bbox 948 4681 1020 4720; x_wconf 87' lang='lat' dir='ltr'><strong>ne</strong></span> <span class='ocrx_word' id='word_1_670' title='bbox 1063 4665 1315 4720; x_wconf 89' lang='lat' dir='ltr'><strong>minores</strong></span> <span class='ocrx_word' id='word_1_671' title='bbox 1355 4666 1534 4719; x_wconf 90' lang='lat' dir='ltr'><strong>simus</strong></span> <span class='ocrx_word' id='word_1_672' title='bbox 1578 4682 1644 4720; x_wconf 90' lang='lat' dir='ltr'><strong>eo</strong></span> <span class='ocrx_word' id='word_1_673' title='bbox 1689 4665 1840 4736; x_wconf 88' lang='lat' dir='ltr'><strong>quod</strong></span> 
     </span>
    </p>
   </div>
   <div class='ocr_carea' id='block_1_91' title="bbox 205 4757 1838 4830">
    <p class='ocr_par' dir='ltr' id='par_1_91' title="bbox 205 4757 1838 4830">
     <span class='ocr_line' id='line_1_91' title="bbox 205 4757 1838 4830; baseline 0.003 -22"><span class='ocrx_word' id='word_1_674' title='bbox 205 4775 429 4813; x_wconf 73' lang='lat' dir='ltr'><strong>sumus.</strong></span> <span class='ocrx_word' id='word_1_675' title='bbox 460 4757 596 4823; x_wconf 88' lang='lat' dir='ltr'><strong>Quis</strong></span> <span class='ocrx_word' id='word_1_676' title='bbox 623 4775 760 4830; x_wconf 90' lang='lat' dir='ltr'><strong>ergo</strong></span> <span class='ocrx_word' id='word_1_677' title='bbox 798 4757 1040 4826; x_wconf 89' lang='lat' dir='ltr'><strong>dubitet,</strong></span> <span class='ocrx_word' id='word_1_678' title='bbox 1071 4758 1200 4829; x_wconf 87' lang='lat' dir='ltr'><strong>plus</strong></span> <span class='ocrx_word' id='word_1_679' title='bbox 1240 4775 1362 4813; x_wconf 89' lang='lat' dir='ltr'><strong>esse</strong></span> <span class='ocrx_word' id='word_1_680' title='bbox 1397 4775 1498 4829; x_wconf 90' lang='lat' dir='ltr'><strong>pro</strong></span> <span class='ocrx_word' id='word_1_681' title='bbox 1540 4758 1716 4828; x_wconf 89' lang='lat' dir='ltr'><strong>gloria</strong></span> <span class='ocrx_word' id='word_1_682' title='bbox 1744 4758 1838 4813; x_wconf 90' lang='lat' dir='ltr'><strong>de-</strong></span> 
     </span>
    </p>
   </div>
   <div class='ocr_carea' id='block_1_92' title="bbox 202 4850 1842 4929">
    <p class='ocr_par' dir='ltr' id='par_1_92' title="bbox 202 4850 1842 4929">
     <span class='ocr_line' id='line_1_92' title="bbox 202 4850 1842 4929; baseline -0.001 -21"><span class='ocrx_word' id='word_1_683' title='bbox 202 4868 468 4921; x_wconf 89' lang='lat' dir='ltr'><strong>cernere,</strong></span> <span class='ocrx_word' id='word_1_684' title='bbox 496 4869 665 4929; x_wconf 89' lang='lat' dir='ltr'><strong>quam</strong></span> <span class='ocrx_word' id='word_1_685' title='bbox 696 4870 800 4924; x_wconf 92' lang='lat' dir='ltr'><strong>pro</strong></span> <span class='ocrx_word' id='word_1_686' title='bbox 828 4853 1053 4907; x_wconf 79' lang='lat' dir='ltr'><strong>salute?</strong></span> <span class='ocrx_word' id='word_1_687' title='bbox 1079 4850 1247 4906; x_wconf 85' lang='lat' dir='ltr'><strong>Nobis</strong></span> <span class='ocrx_word' id='word_1_688' title='bbox 1274 4855 1472 4906; x_wconf 89' lang='lat' dir='ltr'><strong>autem</strong></span> <span class='ocrx_word' id='word_1_689' title='bbox 1491 4851 1709 4906; x_wconf 89' lang='lat' dir='ltr'><strong>bellum</strong></span> <span class='ocrx_word' id='word_1_690' title='bbox 1733 4851 1842 4906; x_wconf 92' lang='lat' dir='ltr'><strong>hoc</strong></span> 
     </span>
    </p>
   </div>
   <div class='ocr_carea' id='block_1_93' title="bbox 203 4945 1839 5018">
    <p class='ocr_par' dir='ltr' id='par_1_93' title="bbox 203 4945 1839 5018">
     <span class='ocr_line' id='line_1_93' title="bbox 203 4945 1839 5018; baseline -0.001 -17"><span class='ocrx_word' id='word_1_691' title='bbox 203 4963 309 5018; x_wconf 92' lang='lat' dir='ltr'><strong>pro</strong></span> <span class='ocrx_word' id='word_1_692' title='bbox 341 4946 782 5002; x_wconf 84' lang='lat' dir='ltr'><strong>existimationis</strong></span> <span class='ocrx_word' id='word_1_693' title='bbox 821 4950 904 5001; x_wconf 89' lang='lat' dir='ltr'><strong>est</strong></span> <span class='ocrx_word' id='word_1_694' title='bbox 943 4946 1217 5018; x_wconf 89' lang='lat' dir='ltr'><strong>periculo,</strong></span> <span class='ocrx_word' id='word_1_695' title='bbox 1250 4961 1323 5000; x_wconf 90' lang='lat' dir='ltr'><strong>ne</strong></span> <span class='ocrx_word' id='word_1_696' title='bbox 1360 4946 1456 5016; x_wconf 88' lang='lat' dir='ltr'><strong>jus</strong></span> <span class='ocrx_word' id='word_1_697' title='bbox 1494 4950 1722 5017; x_wconf 88' lang='lat' dir='ltr'><strong>partum</strong></span> <span class='ocrx_word' id='word_1_698' title='bbox 1751 4945 1839 5000; x_wconf 91' lang='lat' dir='ltr'><strong>in-</strong></span> 
     </span>
    </p>
   </div>
   <div class='ocr_carea' id='block_1_94' title="bbox 203 5039 1843 5109">
    <p class='ocr_par' dir='ltr' id='par_1_94' title="bbox 203 5039 1843 5109">
     <span class='ocr_line' id='line_1_94' title="bbox 203 5039 1843 5109; baseline -0.001 -15"><span class='ocrx_word' id='word_1_699' title='bbox 203 5041 474 5096; x_wconf 88' lang='lat' dir='ltr'><strong>tercidat.</strong></span> <span class='ocrx_word' id='word_1_700' title='bbox 516 5041 910 5096; x_wconf 76' lang='lat' dir='ltr'><strong>Periclitemur</strong></span> <span class='ocrx_word' id='word_1_701' title='bbox 955 5040 1150 5108; x_wconf 90' lang='lat' dir='ltr'><strong>etiam,</strong></span> <span class='ocrx_word' id='word_1_702' title='bbox 1196 5039 1440 5095; x_wconf 88' lang='lat' dir='ltr'><strong>victores</strong></span> <span class='ocrx_word' id='word_1_703' title='bbox 1483 5039 1741 5109; x_wconf 91' lang='lat' dir='ltr'><strong>gentium</strong></span> <span class='ocrx_word' id='word_1_704' title='bbox 1789 5045 1843 5094; x_wconf 92' lang='lat' dir='ltr'><strong>et</strong></span> 
     </span>
    </p>
   </div>
   <div class='ocr_carea' id='block_1_95' title="bbox 206 5132 1842 5206">
    <p class='ocr_par' dir='ltr' id='par_1_95' title="bbox 206 5132 1842 5206">
     <span class='ocr_line' id='line_1_95' title="bbox 206 5132 1842 5206; baseline -0.002 -18"><span class='ocrx_word' id='word_1_705' title='bbox 206 5133 495 5206; x_wconf 84' lang='lat' dir='ltr'><strong>principes</strong></span> <span class='ocrx_word' id='word_1_706' title='bbox 527 5134 679 5188; x_wconf 90' lang='lat' dir='ltr'><strong>orbis</strong></span> <span class='ocrx_word' id='word_1_707' title='bbox 710 5137 1014 5201; x_wconf 89' lang='lat' dir='ltr'><strong>terrarum,</strong></span> <span class='ocrx_word' id='word_1_708' title='bbox 1046 5133 1259 5188; x_wconf 66' lang='lat' dir='ltr'><strong>Judaeis</strong></span> <span class='ocrx_word' id='word_1_709' title='bbox 1286 5148 1451 5203; x_wconf 88' lang='lat' dir='ltr'><strong>pares</strong></span> <span class='ocrx_word' id='word_1_710' title='bbox 1481 5132 1677 5198; x_wconf 89' lang='lat' dir='ltr'><strong>videri,</strong></span> <span class='ocrx_word' id='word_1_711' title='bbox 1701 5148 1842 5204; x_wconf 90' lang='lat' dir='ltr'><strong>quos</strong></span> 
     </span>
    </p>
   </div>
   <div class='ocr_carea' id='block_1_96' title="bbox 203 5226 1841 5299">
    <p class='ocr_par' dir='ltr' id='par_1_96' title="bbox 203 5226 1841 5299">
     <span class='ocr_line' id='line_1_96' title="bbox 203 5226 1841 5299; baseline -0.002 -16"><span class='ocrx_word' id='word_1_712' title='bbox 203 5245 275 5283; x_wconf 85' lang='lat' dir='ltr'><strong>ex</strong></span> <span class='ocrx_word' id='word_1_713' title='bbox 302 5245 470 5299; x_wconf 66' lang='lat' dir='ltr'><strong>aequo</strong></span> <span class='ocrx_word' id='word_1_714' title='bbox 495 5228 657 5282; x_wconf 90' lang='lat' dir='ltr'><strong>nobis</strong></span> <span class='ocrx_word' id='word_1_715' title='bbox 692 5227 747 5282; x_wconf 90' lang='lat' dir='ltr'><strong>in</strong></span> <span class='ocrx_word' id='word_1_716' title='bbox 787 5227 1176 5282; x_wconf 87' lang='lat' dir='ltr'><strong>adversarium</strong></span> <span class='ocrx_word' id='word_1_717' title='bbox 1207 5228 1316 5296; x_wconf 76' lang='grc'>(45)</span> <span class='ocrx_word' id='word_1_718' title='bbox 1347 5226 1764 5294; x_wconf 89' lang='lat' dir='ltr'><strong>constituimus,</strong></span> <span class='ocrx_word' id='word_1_719' title='bbox 1795 5227 1841 5280; x_wconf 90' lang='lat' dir='ltr'><strong>si</strong></span> 
     </span>
    </p>
   </div>
   <div class='ocr_carea' id='block_1_97' title="bbox 209 5321 1842 5393">
    <p class='ocr_par' dir='ltr' id='par_1_97' title="bbox 209 5321 1842 5393">
     <span class='ocr_line' id='line_1_97' title="bbox 209 5321 1842 5393; baseline 0 -19"><span class='ocrx_word' id='word_1_720' title='bbox 209 5340 322 5376; x_wconf 87' lang='lat' dir='ltr'><strong>non</strong></span> <span class='ocrx_word' id='word_1_721' title='bbox 368 5323 533 5376; x_wconf 88' lang='lat' dir='ltr'><strong>aliter</strong></span> <span class='ocrx_word' id='word_1_722' title='bbox 565 5323 668 5376; x_wconf 90' lang='lat' dir='ltr'><strong>nisi</strong></span> <span class='ocrx_word' id='word_1_723' title='bbox 704 5322 823 5393; x_wconf 85' lang='lat' dir='ltr'><strong>pari</strong></span> <span class='ocrx_word' id='word_1_724' title='bbox 854 5338 1094 5376; x_wconf 83' lang='lat' dir='ltr'><strong>numero</strong></span> <span class='ocrx_word' id='word_1_725' title='bbox 1125 5321 1582 5390; x_wconf 88' lang='lat' dir='ltr'><strong>congrediamur.</strong></span> <span class='ocrx_word' id='word_1_726' title='bbox 1612 5321 1842 5392; x_wconf 84' lang='lat' dir='ltr'><strong>Majores</strong></span> 
     </span>
    </p>
   </div>
   <div class='ocr_carea' id='block_1_98' title="bbox 208 5415 1844 5487">
    <p class='ocr_par' dir='ltr' id='par_1_98' title="bbox 208 5415 1844 5487">
     <span class='ocr_line' id='line_1_98' title="bbox 208 5415 1844 5487; baseline -0.001 -18"><span class='ocrx_word' id='word_1_727' title='bbox 208 5415 384 5471; x_wconf 87' lang='lat' dir='ltr'><strong>nostri</strong></span> <span class='ocrx_word' id='word_1_728' title='bbox 417 5432 651 5487; x_wconf 89' lang='lat' dir='ltr'><strong>magnas</strong></span> <span class='ocrx_word' id='word_1_729' title='bbox 671 5416 917 5471; x_wconf 90' lang='lat' dir='ltr'><strong>hostium</strong></span> <span class='ocrx_word' id='word_1_730' title='bbox 951 5415 1144 5486; x_wconf 90' lang='lat' dir='ltr'><strong>copias</strong></span> <span class='ocrx_word' id='word_1_731' title='bbox 1175 5432 1350 5486; x_wconf 90' lang='lat' dir='ltr'><strong>parva</strong></span> <span class='ocrx_word' id='word_1_732' title='bbox 1379 5432 1553 5470; x_wconf 90' lang='lat' dir='ltr'><strong>manu</strong></span> <span class='ocrx_word' id='word_1_733' title='bbox 1579 5415 1844 5486; x_wconf 86' lang='lat' dir='ltr'><strong>frequen-</strong></span> 
     </span>
    </p>
   </div>
   <div class='ocr_carea' id='block_1_99' title="bbox 211 5508 1842 5582">
    <p class='ocr_par' dir='ltr' id='par_1_99' title="bbox 211 5508 1842 5582">
     <span class='ocr_line' id='line_1_99' title="bbox 211 5508 1842 5582; baseline -0.001 -20"><span class='ocrx_word' id='word_1_734' title='bbox 211 5516 296 5566; x_wconf 73' lang='lat' dir='ltr'><strong>ter</strong></span> <span class='ocrx_word' id='word_1_735' title='bbox 335 5510 629 5565; x_wconf 85' lang='lat' dir='ltr'><strong>fuderunt.</strong></span> <span class='ocrx_word' id='word_1_736' title='bbox 672 5512 740 5564; x_wconf 88' lang='lat' dir='ltr'><strong>Et</strong></span> <span class='ocrx_word' id='word_1_737' title='bbox 780 5510 912 5582; x_wconf 89' lang='lat' dir='ltr'><strong>quid</strong></span> <span class='ocrx_word' id='word_1_738' title='bbox 959 5509 1124 5564; x_wconf 87' lang='lat' dir='ltr'><strong>nobis</strong></span> <span class='ocrx_word' id='word_1_739' title='bbox 1167 5509 1465 5564; x_wconf 88' lang='lat' dir='ltr'><strong>conferunt</strong></span> <span class='ocrx_word' id='word_1_740' title='bbox 1509 5508 1842 5580; x_wconf 86' lang='lat' dir='ltr'><strong>quotidiana</strong></span> 
     </span>
    </p>
   </div>
   <div class='ocr_carea' id='block_1_100' title="bbox 210 5603 1840 5676">
    <p class='ocr_par' dir='ltr' id='par_1_100' title="bbox 210 5603 1840 5676">
     <span class='ocr_line' id='line_1_100' title="bbox 210 5603 1840 5676; baseline 0 -19"><span class='ocrx_word' id='word_1_741' title='bbox 210 5606 484 5662; x_wconf 81' lang='lat' dir='ltr'><strong>exercitia</strong></span> <span class='ocrx_word' id='word_1_742' title='bbox 501 5605 528 5659; x_wconf 86' lang='lat'><strong>?</strong></span> <span class='ocrx_word' id='word_1_743' title='bbox 547 5604 684 5676; x_wconf 89' lang='lat' dir='ltr'><strong>quid</strong></span> <span class='ocrx_word' id='word_1_744' title='bbox 708 5605 1012 5660; x_wconf 89' lang='lat' dir='ltr'><strong>diuturnus</strong></span> <span class='ocrx_word' id='word_1_745' title='bbox 1035 5603 1209 5671; x_wconf 91' lang='lat' dir='ltr'><strong>labor,</strong></span> <span class='ocrx_word' id='word_1_746' title='bbox 1235 5604 1278 5658; x_wconf 90' lang='lat' dir='ltr'><strong>si</strong></span> <span class='ocrx_word' id='word_1_747' title='bbox 1298 5618 1463 5673; x_wconf 88' lang='lat' dir='ltr'><strong>pares</strong></span> <span class='ocrx_word' id='word_1_748' title='bbox 1484 5603 1553 5656; x_wconf 91' lang='lat' dir='ltr'><strong>ad</strong></span> <span class='ocrx_word' id='word_1_749' title='bbox 1582 5604 1840 5673; x_wconf 72' lang='lat' dir='ltr'><strong>proelium</strong></span> 
     </span>
    </p>
   </div>
   <div class='ocr_carea' id='block_1_101' title="bbox 275 5745 851 5808">
    <p class='ocr_par' dir='ltr' id='par_1_101' title="bbox 275 5745 851 5808">
     <span class='ocr_line' id='line_1_101' title="bbox 275 5745 851 5808; baseline -0.007 -11"><span class='ocrx_word' id='word_1_750' title='bbox 275 5747 371 5808; x_wconf 70' lang='lat'><strong>(42)</strong></span> <span class='ocrx_word' id='word_1_751' title='bbox 407 5746 642 5796; x_wconf 80' lang='lat' dir='ltr'><strong>Lassari.</strong></span> <span class='ocrx_word' id='word_1_752' title='bbox 675 5745 851 5796; x_wconf 73' lang='lat' dir='ltr'><strong>BABR.</strong></span> 
     </span>
    </p>
   </div>
   <div class='ocr_carea' id='block_1_102' title="bbox 278 5815 786 5877">
    <p class='ocr_par' dir='ltr' id='par_1_102' title="bbox 278 5815 786 5877">
     <span class='ocr_line' id='line_1_102' title="bbox 278 5815 786 5877; baseline -0.008 -10"><span class='ocrx_word' id='word_1_753' title='bbox 278 5817 375 5877; x_wconf 69' lang='grc'>(43)</span> <span class='ocrx_word' id='word_1_754' title='bbox 403 5815 674 5866; x_wconf 68' lang='grc' dir='ltr'><strong>Ρνωιέυγη.</strong></span> <span class='ocrx_word' id='word_1_755' title='bbox 707 5815 786 5865; x_wconf 87' lang='lat' dir='ltr'><strong>lD.</strong></span> 
     </span>
    </p>
   </div>
   <div class='ocr_carea' id='block_1_103' title="bbox 276 5885 812 5951">
    <p class='ocr_par' dir='ltr' id='par_1_103' title="bbox 276 5885 812 5951">
     <span class='ocr_line' id='line_1_103' title="bbox 276 5885 812 5951; baseline -0.006 -13"><span class='ocrx_word' id='word_1_756' title='bbox 276 5888 374 5951; x_wconf 71' lang='grc'>(44)</span> <span class='ocrx_word' id='word_1_757' title='bbox 400 5889 504 5938; x_wconf 86' lang='lat' dir='ltr'><strong>Pro</strong></span> <span class='ocrx_word' id='word_1_758' title='bbox 530 5885 698 5939; x_wconf 74' lang='lat' dir='ltr'><strong>nobis.</strong></span> <span class='ocrx_word' id='word_1_759' title='bbox 732 5885 812 5936; x_wconf 82' lang='lat' dir='ltr'><strong>In.</strong></span> 
     </span>
    </p>
   </div>
   <div class='ocr_carea' id='block_1_104' title="bbox 1941 4657 3569 4730">
    <p class='ocr_par' dir='ltr' id='par_1_104' title="bbox 1941 4657 3569 4730">
     <span class='ocr_line' id='line_1_104' title="bbox 1941 4657 3569 4730; baseline -0.004 -14"><span class='ocrx_word' id='word_1_760' title='bbox 1941 4669 2080 4730; x_wconf 91' lang='lat' dir='ltr'><strong>tror,</strong></span> <span class='ocrx_word' id='word_1_761' title='bbox 2118 4661 2346 4717; x_wconf 87' lang='lat' dir='ltr'><strong>cessisse</strong></span> <span class='ocrx_word' id='word_1_762' title='bbox 2389 4677 2494 4715; x_wconf 89' lang='lat' dir='ltr'><strong>nos</strong></span> <span class='ocrx_word' id='word_1_763' title='bbox 2538 4659 2764 4725; x_wconf 69' lang='lat' dir='ltr'><strong>Iudaeis,</strong></span> <span class='ocrx_word' id='word_1_764' title='bbox 2808 4674 2938 4712; x_wconf 92' lang='lat' dir='ltr'><strong>cum</strong></span> <span class='ocrx_word' id='word_1_765' title='bbox 2979 4673 3276 4728; x_wconf 89' lang='lat' dir='ltr'><strong>possemus</strong></span> <span class='ocrx_word' id='word_1_766' title='bbox 3320 4657 3569 4720; x_wconf 86' lang='lat' dir='ltr'><strong>vincere,</strong></span> 
     </span>
    </p>
   </div>
   <div class='ocr_carea' id='block_1_105' title="bbox 1943 4754 2512 4827">
    <p class='ocr_par' dir='ltr' id='par_1_105' title="bbox 1943 4754 2512 4827">
     <span class='ocr_line' id='line_1_105' title="bbox 1943 4754 2512 4827; baseline -0.005 -17"><span class='ocrx_word' id='word_1_767' title='bbox 1943 4772 2115 4827; x_wconf 88' lang='lat' dir='ltr'><strong>quam</strong></span> <span class='ocrx_word' id='word_1_768' title='bbox 2145 4754 2512 4827; x_wconf 87' lang='lat' dir='ltr'><strong>pugnavisse.</strong></span> 
     </span>
    </p>
   </div>
   <div class='ocr_carea' id='block_1_106' title="bbox 2555 4846 2960 4902">
    <p class='ocr_par' dir='ltr' id='par_1_106' title="bbox 2555 4846 2960 4902">
     <span class='ocr_line' id='line_1_106' title="bbox 2555 4846 2960 4902; baseline -0.002 -2"><span class='ocrx_word' id='word_1_769' title='bbox 2555 4847 2772 4902; x_wconf 79' lang='lat' dir='ltr'><strong>CAPUT</strong></span> <span class='ocrx_word' id='word_1_770' title='bbox 2811 4846 2960 4900; x_wconf 85' lang='lat' dir='ltr'><strong>XXV.</strong></span> 
     </span>
    </p>
   </div>
   <div class='ocr_carea' id='block_1_107' title="bbox 2017 4939 3573 5014">
    <p class='ocr_par' dir='ltr' id='par_1_107' title="bbox 2017 4939 3573 5014">
     <span class='ocr_line' id='line_1_107' title="bbox 2017 4939 3573 5014; baseline -0.004 -16"><span class='ocrx_word' id='word_1_771' title='bbox 2017 4945 2142 4998; x_wconf 60' lang='lat' dir='ltr'><strong>Haec</strong></span> <span class='ocrx_word' id='word_1_772' title='bbox 2191 4942 2404 5010; x_wconf 87' lang='lat' dir='ltr'><strong>dicens,</strong></span> <span class='ocrx_word' id='word_1_773' title='bbox 2449 4940 2668 5014; x_wconf 88' lang='lat' dir='ltr'><strong>primus</strong></span> <span class='ocrx_word' id='word_1_774' title='bbox 2708 4956 2919 5012; x_wconf 89' lang='lat' dir='ltr'><strong>equum</strong></span> <span class='ocrx_word' id='word_1_775' title='bbox 2961 4939 3017 4994; x_wconf 91' lang='lat' dir='ltr'><strong>in</strong></span> <span class='ocrx_word' id='word_1_776' title='bbox 3066 4940 3287 4994; x_wconf 90' lang='lat' dir='ltr'><strong>hostem</strong></span> <span class='ocrx_word' id='word_1_777' title='bbox 3332 4939 3470 5010; x_wconf 90' lang='lat' dir='ltr'><strong>egit,</strong></span> <span class='ocrx_word' id='word_1_778' title='bbox 3519 4944 3573 4992; x_wconf 86' lang='lat' dir='ltr'><strong>et</strong></span> 
     </span>
    </p>
   </div>
   <div class='ocr_carea' id='block_1_108' title="bbox 1943 5033 3570 5108">
    <p class='ocr_par' dir='ltr' id='par_1_108' title="bbox 1943 5033 3570 5108">
     <span class='ocr_line' id='line_1_108' title="bbox 1943 5033 3570 5108; baseline -0.004 -16"><span class='ocrx_word' id='word_1_779' title='bbox 1943 5039 2188 5092; x_wconf 86' lang='lat' dir='ltr'><strong>clamore</strong></span> <span class='ocrx_word' id='word_1_780' title='bbox 2220 5053 2432 5108; x_wconf 87' lang='lat' dir='ltr'><strong>magno</strong></span> <span class='ocrx_word' id='word_1_781' title='bbox 2458 5035 2637 5090; x_wconf 89' lang='lat' dir='ltr'><strong>secuti</strong></span> <span class='ocrx_word' id='word_1_782' title='bbox 2659 5034 2886 5089; x_wconf 59' lang='lat' dir='ltr'><strong>caeteri:</strong></span> <span class='ocrx_word' id='word_1_783' title='bbox 2919 5036 3040 5088; x_wconf 87' lang='lat' dir='ltr'><strong>toto</strong></span> <span class='ocrx_word' id='word_1_784' title='bbox 3069 5049 3272 5104; x_wconf 88' lang='lat' dir='ltr'><strong>campo</strong></span> <span class='ocrx_word' id='word_1_785' title='bbox 3302 5033 3570 5088; x_wconf 77' lang='lat' dir='ltr'><strong>extende-</strong></span> 
     </span>
    </p>
   </div>
   <div class='ocr_carea' id='block_1_109' title="bbox 1940 5126 3572 5202">
    <p class='ocr_par' dir='ltr' id='par_1_109' title="bbox 1940 5126 3572 5202">
     <span class='ocr_line' id='line_1_109' title="bbox 1940 5126 3572 5202; baseline -0.005 -16"><span class='ocrx_word' id='word_1_786' title='bbox 1940 5132 2174 5199; x_wconf 89' lang='lat' dir='ltr'><strong>bautur,</strong></span> <span class='ocrx_word' id='word_1_787' title='bbox 2214 5147 2331 5202; x_wconf 91' lang='lat' dir='ltr'><strong>quo</strong></span> <span class='ocrx_word' id='word_1_788' title='bbox 2373 5129 2546 5184; x_wconf 91' lang='lat' dir='ltr'><strong>etiam</strong></span> <span class='ocrx_word' id='word_1_789' title='bbox 2589 5130 2777 5201; x_wconf 89' lang='lat' dir='ltr'><strong>plures</strong></span> <span class='ocrx_word' id='word_1_790' title='bbox 2818 5126 3267 5182; x_wconf 65' lang='lat' dir='ltr'><strong>aestimabantur.</strong></span> <span class='ocrx_word' id='word_1_791' title='bbox 3294 5127 3572 5197; x_wconf 85' lang='lat' dir='ltr'><strong>Trajanus</strong></span> 
     </span>
    </p>
   </div>
   <div class='ocr_carea' id='block_1_110' title="bbox 1942 5219 3566 5297">
    <p class='ocr_par' dir='ltr' id='par_1_110' title="bbox 1942 5219 3566 5297">
     <span class='ocr_line' id='line_1_110' title="bbox 1942 5219 3566 5297; baseline -0.004 -17"><span class='ocrx_word' id='word_1_792' title='bbox 1942 5241 2167 5297; x_wconf 91' lang='lat' dir='ltr'><strong>quoque</strong></span> <span class='ocrx_word' id='word_1_793' title='bbox 2190 5241 2319 5279; x_wconf 91' lang='lat' dir='ltr'><strong>cum</strong></span> <span class='ocrx_word' id='word_1_794' title='bbox 2340 5222 2607 5278; x_wconf 88' lang='lat' dir='ltr'><strong>trecentis</strong></span> <span class='ocrx_word' id='word_1_795' title='bbox 2627 5221 2913 5293; x_wconf 88' lang='lat' dir='ltr'><strong>equitibus</strong></span> <span class='ocrx_word' id='word_1_796' title='bbox 2933 5220 3134 5275; x_wconf 85' lang='lat' dir='ltr'><strong>missus</strong></span> <span class='ocrx_word' id='word_1_797' title='bbox 3154 5238 3185 5274; x_wconf 90' lang='lat' dir='ltr'><strong>a</strong></span> <span class='ocrx_word' id='word_1_798' title='bbox 3204 5219 3566 5290; x_wconf 84' lang='lat' dir='ltr'><strong>Vespasiano,</strong></span> 
     </span>
    </p>
   </div>
   <div class='ocr_carea' id='block_1_111' title="bbox 1934 5313 3567 5390">
    <p class='ocr_par' dir='ltr' id='par_1_111' title="bbox 1934 5313 3567 5390">
     <span class='ocr_line' id='line_1_111' title="bbox 1934 5313 3567 5390; baseline -0.002 -17"><span class='ocrx_word' id='word_1_799' title='bbox 1934 5321 2059 5390; x_wconf 86' lang='lat' dir='ltr'><strong>jam</strong></span> <span class='ocrx_word' id='word_1_800' title='bbox 2097 5318 2497 5390; x_wconf 90' lang='lat' dir='ltr'><strong>progrediente</strong></span> <span class='ocrx_word' id='word_1_801' title='bbox 2537 5317 2660 5371; x_wconf 88' lang='lat' dir='ltr'><strong>Tito</strong></span> <span class='ocrx_word' id='word_1_802' title='bbox 2701 5313 3049 5386; x_wconf 88' lang='lat' dir='ltr'><strong>supervenit.</strong></span> <span class='ocrx_word' id='word_1_803' title='bbox 3088 5314 3199 5368; x_wconf 87' lang='lat' dir='ltr'><strong>Nec</strong></span> <span class='ocrx_word' id='word_1_804' title='bbox 3234 5313 3448 5368; x_wconf 91' lang='lat' dir='ltr'><strong>diutius</strong></span> <span class='ocrx_word' id='word_1_805' title='bbox 3481 5331 3567 5369; x_wconf 85' lang='lat' dir='ltr'><strong>re-</strong></span> 
     </span>
    </p>
   </div>
   <div class='ocr_carea' id='block_1_112' title="bbox 1942 5407 3574 5483">
    <p class='ocr_par' dir='ltr' id='par_1_112' title="bbox 1942 5407 3574 5483">
     <span class='ocr_line' id='line_1_112' title="bbox 1942 5407 3574 5483; baseline -0.004 -16"><span class='ocrx_word' id='word_1_806' title='bbox 1942 5412 2139 5468; x_wconf 90' lang='lat' dir='ltr'><strong>sistere</strong></span> <span class='ocrx_word' id='word_1_807' title='bbox 2170 5414 2482 5483; x_wconf 89' lang='lat' dir='ltr'><strong>potuerunt</strong></span> <span class='ocrx_word' id='word_1_808' title='bbox 2508 5409 2710 5478; x_wconf 67' lang='lat' dir='ltr'><strong>Judaei,</strong></span> <span class='ocrx_word' id='word_1_809' title='bbox 2738 5425 2869 5464; x_wconf 89' lang='lat' dir='ltr'><strong>cum</strong></span> <span class='ocrx_word' id='word_1_810' title='bbox 2893 5408 3149 5462; x_wconf 88' lang='lat' dir='ltr'><strong>virorum</strong></span> <span class='ocrx_word' id='word_1_811' title='bbox 3175 5407 3358 5463; x_wconf 91' lang='lat' dir='ltr'><strong>contis</strong></span> <span class='ocrx_word' id='word_1_812' title='bbox 3385 5410 3443 5462; x_wconf 92' lang='lat' dir='ltr'><strong>et</strong></span> <span class='ocrx_word' id='word_1_813' title='bbox 3464 5408 3574 5462; x_wconf 71' lang='grc' dir='ltr'><strong>ἰτρ-</strong></span> 
     </span>
    </p>
   </div>
   <div class='ocr_carea' id='block_1_113' title="bbox 1944 5501 3570 5578">
    <p class='ocr_par' dir='ltr' id='par_1_113' title="bbox 1944 5501 3570 5578">
     <span class='ocr_line' id='line_1_113' title="bbox 1944 5501 3570 5578; baseline -0.005 -16"><span class='ocrx_word' id='word_1_814' title='bbox 1944 5507 2085 5562; x_wconf 89' lang='lat' dir='ltr'><strong>mitu</strong></span> <span class='ocrx_word' id='word_1_815' title='bbox 2125 5522 2405 5578; x_wconf 90' lang='lat' dir='ltr'><strong>equorum</strong></span> <span class='ocrx_word' id='word_1_816' title='bbox 2443 5503 2935 5576; x_wconf 89' lang='lat' dir='ltr'><strong>perturbarentur.</strong></span> <span class='ocrx_word' id='word_1_817' title='bbox 2970 5501 3242 5558; x_wconf 87' lang='lat' dir='ltr'><strong>Conversi</strong></span> <span class='ocrx_word' id='word_1_818' title='bbox 3279 5501 3472 5574; x_wconf 89' lang='lat' dir='ltr'><strong>itaque</strong></span> <span class='ocrx_word' id='word_1_819' title='bbox 3513 5503 3570 5555; x_wconf 88' lang='lat' dir='ltr'><strong>in</strong></span> 
     </span>
    </p>
   </div>
   <div class='ocr_carea' id='block_1_114' title="bbox 1943 5595 3570 5670">
    <p class='ocr_par' dir='ltr' id='par_1_114' title="bbox 1943 5595 3570 5670">
     <span class='ocr_line' id='line_1_114' title="bbox 1943 5595 3570 5670; baseline -0.004 -14"><span class='ocrx_word' id='word_1_820' title='bbox 1943 5603 2159 5656; x_wconf 88' lang='lat' dir='ltr'><strong>diversa</strong></span> <span class='ocrx_word' id='word_1_821' title='bbox 2185 5599 2304 5665; x_wconf 90' lang='lat' dir='ltr'><strong>alii,</strong></span> <span class='ocrx_word' id='word_1_822' title='bbox 2330 5599 2586 5670; x_wconf 90' lang='lat' dir='ltr'><strong>plerique</strong></span> <span class='ocrx_word' id='word_1_823' title='bbox 2609 5597 2809 5652; x_wconf 90' lang='lat' dir='ltr'><strong>urbem</strong></span> <span class='ocrx_word' id='word_1_824' title='bbox 2838 5596 3126 5668; x_wconf 89' lang='lat' dir='ltr'><strong>petebant.</strong></span> <span class='ocrx_word' id='word_1_825' title='bbox 3155 5595 3370 5650; x_wconf 87' lang='lat' dir='ltr'><strong>Emicat</strong></span> <span class='ocrx_word' id='word_1_826' title='bbox 3394 5596 3570 5661; x_wconf 89' lang='lat' dir='ltr'><strong>Titus,</strong></span> 
     </span>
    </p>
   </div>
   <div class='ocr_carea' id='block_1_115' title="bbox 2010 5739 2702 5806">
    <p class='ocr_par' dir='ltr' id='par_1_115' title="bbox 2010 5739 2702 5806">
     <span class='ocr_line' id='line_1_115' title="bbox 2010 5739 2702 5806; baseline -0.01 -13"><span class='ocrx_word' id='word_1_827' title='bbox 2010 5743 2103 5806; x_wconf 83' lang='grc'>(45)</span> <span class='ocrx_word' id='word_1_828' title='bbox 2142 5742 2202 5790; x_wconf 83' lang='grc' dir='ltr'><strong>[η</strong></span> <span class='ocrx_word' id='word_1_829' title='bbox 2231 5739 2591 5790; x_wconf 76' lang='lat' dir='ltr'><strong>adversarios.</strong></span> <span class='ocrx_word' id='word_1_830' title='bbox 2622 5739 2702 5787; x_wconf 87' lang='lat' dir='ltr'><strong>ID.</strong></span> 
     </span>
    </p>
   </div>
   <div class='ocr_carea' id='block_1_116' title="bbox 2005 5809 2672 5873">
    <p class='ocr_par' dir='ltr' id='par_1_116' title="bbox 2005 5809 2672 5873">
     <span class='ocr_line' id='line_1_116' title="bbox 2005 5809 2672 5873; baseline -0.006 -11"><span class='ocrx_word' id='word_1_831' title='bbox 2005 5812 2100 5873; x_wconf 81' lang='grc'>(46)</span> <span class='ocrx_word' id='word_1_832' title='bbox 2131 5810 2561 5864; x_wconf 69' lang='lat' dir='ltr'><strong>Prwveniamus.</strong></span> <span class='ocrx_word' id='word_1_833' title='bbox 2592 5809 2672 5860; x_wconf 85' lang='lat' dir='ltr'><strong>ID.</strong></span> 
     </span>
    </p>
   </div>
  </div>
