4000 6166
526 296 665 349 2199

1998 293 2054 344 S.
2096 290 2409 346 AMBROSII

3686 302 3790 355 2200

528 421 584 471 et
611 416 749 471 alios
778 432 810 469 a
840 418 1005 485 tergo
1034 415 1321 485 fugientes
1348 414 1641 485 opprimit,
1674 415 1818 470 alios
1844 414 2028 483 caedit,
2058 429 2157 485 pa—
2179 426 2237 499 Α
2258 413 2610 484 aperiamus;
2661 430 2795 470 nam
2833 414 3140 486 superioris
3183 416 3286 470 asvi
3328 415 3508 482 dubio,
3551 421 3710 473 utrum
3742 421 3799 475 de

530 512 708 567 lantes
733 510 1029 565 universos
1070 525 1351 581 praeverso
1386 508 1595 564 itinere
1627 526 1661 564 a
1696 509 1877 564 muris
1911 508 2153 580 repellit,

531 610 590 660 et
624 604 822 660 obvius
860 603 1285 659 recurrentibus
1317 603 1519 673 fugam
1561 602 1911 657 intercludit.
1944 604 2158 658 Rursus

529 705 722 754 tamen
768 702 890 754 tum
931 698 1028 752 alii
1066 700 1419 764 sternuntur,
1448 695 1625 767 elapsi
1658 696 1753 751 alii
1792 696 1998 768 quibus
2024 696 2158 752 urbs

529 793 752 865 refugio
788 797 929 860 erat,
966 792 1063 847 sed
1099 792 1207 846 illis
1236 792 1347 862 (47)
1376 807 1602 862 quoque
1646 790 1830 845 acrius
1875 790 2155 862 praelium.

533 889 671 942 Nam
709 887 807 958 qui
846 886 916 941 de
957 886 1096 941 locis
1134 885 1391 940 finitimis
1424 884 1787 952 aﬂluxerant,
1816 902 1849 939 a
1880 885 2160 957 principio

533 998 733 1053 pacem
774 981 1179 1053 praeferebant,
1222 980 1319 1034 sed
1361 980 1610 1052 populus
1640 980 2046 1050 superveniens
2073 979 2156 1034 in-

536 1076 698 1131 victis
744 1076 853 1146 (48)
901 1073 1155 1129 bellandi
1197 1073 1387 1128 studia
1437 1076 1771 1128 extorserat.
1824 1073 1959 1128 lude
2012 1073 2161 1128 intra

538 1170 741 1225 urbem
774 1168 1048 1224 dissensio
1088 1170 1146 1223 et
1191 1168 1468 1221 tumultus
1508 1168 1718 1238 gravis,
1760 1184 1874 1239 quo
1919 1167 2161 1238 strepitu

534 1263 767 1332 excitus,
797 1279 855 1318 se
890 1262 1168 1317 convertit
1208 1260 1279 1315 ad
1318 1260 1529 1315 milites
1559 1262 1716 1315 Titus
1746 1278 1758 1315 :
1791 1262 1922 1328 Hoc,
1954 1261 2159 1332 inquit,

537 1361 622 1414 est
645 1361 893 1429 tempus,
923 1354 1263 1410 sanctissimi
1290 1355 1727 1424 commilitones,
1756 1356 1912 1426 quod
1940 1358 2163 1427 expete-

536 1452 668 1508 bam
706 1452 836 1522 (49).
884 1452 1036 1505 Inter
1081 1466 1141 1504 se
1186 1450 1376 1504 hostes
1420 1449 1574 1505 intra
1610 1451 1817 1504 urbem
1853 1450 2161 1504 tumultum

538 1550 751 1613 serunt,
783 1544 921 1599 foris
951 1544 1269 1611 caeduntur,
1304 1544 1457 1598 intus
1484 1543 1894 1615 digladientur.
1921 1544 2164 1599 Festine-

536 1655 662 1694 mus
686 1638 902 1710 itaque,
935 1638 1072 1693 dum
1103 1637 1289 1693 adhuc
1315 1638 1613 1706 dissident,
1646 1654 1716 1692 ne
1748 1638 1895 1693 forte
1925 1637 2163 1708 periculi

2256 510 2381 563 lacu
2410 509 2680 579 Genesar,
2709 510 2924 565 ﬂumen
2954 508 3044 564 cui
3070 525 3281 564 nomen
3315 509 3573 580 Jordanis,
3600 514 3794 570 exorire-

2257 607 2382 670 tur,
2440 604 2734 676 Philippus
2788 604 3106 659 tetrarches
3160 603 3555 659 Trachonitidis
3601 607 3799 678 regionis

2257 696 2461 753 falsam
2504 698 2835 769 opinionem
2866 696 3180 769 redarguit,
3220 713 3571 770 erroremque
3597 700 3798 768 absolvit,

2259 791 2491 846 mittens
2526 792 2722 863 paleas
2757 791 2813 846 in
2856 791 3132 860 Phialam,
3161 808 3303 862 quas
3333 791 3390 846 in
3430 792 3624 848 Pannio
3650 793 3802 850 ﬂuvius

2262 885 2530 943 ebullivit.
2573 886 2729 941 Unde
2771 885 2952 957 liquet
2985 902 3099 941 non
3141 885 3426 941 exordium
3466 903 3574 942 esse
3607 889 3805 944 Jordauis

2262 979 2320 1033 in
2357 980 2591 1050 Pannio,
2624 980 2723 1035 sed
2769 980 3073 1036 ﬂuentum.
3108 981 3232 1035 Non
3276 979 3430 1034 enim
3470 980 3542 1035 ibi
3580 982 3690 1037 fons
3720 983 3806 1055 ejus

2262 1076 2366 1141 est,
2409 1079 2470 1129 ut
2503 1074 2574 1128 ab
2615 1091 2702 1139 eo,
2746 1091 2851 1129 usu
2887 1077 3223 1129 castcrorum
3266 1073 3560 1129 ﬂuminum
3600 1077 3805 1147 cmperit;

2263 1168 2357 1222 sed
2399 1167 2469 1223 de
2501 1167 2693 1222 Phiala
2731 1167 2788 1222 in
2826 1167 3041 1223 Tracho
3082 1168 3286 1223 eodem
3324 1167 3675 1223 subterraneis
3697 1170 3807 1225 deri-

2263 1265 2423 1316 vatus
2474 1261 2789 1331 meatibus,
2848 1262 2928 1316 ibi
2982 1263 3187 1317 iterum
3241 1262 3405 1333 quasi
3451 1262 3567 1317 fons
3609 1264 3811 1325 scaturit,

2263 1361 2432 1427 atque
2491 1372 2795 1428 emergens
2844 1355 3126 1427 proditur.
3187 1358 3280 1411 Est
3333 1362 3519 1411 autem
3578 1357 3739 1411 Phiala
3774 1360 3815 1411 in

2264 1449 2662 1505 Trachonitide
2707 1454 2881 1518 terra,
2924 1454 3151 1505 centum
3187 1449 3392 1520 viginti
3432 1450 3815 1521 interiacentibus

2266 1543 2481 1610 stadiis,
2518 1560 2701 1615 usque
2738 1543 2812 1598 ad
2842 1543 3044 1598 urbem
3082 1544 3416 1599 Caesaream.
3454 1543 3643 1598 Phiala:
3675 1547 3818 1598 autem
3926 1544 3927 1581 Τ

2266 1653 2479 1692 nomen
2520 1652 2647 1709 spes
2686 1637 2843 1693 dedit
2879 1636 3015 1709 (52),
3050 1638 3209 1708 quasi
3248 1641 3386 1692 rota:
3422 1637 3720 1709 qualitatem
3748 1656 3817 1691 ex-
3926 1670 3927 1673 η

538 1738 697 1789 metu
714 1734 773 1787 in
792 1732 1033 1803 gratiam
1052 1732 1309 1789 redeant.
1335 1735 1527 1803 Itaque
1546 1732 1801 1787 ascendit
1819 1748 2030 1803 equum
2050 1749 2164 1804 quo
2188 1799 2230 1804 _
2269 1732 2547 1802 primens,
2590 1732 2740 1802 quod
2786 1731 2862 1787 ita
2895 1732 3112 1803 jugiter
3154 1732 3325 1802 plena
3363 1734 3447 1787 est
3484 1747 3745 1801 aquarum,
3777 1738 3819 1785 ut

543 1826 850 1893 desilierat,
874 1826 1057 1881 muris
1088 1826 1413 1897 proximus;
1441 1831 1498 1880 et
1528 1842 1831 1881 conversus
1856 1826 1929 1880 ad
1957 1827 2165 1893 lacum,
2188 1799 2245 1871 Β
2270 1841 2456 1897 neque
2486 1826 2861 1896 superﬂuant,
2898 1842 3004 1880 nec
3045 1842 3242 1880 rursus
3283 1825 3475 1897 aliqua
3514 1825 3724 1880 derivari
3745 1826 3819 1879 mi-
3926 1816 3927 1819 “

542 1938 645 1993 per
672 1920 879 1976 ﬂuctus
909 1936 1191 1991 aquarum
1226 1920 1428 1974 urbem
1460 1919 1710 1991 petebat,
1740 1920 2073 1991 primusque
2113 1920 2169 1973 in

545 2015 749 2071 urbem
780 2013 947 2069 irruit
982 2019 1039 2069 et
1078 2016 1277 2084 postea
1313 2012 1503 2067 caeteri
1531 2014 1661 2083 (50).
1692 2013 2011 2085 Statimque
2049 2031 2168 2067 om-

543 2125 647 2166 nes
674 2109 773 2180 qui
810 2108 1052 2164 interius
1085 2113 1266 2174 erant,
1299 2106 1534 2177 dispersi
1563 2106 1620 2160 in
1658 2107 1879 2177 fugam,
1912 2107 2007 2160 alii
2046 2123 2174 2178 pro-

546 2203 965 2269 sternebantur,
1019 2200 1111 2256 alii
1166 2201 1536 2256 ascendentes
1581 2199 1831 2271 navigia,
1878 2201 1935 2254 in
1987 2201 2172 2255 lacum

546 2296 1056 2367 demergebantur,
1099 2295 1231 2349 caesi
1273 2295 1426 2349 intus
1476 2295 1641 2349 multi
1690 2295 1977 2350 mortales.
2030 2296 2173 2350 Sane

549 2393 646 2462 qui
679 2391 751 2446 de
782 2390 936 2462 agris
966 2393 1151 2459 erant,
1176 2388 1496 2443 offerebant
1514 2404 1634 2443 sese
1663 2388 1933 2443 Romanis
1957 2389 2175 2444 alienos

548 2487 728 2557 culpa:
784 2486 1125 2551 asserentes,
1172 2481 1379 2553 quibus
1437 2482 1532 2553 pio
1578 2482 1973 2538 moderamine
2020 2483 2176 2537 Titus

548 2578 897 2652 parcendum
929 2577 1185 2649 putabat,
1218 2577 1365 2631 solos
1397 2592 1610 2648 urgens
1640 2576 1968 2631 rebellionis
1993 2583 2177 2631 aucto-

546 2690 658 2728 res.
691 2671 839 2728 Misit
866 2672 1063 2743 itaque
1092 2672 1162 2726 ad
1202 2674 1426 2741 patrem
1459 2670 1735 2741 equitem,
1764 2671 1861 2743 qui
1888 2670 2179 2726 nuntiaret

549 2772 820 2823 eventum
864 2765 1133 2820 victorias.
1183 2765 1306 2829 Quo
1352 2765 1660 2819 delectatus
1711 2764 2081 2835 Vespasianus
2124 2770 2180 2819 et

548 2862 802 2918 maxime
846 2859 948 2915 ﬁlii
991 2858 1310 2930 triumpho,
1352 2858 1450 2929 qui
1502 2858 1807 2912 maximam
1861 2859 2178 2929 portionem

552 2956 721 3011 totius
748 2954 881 3010 belli
908 2954 1236 3009 confecerat
1264 2952 1417 3025 quod
1446 2953 1712 3007 adversus
1735 2952 1991 3008 Judaeum
2021 2969 2180 3024 gere-

550 3053 738 3117 batur,
771 3066 837 3104 eo
867 3046 1184 3113 contendit,
1218 3050 1274 3101 et
1294 3046 1465 3117 jussit
1490 3046 1779 3101 observari
1818 3048 2018 3101 urbem
2052 3046 2175 3102 dili-

2272 1920 2503 1974 nutione
2530 1918 2941 1989 intelligantur.
2973 1918 3214 1974 Inferius
3241 1919 3438 1990 itaque
3464 1934 3700 1973 mensura
3722 1935 3821 1990 qua-

2273 2015 2409 2069 dam
2464 2012 2670 2068 labitur
2717 2028 2903 2085 aqua,
2949 2018 3006 2069 et
3059 2013 3160 2067 ubi
3211 2012 3493 2068 Pannium
3546 2020 3642 2081 est,
3685 2029 3826 2067 rursus
3926 2046 3927 2059 η

2274 2108 2489 2175 ebullit,
2529 2110 2594 2161 ut
2631 2107 2808 2179 paleis
2842 2107 3274 2179 resurgentibus
3318 2107 3718 2162 manifestatum
3754 2108 3827 2160 est.

2275 2203 2354 2257 Ita
2406 2202 2483 2255 ibi
2545 2201 2808 2256 Jordanis
2864 2201 3240 2256 resurrexisse
3305 2200 3566 2272 proditus
3622 2207 3719 2269 est,
3767 2200 3828 2253 ubi
3926 2210 3927 2272 (

2276 2296 2431 2351 nasci
2472 2312 2504 2349 a
2551 2295 2939 2367 superioribus
2987 2294 3257 2367 temporis
3306 2296 3443 2350 viris
3490 2293 3828 2349 aestimabatur.
3926 2298 3927 2367 j

2276 2390 2387 2444 Nec
2416 2394 2609 2444 tamen
2637 2406 2671 2442 a
2704 2388 2986 2460 principio
3016 2388 3219 2444 eadem
3258 2388 3483 2455 Pannii,
3518 2388 3618 2444 nisi
3644 2388 3741 2442 sola
3762 2404 3830 2441 ιη-

2279 2483 2471 2538 turalis
2520 2482 2702 2554 gratia
2745 2500 2758 2538 :
2807 2482 2903 2538 sed
2949 2482 3158 2554 regalis
3207 2483 3475 2554 Agrippa:
3519 2480 3833 2537 muniﬁcentia

2278 2582 2505 2631 ornatus
2553 2577 2674 2631 loco
2726 2576 2957 2631 uberior
3000 2577 3471 2648 splendidiorque
3529 2576 3718 2643 aditus,
3758 2591 3835 2646 quo
3926 2582 3927 2648 j

2280 2672 2552 2743 spelaeum
2595 2671 2796 2725 decore
2831 2670 3169 2739 admirabili,
3201 2687 3304 2742 per
3344 2672 3499 2742 quod
3537 2686 3648 2726 sese
3684 2668 3836 2724 attollit
3926 2668 3927 2743 ξ

2277 2765 2575 2827 Jordanis,
2633 2766 2984 2819 exstructum
3037 2768 3520 2837 venustatumque
3565 2764 3836 2835 accepimus.

2280 2860 2437 2914 Unde
2469 2875 2581 2913 non
2610 2858 2804 2914 latenti
2818 2859 2941 2929 jam
2969 2875 3158 2929 neque
3188 2858 3392 2914 abdito
3420 2876 3522 2930 per
3549 2874 3699 2913 cavos
3721 2863 3837 2909 terra

2282 2956 2525 3020 meatus,
2554 2953 2649 3008 sed
2671 2952 2874 3007 visibili
2904 2969 3007 3024 per
3032 2955 3217 3007 terras
3242 2959 3419 3024 atque
3445 2956 3636 3024 aperto
3663 2950 3839 3006 ﬂumine

2281 3047 2576 3119 incipiens,
2610 3047 3022 3119 superfundere
3064 3064 3120 3101 se
3149 3046 3664 3103 Semechonitidem
3690 3045 3839 3107 lacum,

554 3144 800 3218 gentius,
826 3159 899 3197 ne
926 3141 1054 3213 quis
1081 3140 1423 3207 elaberetur,
1451 3156 1519 3195 eo
1542 3141 1695 3212 quod
1726 3140 1971 3195 universi
1998 3157 2180 3213 paenae
2200 3171 2255 3244 Ο
2282 3141 2631 3213 paludesque
2683 3142 2804 3212 ejus
2858 3140 3182 3195 intersecat.
3239 3142 3381 3196 Inde
3448 3157 3660 3213 quoque
3702 3153 3843 3193 cursus

554 3237 921 3293 deberentur.
950 3234 1071 3290 Alio
1099 3238 1292 3288 tamen
1323 3234 1415 3288 die
1444 3238 1682 3305 propter
1712 3251 1807 3289 eos
1844 3235 1941 3306 qui
1973 3234 2029 3290 in
2057 3252 2175 3290 sca-

554 3331 700 3404 phas
741 3345 862 3385 sese
903 3327 1287 3396 contulerant,
1334 3332 1485 3382 rates
1529 3327 1651 3383 ﬁeri
1688 3328 1855 3398 jussit
1892 3345 2021 3401 quae
2062 3329 2181 3385 sine

556 3440 721 3480 mora
749 3424 935 3489 factae,
967 3421 1238 3493 quoniam
1271 3426 1326 3477 et
1361 3422 1512 3476 silvm
1541 3422 1816 3490 ﬁnitimae,
1850 3428 1905 3478 et
1935 3423 2183 3495 Operarii

558 3517 822 3590 plerique
848 3516 1208 3573 accelerandi
1235 3516 1489 3571 muneris
1514 3516 1846 3573 facultatem
1879 3517 2109 3573 dedere.

1144 3659 1363 3714 CAPUT
1415 3661 1589 3715 XXVI.

632 3803 887 3871 Namque
919 3799 1073 3855 lacus
1098 3799 1295 3870 ipsius,
1325 3799 1476 3854 velut
1504 3800 1750 3872 quodam
1779 3802 1947 3856 maris
1966 3804 2186 3858 ambitu

562 3896 717 3951 sinus
758 3893 1164 3965 amplissimus,
1214 3892 1271 3946 in
1313 3893 1727 3964 longitudinem
1775 3901 2005 3951 centum
2046 3914 2184 3968 qua-

564 3987 829 4059 draginta
866 3985 1193 4043 extenditur
1231 3986 1432 4054 stadia,
1475 3986 1770 4042 latitudine
1814 3989 2189 4061 quadraginta

568 4081 925 4148 diffunditur,
949 4080 1333 4152 crispantibus
1359 4080 1523 4151 aquis
1550 4098 1752 4137 auram
1774 4082 1844 4136 de
1872 4084 2057 4155 seipso
2086 4085 2189 4138 sibi

567 4175 831 4228 excitans.
861 4173 1021 4227 Unde
1052 4178 1111 4226 et
1143 4175 1385 4228 Genesar
1423 4174 1628 4229 dicitur
1664 4176 1857 4230 Graeco
1895 4178 2190 4247 vocabulo,

570 4267 732 4339 quasi
758 4282 1045 4338 generans
1073 4267 1178 4321 sibi
1208 4284 1406 4321 auram
1441 4284 1453 4320 :
1487 4284 1632 4339 aqua
1669 4269 1866 4337 dulcis,
1898 4274 1953 4324 et
1991 4272 2060 4326 ad
2092 4289 2190 4343 po-

2280 3252 2412 3290 suos
2440 3234 2710 3306 dirigens,
2743 3239 2972 3290 centum
3002 3234 3204 3306 viginti
3235 3236 3423 3290 stadia
3451 3236 3571 3289 sine
3604 3234 3701 3287 ulla
3720 3233 3842 3286 inter-

2281 3329 2503 3383 fusione
2554 3328 2919 3400 progreditur
2968 3344 3148 3401 usque
3197 3329 3269 3384 ad
3324 3328 3552 3397 urbem,
3605 3328 3684 3383 cui
3722 3325 3845 3380 iuliae

2285 3440 2515 3487 nomen,
2561 3426 2758 3493 postea
2801 3422 2991 3477 lacum
3032 3422 3207 3479 istum
3243 3424 3344 3494 qui
3391 3424 3635 3478 Genesar
3673 3419 3844 3479 dicitur,

2286 3516 2477 3571 medio
2538 3516 2737 3571 transit
2791 3515 3004 3572 ﬂuento

2287 3612 2740 3682 circumvagatus
2781 3611 3020 3678 deserta,
3065 3610 3381 3682 Asphaltite
3425 3611 3711 3682 suscipitur
3745 3608 3845 3669 lacu,

2287 3710 2456 3776 atque
2502 3706 2559 3759 in
2613 3720 2744 3760 eum
2793 3703 3079 3760 conditur.
3123 3706 3316 3777 Itaque
3355 3705 3501 3761 duos
3544 3706 3689 3760 lacus
3722 3702 3846 3757 victor
3926 3704 3927 3715 ‘

2290 3815 2570 3870 egressus,
2611 3799 2670 3853 in
2711 3798 2877 3854 tertio
2922 3799 3120 3855 haeret.
3164 3800 3484 3855 Praetendit
3526 3805 3702 3855 autem
3736 3794 3845 3864 regio

2291 3894 2551 3961 Genesar,
2590 3892 2845 3964 ejusdem
2887 3892 3132 3948 nominis
3176 3893 3389 3963 lacum,
3437 3894 3509 3949 de
3551 3910 3655 3967 quo
3691 3894 3738 3947 et
3766 3889 3847 3960 ipsa
3926 3896 3927 3967 ξ

2291 3987 2629 4041 vocabulum
2684 3986 3010 4059 assumpsit,
3061 3987 3308 4042 mirabili
3360 3995 3583 4044 natura:
3628 3986 3779 4058 gratia
3812 3984 3850 4034 et

2293 4080 2475 4153 specie
2517 4079 2973 4150 pulchritudinis.
3021 4080 3163 4135 Nam
3207 4083 3264 4136 et
3315 4087 3653 4153 spontaneos
3693 4079 3853 4134 fructus
3926 4090 3927 4153 ,

2294 4174 2400 4229 soli
2438 4173 2665 4229 ubertas
2706 4173 3011 4239 ministrat,
3045 4180 3099 4228 et
3142 4191 3453 4230 nemorum
3496 4176 3647 4230 ferax
3681 4174 3728 4227 in
3765 4167 3851 4222 uui-

2297 4284 2453 4323 versa
2480 4283 2691 4339 genera
2728 4270 2930 4339 sponte
2959 4284 3017 4322 se
3055 4267 3298 4339 subrigit
3327 4285 3341 4322 :
3375 4269 3642 4325 arborum
3677 4261 3853 4339 pomife.

569 4361 808 4417 tandum
854 4359 1061 4415 habilis
1105 4377 1117 4413 :
1170 4360 1453 4432 siquidem
1504 4378 1609 4415 nec
1657 4362 1919 4432 palustris
1966 4364 2196 4436 uliginis
2299 4378 2492 4417 rarum
2524 4365 2581 4416 et
2609 4362 2840 4417 cultura:
2864 4360 3091 4417 solertia
3122 4362 3344 4417 imitata
3372 4369 3649 4429 naturam,
3679 4362 3730 4413 in
3753 4371 3854 4429 quos

570 4470 824 4510 crassum
854 4453 1067 4526 aliquid
1095 4457 1193 4509 aut
1218 4453 1513 4509 turbidum
1548 4455 1766 4526 recipit,
1789 4457 1921 4528 quia
1951 4474 2196 4514 arenoso
2300 4456 2477 4511 voluit
2519 4472 2671 4523 usus,
2716 4455 2921 4527 opimas
2960 4456 3326 4511 fecunditatis
3375 4456 3604 4514 deﬂexit
3639 4451 3856 4527 gratiam;

570 4549 823 4621 undique
862 4549 1056 4604 littore
1106 4548 1573 4615 circumvenitur,
1612 4552 1669 4603 et
1711 4552 2078 4621 temperatior
2116 4544 2278 4615 estD
2302 4556 2365 4606 ut
2393 4549 2534 4604 nihil
2569 4550 2641 4604 sit
2670 4550 2783 4605 illic
2818 4550 2970 4622 quod
3009 4555 3209 4605 natura
3245 4552 3560 4624 negaverit,
3595 4548 3720 4604 nihil
3744 4541 3855 4617 quod

574 4642 785 4698 ﬂuviali
824 4648 923 4698 aut
964 4643 1139 4698 fontis
1173 4642 1382 4714 rigore.
1428 4642 1706 4714 Frigidior
1736 4648 1927 4699 tamen
1968 4645 2202 4717 placidaa
2305 4646 2526 4700 cultura
2574 4645 2944 4716 praeterierit,
2985 4644 3061 4699 ita
3110 4649 3275 4716 aptus
3324 4645 3606 4713 omnibus,
3646 4658 3734 4697 nec
3770 4636 3859 4692 ullis

574 4735 801 4807 paludis
827 4752 1074 4808 aequore,
1109 4753 1176 4791 eo
1210 4736 1331 4807 ipso
1355 4736 1505 4808 quod
1534 4753 1646 4792 non
1676 4737 1735 4792 in
1763 4739 1954 4809 stagni
1984 4756 2203 4794 morem
2304 4755 2559 4811 unquam
2598 4738 2819 4794 alienus
2859 4738 3151 4794 fructibus.
3190 4738 3362 4810 Cujus
3399 4743 3557 4794 tanta
3601 4733 3856 4806 temperies.

576 4832 853 4887 sternitur
881 4846 1052 4901 aqua,
1092 4830 1190 4884 sed
1229 4846 1333 4900 per
1364 4829 1655 4886 diﬁ‘usiora
1689 4832 1871 4904 spatia
1901 4833 2055 4888 lacus
2090 4833 2202 4888 fre-

578 4925 844 4998 quentius
868 4924 1021 4979 auris
1047 4923 1395 4996 spirantibus
1425 4925 1709 4996 agitatur:
1744 4926 1892 4981 unde
1925 4933 1981 4982 et
2007 4927 2207 4999 purior

581 5021 821 5075 haustus
862 5019 1004 5090 ejus,
1044 5034 1108 5073 ac
1154 5017 1385 5073 mollior
1426 5022 1512 5073 est
1550 5019 1621 5074 ad
1656 5036 1824 5075 usum
1864 5020 2120 5092 bibendi,
2152 5026 2210 5076 et

579 5114 625 5168 si
666 5114 789 5187 quis
818 5113 1065 5168 naturali
1099 5110 1298 5184 gratia:
1337 5111 1588 5166 studium
1626 5113 1940 5186 adiungere
1966 5116 2116 5185 velit,
2148 5121 2211 5172 ut

583 5208 788 5264 aestivis
819 5223 1173 5279 suspensam,
1202 5206 1273 5262 ad
1314 5221 1479 5261 auras
1522 5207 1778 5263 noctibus
1807 5225 1968 5264 more
1994 5210 2208 5266 incola-

583 5318 711 5357 rum
741 5302 900 5374 potui
928 5304 1106 5373 patet,
1137 5301 1579 5374 haudquaquam
1614 5320 1647 5357 a
1686 5302 1831 5357 nivis
1860 5303 1972 5358 ritu
2002 5304 2211 5360 distare

583 5396 913 5453 arbitretur.
946 5397 1166 5452 Genera
1190 5412 1418 5468 quoque
1449 5395 1693 5468 piscium
1722 5400 1893 5468 gustu
1920 5402 1975 5452 et
2001 5399 2210 5470 specie,

583 5504 751 5561 quam
796 5489 855 5543 in
908 5489 1017 5545 alio
1061 5489 1473 5561 praestantiora.
1528 5491 1638 5545 Res
1689 5489 1919 5561 exigere
1964 5491 2209 5559 videtur,

588 5587 649 5636 ut
694 5582 957 5638 Iordanis
1010 5587 1200 5638 ortum
1258 5600 1425 5654 quem
1479 5584 1615 5639 alibi
1663 5584 2032 5656 promisimus
2082 5586 2210 5654 (51),

645 5720 741 5778 (47)
776 5717 908 5766 Illic.
946 5720 1120 5772 Bana.

650 5786 746 5847 (48)
782 5785 1102 5846 Legendum
1124 5790 1342 5840 videtur
1374 5795 1572 5845 invitis.
1601 5795 1902 5848 GALLAND.

644 5856 739 5916 (49)
774 5854 1170 5915 Exspectabam.
1198 5859 1374 5913 Baaa.

2308 4836 2371 4888 ut
2405 4833 2661 4888 omnium
2704 4833 3058 4888 nascentium
3102 4834 3402 4888 conveniat
3447 4827 3746 4888 diversitati.
3778 4824 3858 4879 IlliC
3926 4824 3927 4887 ἶ

3050 3534 3063 3570 :
3117 3516 3323 3589 quibus
3379 3534 3444 3573 ex
3492 3517 3627 3573 locis
3661 3513 3845 3587 plurima

2309 4930 2365 4982 et
2405 4944 2533 4999 quas
2577 4927 2786 4999 frigore
2832 4928 3084 4994 aluntur,
3135 4943 3254 4982 sese
3306 4927 3685 5000 multipliciter
3724 4919 3856 5015 etfuu-
3926 4910 3927 4919 “

2311 5022 2470 5092 dunt,
2513 5027 2569 5077 et
2609 5037 2735 5093 quae
2777 5023 2919 5076 testu
2956 5022 3241 5076 foventur.
3284 5021 3402 5076 Illic
3449 5020 3631 5077 aestiva
3666 5015 3858 5072 hiberniS
3926 5032 3927 5093 ξ

2311 5117 2477 5171 mista
2524 5116 2691 5169 simul
2734 5115 2999 5186 aspicias,
3056 5118 3277 5171 arctoas
3327 5132 3520 5181 nuces,
3573 5117 3626 5168 et
3668 5106 3857 5177 dactylos

2312 5210 2414 5265 nisi
2472 5209 2608 5265 locis
2662 5208 3091 5265 ferventioribus
3153 5210 3419 5282 generari
3480 5206 3701 5264 nescios.
3744 5194 3857 5265 0⁸1οά
3926 5228 3927 5245 ξ

2314 5305 2451 5359 licus
2508 5307 2606 5359 aut
2655 5304 2842 5359 auleas
2897 5304 3126 5376 loquar,
3190 5320 3326 5376 quas
3380 5303 3502 5358 costi
3554 5298 3749 5355 mollior
3785 5289 3857 5344 alit

2315 5398 2563 5453 tractus?
2608 5413 2712 5453 nec
2769 5400 2963 5453 tamen
3010 5400 3310 5470 aequantur
3353 5396 3462 5452 illis
3513 5384 3853 5467 superioribus?

2317 5492 2398 5547 illi
2431 5491 2585 5546 enim
2627 5491 2969 5563 principales
3010 5491 3324 5558 Palestina},
3363 5494 3422 5546 et
3450 5488 3663 5561 quidem
3685 5483 3855 5538 domeﬁ'
3926 5548 3927 5551 η

2319 5585 2410 5641 tici
2448 5586 2687 5652 fructus,
2717 5601 2897 5657 eoque
2936 5584 3273 5640 uberiores:
3303 5584 3359 5638 hi
3403 5596 3675 5654 suppares,
3700 5568 3850 5630 etlirel
3926 5562 3927 5629 l

2379 5725 2475 5787 (ὺο)
2502 5725 2567 5774 Et
2592 5728 2707 5788 post
2736 5737 2851 5774 cum
2879 5726 3065 5774 caeleri.
3100 5725 3275 5777 Bana.

2381 5794 2476 5856 (5t)
2510 5794 2779 5846 Nimirum
2806 5795 2900 5845 lib.
2930 5809 2965 5857 ι,
2994 5810 3113 5861 cap.
3144 5796 3206 5847 35
3234 5796 3311 5845 In.

2385 5864 2479 5929 (52)
2512 5866 2732 5931 Species.
2765 5867 2844 5916 In.
