4072 6192
288 321 393 373 220
403 321 418 370 1

1323 323 1407 377 DE
1450 323 1708 379 EXCIDIO
1746 325 1946 380 URBlS
1985 323 2338 378 HIEBOSOL.
2386 323 2510 378 LIB.
2555 324 2639 376 IV.

3523 329 3659 379 2202

285 447 460 517 longo
507 445 827 514 intervallo,
881 447 978 500 sed
1032 455 1221 502 tamen
1271 449 1550 519 proximis
1595 451 1722 519 (53),
1770 451 1922 504 dicas
1945 449 2134 534 Alcm
2196 450 2256 504 in
2318 448 2584 504 ﬂuctibus
2640 449 2810 503 vitam
2876 449 3219 520 depouebat.
3279 451 3388 505 Nec
3444 450 3658 506 diutius

284 543 510 595 naturae
539 545 597 594 et
629 545 956 611 temporum
993 541 1305 612 jucundam
1343 544 1790 599 contentionem.
1823 545 1921 600 Illa

285 634 449 705 quasi
481 640 665 688 mater
689 636 932 690 fecunda
957 636 1150 690 omnia
1173 643 1361 691 creat:
1388 637 1592 692 horum
1620 639 1920 710 temperies

284 728 448 799 quasi
483 727 630 782 bona
661 728 868 795 nutrix,
902 729 1057 783 molli
1093 729 1210 784 fetu
1251 730 1515 786 universa
1554 731 1779 787 educat.
1813 734 1916 786 tta-

281 839 393 892 que
421 838 537 876 non
564 823 748 876 solum
783 822 994 876 aﬂ‘atim
1032 829 1378 894 generantur
1407 842 1706 896 pomorum
1735 825 1915 880 diver-

284 915 506 980 sitates,
555 916 649 970 sed
691 915 864 970 etiam
904 923 1342 986 conservantur;
1381 922 1444 973 ut
1483 919 1671 991 aliqua
1712 937 1919 991 genera

285 1009 539 1064 maxima
587 1016 746 1080 parte
789 1010 924 1064 anni
962 1027 1079 1066 non
1124 1011 1429 1067 deﬁciant:
1463 1013 1688 1084 reliqua
1731 1015 1919 1068 omnia

283 1106 406 1158 tota
441 1102 581 1158 anni
617 1108 780 1158 aetate
823 1121 998 1175 usque
1033 1105 1102 1159 ad
1140 1106 1314 1160 ﬁnem
1347 1107 1648 1177 supersint.
1691 1107 1832 1162 Nam
1863 1110 1920 1162 et

283 1212 408 1249 uvae
437 1201 493 1250 et
523 1196 659 1250 ﬁcus
683 1213 812 1268 quae
840 1205 972 1252 sunt
1001 1199 1058 1250 in
1094 1198 1351 1267 insitivis,
1386 1201 1593 1272 regalis
1622 1201 1917 1272 cujusdam

282 1290 507 1360 gratim,
543 1291 747 1346 decem
789 1291 1079 1346 mensibus
1119 1293 1244 1346 sine
1291 1294 1403 1348 ullo
1442 1295 1667 1349 defectu
1705 1295 1914 1350 redun-

281 1384 440 1450 dant,
472 1393 527 1438 et
554 1385 758 1456 reliqui
787 1386 1002 1439 fructus
1025 1403 1342 1454 ramorum,
1366 1405 1507 1460 quos
1533 1389 1618 1443 vel
1649 1388 1917 1444 violentia

282 1494 415 1531 rura
460 1485 660 1549 sponte
702 1480 928 1551 propria
973 1481 1364 1550 praecaverint,
1413 1482 1499 1536 vel
1549 1483 1918 1553 ingenerave-

281 1571 400 1625 rint
449 1572 726 1627 industria
780 1574 1062 1642 humana,
1118 1575 1502 1629 ministerium
1555 1593 1751 1642 suum,
1806 1578 1916 1632 nisi

283 1667 443 1721 novis
473 1667 924 1736 succedentibus,
955 1685 1058 1722 usu
1095 1668 1344 1739 quodam
1384 1669 1914 1726 administrantium

281 1761 544 1817 deserere
583 1777 695 1815 non
735 1765 964 1816 norunt.
993 1761 1080 1816 Ad
1110 1763 1258 1817 hanc
1297 1767 1518 1818 natura}
1555 1764 1912 1820 fertilitatem

283 1860 340 1908 et
366 1856 515 1909 aeris
545 1855 911 1925 temperiem,
937 1856 1148 1911 accedit
1174 1862 1230 1912 et
1253 1858 1427 1912 fontis
1455 1860 1654 1930 gratia,
1678 1859 1775 1931 qui
1802 1876 1915 1916 me-
1939 1835 1992 1905 Β

282 1953 567 2004 moratam
607 1949 904 2019 regionem
945 1949 1183 2020 genitali
1225 1951 1476 2022 quadam
1517 1952 1716 2023 irrigat
1761 1954 1911 2008 infu-

282 2043 465 2108 sione,
511 2044 871 2113 Capernaum
918 2059 1128 2099 nomen
1171 2045 1243 2111 ei,
1293 2062 1466 2116 quam
1515 2047 1620 2100 Nili
1663 2047 1915 2102 ﬂuminis

279 2154 508 2203 venam,
539 2137 692 2192 haud
720 2137 1008 2208 superﬂuo
1039 2138 1271 2209 quidam
1302 2139 1725 2196 aestimaverunt
1755 2161 1766 2195 :
1797 2159 1912 2197 non

281 2233 468 2286 solum
494 2232 628 2302 quia
658 2231 890 2302 irriguis
928 2248 1060 2286 arva
1103 2232 1314 2304 opima,
1345 2251 1542 2290 verum
1575 2236 1746 2290 etiam
1785 2237 1915 2307 quia

281 2325 611 2395 hujusmodi
653 2332 806 2379 creat
843 2325 1078 2396 piscem,
1128 2330 1192 2380 ut
1232 2329 1554 2382 coracinum
1597 2335 1780 2400 putes,
1819 2332 1915 2402 qui

281 2420 337 2473 in
392 2419 770 2473 Alexandrino
818 2420 946 2476 lacu
998 2437 1063 2473 ex
1118 2419 1224 2474 Nili
1276 2421 1554 2477 infusione
1606 2423 1911 2494 reperitur.

281 2513 462 2567 Locus
487 2529 712 2584 quoque
741 2513 811 2566 de
842 2513 1072 2567 nomine
1107 2515 1260 2568 lacus
1300 2515 1498 2569 dictus.
1541 2517 1916 2571 Praetenditur

281 2606 338 2660 in
365 2606 725 2676 longitudine
753 2606 989 2677 triginta
1020 2607 1233 2674 stadiis,
1267 2608 1323 2662 in
1354 2609 1653 2664 latitudine
1691 2609 1911 2681 viginti.

279 2701 562 2765 Quoniam
595 2700 665 2754 de
695 2706 900 2754 natura
929 2700 1036 2756 loci
1066 2700 1335 2771 diximus,
1364 2703 1435 2757 ad
1465 2705 1910 2759 consummatio-

283 2811 419 2848 nem
463 2793 644 2864 praelii
688 2795 1105 2865 regrediamur.
1156 2796 1493 2866 Praeparatis
1545 2797 1735 2870 itaque
1787 2798 1915 2852 rati-

279 2887 406 2954 bus,
449 2887 763 2941 secundum
802 2893 1150 2959 praeceptum
1193 2906 1384 2955 suum,
1434 2907 1670 2945 manum
1715 2892 1916 2948 milita-

283 2997 405 3035 rem
435 2981 704 3052 imposuit
735 2981 1122 3052 Vespasianus,
1156 2983 1253 3054 qui
1282 2983 1657 3039 insectaretur
1685 3001 1779 3040 eos
1815 2988 1914 3058 qui

284 3074 639 3146 navigiorum
675 3075 886 3146 effugio
928 3081 1148 3146 pestem
1189 3083 1502 3133 evaserant.
1547 3079 1690 3143 Quid
1741 3080 1916 3151 igitur

279 3171 555 3234 facerent,
599 3186 710 3224 non
756 3170 1134 3240 reperiebant.
1188 3171 1383 3226 Nullus
1420 3172 1478 3226 in
1519 3173 1682 3227 terris
1720 3175 1914 3229 salutis

281 3264 473 3331 locus,
502 3263 844 3318 circumfusa
879 3264 1043 3319 hoste
1075 3265 1269 3319 omnia
1303 3283 1314 3320 :
1350 3267 1500 3321 nulla
1541 3267 1596 3320 in
1631 3268 1794 3338 aquis
1825 3270 1909 3323 fu-

283 3357 475 3429 giendi
526 3360 806 3429 potestas;
868 3363 1059 3429 utpote
1114 3360 1236 3413 lacu
1287 3359 1509 3426 clauso,
1560 3367 1616 3416 et
1667 3362 1915 3434 undique

283 3452 551 3507 Romanis
577 3452 946 3506 circumdato.
987 3453 1150 3506 Nulla
1182 3453 1353 3508 etiam
1394 3454 1451 3508 in
1491 3455 1714 3526 exiguis
1750 3473 1912 3528 myo-

283 3546 594 3618 paronibus
628 3547 928 3601 resistendi
965 3546 1193 3602 ﬁducia.
1225 3548 1367 3612 Quid
1409 3547 1566 3604 enim
1604 3550 1769 3620 pauci
1813 3551 1913 3606 ad-

283 3658 478 3695 versus
520 3641 796 3712 plurimos
834 3641 1102 3708 facerent,
1148 3642 1362 3696 ratibus
1403 3644 1914 3714 appropinquanti-

287 3735 429 3788 bus?
455 3734 691 3789 Tardior
727 3734 958 3805 quidem
996 3734 1198 3790 harum
1230 3735 1520 3806 appulsus,
1551 3741 1609 3790 et
1640 3738 1918 3793 efﬁcacior

287 3845 555 3882 excursus
583 3828 959 3899 navigiorum,
990 3828 1087 3882 sed
1125 3828 1246 3884 sine
1275 3829 1387 3883 ullo
1419 3830 1503 3883 sui
1540 3831 1770 3886 vulnere
1812 3833 1918 3887 soli

285 3923 639 3993 clypeorum,
678 3922 1025 3993 repercussis
1052 3922 1300 3994 spiculis,
1329 3923 1574 3994 crepitus
1603 3925 1913 3982 audieban-

287 4020 399 4070 tur.
442 4017 918 4087 Appropinquare
957 4033 1071 4071 non
1109 4016 1398 4071 audebant
1426 4018 1638 4086 Judaei;
1677 4037 1780 4076 nec
1810 4020 1916 4076 im-

287 4127 439 4182 pune
489 4111 788 4182 quisquam
846 4111 1055 4182 scapha
1103 4112 1339 4182 propius
1392 4119 1734 4184 accesserat,
1788 4133 1916 4170 cum

283 4206 352 4260 de
386 4205 649 4276 proximo
682 4205 846 4258 facile
876 4206 959 4259 vel
999 4206 1242 4260 telorum
1276 4205 1550 4276 ﬁgeretur
1578 4207 1801 4276 ictibus,
1837 4211 1916 4265 vel

287 4298 504 4353 ratibus
531 4299 987 4369 demergeretur.
1018 4301 1083 4353 Et
1113 4299 1158 4353 si
1194 4300 1319 4372 quis
1348 4304 1579 4355 enatare
1615 4304 1699 4356 vel
1728 4320 1915 4360 emer-

289 4409 423 4462 gere
463 4392 809 4460 tentavisset,
855 4392 1075 4463 sagittae
1108 4394 1298 4463 jaculo
1333 4395 1576 4450 insertus
1620 4396 1915 4452 miserabi—

354 4561 449 4623 -;53)
477 4561 716 4610 Proximi
742 4560 1042 4624 legendum
1072 4561 1303 4611 videtur.
1348 4563 1521 4612 ΒΑΜ.

354 4635 450 4693 (54)
485 4633 822 4684 Desiliebant.
853 4634 930 4682 In.

361 4707 455 4764 (55)
487 4705 788 4768 Quingenti,
810 4705 1056 4768 Josepb.,
1085 4705 1177 4755 lib.
1204 4717 1278 4764 ιιι,
1303 4719 1422 4769 cap.
1460 4707 1529 4756 19.
1559 4708 1856 4758 GALLAND.

304 4908 664 4919 —————————
685 4913 742 4917 _._
773 4912 886 4917 ω---
933 4912 1000 4918 γὴ
1027 4912 1168 4916 -.---.-
1249 4911 1364 4916 _--_-
1415 4910 1626 4916 a-....._

1935 3209 1988 3280 C

1645 4911 1694 4916 --
1715 4911 1752 4914 —-
1775 4912 1792 4913 η
1815 4911 1844 4916 οη
1893 4912 1918 4916 _
1937 4910 2234 4918 ..————_._.-_
2259 4911 2322 4916 7—.
2345 4912 2414 4916 _—.—
2435 4913 2458 4916 μ-
2527 4913 2540 4916 -
2557 4913 2564 4915 Α
2591 4913 2600 4916 -
2653 4913 2718 4917 --.-
2741 4914 2746 4917 .
2773 4914 2778 4916 .

2022 543 2285 599 resistere
2331 545 2671 614 potuerunt,
2719 559 2850 598 cum
2899 542 3118 598 diverso
3168 559 3377 614 genere
3425 544 3654 599 minue-

2022 644 2240 693 rentur.
2278 638 2533 709 Namque
2578 637 2849 709 paulatim
2887 637 3362 692 concurrentibus
3393 638 3657 709 plurimis

2021 730 2259 800 ratibus,
2291 732 2360 786 ad
2395 731 2582 786 littora
2623 730 2907 803 cogebant
2931 732 3174 786 Romani
3205 731 3518 786 maximum
3556 749 3656 786 nu-

2019 841 2248 880 merum
2279 825 2662 896 navigiorum.
2697 826 2778 880 llli
2827 841 2958 880 vero
2999 825 3266 879 coarctati
3310 827 3409 878 aut
3449 825 3507 879 in
3547 829 3656 880 ter-

2019 935 2146 974 ram
2191 919 2523 975 resiliebant
2566 921 2696 990 (54),
2740 919 2931 991 ibique
2969 935 3002 973 a
3039 918 3305 974 Romanis
3351 918 3652 973 interﬁcie-

2020 1013 2248 1082 bantur,
2277 1017 2377 1068 aut
2404 1014 2775 1069 credebantur
2802 1013 2872 1068 ab
2899 1013 2964 1068 iis
2991 1013 3088 1084 qui
3128 1012 3197 1067 de
3228 1011 3443 1067 ratibus
3475 1029 3650 1084 urge—

2018 1107 2175 1174 bant,
2202 1112 2300 1162 aut
2337 1124 2614 1162 concursu
2657 1108 2872 1162 ratium
2916 1106 3370 1179 proterebantur,
3411 1112 3509 1162 aut
3550 1105 3653 1178 ipsi

2019 1218 2077 1257 se
2127 1201 2184 1255 in
2229 1201 2420 1256 lacum
2461 1201 2841 1272 dejiciebant,
2887 1217 3019 1256 cum
3063 1203 3122 1255 in
3171 1201 3410 1272 scaphas
3453 1217 3654 1255 eorum

2020 1295 2197 1350 hostis
2248 1295 2514 1350 insiliret.
2561 1296 2830 1350 Cerneres
2882 1294 3080 1349 mistas
3124 1294 3403 1366 sanguine
3448 1311 3654 1366 aquas,

2020 1390 2256 1460 plenum
2287 1389 2655 1445 cadaveribus
2690 1389 2898 1444 lacum.
2928 1388 3075 1443 Nulli
3105 1389 3259 1444 enim
3289 1387 3657 1459 parcebatur,

2017 1485 2340 1556 quicunque
2366 1487 2706 1539 occurrerat.
2733 1483 2927 1538 Gravis
2957 1483 3120 1551 odor,
3160 1482 3483 1538 teterrimus
3506 1482 3655 1537 fetor

2016 1579 2292 1633 locorum.
2327 1580 2432 1633 Sex
2474 1578 2652 1633 millia
2694 1578 3020 1633 Iudaeorum
3069 1579 3222 1648 (cum
3267 1576 3652 1648 superioribus

2019 1675 2230 1741 tamen)
2265 1677 2322 1726 et
2354 1671 2701 1743 septingenti
2744 1673 2851 1740 (5:5)
2901 1688 2969 1726 co
3018 1671 3384 1742 interrempti
3427 1671 3648 1741 praelia.

2019 1767 2205 1821 Victor
2247 1767 2620 1837 Vespasianus
2660 1765 2962 1820 Taricheas
3002 1765 3306 1820 revertitur
3351 1782 3363 1818 :
3413 1763 3519 1818 illic
3562 1781 3647 1818 re-

2019 1861 2206 1931 gionis
2250 1861 2525 1932 populum
2564 1859 2634 1913 ab
2672 1860 2895 1913 urbano
2933 1859 3253 1913 discernere
3292 1858 3549 1929 parabat,
3593 1865 3652 1911 ut

2017 1955 2116 2026 qui
2158 1972 2270 2010 non
2311 1955 2540 2008 fuerant
2577 1956 2832 2007 auctores
2871 1953 3161 2007 seditionis
3206 1959 3646 2008 reservarentur.

2017 2049 2126 2104 Sed
2179 2048 2557 2119 plurimorum
2613 2047 2864 2110 consilio,
2922 2047 3020 2118 qui
3077 2051 3292 2100 tantam
3351 2063 3648 2117 superesse

2018 2142 2469 2206 multitudinem,
2511 2157 2635 2212 quae
2678 2147 2865 2211 posset
2907 2141 3147 2195 recidiva
3187 2140 3377 2212 praalia
3418 2140 3654 2194 resusci-

2018 2244 2137 2292 tare
2171 2238 2294 2306 (56),
2336 2236 2458 2306 paci
2492 2236 2811 2301 adversam,
2845 2238 2903 2290 et
2941 2235 3203 2289 inutilem
3239 2234 3374 2288 locis
3411 2233 3652 2288 arbitra-

2018 2335 2216 2384 rentur
2246 2329 2360 2399 (ubi
2394 2329 2548 2383 enim
2584 2329 2979 2395 consisterent,
3017 2328 3200 2400 patria
3243 2329 3461 2383 excussi
3502 2328 3652 2398 (57)?

2017 2424 2224 2495 quibus
2250 2441 2308 2477 se
2337 2421 2621 2477 alimoniis
2647 2426 3050 2488 sustentarent,
3088 2425 3336 2476 exsortes
3369 2422 3648 2487 omnium,

2017 2519 2124 2572 nisi
2164 2523 2323 2588 rapto
2363 2516 2679 2585 viverent?)
2719 2515 3060 2571 sententiam
3100 2515 3278 2583 ﬂexit,
3328 2521 3383 2570 et
3426 2519 3650 2586 sperata

2016 2612 2180 2666 venia
2228 2611 2427 2665 mortis
2472 2611 2762 2681 praecepit,
2811 2613 2872 2664 ut
2923 2610 3333 2679 egrederentur
3376 2626 3441 2664 ea
3491 2615 3651 2680 porta

2017 2722 2145 2776 quae
2183 2712 2326 2760 esset
2349 2722 2377 2760 e
2407 2707 2644 2776 regione
2683 2687 2992 2760 Tiberiadis
3015 2747 3028 2770 ,
3068 2708 3238 2776 atque
3279 2704 3349 2758 ad
3381 2719 3508 2759 eam
3547 2719 3642 2757 ur-

2015 2799 2145 2853 bem
2177 2799 2610 2854 contenderent.
2651 2799 2833 2854 Facile
2875 2797 3265 2864 crediderunt,
3298 2797 3449 2870 quod
3480 2812 3645 2867 exop-

2017 2893 2228 2947 tabant.
2265 2895 2570 2964 Coeperunt
2597 2893 2814 2964 egredi,
2849 2893 2948 2946 sed
2988 2895 3379 2963 praeoccupato
3416 2891 3646 2956 itinere,

2015 2988 2392 3042 commeantis
2419 2987 2746 3042 Judaeorum
2778 2986 2975 3042 omnia
3006 2986 3259 3040 clausere
3288 2985 3539 3057 agmina,
3572 2987 3649 3038 at-

2017 3099 2127 3153 que
2153 3081 2212 3136 in
2243 3081 2394 3136 urbis
2434 3081 2679 3136 stadium
2717 3081 3107 3136 introduxcre.
3140 3082 3429 3158 Ingressus
3455 3079 3648 3151 itaque

2013 3176 2415 3246 Vespasianus.
2469 3179 2719 3247 spectata
2770 3178 2933 3230 (etate
2980 3177 3062 3230 vel
3112 3175 3312 3229 robore
3367 3173 3646 3239 omnium,

2017 3287 2157 3340 quos
2187 3269 2289 3323 sibi
2322 3269 2489 3323 statui
2524 3275 2887 3341 praeceperat,
2926 3270 3099 3341 elegit
3131 3285 3228 3324 sex
3271 3267 3447 3324 millia
3478 3268 3644 3338 juve-

2018 3380 2154 3417 num
2197 3363 2554 3429 validiorum,
2595 3381 2736 3434 quos
2774 3364 2984 3418 Neroni
3030 3363 3086 3418 iu
3127 3363 3383 3418 Isthmon
3425 3362 3646 3426 direxit,

2016 3473 2178 3512 senes
2213 3462 2406 3512 autem
2447 3462 2503 3512 et
2540 3457 2812 3512 invalidos
2855 3458 3007 3513 mille
3048 3458 3322 3512 ducentos
3347 3457 3518 3527 jussit
3545 3473 3643 3509 ne-

2017 3551 2128 3604 cari
2191 3551 2546 3622 reliquorum
2602 3551 2834 3622 triginta
2893 3552 3097 3619 millia,
3158 3551 3614 3622 quadringentos

2018 3645 2302 3711 vendidit;
2351 3645 2646 3700 universos
2684 3649 2879 3700 autem
2922 3646 3246 3717 quicunque
3285 3645 3355 3698 de
3395 3645 3650 3716 partibu:

2019 3739 2179 3810 regni
2237 3739 2498 3812 Agrippa
2547 3739 2759 3810 reperti
2813 3743 2976 3805 sunt,
3033 3740 3151 3810 regi
3202 3738 3462 3806 donavit,
3509 3755 3649 3810 quos

2019 3851 2182 3905 reque
2237 3850 2333 3888 rex
2384 3836 2616 3906 accepto
2663 3833 2878 3904 pretio,
2931 3833 2988 3887 in
3041 3832 3328 3887 servitutis
3379 3832 3649 3902 obsequia

2020 3927 2343 3982 transmisit.
2382 3928 2657 3982 Praeterea
2685 3928 2928 3999 populus
2955 3927 3098 3980 alius
3125 3925 3538 3981 Trachonitidis
3566 3942 3648 3980 re-

2021 4022 2208 4093 gionis
2252 4025 2309 4075 et
2350 4021 2750 4087 Gaulanitidis,
2789 4021 3028 4093 Joppeni
3071 4023 3127 4074 et
3171 4019 3484 4087 Gadaritaz,
3530 4026 3649 4074 tan-

2019 4133 2189 4188 quam
2227 4115 2360 4169 belli
2401 4115 2740 4170 excitatores
2767 4120 2818 4169 et
2847 4114 3271 4186 perturbatores
3309 4113 3646 4181 concordiae,

2020 4209 2346 4264 deserentes
2374 4209 2626 4280 propria,
2662 4209 3016 4264 incursantes
3045 4209 3252 4277 aliena,
3287 4209 3384 4281 qui
3411 4209 3649 4280 sumptis

2019 4303 2193 4358 armis
2221 4321 2421 4374 pacem
2453 4303 2777 4373 violassent,
2803 4304 2985 4375 justas
3011 4309 3068 4358 et
3094 4303 3315 4359 debitas
3355 4320 3458 4374 pro
3497 4302 3651 4374 ﬂagi-

2020 4398 2230 4452 tiorum
2262 4398 2472 4453 meritis
2507 4414 2701 4469 poenas
2732 4397 2958 4452 dedere.

1946 4583 1999 4652 D
2026 4641 2037 4652 ι
2088 4566 2184 4628 (56)
2214 4565 2434 4652 V'ittlesis
2473 4565 2542 4614 ad
2773 4565 2976 4652 locum,
3025 4576 3150 4627 qua
3181 4565 3438 4628 superius
3469 4578 3648 4615 anno—

2026 4641 2207 4687 tamus
2235 4637 2327 4686 lib.
2363 4651 2396 4695 ι,
2427 4650 2544 4700 cap.
2577 4635 2655 4684 22.
2687 4635 2988 4686 GALLAND.

2086 4708 2184 4768 (57)
2215 4705 2430 4757 Exclusi
2453 4703 2482 4756 Ρ
2511 4707 2685 4757 BARR.

2869 4913 2996 4920 ὴ-
3009 4910 3648 4920 —.—.—.'———-—-_____———___—

1505 5118 1839 5210 LIBER
1907 5117 2455 5224 QUARTUS.

849 5516 1063 5571 CAPUT
1105 5516 1385 5572 PRIMUM.

372 5608 670 5664 Exstinctis
721 5609 1006 5664 Taricheis
1051 5609 1295 5664 maxima
1336 5625 1405 5664 ex
1452 5614 1642 5680 parte,
1692 5611 1932 5665 Romani

301 5702 547 5758 Galilaais
589 5703 822 5758 urbibus
865 5706 921 5758 et
959 5703 1166 5758 ﬁnibus
1203 5703 1590 5775 potiebantur,
1631 5704 1734 5756 nisi
1779 5705 1930 5775 quod

300 5798 676 5851 tiaulanitidis
717 5797 967 5868 regionis
999 5797 1132 5852 urbs
1167 5798 1393 5852 Gamala
1431 5797 1784 5851 contumacis
1825 5815 1928 5868 po-

303 5891 422 5963 puli
459 5891 645 5946 alebat
683 5891 933 5966 spiritus,
969 5892 1103 5947 locis
1144 5893 1276 5949 nixa
1315 5891 1697 5964 asperioribus
1728 5908 1739 5946 :
1773 5908 1928 5945 nam-

2033 5531 2143 5586 que
2175 5531 2239 5568 ea
2273 5515 2327 5569 in
2359 5520 2551 5572 monte
2583 5521 2668 5571 est
2699 5519 2827 5583 sita,
2857 5518 3052 5572 dextra
3079 5519 3330 5592 laevaque
3359 5524 3660 5594 praeruptis

2033 5609 2358 5663 circumcisa
2388 5610 2644 5682 rupibus,
2679 5612 2746 5666 ad
2785 5628 3074 5667 summum
3110 5617 3380 5682 arctatnr,
3410 5633 3443 5670 a
3469 5616 3658 5671 fronte

2031 5703 2379 5758 abscinditur
2409 5704 2694 5774 profundo
2728 5705 2907 5772 hiatu,
2951 5707 3002 5760 in
3043 5709 3357 5779 posteriora
3402 5711 3657 5782 aliquan-

2036 5801 2154 5850 tum
2200 5797 2556 5850 ditt‘unditur.
2605 5798 2685 5852 Al.)
2727 5818 2790 5854 ca
2831 5817 3062 5873 quoque
3113 5808 3271 5874 parte
3308 5811 3662 5876 angustoque

2035 5890 2365 5962 difﬁcilique
2404 5907 2654 5960 accessu,
2701 5898 2758 5949 ut
2804 5895 2994 5950 eandm
3044 5895 3231 5952 simile
3275 5902 3386 5954 iter
3419 5900 3663 5969 judices,
