4072 6192
453 303 590 355 2203

1924 300 1977 354 S.
2021 295 2336 354 AMBROSII

3676 298 3820 351 2204

449 423 522 479 ad
548 423 769 479 urbem
795 424 1118 480 meantibus
1151 444 1162 479 :
1197 443 1229 478 a
1267 441 1495 482 summo
1540 426 1742 482 vertice
1778 425 1983 482 collum
2023 426 2083 480 in
2107 436 2165 510 Α
2187 426 2352 495 urget
2381 423 2630 493 hostem,
2668 423 2726 478 in
2768 423 3046 479 interiora
3087 423 3240 478 urbis
3278 427 3659 490 concesserat,
3695 440 3820 479 me-

451 518 793 574 immensum
843 519 1178 587 extendens,
1226 522 1292 574 ut
1341 536 1533 575 arcem
1589 524 1864 592 tanquam
1916 523 2084 591 caput

379 656 383 660 .
449 612 736 684 praferat,
781 615 950 684 atque
990 613 1050 667 in
1095 613 1393 669 sublimem
1438 615 1622 687 erigat
1657 614 2022 669 altitudinem
2067 631 2078 667 :

447 707 611 762 exilis
641 723 674 761 a
713 706 1015 778 principio,
1055 713 1112 762 et
1149 711 1425 780 tanquam
1465 709 1690 763 sinuato
1729 707 1952 762 clivosis
1988 725 2084 762 an-

446 801 720 856 fractibus
759 801 900 869 solo,
928 803 1103 872 atque
1140 803 1198 856 in
1228 802 1581 873 profundum
1612 803 1908 871 demerso;
1947 801 2082 858 dein

449 895 606 966 quasi
649 898 907 949 montem
955 896 1264 967 quemdam
1304 897 1535 950 cervicis
1561 896 1752 950 medio
1789 897 2076 967 attollens;

450 992 650 1042 caetera
693 993 985 1060 praerupta
1021 995 1190 1061 atque
1234 990 1407 1044 invia.
1447 991 1604 1044 Unde
1644 991 1959 1062 pleriquea
1995 1008 2081 1046 su-

451 1080 770 1152 perioribus
814 1083 1103 1137 Camalam
1153 1083 1454 1137 vocitatam
1503 1087 1722 1154 putant,
1769 1086 1922 1156 quod
1967 1085 2080 1139 for-

453 1191 610 1230 mam
637 1176 841 1230 cameli
869 1177 1155 1247 praeferat,
1189 1177 1291 1231 sed
1319 1181 1586 1248 corrupto
1625 1179 1936 1234 incolarum
1975 1197 2081 1233 usu

450 1270 697 1324 Gamala)
748 1286 958 1325 nomen
1011 1270 1138 1325 urbi
1187 1269 1499 1327 inheesisse.
1553 1273 1674 1326 Jam
1728 1273 1772 1326 si
1820 1279 2082 1328 contexta

450 1363 684 1418 aedificia
728 1369 982 1434 spectes,
1035 1380 1366 1436 suspensam
1417 1366 1619 1421 urbem
1671 1367 1975 1436 arbitrere,
2026 1372 2082 1422 et

446 1456 687 1512 maxime
713 1457 1222 1528 septentrionalem
1260 1460 1382 1530 ejus
1413 1463 1632 1531 partem
1663 1461 1912 1532 pendere
1941 1463 2080 1516 exis-

451 1551 635 1620 times,
673 1551 881 1606 reﬂexa
918 1552 1209 1624 paulisper
1243 1554 1581 1610 meridiana.
1610 1555 1924 1609 Addiderat
1947 1573 2081 1626 quo-

447 1661 556 1716 que
590 1645 721 1700 huic
749 1645 870 1699 urbi
905 1646 1254 1702 munitiones
1280 1649 1577 1720 Iosephus,
1611 1649 1817 1720 quibus
1845 1649 1992 1719 freti,
2026 1657 2082 1704 et

448 1737 788 1794 conﬂuentis
815 1756 884 1794 eo
921 1741 1304 1796 multitudinis
1337 1759 1604 1812 numero,
1639 1744 1786 1814 regis
1815 1745 2078 1816 Agrippae

2186 517 2424 590 diusque
2463 517 2614 572 inter
2651 517 2885 589 agmina
2925 516 3270 572 circumfusa
3301 516 3572 586 hostium,
3604 517 3824 572 bellum

2182 610 2539 666 accendebat.
2582 612 2775 682 Neque
2821 610 2977 666 enim
3021 610 3168 666 hosti
3214 614 3378 682 terga
3415 611 3549 666 dare
3591 613 3822 666 tantum

2183 705 2555 761 conveniebat
2591 706 2797 773 virum,
2843 720 3028 776 neque
3069 708 3256 759 tutum
3302 704 3564 777 putabat.
3611 707 3674 762 In
3721 705 3821 775 Sy-

2184 799 2324 853 riam
2367 798 2650 854 direxerat
2685 797 2864 853 ﬁlium
2897 815 3063 853 suum
3103 799 3292 853 Titum
3325 820 3335 851 :
3367 798 3636 853 excitavit
3667 804 3825 853 nota:

2183 892 2406 947 virtutis
2431 893 2832 960 constantiam,
2862 897 2918 947 et
2941 909 3064 947 sese
3095 892 3154 948 in
3179 909 3338 947 arma
3365 892 3662 964 colligens,
3695 909 3826 947 con-

2185 987 2346 1041 sertis
2373 987 2606 1060 clypeis,
2639 1003 2768 1042 eum
2801 986 2999 1059 paucis
3038 1003 3177 1058 quos
3204 992 3512 1059 praesentes
3551 985 3823 1053 habebat,

2185 1080 2604 1153 imperterritus
2646 1082 2831 1150 stetit,
2877 1081 3036 1152 quasi
3078 1082 3134 1136 in
3184 1098 3324 1154 quos
3365 1098 3487 1135 sese
3527 1084 3828 1135 excuteret

2184 1174 2542 1229 considerans
2586 1194 2599 1228 :
2649 1175 2810 1246 cujus
2855 1174 3135 1246 impetum
3187 1173 3561 1229 formidantes
3609 1173 3820 1241 Judaei,

2184 1268 2404 1322 minore
2459 1269 2509 1321 vi
2554 1267 2813 1322 insistere
2863 1271 3188 1340 coeperunt,
3237 1271 3293 1322 et
3338 1273 3661 1322 metuentes
3713 1266 3825 1320 sibi

2184 1362 2461 1433 quisque,
2525 1361 2787 1416 laxavere
2842 1361 3039 1416 aciem.
3096 1363 3175 1416 Ita
3236 1361 3608 1432 Vespasianus
3675 1361 3824 1415 hosti

2183 1456 2480 1523 adversus,
2534 1455 2810 1526 paulatim
2863 1455 3108 1526 gradum
3155 1455 3376 1522 retulit,
3428 1454 3825 1526 prmliantibus

2183 1549 2285 1603 sibi
2325 1549 2506 1620 magis
2543 1548 2745 1602 similis
2779 1565 2952 1620 quam
2990 1548 3340 1604 cedentibus.
3383 1549 3500 1602 lllic
3539 1565 3671 1602 cum
3718 1548 3820 1603 de-

2183 1659 2304 1699 cem
2341 1643 2544 1715 primis
2580 1642 2788 1696 excidit
2831 1643 3057 1696 Brutius
3084 1643 3214 1712 (59),
3251 1642 3443 1697 multis
3485 1648 3617 1696 ante
3657 1642 3826 1696 bellis

2183 1737 2472 1808 probatus,
2509 1740 2567 1791 et
2593 1736 2745 1808 apud
2785 1736 3008 1790 Judmos
3049 1736 3154 1805 (60)
3204 1741 3352 1791 notae
3396 1736 3480 1790 vir
3518 1735 3820 1806 experien-

450 1847 551 1903 per
589 1835 813 1904 septem
862 1850 1083 1888 menses
1131 1835 1481 1890 obsidionem
1530 1809 1795 1892 ιιιέθι-εᾷη,
1843 1809 2156 1892 simil—etB
2184 1832 2273 1885 tia:
2318 1835 2376 1885 et
2417 1831 2615 1885 validas
2663 1830 3030 1884 fortitudinis.
3082 1831 3354 1887 Centurio
3410 1846 3641 1902 quoque
3688 1845 3824 1883 cum

445 1924 569 1997 ipsa
615 1930 672 1981 et
719 1928 942 1982 Sotanis
993 1933 1047 1981 et
1097 1929 1356 1983 Seleucia
1408 1930 1570 2001 regni
1623 1931 1743 2001 ejus
1796 1931 2081 2002 portiones

447 2023 630 2075 erant.
663 2021 922 2076 Seleucia
936 2022 1100 2092 juxta
1127 2023 1581 2077 amoenissimum
1609 2024 1748 2078 illud
1774 2029 1828 2079 et
1855 2025 2077 2080 celebre

448 2129 554 2184 per
596 2113 812 2185 Syriam
859 2115 1118 2186 Daphnes
1163 2133 1396 2184 nemus,
1442 2117 1740 2188 cyparissis
1781 2118 2078 2173 arboribus

447 2207 763 2276 intextum,
817 2213 1038 2264 scatens
1082 2210 1352 2277 fontibus,
1401 2211 1606 2283 quibus
1656 2213 2077 2285 pratermeanti

447 2300 618 2355 fluvio
664 2302 771 2356 loci
814 2319 988 2373 quem
1036 2304 1318 2359 minorem
1360 2305 1668 2360 Jordanem
1710 2311 1930 2372 vocant,
1972 2323 2074 2360 nu-

446 2394 714 2449 trimenta
749 2397 1010 2467 quaedam
1054 2398 1244 2452 lacteis
1285 2398 1557 2452 uberibus
1593 2398 1860 2454 infundit.
1898 2401 1960 2454 Et
2003 2405 2078 2454 ta-

448 2505 582 2542 men
610 2488 827 2560 civitas,
857 2495 912 2545 et
937 2491 1160 2546 Sotanis
1187 2492 1466 2563 superior,
1495 2492 1861 2548 Gaulanitidis
1888 2494 2077 2565 portio

448 2581 689 2638 inferior
715 2583 980 2639 Gamalis.
1011 2585 1172 2640 Unde
1207 2591 1264 2640 et
1289 2585 1490 2640 studiis
1523 2587 1941 2642 dissonantibus
1969 2588 2078 2642 illa;

447 2677 779 2733 societatem
836 2680 1155 2734 Romanam
1209 2681 1522 2751 elegerant.
1584 2681 1710 2735 Haec
1767 2682 2077 2737 rebellabat

445 2770 585 2826 adeo
622 2773 1009 2843 pertinaciter,
1053 2778 1119 2828 ut
1164 2791 1294 2828 cum
1341 2791 1437 2829 rex
1485 2776 1716 2846 propior
1760 2776 1937 2830 muris
1981 2793 2078 2831 eos

448 2865 662 2937 alloqui
699 2866 886 2934 vellet,
925 2867 1118 2922 fundis
1153 2869 1342 2938 jaculo
1379 2869 1742 2924 sauciaretur.
1783 2870 1954 2940 Cujus
1990 2871 2076 2924 in-

440 2957 596 3029 juria
637 2961 876 3014 Romani
907 2961 1144 3027 accensi,
1186 2963 1574 3018 vehementius
1619 2964 1947 3019 incumbere
1978 2964 2074 3018 ob-

448 3052 652 3107 sidioni
694 3061 990 3125 cmperunt
1037 3072 1050 3109 :
1093 3055 1533 3128 conﬂictumque
1577 3058 2004 3128 promptissime
2046 3074 2078 3110 a

444 3151 605 3217 parte
647 3150 907 3219 utraque,
943 3150 1215 3220 quoniam
1251 3167 1283 3203 a
1311 3150 1520 3204 Judaeis
1559 3167 1812 3222 quoque,
1859 3151 1954 3222 qui
1996 3168 2152 3249 re-C

449 3256 580 3311 gem
620 3241 919 3311 proprium
956 3241 1317 3298 violavissent
1354 3243 1516 3297 utilia
1553 3245 1908 3313 suadentem,
1955 3245 2076 3299 sine

449 3334 564 3387 ulla
594 3334 758 3388 venia
795 3350 854 3389 se
895 3335 1134 3403 futuros,
1167 3336 1637 3406 existimantibus,
1676 3338 1720 3392 si
1762 3338 2074 3407 vincerent,

447 3426 582 3480 totis
633 3427 850 3483 viribus
903 3429 1334 3486 decernebatur.
1390 3432 1644 3503 Agrippa
1692 3432 1884 3504 itaque
1942 3449 2076 3488 saxo

449 3520 715 3576 dextrum
746 3538 1038 3594 percussus
1064 3523 1338 3592 cubitum,
1368 3524 1515 3581 bello
1541 3526 1796 3594 excessit,
1830 3527 2074 3583 Romani

445 3614 646 3669 urbem
705 3615 984 3688 irrupere.
1046 3619 1225 3674 Cessit
1280 3619 1433 3674 enim
1498 3620 1674 3674 hostis
1733 3621 2072 3690 missilibus,

448 3725 645 3763 murus
673 3710 970 3766 arietibus.
1000 3712 1137 3767 Nam
1165 3716 1222 3767 et
1247 3713 1327 3767 illi
1359 3714 1456 3785 qui
1486 3715 1774 3769 machinas
1806 3715 2076 3786 impedie-

446 3801 604 3871 bant,
652 3819 1017 3876 nequaquam
1063 3805 1275 3861 diutius
1313 3807 1571 3863 resistere
1617 3815 1923 3879 potuerunt
1965 3827 1976 3863 :
2022 3815 2078 3863 et

447 3912 644 3951 murus
668 3899 817 3952 trino
843 3899 1022 3954 ariete
1049 3902 1368 3968 convulsus,
1400 3903 1658 3972 pervium
1690 3902 2076 3957 obsidentibus

445 3990 502 4044 in
546 3991 800 4047 obsessos
843 3992 951 4047 iter
999 3994 1258 4064 praebuit.
1305 3995 1418 4050 Sed
1450 4012 1516 4050 ea
1565 4012 1653 4051 res
1698 3996 2076 4051 festinationis

444 4084 805 4155 impatientia
849 4103 960 4141 non
1008 4088 1355 4143 mediocrem
1391 4089 1691 4144 victoribus
1727 4089 1947 4144 cladem
1985 4091 2072 4144 in-

445 4179 612 4232 vexit.
663 4181 919 4250 Namque
959 4181 1057 4235 ubi
1108 4199 1228 4236 sese
1278 4183 1539 4238 infudere
1591 4183 1891 4238 domiciliis
1940 4184 2075 4238 dum

444 4276 876 4342 perscrutantur
901 4274 987 4327 vel
1016 4281 1358 4346 praeceptum
1393 4280 1501 4345 (38)
1533 4279 1612 4330 ire
1642 4277 1818 4348 spolia
1847 4283 2076 4332 conten-

443 4365 605 4428 dunt.
636 4366 893 4421 cedentia
927 4367 1228 4423 domorum
1259 4374 1496 4439 augusta
1527 4371 1784 4441 ponderi,
1816 4372 2072 4426 nutanti-

443 4460 546 4512 bus
575 4460 964 4516 fundamentis
997 4462 1226 4518 ruinam
1259 4470 1481 4518 traxere
1512 4481 1525 4518 :
1555 4471 1610 4519 et
1642 4464 1898 4534 proxima
1929 4483 2076 4537 qua:-

2179 1925 2377 1980 decem
2403 1925 2527 1978 aliis
2555 1925 2712 1996 Syris
2741 1941 2864 1978 rem
2893 1923 3189 1996 egregiam
3217 1924 3355 1979 fecit
3381 1941 3444 1978 ac
3487 1924 3825 1978 memorabi-

2177 2019 2313 2073 lem.
2365 2020 2501 2072 Nam
2548 2018 2601 2072 in
2639 2019 2760 2089 ipso
2806 2019 3051 2072 tumultu
3103 2034 3233 2073 cum
3281 2020 3572 2073 Romanos
3623 2017 3822 2088 urgeri

2180 2115 2454 2179 cerneret,
2486 2112 2542 2166 in
2584 2111 2780 2166 abdita
2822 2111 3116 2183 cujusdam
3155 2111 3356 2166 domus
3386 2127 3506 2166 sese
3549 2111 3823 2178 contulit,

2180 2213 2350 2279 atque
2372 2206 2449 2260 ibi
2480 2206 2631 2261 inter
2656 2206 3022 2274 coanandum,
3058 2221 3187 2260 cum
3215 2206 3397 2261 Judaei
3423 2206 3825 2276 colloqueren-

2179 2307 2270 2355 tur
2300 2316 2427 2372 qua‘.
2466 2300 2736 2355 Romanis
2778 2299 3086 2354 machinati
3131 2300 3340 2367 forent,
3390 2302 3553 2354 nocte
3606 2299 3823 2352 intem-

2182 2397 2341 2465 pesta
2384 2409 2590 2448 omnes
2627 2410 2722 2448 eos
2761 2393 3068 2458 interfecit,
3114 2397 3172 2448 et
3211 2409 3338 2447 cum
3387 2392 3660 2447 militibus
3707 2393 3821 2445 Ro-

2182 2505 2350 2543 mano
2381 2503 2499 2542 sese
2529 2488 2802 2542 exercitui
2836 2487 3286 2559 repraesentavit.

2835 2581 3058 2636 CAPUT
3097 2581 3163 2636 Il.

2252 2676 2623 2747 Vespasianus
2656 2680 2851 2729 autem
2898 2674 2991 2728 ubi
3032 2677 3297 2728 mcestum
3343 2674 3654 2729 exercitum
3698 2675 3822 2727 ani-

2181 2769 2501 2836 madvertit,
2546 2769 2922 2840 plurimorum
2967 2768 3296 2838 amissione,
3329 2773 3386 2822 et
3433 2768 3681 2822 maxime
3723 2767 3821 2821 de-

2180 2865 2314 2918 serti
2359 2863 2515 2918 ducis
2559 2862 2799 2934 pudore,
2849 2863 2997 2933 quod
3036 2878 3166 2916 eum
3201 2862 3382 2915 solum
3427 2861 3571 2916 intra
3616 2862 3823 2916 urbem

2180 2959 2430 3012 hostium
2456 2956 2842 3029 reliquissent,
2874 2971 3002 3010 cum
3035 2972 3260 3010 summa
3289 2972 3387 3011 eos
3411 2956 3592 3026 gratia
3620 2972 3824 3010 conso-

2180 3052 2424 3119 labatur,
2473 3051 2665 3106 dicens
2707 3070 2718 3104 :
2753 3049 2808 3104 Si
2859 3051 2969 3104 mei
3018 3066 3134 3104 sors
3175 3049 3412 3121 periculi
3457 3050 3820 3104 verecundia!

2179 3145 2338 3201 vobis
2372 3148 2475 3212 est,
2516 3161 2621 3199 nec
2662 3161 2769 3216 ego
2810 3145 2888 3198 sic
2931 3144 3002 3198 ad
3043 3143 3259 3198 bellum
3303 3159 3718 3215 processeram,
3763 3150 3822 3198 ut

2177 3239 2525 3296 declinarem
2564 3239 2834 3310 pericula,
2866 3239 2960 3293 sed
2993 3254 3325 3309 superarem
3356 3237 3464 3309 (6|)
3499 3255 3512 3291 :
3544 3239 3629 3292 sin
3661 3255 3818 3305 vero,

2179 3335 2315 3406 quia
2342 3339 2398 3388 et
2429 3334 2498 3388 de
2536 3333 2740 3388 nostris
2787 3331 3044 3404 plerique
3091 3332 3400 3399 interfecti,
3453 3348 3817 3405 nequaquam

2178 3428 2502 3483 mirandum
2541 3443 2555 3482 :
2597 3426 2822 3499 quando
2871 3426 3029 3480 enim
3078 3426 3312 3481 victoria
3361 3426 3478 3481 ulla
3519 3426 3643 3481 sine
3688 3444 3816 3481 san-

2178 3523 2355 3596 guine
2381 3521 2503 3578 est?
2532 3521 2754 3576 Habent
2787 3519 2984 3593 praelia
3021 3535 3148 3574 suos
3189 3522 3445 3575 eventus.
3496 3521 3609 3575 Etsi
3653 3537 3815 3593 spec-

2177 3621 2293 3671 tata
2319 3615 2496 3670 virtus
2531 3613 2908 3687 praeeminere
2937 3614 3114 3669 soleat
3143 3614 3200 3667 in
3241 3613 3411 3680 bello,
3442 3614 3589 3668 solet
3617 3617 3817 3673 tamen

2176 3710 2386 3782 aliquid
2417 3710 2586 3764 licere
2614 3709 2854 3764 casibus.
2886 3709 2992 3763 Sed
3029 3707 3323 3778 prudentis
3365 3712 3449 3763 est
3480 3707 3535 3761 in
3567 3707 3818 3763 adversis

2178 3805 2399 3876 lapsum
2441 3803 2750 3874 corrigere,
2795 3801 2853 3856 in
2897 3801 3184 3873 prosperis
3225 3801 3680 3858 moderationem
3727 3808 3813 3856 te.

2177 3914 2334 3952 nere.
2362 3898 2565 3952 Contra
2590 3901 2781 3950 autem
2810 3896 2966 3949 rudis
2998 3895 3291 3966 cujusdam
3331 3902 3503 3966 atque
3543 3896 3816 3950 ineruditi

2178 3990 2425 4063 ingenii,
2483 3989 2760 4044 secundos
2815 4005 3047 4061 semper
3102 4005 3395 4044 successus
3439 4005 3814 4061 praesumere,

2176 4086 2335 4157 quasi
2380 4101 2491 4139 non
2545 4084 2846 4138 adversum
2889 4083 3040 4138 viros
3086 4086 3382 4137 certamen
3428 4084 3500 4138 sit
3546 4100 3558 4136 :
3603 4084 3817 4138 inﬁrmi

2177 4182 2394 4247 autem,
2420 4179 2579 4249 lapsu
2610 4178 2798 4249 aliquo
2835 4193 3075 4231 summa:
3107 4177 3185 4231 rei
3216 4176 3502 4244 difﬁdere,
3535 4193 3666 4232 eum
3700 4178 3813 4232 exi-

2180 4273 2303 4344 guis
2349 4271 2653 4327 momentis
2699 4271 2886 4326 subito
2939 4270 3291 4326 inclinentur
3336 4271 3528 4326 omnia
3577 4289 3707 4343 quae
3759 4273 3812 4325 in

2177 4368 2325 4422 bello
2356 4368 2652 4438 geruntur.
2687 4366 2880 4437 Itaque
2917 4365 3010 4419 ille
3043 4365 3570 4437 praestantissimus,
3599 4367 3698 4437 qui
3726 4367 3811 4420 in-

2179 4467 2266 4515 ter
2290 4461 2526 4515 adversa
2552 4459 2757 4514 sobriis
2784 4459 3120 4513 colluctatur
3149 4459 3391 4522 casibus,
3425 4464 3481 4514 et
3506 4459 3812 4530 supplanta

445 4569 556 4623 que
583 4555 864 4624 proximis
891 4555 1035 4610 illisa
1056 4557 1279 4612 excidio
1303 4561 1481 4612 erant.
1505 4559 1659 4613 Multi
1687 4560 2074 4614 Romanorum
2095 4550 2154 4624 D
2178 4556 2557 4627 superiorem,
2597 4570 2771 4625 seque
2805 4569 3086 4624 reparare,
3126 4557 3183 4606 et
3215 4554 3504 4623 corrigere
3547 4554 3812 4624 proprias

443 4646 553 4700 illis
601 4647 834 4702 involuti
879 4649 1119 4718 casibus,
1160 4651 1215 4705 in
1260 4651 1490 4707 victoria
1535 4658 1756 4723 pestem
1800 4654 2069 4709 incidere.

443 4741 704 4813 Plerique
732 4743 1104 4814 prtejacentes
1121 4761 1177 4799 se
1195 4745 1362 4816 lapsis
1385 4746 1601 4800 aedibus
1627 4747 2070 4818 occupabantur,

442 4836 532 4889 alii
593 4837 779 4891 lacero
841 4853 1111 4907 corpore,
1172 4839 1256 4892 vix
1315 4840 1630 4895 semineces
1689 4841 2070 4895 servabantur.

446 4931 747 5002 Plerosque
800 4931 980 5002 pulvis
1039 4931 1301 4999 necabat,
1368 4934 1739 4988 credebantur
1794 4935 2074 5007 angustiis

439 5025 656 5091 arctati,
687 5025 930 5097 desuper
958 5041 1184 5098 quoque
1224 5026 1488 5080 mulieres
1529 5032 1585 5081 et
1610 5027 1839 5085 invalidi
1884 5047 2067 5097 senes,

443 5124 501 5173 et
539 5119 632 5191 qui
678 5120 747 5173 de
785 5119 1113 5190 junioribus
1160 5120 1510 5191 refugerant,
1546 5139 1676 5177 saxa
1717 5123 1774 5177 in
1821 5123 2074 5178 subditos

441 5210 797 5278 dejiciebant,
830 5210 914 5262 vel
941 5225 1296 5280 quaecunque
1331 5224 1545 5282 genera
1588 5212 1830 5266 telorum
1871 5228 2069 5266 occur-

445 5309 650 5359 rorant.
682 5305 874 5375 Caligo
903 5303 1188 5359 infuderat
1215 5306 1423 5370 omnia,
1451 5310 1812 5376 prospectum
1845 5306 2067 5377 eripue-

443 5400 546 5462 rat,
579 5402 830 5453 mentem
859 5397 1214 5465 confuderat,
1249 5397 1573 5469 ignorantia
1600 5416 1826 5470 quoque
1857 5400 2070 5454 exitum

446 5506 557 5544 non
591 5491 934 5563 reperiebat.
986 5491 1084 5546 Vix
1127 5492 1323 5563 itaque
1369 5492 1773 5547 subtrahentes
1819 5509 1879 5547 se
1927 5495 2072 5564 peri-

443 5583 579 5638 culis
639 5585 793 5639 urbis
845 5601 1151 5641 excessere.
1211 5586 1590 5658 Vespasianus
1649 5586 1882 5654 interea,
1936 5587 2073 5642 dum

444 5721 602 5842 6(58)
641 5721 734 5772 Sic
774 5723 923 5772 editi.
959 5724 1067 5774 Sed
1113 5726 1252 5775 forte
1279 5731 1596 5790 praereptum
1638 5727 1716 5774 ire
1755 5726 2072 5790 legendum.

494 5804 743 5842 anum).

494 5804 743 5842 ALLAND.

510 5863 602 5928 (59)
637 5860 860 5910 Ebucius
899 5864 1140 5925 Josepho
1172 5866 1374 5928 dictus,
1402 5867 1496 5918 lib.
1541 5882 1616 5930 ιν,
1649 5882 1768 5935 cap.
1803 5872 1844 5921 l.
1893 5870 2072 5924 Bann.

2175 4650 2379 4722 quaerit
2424 4647 2832 4720 prolapsiones.
2861 4651 2928 4702 At
2969 4663 3099 4701 vero
3144 4646 3484 4702 incnriosior
3509 4647 3624 4701 suis
3660 4664 3808 4718 saepe

2175 4744 2427 4798 motibus
2463 4742 2636 4811 cadit,
2669 4745 2726 4796 et
2767 4741 2902 4795 dum
2936 4740 3102 4795 irruit
3135 4740 3418 4809 incautus,
3452 4741 3671 4812 impetu
3713 4758 3809 4795 suo

2174 4838 2329 4891 fusus
2381 4834 2722 4906 procumbit.
2768 4835 2927 4899 Quod
2975 4835 3022 4888 si
3075 4835 3176 4888 hoc
3224 4850 3369 4905 saepe
3419 4834 3656 4901 accidit,
3715 4836 3806 4888 ubi

2177 4931 2327 4985 nuda
2373 4931 2579 4994 virtus,
2626 4931 2838 4999 quanto
2884 4928 3067 4999 magis
3119 4928 3175 4982 in
3221 4928 3391 4995 bello,
3451 4928 3544 4981 ubi
3600 4928 3807 4984 diversi

2177 5025 2403 5096 generis
2458 5027 2715 5077 conserta
2770 5022 3092 5076 decernunt
3140 5023 3410 5094 agmina,
3466 5039 3568 5076 nec
3629 5040 3808 5077 unum

2175 5119 2499 5184 consilium,
2529 5133 2632 5172 nec
2656 5132 2881 5171 consors
2921 5117 3204 5171 sententia
3244 5116 3365 5170 est?
3399 5115 3575 5170 Locus
3604 5115 3806 5171 adver-

2174 5230 2284 5279 sus,
2329 5212 2588 5267 difficiles
2622 5211 2975 5282 asperitates,
3011 5211 3206 5282 iniqua
3243 5209 3301 5264 in
3338 5212 3582 5280 angusto
3621 5210 3808 5265 decer-

2174 5307 2350 5362 nendi
2387 5305 2637 5360 conditio
2677 5303 2934 5376 plurimis
2973 5305 3268 5358 adversum
3300 5320 3502 5374 paucos
3532 5321 3543 5354 :
3575 5320 3708 5358 cum
3753 5307 3808 5358 et

2174 5400 2296 5473 ipsa
2327 5400 2632 5454 multitudo
2673 5398 2777 5452 sibi
2814 5397 2972 5452 oneri
3016 5397 3106 5465 sit,
3147 5403 3204 5452 et
3246 5398 3410 5468 pauci
3455 5398 3512 5452 in
3554 5397 3806 5468 pluribus

2174 5494 2363 5550 minus
2404 5493 2771 5548 frustrentur.
2818 5491 2930 5546 Sed
2975 5491 3094 5546 haec
3138 5491 3210 5546 ad
3253 5495 3610 5546 momentum
3655 5508 3802 5563 saepe

2175 5588 2477 5660 obrepunt,
2530 5603 2656 5659 quia
2699 5603 2816 5641 non
2871 5602 2934 5640 ex
2988 5585 3191 5639 virtute
3235 5585 3486 5651 veniunt,
3535 5585 3635 5640 sed
3675 5601 3796 5639 casu

2239 5728 2335 5792 (60)
2365 5727 2501 5779 Cod.
2538 5732 2665 5788 vet.,
2694 5726 2950 5776 adversus
2975 5725 3202 5776 Judaos.
3235 5724 3313 5773 In.

2241 5801 2334 5862 (6t)
2367 5801 2706 5862 Usur-parom.
2739 5798 2821 5847 ID.
