4072 6192
324 314 462 368 2205

1338 309 1423 364 DE
1465 309 1735 366 EXCIDIO
1773 308 1971 365 URBIS
2012 308 2369 364 HIEROSUL.
2415 308 2541 362 LIB:
2584 307 2669 360 IV.

3550 308 3690 361 2206

323 434 605 491 accidunt.
642 434 799 491 Unde
836 434 981 491 nihil
1021 442 1105 488 est
1144 450 1356 507 angere
1397 435 1551 507 quod
1590 451 1686 490 vos
1726 433 1951 500 debeat,
1979 446 2037 519 Α
2057 433 2171 489 suis
2209 432 2506 505 fructibus,
2552 433 2696 490 nihil
2734 434 2869 489 belli
2909 432 3296 503 conferebant,
3335 432 3434 489 sed
3472 432 3682 488 multo-
3716 474 3719 483 .

323 528 763 597 commilitones,
801 529 931 601 quia
972 545 1086 585 non
1123 545 1226 600 per
1266 528 1663 584 inﬁrmitatem
1699 528 1954 600 aliquam

322 639 527 678 manus
564 628 783 693 vestrae,
819 638 1008 695 neque
1041 637 1145 695 per
1186 622 1587 678 fortitudinem
1626 622 1957 679 Iudaeorum

321 732 498 772 versa;
536 732 644 785 res,
689 716 787 771 sed
830 715 1134 771 difficultas
1173 716 1430 772 locorum
1469 715 1631 771 nobis
1664 716 1735 770 ad
1778 715 1953 771 victo-

323 810 465 865 riam
496 810 910 882 impedimento
937 810 1062 877 fuit,
1096 809 1208 864 illis
1243 808 1316 864 ad
1347 808 1727 865 differendum
1753 824 1951 864 morae.

322 904 516 976 Neque
540 903 859 976 quidquam
890 906 998 971 est,
1025 902 1178 975 quod
1207 902 1371 975 argui
1400 902 1594 975 possit,
1628 902 1733 956 nisi
1764 901 1955 957 incon-

317 998 499 1053 sultus
539 998 779 1069 impetas
821 1004 996 1069 atque
1037 997 1351 1053 increditus
1386 996 1525 1069 (62).,
1558 996 1779 1053 Etenim
1818 996 1954 1052 dum

321 1091 396 1147 ad
424 1092 720 1163 superiora
751 1091 904 1147 urbis
929 1091 1055 1147 illos
1078 1090 1254 1147 secuti
1281 1090 1489 1160 fuistis,
1515 1094 1686 1163 atque
1712 1089 1956 1146 irruislis

322 1184 381 1240 in
424 1184 624 1259 domos
670 1201 894 1255 eorum,
939 1184 1049 1256 ipsi
1096 1201 1191 1239 vos
1238 1184 1502 1256 periculis
1549 1184 1951 1257 implicavistis.

320 1278 579 1343 Quorum
619 1278 963 1334 successistis
1010 1278 1280 1350 hospitia,
1323 1278 1641 1351 suscepistis
1679 1277 1951 1350 pericula.

316 1373 615 1429 Tenebatis
666 1373 893 1441 urbem,
939 1372 1068 1445 quis
1112 1388 1209 1426 vos
1255 1372 1443 1444 coegit
1490 1373 1772 1428 introrsus
1819 1388 1950 1443 per-

318 1468 494 1538 gere?
538 1466 887 1522 Descendere
933 1466 1006 1522 ad
1056 1483 1152 1521 vos
1201 1466 1377 1522 hostis
1427 1466 1642 1534 debuit,
1694 1482 1810 1521 non
1854 1482 1953 1521 vos

318 1562 770 1632 intemperantes
820 1561 891 1615 ad
939 1560 1250 1629 victoriam,
1295 1561 1668 1616 immemores
1716 1560 1844 1615 vitae
1889 1577 1953 1616 ac

316 1653 518 1709 salutis
566 1653 928 1710 contendere.
974 1656 1258 1725 Reparate
1309 1670 1446 1726 ergo
1489 1654 1731 1721 animos,
1782 1659 1838 1709 et
1880 1653 1952 1709 de

317 1748 625 1803 virtutibus
654 1749 853 1804 vestris
882 1764 1002 1804 non
1039 1747 1221 1803 solum
1252 1746 1326 1803 ad
1352 1747 1825 1817 consolationem,
1853 1747 1952 1803 sed

2053 543 2185 583 rum
2217 527 2426 586 coalitu
2462 527 2560 600 qui
2596 527 2892 585 latrocinio
2922 527 3095 585 vitam
3131 529 3464 584 exercerent
3498 541 3682 592 suam,

2056 622 2231 678 etiam
2269 621 2560 679 mitiorum
2594 621 2785 678 studia
2826 621 3014 693 pravis
3053 621 3305 678 moribus
3348 635 3679 692 corrumpe-

2054 716 2280 773 bantur.
2327 717 2461 772 Erat
2509 720 2788 789 prieterea
2840 715 2924 771 vir
2969 715 3108 771 levis
3154 716 3402 771 Joannes
3449 714 3681 770 nomine

2055 809 2348 882 indigena,
2376 810 2572 882 populi
2597 810 2738 878 lues,
2768 809 2910 865 dolis
2939 808 3080 865 nulli
3106 813 3462 865 versutorum
3488 822 3684 862 secun-

2055 903 2190 981 dus,
2239 904 2606 976 improbitate
2656 920 2855 976 parem
2904 904 3191 971 nesciens,
3242 902 3333 958 cui
3384 916 3682 973 nunquam

2056 996 2315 1054 defuerat
2341 998 2582 1054 nocendi
2617 998 2872 1066 affectus,
2902 996 3231 1070 aliquandiu
3267 1000 3461 1052 tamen
3498 995 3686 1051 fuerat

2054 1090 2246 1163 inepia
2276 1092 2608 1148 exercendae
2645 1091 2967 1164 iniquitatis
3006 1090 3505 1164 impedimentum.
3539 1087 3680 1155 Quid

2052 1188 2244 1241 tamen
2294 1185 2591 1257 deﬁniam,
2645 1186 2796 1241 haud
2852 1185 3067 1257 liquido
3119 1185 3251 1253 scio,
3300 1187 3496 1240 utrum
3551 1197 3683 1238 eum

2052 1279 2368 1352 indigentia
2403 1280 2626 1351 texerit,
2656 1296 2729 1335 an
2765 1280 3124 1352 represserit;
3158 1279 3271 1335 doli
3306 1277 3561 1345 callidus,
3589 1276 3687 1331 fal-

2052 1372 2209 1430 lendi
2247 1374 2473 1443 artifex,
2510 1375 2712 1430 doctus
2750 1374 3079 1441 mendaciis,
3112 1373 3287 1429 ﬁdem
3326 1387 3590 1446 querere
3628 1376 3686 1425 et

2052 1468 2447 1524 crudelitatem
2499 1469 2829 1541 compositis
2882 1468 3156 1524 asciscere
3179 1511 3194 1535 ,
3250 1466 3349 1539 qui
3402 1464 3681 1522 fallaciam

2052 1562 2318 1617 virtutem
2348 1566 2572 1633 putaret
2607 1568 2664 1619 et
2692 1562 2994 1635 elegantia:
3032 1562 3289 1630 duceret,
3317 1565 3375 1617 et
3412 1559 3679 1616 charissi-

2054 1672 2176 1711 mos
2227 1657 2671 1723 circumvenire;
2727 1666 3022 1729 promptus
3080 1656 3154 1711 ad
3206 1654 3681 1727 conspirandum,

2053 1751 2365 1806 vehemens
2394 1751 2466 1805 ad
2490 1751 2838 1817 audendum,
2873 1767 3002 1805 acer
3031 1750 3101 1805 ad
3138 1748 3524 1814 efﬁciendum,
3555 1763 3683 1802 con-

318 1841 515 1909 etiam,
561 1842 709 1914 quod
758 1844 844 1897 est
893 1841 1160 1914 amplius,
1207 1840 1518 1910 vindictam
1562 1841 1888 1913 praesumite
1936 1820 2318 1900 :Bturbator
2365 1846 2422 1900 in
2472 1846 2619 1911 otio,
2672 1844 2931 1900 desertor
2981 1845 3038 1898 in
3092 1844 3371 1915 periculo,
3429 1846 3683 1897 assuetus

320 1952 415 1989 me
451 1939 601 1990 certe
633 1935 921 1992 habebitis
947 1935 1228 2009 praevium
1266 1952 1500 2008 pugnae.
1536 1936 1729 1991 Estote
1765 1935 1954 2008 parati

316 2029 513 2098 armis,
544 2030 751 2085 animis
777 2047 790 2084 :
823 2030 1077 2102 pericula
1106 2046 1205 2085 vos
1242 2029 1509 2086 fortiores
1545 2029 1805 2098 fecerint,
1836 2047 1953 2086 non

317 2123 639 2180 timidiores
666 2142 679 2178 :
713 2124 878 2180 facile
915 2130 1001 2179 est
1036 2124 1309 2195 injuriam
1343 2124 1577 2193 solvere,
1607 2124 1654 2179 si
1688 2123 1865 2179 virtus
1892 2141 1954 2180 se

317 2222 708 2291 recognoscat.

965 2313 1184 2369 CAPUT
1222 2314 1313 2368 IlI.

392 2407 485 2461 His
519 2407 681 2462 dictis
712 2406 966 2462 accendit
1009 2407 1259 2462 militum
1296 2405 1710 2472 fortitudinem,
1748 2405 1955 2477 quibus

317 2500 720 2573 reparantibus
764 2501 995 2569 vallum,
1039 2500 1296 2573 plerique
1344 2516 1449 2571 per
1489 2503 1771 2570 praerupta
1818 2499 1951 2554 sub-

320 2602 540 2650 traxere
579 2612 637 2650 se
679 2594 975 2650 obsidioni.
1011 2595 1146 2649 Nam
1178 2595 1300 2665 jam
1339 2599 1396 2649 et
1432 2593 1718 2648 alimoniae
1758 2592 1955 2664 inopia

318 2689 652 2757 incessebat,
686 2694 743 2744 et
766 2689 1009 2743 infracta
1046 2689 1196 2743 muri
1228 2703 1456 2741 cessura
1495 2686 1771 2741 machinis
1800 2687 1952 2741 arbi-

318 2782 639 2838 trahantur.
675 2784 833 2839 Unus
862 2781 1074 2837 deinde
1117 2782 1241 2836 fons
1279 2782 1429 2836 intra
1470 2781 1694 2849 urbem,
1738 2784 1793 2833 et
1834 2780 1954 2852 ipse

317 2877 500 2932 muris
523 2877 822 2949 proximus
848 2880 988 2940 erat,
1020 2892 1148 2947 quae
1178 2891 1267 2929 res
1298 2891 1392 2929 eos
1416 2874 1475 2929 in
1502 2890 1725 2929 summo
1752 2874 1954 2930 timore

317 2971 532 3044 posuit,
584 2977 649 3026 ut
700 2969 1147 3043 frequentissimi
1198 2969 1607 3024 dilaberentur.
1658 2968 1761 3033 Qui
1818 2984 1953 3023 vero

318 3065 781 3139 permanendum
835 3068 1138 3136 putarunt,
1196 3062 1563 3134 pertinaciter
1610 3062 1952 3134 prmliaban-

317 3165 433 3215 tur.
478 3162 701 3213 interea
741 3158 980 3214 Romani
1025 3156 1232 3211 turrim
1276 3156 1607 3211 altissimam
1647 3156 1952 3211 suffodien-
1977 3192 2031 3265 Ο

317 3260 436 3321 tes,
490 3253 541 3306 vi
600 3252 852 3308 maxima
907 3251 1275 3306 subruerunt.
1327 3251 1446 3315 Quo
1496 3266 1625 3305 casu
1684 3266 1955 3305 concussa

315 3347 549 3415 civitas,
601 3346 914 3419 perturbati
979 3362 1183 3400 omnes
1244 3344 1415 3399 totius
1483 3345 1637 3399 urbis
1690 3349 1955 3415 paventes

314 3442 533 3496 ruinas.
562 3440 720 3496 Unde
755 3446 811 3495 et
840 3440 1052 3497 Chares
1085 3454 1237 3510 aeger
1273 3454 1533 3510 corpore,
1562 3438 1702 3493 tanti
1734 3440 1954 3493 terrore

314 3535 537 3591 sonitus
601 3533 991 3601 exanimatus,
1058 3536 1302 3588 mortem
1374 3531 1652 3603 implevit.
1714 3530 1954 3587 Romani

316 3637 539 3698 tamen,
580 3628 853 3701 patefacta
894 3628 1056 3694 urbe,
1098 3627 1356 3697 ingressu
1394 3625 1740 3693 abstinuere,
1780 3625 1956 3680 donec

316 3724 478 3779 Titus
530 3724 817 3795 ingressus
868 3727 982 3789 est,
1036 3720 1135 3792 qui
1189 3719 1389 3775 dolore
1435 3719 1658 3792 paterni
1718 3719 1956 3789 periculi

318 3818 556 3887 excitus,
594 3833 723 3872 cum
769 3815 965 3887 paucis
1004 3814 1064 3870 in
1097 3813 1299 3869 urbem
1333 3813 1515 3881 irruit,
1550 3819 1607 3867 et
1647 3811 1956 3867 maximam

314 3911 529 3967 Judazis
557 3911 775 3966 cladem
808 3909 1039 3965 invexit.
1074 3909 1318 3962 Tantum
1349 3907 1446 3979 qui
1477 3908 1533 3961 in
1570 3905 1957 3978 superioribus

317 4012 505 4073 erant,
546 4021 680 4059 saxa
720 4004 1010 4059 volventes
1053 4018 1280 4057 accessu
1321 4000 1703 4073 prohibebant
1740 4000 1953 4056 Roma-

315 4116 429 4156 nos
469 4117 482 4154 :
527 4098 741 4171 spicula
788 4097 1149 4169 torquebant,
1187 4094 1420 4167 sagittas
1453 4094 1874 4166 jaculabantur.
1910 4096 1957 4147 Α

314 4193 531 4250 Iudaeis
562 4192 807 4264 impulsa
848 4191 1011 4246 facile
1041 4192 1098 4246 in
1132 4205 1379 4262 pronum
1417 4206 1546 4244 saxa
1582 4188 1952 4244 devolveban-

319 4294 444 4355 tur,
494 4287 723 4343 missilia
776 4285 1211 4358 perveniebant,
1267 4282 1689 4340 descendcbant
1740 4284 1956 4355 sagitta:

316 4399 437 4439 non
463 4382 586 4437 sine
613 4397 811 4436 eorum
839 4379 1094 4452 periculo
1120 4395 1261 4450 quos
1290 4378 1665 4433 offenderant.
1696 4378 1957 4434 Romanis

319 4476 630 4531 adversum
663 4475 904 4530 editiora
933 4473 1147 4528 montis
1176 4473 1366 4544 jactus
1400 4471 1685 4542 inefﬁcax,
1718 4475 1955 4527 conatus

2056 1939 2382 2007 latrociniis,
2413 1939 2564 1993 bello
2594 1939 2861 2006 insolens,
2890 1938 2988 2009 qui
3019 1954 3150 1993 cum
3180 1936 3447 2010 persequi
3478 1934 3683 2008 nequi-

2054 2037 2161 2101 ret,
2202 2040 2420 2087 sereret
2464 2039 2653 2088 tamen
2702 2033 2973 2105 parandas
3014 2049 3210 2088 causas
3254 2029 3682 2086 dominationis.

2056 2126 2194 2180 Huic
2247 2127 2422 2198 igitur
2469 2126 2696 2181 animus
2746 2126 3058 2199 inquietus,
3108 2129 3372 2197 prompta
3423 2123 3683 2188 audacia,

2058 2236 2230 2292 quam
2263 2236 2557 2292 processus
2589 2221 2815 2276 alebant
2844 2237 3097 2293 cpesque
3139 2218 3211 2274 ad
3240 2217 3683 2275 consociandam

2056 2313 2412 2385 perditorum
2453 2330 2711 2369 manum.
2740 2313 2898 2370 Unde
2930 2330 3058 2369 cum
3096 2314 3219 2385 ejus
3256 2312 3521 2379 factione,
3560 2327 3683 2366 me-

2056 2412 2292 2462 moratae
2319 2407 2475 2463 urbis
2502 2408 2776 2479 populum
2801 2407 3035 2463 excitari
3062 2407 3133 2462 ad
3159 2406 3377 2461 bellum
3406 2405 3685 2477 Vespasia-
3752 2450 3755 2453 .

2058 2517 2165 2555 nus
2199 2501 2592 2573 comperisset,
2637 2517 2708 2555 ne
2744 2506 2929 2556 totum
2968 2501 3286 2556 exercitum
3324 2499 3683 2570 defatigaret,

2055 2593 2235 2649 ﬁlium
2278 2594 2466 2650 Titum
2510 2611 2641 2649 cum
2687 2594 2842 2649 mille
2886 2594 3173 2666 equitibus
3211 2593 3438 2659 direxit,
3476 2591 3687 2664 quibus

2057 2687 2364 2744 comitatus
2390 2688 2461 2743 ad
2492 2689 2691 2743 urbem
2716 2687 3216 2760 appropinquavit.
3242 2686 3348 2742 Sed
3379 2685 3473 2741 ubi
3497 2701 3687 2740 muros

2057 2783 2268 2854 pOpulo
2316 2782 2453 2838 vidit
2498 2782 2755 2850 refertos,
2799 2782 2997 2836 mirari
3041 2798 3099 2836 se
3147 2780 3244 2850 ait,
3286 2779 3441 2852 quod
3484 2795 3685 2834 eorum

2057 2877 2383 2947 exemplum
2430 2880 2814 2948 sequerentur
2855 2875 2927 2929 ad
2974 2874 3389 2942 rebellandum,
3437 2888 3684 2945 quorum

2056 2970 2271 3023 excidio
2298 2970 2623 3041 resipiscere
2652 2970 2998 3023 debuissent.
3034 2970 3157 3023 Esto
3183 2971 3392 3034 tamen,
3417 2972 3479 3021 ut
3506 2966 3686 3038 primo

2056 3066 2411 3118 tentamenta
2443 3062 2747 3118 habuerint
2777 3062 2993 3135 aliquid
3032 3060 3515 3135 praesumptionis,
3548 3059 3685 3131 quid

2057 3156 2449 3212 universorum
2501 3157 2671 3212 exitia
2715 3158 2832 3229 spei
2879 3157 3133 3212 ferrent?
3182 3154 3486 3211 Veniabilis
3533 3157 3685 3209 certe

2056 3252 2228 3306 fuerit
2263 3250 2317 3305 in
2360 3251 2642 3323 principio
2683 3268 2809 3323 spes
2840 3250 3114 3306 libertatis
3148 3267 3161 3305 :
3195 3248 3557 3305 inexorabilis
3599 3250 3683 3301 ta-

2060 3361 2190 3401 men
2223 3349 2307 3400 est
2336 3345 2391 3400 in
2429 3346 2644 3401 ultimis
2676 3352 2732 3399 et
2770 3345 3080 3417 desperatis
3121 3344 3289 3400 rebus
3321 3358 3683 3416 perseverem

2056 3439 2150 3493 tia.
2181 3441 2321 3494 Nam
2351 3439 2450 3512 qui
2476 3457 2587 3494 non
2617 3440 2881 3511 exemplo
2911 3439 3306 3506 humanitatis,
3335 3454 3453 3493 non
3486 3435 3685 3491 sedulo

2056 3533 2356 3588 verborum
2408 3534 2625 3588 monitu
2679 3533 3007 3599 ﬂectuntur,
3059 3531 3357 3587 adversum
3407 3548 3521 3598 eos,
3572 3546 3686 3585 non

2056 3626 2244 3695 verba,
2273 3625 2373 3681 sed
2406 3642 2565 3681 arma
2597 3626 2913 3681 necessaria
2941 3629 3092 3682 sunt.
3120 3626 3289 3681 Muris
3319 3624 3491 3680 Iiditis
3525 3623 3683 3696 quasi

2058 3719 2363 3774 adversum
2416 3721 2807 3775 Romanorum
2856 3720 3095 3775 virtutes
3141 3719 3265 3775 illos
3309 3717 3682 3789 protexerint.

2059 3812 2203 3877 Quid
2256 3812 2408 3867 aliud
2461 3816 2700 3885 possunt
2749 3813 2927 3868 clausi
2983 3812 3273 3885 praaferre,
3324 3810 3685 3881 circumsepti

2058 3906 2440 3978 praetendere,
2474 3907 2582 3962 nisi
2624 3906 2777 3978 quod
2820 3906 2877 3962 in
2910 3907 3231 3978 captivitate
3261 3904 3498 3960 audaces
3536 3904 3687 3960 sint?

2057 4000 2284 4055 Nemini
2316 4006 2440 4056 erat
2478 4000 2748 4074 loquendi
2790 4003 3036 4072 potestas
3068 4018 3081 4055 :
3119 4001 3492 4071 occupaverat
3529 3997 3684 4054 enim

2058 4110 2290 4149 omnem
2315 4110 2609 4151 murorum
2645 4094 2920 4150 ambitum
2956 4093 3297 4167 praedatoria
3328 4109 3557 4161 manus;
3588 4108 3682 4148 ca-

2057 4188 2225 4244 vebat
2250 4190 2514 4259 Joannes,
2545 4206 2617 4244 ne
2649 4190 2776 4261 quis
2794 4189 3079 4262 colloquio
3105 4188 3372 4244 familiari
3398 4188 3688 4244 Romanos

2058 4282 2342 4338 invitaret.
2385 4285 2585 4355 Itaque
2626 4284 2748 4356 ipse
2792 4283 3091 4355 prteripuit
3130 4282 3411 4338 sermonis
3457 4282 3684 4338 relatio-

2058 4392 2210 4443 nem,
2251 4376 2446 4432 dicens
2482 4394 2496 4432 :
2538 4377 2786 4432 libenter
2830 4394 2887 4432 se
2932 4381 3231 4433 tractatum
3283 4377 3567 4447 suscipere
3615 4377 3684 4430 de

2058 4471 2225 4526 rebus
2250 4470 2673 4538 communibus,
2696 4487 2798 4526 nec
2822 4471 3155 4543 experiendi
3180 4486 3346 4525 usum
3377 4468 3682 4532 declinare,

322 4570 541 4636 irritus,
586 4573 759 4640 atque
812 4567 949 4640 ipsis
994 4567 1367 4638 periculosus;
1414 4581 1545 4620 cum
1597 4564 1783 4619 subito
1834 4563 2104 4634 ortaDsi
2141 4563 2289 4619 forte
2324 4564 2428 4635 ipsi
2471 4564 2632 4618 utilia
2661 4563 2914 4632 suadeat,
2952 4570 3048 4619 aut
3076 4563 3166 4618 his
3193 4580 3321 4636 qua:
3360 4562 3687 4618 referuntur

320 4664 479 4718 venti
544 4663 827 4735 procella,
878 4660 1201 4716 Judteorum
1270 4659 1640 4730 retorquebat
1693 4658 1954 4731 sagittas,

324 4757 639 4831 repellebat
691 4754 919 4826 spicula.
972 4756 1105 4818 Qute
1158 4770 1293 4809 vero
1344 4754 1632 4809 Romanus
1681 4754 1957 4808 exercitus

314 4851 696 4923 jaculabatur,
724 4850 781 4904 in
817 4850 1039 4903 hostem
1068 4847 1347 4903 referebat
1380 4846 1545 4919 (62‘);
1588 4847 1666 4901 ita
1695 4848 1954 4902 elemen-

323 4953 515 5000 torum
562 4944 819 5017 ipsorum
864 4941 1149 5014 repagulis
1193 4947 1249 4996 et
1293 4947 1589 4996 ventorum
1637 4940 1956 4995 turbinibus

322 5038 602 5111 oppressi,
649 5053 915 5109 supremo
971 5036 1195 5090 excidio
1247 5040 1427 5106 capite
1481 5033 1638 5089 urbis
1689 5034 1952 5097 universi,

324 5134 653 5205 quicunque
684 5131 791 5185 illis
821 5130 1028 5200 reperti
1057 5135 1207 5199 sunt,
1240 5128 1524 5183 interiere.
1551 5128 1808 5193 Quatuor
1839 5132 1955 5183 tan-

327 5231 448 5282 tum
490 5225 663 5281 millia
700 5242 734 5280 a
772 5224 1039 5279 Romanis
1082 5222 1383 5278 interfecta
1427 5239 1439 5276 :
1485 5222 1737 5294 quinque
1784 5221 1955 5276 millia

324 5320 643 5392 praecipitio
662 5318 899 5390 periisse
917 5317 1265 5389 accepimus:
1294 5316 1432 5370 nulli
1456 5317 1606 5371 aetati
1629 5315 1788 5370 venia
1806 5315 1951 5370 data.

971 5411 1192 5467 CAPUT
1231 5411 1319 5465 IV.

397 5508 606 5564 Giscala
652 5506 841 5562 adhuc
888 5505 1006 5560 sola
1056 5504 1127 5559 de
1182 5504 1442 5576 partibus
1490 5504 1733 5558 Galilaue
1788 5504 1845 5557 in
1896 5519 1953 5557 se

328 5604 550 5660 hostem
590 5618 707 5658 non
745 5603 1120 5665 converterat,
1163 5597 1436 5670 quoniam
1474 5597 1793 5652 incolarum
1832 5597 1955 5669 ejus

329 5696 604 5768 quietiora
650 5695 902 5767 ingenia,
946 5697 1141 5763 utpote
1190 5691 1344 5763 plebs
1389 5691 1643 5762 agrestis,
1689 5698 1953 5745 contenta

392 5888 485 5951 (62)
514 5887 838 5939 Inconditus.
876 5886 1052 5937 ΒΑΜ.

2059 4658 2531 4729 acquiescendum
2575 4658 2677 4727 sit;
2725 4657 2823 4712 sed
2866 4657 3155 4729 prohiberi
3200 4674 3257 4712 se
3304 4658 3433 4730 lege
3481 4656 3682 4728 patria,

2060 4766 2190 4807 cum
2236 4751 2481 4823 supersit
2525 4751 2901 4807 hebdomadas
2941 4768 3112 4808 sacras
3157 4753 3299 4820 dies,
3344 4757 3578 4807 tractare
3619 4750 3687 4804 de

2058 4848 2217 4918 pacis
2268 4846 2708 4902 conditionibus.
2768 4848 3057 4920 Siquidem
3115 4852 3180 4903 ut
3242 4862 3469 4902 movere
3526 4861 3688 4900 arma

2059 4939 2447 5009 interdictum,
2481 4940 2561 4995 ita
2599 4940 2775 4996 etiam
2812 4941 3079 4997 illicitum
3117 4942 3409 4998 consulere
3441 4941 3510 4997 de
3547 4956 3685 5012 pace

2058 5034 2276 5090 feriatis
2319 5034 2538 5090 diebus.
2586 5036 2809 5091 Etenim
2859 5037 2926 5093 de
2974 5037 3209 5108 negotio
3251 5035 3437 5091 verbis
3484 5035 3685 5090 saltem

2058 5130 2387 5194 decernere,
2418 5133 2477 5183 et
2506 5130 2615 5183 illis
2649 5130 3005 5202 sacrilegium
3048 5131 3147 5201 qui
3182 5136 3546 5202 cogerentur,
3583 5144 3686 5183 nec

2058 5222 2167 5277 illis
2208 5222 2452 5277 inultum
2501 5224 2598 5295 qui
2643 5228 2930 5295 cogerent.
2975 5225 3212 5279 Veniam
3259 5241 3317 5280 se
3362 5222 3532 5279 unius
3573 5223 3685 5277 diei

2057 5332 2309 5388 poscere,
2343 5316 2670 5372 dilationem
2706 5324 2825 5373 tam
2870 5318 3142 5390 exiguam
3182 5335 3545 5391 nequaquam
3575 5317 3680 5373 im—

2058 5410 2383 5481 pedimento
2407 5412 2679 5467 futuram.
2712 5413 2905 5484 Neque
2935 5413 3090 5468 enim
3128 5413 3471 5468 circumfuso
3503 5413 3681 5480 hoste,

2058 5504 2333 5576 effugium
2388 5506 2591 5561 clausis
2636 5506 2879 5561 liberum
2933 5523 2946 5561 :
2993 5506 3182 5562 offerri
3232 5506 3337 5562 sibi
3384 5506 3685 5562 arbitrium

2055 5599 2227 5671 pacis,
2246 5603 2362 5655 tam
2386 5600 2588 5671 aequali
2609 5600 2835 5671 optione
2859 5600 3227 5656 formidinem
3248 5601 3470 5671 obesse;
3495 5602 3683 5672 urgeri

2056 5711 2113 5749 se
2150 5694 2377 5748 interim
2423 5710 2537 5747 non
2581 5699 2844 5763 oportere
2878 5695 2946 5748 ad
2982 5696 3131 5766 pacis
3171 5696 3448 5764 consulta,
3482 5696 3686 5768 quibus

2119 5883 2243 5944 (ΘΥ)
2259 5881 2606 5934 Ferebantur.
2635 5882 2715 5934 In.
