4072 6192
380 276 519 330 2207

1860 275 1928 348 s.
1957 274 2273 333 AMBROSII

3607 277 3747 331 2208

380 389 644 464 religioni
671 394 818 448 esset
851 394 1055 448 contra
1090 393 1281 464 legem
1320 392 1563 465 patriam
1602 410 1716 449 non
1747 392 2008 466 praevari-
2035 404 2094 478 Α
2114 410 2278 466 gasse
2315 394 2699 452 ministerium
2728 412 2741 450 :
2776 395 2952 452 fuerit
2978 395 3037 450 in
3069 393 3177 450 illis
3206 393 3340 450 licet
3371 393 3597 463 umbra,
3628 410 3747 449 non

378 485 524 554 cari;
554 484 851 542 convenire
889 488 1082 542 autem
1123 491 1240 543 tam
1279 487 1498 543 liberali
1529 488 1681 559 pacis
1715 487 2008 554 oblationi,

380 585 444 634 ut
482 580 580 652 qui
610 584 815 652 praeter
848 596 1011 652 spem
1046 585 1245 652 sponte
1286 580 1491 637 oﬂ'erat
1519 598 1740 653 pacem,
1773 599 1844 637 ne
1886 581 2013 652 quis

380 673 766 745 periclitetur,
818 674 1065 731 evasuris
1120 675 1291 731 etiam
1358 676 1510 747 leges
1561 693 1690 731 suas
1740 679 2010 731 reservet.

383 768 511 824 Haec
560 768 680 824 sine
723 769 850 824 dolo
891 769 1045 825 Titus
1090 769 1338 842 allegata
1383 771 1710 840 arbitratus,
1760 771 2013 842 receptui

383 862 605 933 cecinit,
640 866 699 918 et
733 864 1017 919 revocavit
1049 881 1082 918 a
1118 864 1295 920 muris
1337 881 1477 936 quos
1517 881 1711 919 secum
1753 863 2009 920 deduxe-

384 960 490 1012 rat.
538 958 617 1012 [ta
659 958 928 1027 Joannes,
974 958 1228 1029 fugiendi
1276 958 1516 1029 adeptus
1559 958 1802 1031 copiam,
1848 963 2014 1014 nocte

382 1050 725 1124 intempesta
765 1069 895 1107 cum
938 1052 1228 1124 plerisque
1272 1052 1542 1108 abscessit
1579 1070 1592 1107 :
1631 1052 2016 1124 sequebantur

384 1145 557 1201 etiam
611 1145 878 1200 mulieres
930 1145 1400 1217 proficiscentem.
1450 1147 1563 1201 Sed
1615 1162 1729 1218 quo
1783 1147 2017 1201 ulterius

385 1238 902 1311 progrediebantur
942 1239 1064 1306 viri,
1108 1256 1175 1296 eo
1215 1241 1409 1312 plures
1449 1240 1717 1296 mulieres
1759 1241 1846 1295 vel
1886 1257 2011 1311 par-

384 1334 502 1388 vuli
542 1333 1033 1405 relinquebantur,
1077 1334 1432 1406 desertaeque
1463 1352 1495 1389 a
1529 1334 1643 1390 suis
1682 1334 2017 1405 spectabant

386 1426 605 1498 pavida:
640 1427 785 1482 viam
814 1428 1061 1483 feminas.
1095 1431 1161 1484 Et
1196 1445 1325 1482 cum
1355 1428 1476 1499 jam
1513 1429 1663 1484 viros
1702 1428 1959 1500 prOprios
1987 1445 2015 1481 c

385 1526 692 1593 conspectu
743 1522 1096 1589 amitterent,
1145 1522 1363 1577 hostem
1413 1521 1611 1577 adesse
1657 1521 2013 1576 arbitraban-

387 1619 500 1684 tur,
537 1615 608 1670 ad
644 1631 876 1670 omnem
916 1618 1226 1672 trementes
1254 1632 1477 1671 sonum.
1523 1615 1578 1670 Si
1612 1615 1738 1686 quis
1775 1631 2014 1670 concur-

386 1715 563 1777 reret,
602 1709 810 1764 misere
850 1709 1349 1776 convertebantur,
1380 1726 1503 1764 sese
1545 1708 1683 1781 peti,
1722 1708 1826 1763 sibi
1863 1711 2014 1763 cate-

388 1819 492 1857 nas
532 1802 688 1873 injici
727 1802 1100 1875 trepidantes,
1135 1804 1296 1874 quasi
1326 1804 1448 1874 jam
1483 1807 1791 1874 praesentes
1832 1780 2096 1857 essentB

389 1896 488 1968 qui
518 1896 887 1953 timebantur.
913 1898 1069 1952 Titus
1096 1897 1173 1952 ita
1193 1897 1360 1967 juxta
1386 1901 1728 1952 conventum
1750 1897 1869 1965 jam
1903 1896 2019 1951 sole

388 1989 594 2056 infuso,
625 1990 695 2045 ad
730 1990 932 2045 urbem
961 2008 1092 2046 cum
1123 1991 1371 2045 exercitu
1398 1990 1721 2055 contendit;
1753 1990 2015 2061 aperiun-

394 2084 485 2137 tur
514 2088 720 2154 portte;
755 2084 1052 2155 egreditur
1090 2085 1330 2156 populus
1371 2100 1502 2138 cum
1533 2082 1924 2150 exsultatione,
1964 2087 2021 2137 et

394 2177 675 2232 Romanos
710 2194 837 2233 cum
875 2178 1066 2233 laetitia
1107 2178 1339 2249 suscipit
1379 2183 1435 2233 et
1473 2177 1794 2247 alacritate;
1827 2176 2019 2233 abesse

394 2271 653 2343 gaudens
700 2272 1062 2344 pestilentem
1107 2271 1313 2339 virum,
1362 2271 1571 2343 fugisse
1617 2287 1721 2342 per
1770 2275 2019 2338 noctem,

393 2364 502 2420 sibi
526 2364 765 2421 liberam
797 2367 1123 2421 facultatem
1150 2366 1379 2435 datam;
1406 2381 1572 2420 orare
1593 2381 1651 2421 se
1678 2364 1928 2434 veniam,
1952 2381 2021 2420 ne

391 2459 585 2514 fraudi
626 2459 731 2514 sibi
773 2464 923 2516 esset
957 2461 1079 2532 ejus
1116 2461 1269 2532 fuga,
1310 2476 1485 2532 quem
1518 2464 1716 2516 tenere
1763 2458 1883 2514 sine
1921 2474 2022 2515 suo

396 2552 567 2608 exitio
600 2570 715 2608 non
753 2558 1003 2625 possent.
1032 2555 1153 2623 Ille,
1182 2553 1456 2609 dilatione
1494 2552 1752 2609 vindictae
1778 2553 2021 2608 consola-

392 2652 503 2715 tus,
535 2648 912 2703 consummati
950 2648 1165 2720 negotii
1197 2648 1505 2716 celeritate,
1537 2647 1609 2702 ad
1639 2647 2017 2720 comprehen-

396 2741 652 2797 dendum
675 2743 953 2810 Joannem
980 2759 1009 2798 e
1037 2742 1274 2814 vestigio
1302 2742 1579 2814 plurimos
1602 2741 1775 2809 misit,
1803 2741 1850 2796 si
1874 2741 2021 2797 forte

393 2850 525 2892 eum
562 2840 1069 2908 consequerentur.
1108 2839 1250 2909 Ipse,
1280 2836 1479 2892 urbem
1517 2835 1823 2906 ingressus,
1853 2834 2022 2889 minis

392 2929 576 3002 magis
601 2947 772 3002 quam
804 2930 1080 3003 supplicio
1112 2930 1361 2986 affecisse
1392 2934 1687 2986 contentus
1717 2928 1872 3001 pacis
1903 2945 2022 3001 per-

394 3024 734 3095 turbatores,
770 3024 989 3081 remisit
1022 3025 1310 3092 omnibus,
1340 3040 1413 3079 ne
1453 3023 1600 3095 quis,
1642 3024 1726 3078 vel
1768 3023 1898 3078 odio
1938 3024 2023 3077 vel

394 3117 717 3173 domesticis
755 3117 1027 3174 excitatus
1057 3117 1320 3190 negotiis,
1357 3117 1615 3172 innoxios
1650 3116 1710 3170 in
1752 3115 2023 3170 invidiam
2044 3149 2099 3223 Ο

395 3211 722 3279 deduceret,
776 3214 833 3267 et
885 3211 1203 3283 gravissimi
1254 3211 1510 3265 criminis
1562 3212 1816 3281 pulsaret
1867 3216 2019 3265 atro—

396 3304 563 3359 citate
598 3322 611 3358 :
652 3321 783 3359 cum
824 3304 1005 3360 multo
1043 3304 1390 3360 tolerabilius
1426 3304 1501 3359 sit
1536 3303 1615 3374 id,
1650 3302 1804 3375 quod
1834 3303 2020 3358 incer-

394 3401 521 3453 tum
564 3400 671 3466 est,
708 3397 1010 3454 formidini
1051 3398 1338 3470 participia
1376 3397 1739 3453 conscientia:
1774 3396 2020 3453 derelin-

397 3507 592 3563 quere,
638 3508 816 3565 quam
861 3492 1242 3549 condemnare
1290 3492 1609 3548 innoxium.
1659 3491 1823 3564 Saepe
1870 3492 2023 3547 enim

394 3601 558 3639 reum
595 3586 828 3658 corrigit
868 3591 1081 3655 metus;
1116 3603 1277 3658 poena
1314 3588 1505 3642 autem
1545 3585 1867 3640 innocentis
1904 3585 2024 3640 sine

396 3680 510 3735 ullo
553 3680 811 3736 remedio
851 3681 1219 3737 correctionis
1259 3685 1362 3737 est.
1399 3682 1645 3736 Joannes
1681 3680 1875 3752 itaque
1909 3696 2024 3735 non

396 3777 480 3828 est
507 3780 764 3847 repertus
790 3776 862 3830 ab
888 3776 974 3830 his
1000 3792 1140 3848 quos
1166 3775 1450 3831 direxerat
1476 3774 1662 3842 Titus;
1691 3774 1788 3829 sed
1818 3774 2027 3846 reperti

394 3869 493 3940 qui
521 3870 905 3941 sequebantur
938 3886 1090 3939 eum,
1124 3869 1346 3942 parvuli
1377 3870 1464 3924 vel
1494 3869 1777 3937 mulieres,
1814 3869 1882 3924 ad
1916 3869 2027 3925 duo

393 3962 575 4018 millia
600 3965 722 4019 fere
750 3964 1055 4033 interfecti,
1078 3964 1189 4020 tria
1212 3964 1389 4019 millia
1417 3969 1611 4020 autem
1638 3962 1880 4019 inﬁrma:
1901 3968 2029 4018 aeta-

395 4057 466 4112 tis
506 4061 565 4112 et
605 4074 794 4125 sexus,
829 4058 925 4113 ubi
964 4056 1190 4113 satietas
1225 4058 1469 4113 necandi
1510 4058 1678 4126 facta,
1714 4057 2025 4130 captivitati

394 4150 705 4222 adjudicati
730 4155 880 4207 sunt.
910 4152 1235 4207 Custodiam
1264 4151 1569 4208 militarem
1595 4151 1803 4207 civitati
1825 4151 2029 4224 imper-

396 4245 540 4300 tivit.
570 4246 763 4317 Itaque
791 4245 1016 4301 Galilma
1044 4245 1231 4300 omnis
1254 4245 1314 4301 in
1345 4248 1681 4317 potestatem
1716 4247 2024 4301 Romanam

397 4339 661 4395 deducta.
706 4340 848 4394 Nam
896 4345 953 4395 et
1000 4339 1302 4395 Thabirius
1344 4356 1534 4406 mons,
1579 4339 1743 4410 cujus
1786 4340 2027 4396 altitudo

394 4434 629 4507 triginta
676 4434 1017 4505 stadiorum,
1062 4439 1252 4490 vertex
1298 4438 1491 4489 autem
1532 4434 1653 4506 ipse
1699 4434 2030 4506 campestris

2113 489 2340 559 veritas,
2372 490 2472 545 sed
2502 494 2700 545 tamen
2740 489 2949 546 umbra
2988 488 3253 560 designat
3288 487 3543 543 veritatis
3576 488 3748 542 vesti-

2114 584 2225 655 gia.
2268 583 2449 639 Habet
2496 584 2653 640 enim
2693 583 2929 656 picturae
2977 583 3321 638 lineamenta
3367 581 3591 649 umbra,
3633 580 3747 636 ful-

2115 694 2316 749 gorem
2363 694 2482 733 non
2527 678 2721 745 habet,
2768 694 2874 733 nec
2916 676 2989 731 ad
3034 692 3325 731 summam
3370 676 3621 747 perfecta
3663 679 3754 729 est

2113 787 2377 839 manum,
2424 772 2522 827 sed
2569 771 2874 843 diligenter
2917 769 3275 827 intuentibus
3317 770 3512 825 futura
3555 768 3747 840 expri-

2114 865 2255 933 mit;
2303 868 2362 920 et
2413 865 2540 921 ideo
2592 864 2783 920 minus
2836 863 3082 920 delectat
3132 863 3351 935 ﬁgura,
3403 863 3531 934 plus
3581 861 3749 918 illicit

2117 960 2324 1031 gratia.
2357 959 2517 1014 Unde
2548 959 2763 1031 placuit
2790 975 2988 1013 rerum
3024 958 3243 1013 arbitro
3273 957 3503 1013 abolere
3530 960 3749 1023 vetera,

2115 1070 2261 1109 nova
2298 1053 2577 1123 condere;
2622 1059 2684 1109 ut
2725 1052 3020 1108 veritatem
3063 1053 3461 1123 sequerentur,
3505 1051 3604 1121 qui
3646 1067 3755 1121 per

2118 1148 2410 1218 angustias
2439 1146 2791 1202 infidelitatis
2821 1146 3100 1218 imagines
3123 1162 3239 1201 non
3268 1144 3674 1216 sequebantur.

2766 1241 2983 1296 CAPUT
3021 1241 3103 1294 Vl.

2192 1335 2457 1407 Fugiens,
2496 1338 2562 1389 ut
2599 1351 2772 1405 supra
2807 1333 3072 1401 diximus,
3100 1332 3169 1387 de
3209 1331 3456 1387 Galilaeaa
3492 1332 3755 1403 partibus

2116 1430 2364 1483 Joannes
2406 1429 2476 1483 ad
2518 1428 3085 1498 Hierosolymitanam
3127 1425 3332 1481 urbem
3376 1442 3436 1481 se
3480 1425 3752 1490 contulit;

2119 1529 2175 1578 et
2216 1522 2374 1594 quasi
2419 1522 2681 1594 quaedam
2731 1521 2900 1593 pestis
2950 1519 3152 1575 infecit
3202 1519 3426 1574 animos
3471 1519 3754 1591 plurium,

2119 1616 2218 1688 qui
2246 1633 2310 1671 ex
2342 1616 2579 1670 diversis
2612 1615 2942 1687 regionibus
2972 1614 3262 1687 principes
3298 1612 3654 1685 ﬂagitiorum
3682 1629 3754 1668 eo

2120 1710 2276 1783 quasi
2306 1710 2363 1765 in
2391 1710 2676 1765 sentinam
2712 1709 3127 1764 conﬂuxerunt.
3170 1709 3282 1762 Hoc
3317 1709 3472 1763 enim
3509 1707 3589 1761 illi
3624 1706 3756 1761 urbi

2121 1804 2354 1876 majoris
2404 1820 2568 1859 causa
2617 1803 2822 1859 excidii
2873 1803 3000 1869 fuit,
3052 1802 3186 1875 quia
3241 1801 3393 1872 quod
3447 1800 3758 1855 sceleribus

2121 1899 2236 1953 suis
2264 1896 2598 1952 deferebant
2623 1895 2852 1967 perditi,
2885 1902 2948 1950 ut
2974 1911 3042 1950 eo
3071 1894 3441 1950 convenirent
3470 1893 3755 1965 plerique,

2122 1991 2218 2045 ubi
2249 1991 2333 2046 vel
2372 1991 2605 2046 tutiores
2641 2007 2699 2045 se
2736 1990 2858 2045 fore
2889 1989 3203 2055 crederent,
3238 1988 3324 2043 vel
3354 1987 3758 2043 insolentiores

2123 2086 2193 2140 ad
2221 2083 2433 2156 ﬂagitia
2462 2084 2863 2153 coacervanda,
2897 2083 3027 2139 fidei
3053 2083 3273 2138 deferre
3300 2081 3755 2138 aestimabantur.

2122 2178 2561 2250 Recipiebantur
2622 2178 2814 2248 itaque
2875 2178 3115 2248 passim,
3169 2174 3329 2248 quasi
3390 2175 3488 2247 pio
3555 2174 3759 2246 templi

2121 2289 2316 2328 amore
2358 2272 2659 2328 defensum
2690 2272 2970 2326 venirent.
3005 2271 3133 2325 Haec
3170 2270 3355 2341 prima
3391 2269 3547 2323 labes
3575 2267 3754 2322 malo-

2123 2383 2271 2421 rum.
2301 2365 2441 2422 Hinc
2477 2381 2744 2437 oppressa
2773 2370 2856 2420 est
2891 2380 3209 2435 paucorum
3240 2361 3620 2417 mansuetudo
3653 2379 3759 2432 per

2123 2460 2503 2532 plurimorum
2538 2458 2927 2524 insolentiam;
2958 2458 3092 2512 hinc
3130 2456 3273 2511 itum
3302 2456 3359 2511 in
3394 2455 3593 2522 caedes,
3621 2471 3757 2509 cum

2123 2555 2312 2610 minus
2337 2557 2599 2626 parceret
2627 2553 2876 2619 alienus;
2909 2551 3045 2606 hinc
3071 2550 3481 2622 conspiratum,
3511 2554 3575 2604 ut
3611 2548 3756 2620 legis

2123 2647 2403 2703 solemnia
2444 2647 2895 2719 negligerenlur,
2934 2644 3253 2700 sacerdotia
3289 2660 3323 2698 a
3349 2642 3513 2698 bonis
3541 2641 3614 2696 ad
3647 2643 3755 2697 im-

2122 2742 2331 2815 probos
2368 2741 2777 2807 derivarentur,
2810 2739 2965 2811 quod
2994 2738 3325 2793 hominibus
3363 2753 3475 2792 non
3505 2735 3690 2792 solum
3727 2754 3760 2788 a

2125 2836 2217 2907 pio
2260 2835 2433 2903 cultu,
2473 2835 2567 2889 sed
2609 2834 2679 2888 ab
2722 2833 2839 2905 ipsa
2870 2833 3014 2904 legis
3044 2831 3370 2904 cognitione
3411 2828 3757 2902 peregrinis,

2124 2929 2273 3000 quod
2302 2932 2563 2983 sanctum
2590 2930 2758 2995 esset,
2786 2925 3177 2998 ignorabatur.
3202 2924 3384 2979 Vincti
3408 2926 3543 2978 sunt
3566 2923 3759 2996 primo

2124 3023 2302 3095 regali
2332 3038 2541 3094 genere
2573 3020 2673 3076 viri
2703 3020 2799 3092 qui
2839 3019 3196 3087 resistebant,
3228 3035 3343 3091 quo
3370 3017 3559 3074 caeteri
3596 3022 3759 3072 metu

2125 3116 2394 3172 cederent
2421 3133 2433 3170 :
2470 3114 2677 3170 deinde
2708 3114 2916 3181 necati,
2952 3116 3009 3167 et
3038 3116 3097 3167 ut
3132 3112 3416 3184 ﬂagitium
3447 3110 3757 3177 velaretur,

2125 3227 2266 3283 quos
2303 3210 2425 3266 sine
2455 3209 2678 3281 judicio
2721 3212 3107 3281 peremerant,
3146 3206 3331 3261 missis
3365 3207 3425 3260 in
3468 3220 3759 3260 carcerem

2124 3304 2364 3375 sicariis,
2419 3319 2627 3375 eosque
2670 3301 2856 3358 afﬁcto
2905 3301 3147 3356 crimine
3192 3300 3525 3373 proditionis
3575 3300 3757 3354 inter-

2125 3402 2368 3470 emptos,
2415 3397 2892 3453 ementiebantur.
2942 3394 3216 3451 Pertracti
3262 3394 3460 3466 itaque
3513 3392 3761 3448 universi

2125 3496 2305 3560 metu,
2336 3490 2495 3564 quod
2534 3490 2799 3545 homines
2839 3493 3103 3561 potentes
3139 3492 3309 3560 atque
3346 3486 3565 3543 innoxii
3600 3486 3759 3543 Anti-

2124 3604 2246 3659 pas,
2287 3585 2489 3641 Lebias
2530 3587 2588 3640 et
2632 3584 2842 3641 Phoras
2884 3588 2998 3639 tam
3047 3582 3211 3639 facile
3253 3582 3510 3654 oppressi
3550 3581 3758 3647 forent,

2127 3681 2278 3754 quod
2321 3697 2424 3735 nec
2450 3680 2574 3751 jam
2608 3678 2893 3735 audebant
2924 3678 3211 3733 resistere.
3250 3677 3389 3732 Hinc
3423 3692 3489 3732 eo
3529 3691 3758 3747 proces-

2126 3792 2274 3842 sum,
2302 3780 2360 3829 ut
2380 3773 2665 3845 ignobiles
2686 3778 2855 3845 atque
2876 3771 3141 3844 indignos
3162 3770 3566 3827 substituerent
3584 3785 3764 3825 sacer-

2128 3869 2327 3924 dotum
2356 3868 2640 3940 principes
2672 3884 2686 3919 :
2714 3873 2779 3922 ut
2812 3866 3018 3938 quibus
3052 3865 3211 3920 nulla
3245 3864 3544 3921 emerendi
3577 3864 3759 3919 hono-

2127 3963 2203 4017 ris
2248 3963 2433 4034 gratia
2482 3961 2921 4033 suﬂ‘ragabatur,
2962 3959 3000 4014 ii
3041 3963 3237 4015 contra
3276 3958 3548 4014 meritum
3593 3975 3761 4013 suum

2129 4056 2324 4128 adepti
2374 4055 2718 4121 sacerdotia,
2767 4055 2835 4108 ad
2891 4070 3060 4109 omne
3116 4053 3275 4108 nefas
3337 4051 3761 4107 conferentium

2126 4148 2359 4205 arbitrio
2403 4148 2849 4219 subjicereutur;
2898 4147 2997 4202 sed
3048 4162 3177 4201 cum
3231 4144 3527 4201 obviarent
3574 4161 3761 4199 sacer—

2128 4243 2340 4299 dotales
2377 4242 2501 4310 viri,
2535 4247 2593 4297 et
2634 4242 2883 4297 maxime
2926 4244 3157 4295 Ananus
3197 4239 3415 4295 caeteris
3449 4239 3658 4308 senior,
3690 4256 3761 4293 ne

2129 4354 2231 4410 per
2257 4336 2502 4409 gratiam
2532 4336 2842 4392 donaretur
2862 4334 3076 4390 summi
3098 4333 3349 4389 nominis
3368 4334 3761 4406 praerogativa,

2128 4432 2324 4487 sortito
2372 4431 2549 4486 creari
2597 4430 2915 4503 principem
2965 4428 3318 4484 sacerdotem
3364 4430 3662 4500 expetunt,
3708 4429 3763 4482 in

395 4527 595 4599 viginti
626 4531 684 4583 et
707 4528 892 4584 tribus
922 4528 1118 4584 stadiis
1138 4528 1313 4600 jacet,
1347 4526 1586 4600 penuria
1610 4544 1775 4601 aqua:
1802 4528 1874 4584 ab
1905 4528 2029 4584 aliis
2048 4522 2106 4595 D
2132 4544 2242 4599 quo
2273 4525 2413 4580 nihil
2453 4524 2669 4597 gratiae,
2700 4524 2799 4579 sed
2825 4523 3015 4579 divino
3041 4522 3259 4595 judicio
3287 4522 3567 4578 committi
3598 4522 3764 4578 sortis

394 4621 673 4691 desertus,
714 4622 786 4677 ab
829 4622 951 4678 aliis
998 4626 1158 4679 orata
1200 4622 1368 4678 venia
1412 4623 1684 4678 Romanis
1728 4622 1966 4678 traditus
2012 4643 2023 4677 :

392 4717 529 4771 licet
578 4715 784 4771 virtute
841 4732 1069 4788 quoque
1120 4722 1175 4773 et
1225 4717 1506 4772 industria
1554 4715 1764 4771 Placidi
1828 4716 1915 4770 cui
1969 4715 2027 4771 id

395 4810 609 4883 negotii
659 4828 692 4865 a
745 4810 1092 4882 Vespasiano
1149 4810 1518 4866 commissum
1574 4811 1789 4878 fuerat,
1845 4810 2029 4866 omnis

394 4921 783 4961 convenarum
833 4903 1029 4973 turba,
1089 4904 1227 4959 dum
1283 4904 1576 4960 cedentem
1633 4904 1922 4976 sequitur,
1975 4908 2031 4959 et

396 5003 517 5055 arte
547 5002 912 5055 revocantem
950 4998 1191 5071 gradum
1229 5003 1586 5070 perurgeret,
1620 4998 1804 5070 campi
1842 4997 2030 5054 medio

393 5092 757 5164 circumfusa,
787 5092 1075 5164 refugium
1102 5092 1378 5160 amiserit,
1408 5097 1627 5163 pestem
1653 5091 1956 5149 invenerit.

1046 5186 1269 5242 CAPUT
1308 5187 1368 5240 V.

469 5282 754 5337 Hactenus
817 5280 1233 5353 circumvagari
1299 5281 1560 5347 licuerit,
1624 5281 1760 5336 dum
1832 5281 2033 5353 templi

398 5375 577 5430 sancti
607 5393 638 5430 a
669 5375 981 5448 majoribus
1011 5374 1249 5443 conditi,
1282 5380 1338 5429 et
1375 5390 1550 5429 sacra:
1590 5374 1731 5446 legis
1769 5375 2032 5448 contagia

399 5468 767 5540 refugientes,
809 5469 959 5526 circa
1004 5468 1142 5524 alias
1190 5468 1358 5525 urbes
1402 5470 1611 5541 stylum
1655 5485 2029 5541 occupamus;

398 5560 499 5616 sed
547 5567 773 5633 tempus
821 5567 907 5619 est
948 5564 1091 5635 jam,
1139 5569 1201 5619 ut
1246 5580 1373 5635 que
1420 5562 1826 5635 Hierosolymis
1871 5568 2033 5635 gesta

399 5660 551 5719 sunt,
596 5654 943 5725 adoriamur,
974 5674 1087 5712 non
1132 5658 1364 5728 ingenio
1398 5658 1549 5724 freti,
1584 5658 1680 5712 sed
1719 5674 1791 5711 ne
1831 5657 2034 5728 patriar.

400 5749 514 5819 legi
559 5746 847 5818 veterique
889 5750 1087 5817 cultui,
1130 5751 1303 5805 nostri
1349 5750 1556 5806 doloris
1596 5750 1894 5807 videamur
1934 5767 2030 5806 ne-

464 5849 561 5911 (63)
591 5845 928 5897 Eniachium.
956 5849 1131 5901 ΒΑΜ.

2129 4623 2365 4677 eventus
2389 4620 2787 4675 aestimaretur.
2822 4621 2889 4675 Et
2924 4634 3120 4673 revera
3147 4616 3580 4689 praetendebant
3603 4619 3756 4671 vete-

2129 4732 2253 4771 rem
2302 4713 2794 4780 consuetudinem,
2844 4729 2953 4784 qua
2997 4711 3418 4767 substituendae
3463 4711 3518 4765 in
3569 4728 3758 4765 sacer-

2132 4809 2271 4865 dotii
2298 4808 2679 4881 principatum
2711 4824 2835 4863 mos
2865 4813 2987 4861 erat
3023 4805 3097 4860 ad
3129 4808 3341 4860 sortem
3376 4804 3563 4859 vocari
3598 4822 3611 4859 :
3647 4806 3760 4861 evi-

2133 4904 2339 4959 denter
2374 4907 2568 4958 autem
2607 4900 2949 4957 solutionem
2990 4900 3137 4971 legis
3178 4898 3583 4971 operabantur.
3622 4901 3765 4956 Cum

2133 4997 2284 5055 enim
2320 4997 2408 5052 lex
2449 4994 2818 5051 sacerdotalis
2854 4993 3220 5068 successionis
3258 4992 3404 5048 viros
3438 4992 3507 5047 ad
3550 4996 3765 5048 sortem

2134 5094 2371 5163 legeret,
2403 5089 2487 5145 illi
2514 5089 2586 5144 ad
2620 5088 2867 5160 speciem
2910 5087 2982 5142 de
3019 5085 3468 5143 sacerdotalibus
3504 5086 3772 5142 tribubus

2136 5201 2334 5254 unum,
2367 5184 2658 5239 Enachum
2687 5182 2796 5254 (63)
2826 5181 3085 5252 nomine,
3108 5183 3457 5254 praesentem
3485 5185 3770 5239 statuunt.

2135 5285 2191 5335 et
2231 5279 2303 5334 ad
2336 5281 2552 5333 sortem
2586 5276 2677 5349 agi
2714 5276 3074 5350 praecipiunt.
3105 5276 3257 5331 Tunc
3293 5275 3500 5331 Phanis
3529 5274 3769 5347 quidam

2135 5379 2287 5429 sorte
2337 5371 2489 5439 exiit,
2538 5370 2686 5426 ﬁlius
2733 5370 3029 5437 Samuelis,
3079 5369 3311 5425 incanus
3356 5369 3462 5439 vir,
3507 5368 3600 5423 cui
3656 5385 3771 5423 non

2135 5466 2305 5523 modo
2359 5483 2463 5539 per
2514 5465 2796 5538 principes
2851 5463 3212 5519 sacerdotum
3266 5463 3433 5519 ducta
3486 5462 3769 5518 successio

2138 5563 2297 5617 nulla
2343 5560 2764 5633 suppeditaret,
2814 5558 2913 5614 sed
2967 5575 3037 5613 ne
3092 5559 3205 5613 ulla
3256 5557 3490 5629 quidem
3537 5557 3771 5612 scientia

2136 5657 2393 5712 muneris
2444 5654 2826 5725 sacerdotalis,
2882 5671 2949 5708 eo
3004 5653 3155 5725 quod
3209 5652 3327 5707 ruri
3383 5654 3607 5706 vacaret
3653 5670 3667 5705 :
3715 5654 3769 5704 et

2135 5752 2288 5819 ideo,
2320 5752 2474 5823 quod
2515 5753 2665 5804 esset
2703 5749 2965 5821 princeps
3002 5747 3382 5815 sacerdotum,
3415 5746 3763 5817 incognitum
