4072 6192
350 296 485 349 2209

1363 298 1448 352 DE
1491 296 1758 352 EXCIDIO
1799 296 1996 352 URBIS
2036 296 2392 352 HIEROSOL.
2436 297 2561 351 LIB.
2604 298 2688 351 IV.

3575 304 3713 356 22l0

342 418 606 472 habebat.
657 418 910 490 Denique
951 423 1189 475 attracto
1230 436 1295 474 ex
1340 422 1512 492 agris,
1562 426 1618 476 et
1663 421 1966 475 reluctanti
1994 435 2045 505 Α
2071 419 2284 490 vidum,
2314 436 2568 491 praeceps
2593 420 2659 474 ad
2694 419 2972 490 praelium.
3002 423 3192 491 Itaque
3225 421 3345 476 sine
3380 437 3548 476 mora
3579 424 3709 478 ﬂexi

339 513 500 582 quasi
529 511 587 565 in
619 529 785 567 scena
825 512 935 567 alia
973 513 1078 583 (64)
1123 531 1366 585 persona
1407 515 1970 586 imponitur,vindui-

340 611 433 660 tur
457 622 686 677 quoque
714 623 1007 662 sacrarum
1027 609 1205 663 veteri
1229 625 1387 662 more
1411 610 1685 664 amictum
1705 609 1965 664 vestium.

344 700 586 754 Docetur
625 700 683 754 in
737 703 1015 772 tempore,
1064 701 1203 772 quid
1246 718 1376 756 eum
1424 703 1611 757 facere
1661 705 1967 774 oporteret.

343 795 423 847 Ita
465 794 635 847 sortis
680 800 888 848 eventu
938 796 1192 867 exposita
1245 801 1328 850 est
1385 796 1638 867 nequitia
1683 796 1971 851 seditioso-

343 902 490 954 rum,
539 892 603 943 ut
645 888 715 942 ad
765 888 1095 958 imperitum
1149 893 1431 960 agrestem
1478 891 1622 944 tanti
1671 889 1969 944 sacerdotii

339 981 557 1035 functio
587 981 981 1036 deduceretur.
1015 983 1127 1038 Sed
1157 983 1264 1036 illis
1294 983 1542 1038 ludibrio
1569 990 1694 1038 erat
1729 984 1967 1038 circum-

338 1073 568 1144 scriptio
611 1074 816 1129 veteris
855 1075 1248 1142 solemnitatis,
1291 1075 1679 1130 sacerdotibus
1720 1076 1903 1131 dolori
1952 1094 1964 1129 :

335 1167 435 1238 qui
463 1167 688 1222 irrideri
714 1168 902 1239 legem
931 1186 964 1222 a
995 1169 1229 1239 perditis
1268 1170 1466 1224 ﬂentes
1501 1170 1966 1241 ingemiscebant.

339 1262 450 1331 lpsi
503 1267 696 1316 tamen
749 1263 879 1316 freti
925 1263 1148 1333 pietatis
1199 1266 1540 1319 auctoritate
1590 1269 1647 1320 et
1686 1264 1967 1319 bonorum

336 1354 728 1426 indignatione
761 1363 1111 1427 congregant
1137 1373 1277 1424 sese,
1309 1364 1362 1412 et
1391 1375 1564 1429 super
1609 1359 1968 1430 perturbato-

334 1465 428 1503 res
455 1449 699 1504 irruunt.
731 1453 798 1505 At
822 1450 898 1504 illi
941 1467 1069 1505 cum
1109 1455 1166 1504 et
1206 1468 1387 1506 causae
1425 1459 1481 1506 et
1522 1469 1763 1506 numero
1806 1452 1966 1506 dissi-

336 1544 558 1610 derent,
587 1543 660 1597 ad
701 1544 983 1614 templum
1027 1545 1186 1616 quasi
1225 1546 1284 1600 in
1327 1562 1518 1600 arcem
1555 1547 1966 1616 confugientes,

333 1637 489 1691 velut
525 1641 773 1692 castrum
814 1638 1101 1708 quoddam
1142 1639 1247 1693 sibi
1287 1640 1724 1709 constituerunt,
1768 1639 1836 1693 ad
1886 1657 1970 1695 re-

336 1731 655 1801 pellendam
682 1731 950 1786 irruentis
976 1733 1174 1804 p0puli
1196 1733 1648 1788 multitudinem.
1680 1737 1756 1788 Ac
1786 1734 1970 1805 primo

337 1831 470 1879 ante
507 1826 657 1879 fores
697 1825 893 1896 templi
936 1832 1106 1898 atque
1147 1827 1206 1881 in
1249 1828 1369 1898 ipso
1404 1828 1684 1883 vestibulo
1725 1828 1836 1896 siti,
1865 1828 1967 1882 ad-
1992 1805 2048 1876 Β

339 1934 568 1974 versum
591 1919 869 1990 populum
902 1921 1310 1991 praeliabantur
1343 1939 1356 1975 :
1392 1922 1438 1975 si
1479 1922 1605 1993 quis
1646 1924 1974 1977 vulneratus

337 2013 542 2082 fuerat,
595 2013 866 2068 interiora
916 2015 1114 2084 templi
1165 2015 1424 2086 petebat,
1475 2016 1586 2070 illic
1635 2017 1969 2087 sanguinem

337 2123 508 2162 suum
536 2107 777 2162 fundens
805 2107 1031 2162 interno
1060 2108 1268 2177 limini,
1303 2116 1361 2164 et
1399 2116 1638 2164 cruenta
1678 2112 1968 2181 pavimen-

337 2202 412 2254 tis
456 2201 797 2256 sauciosiora
836 2201 1136 2272 detergens
1180 2204 1370 2257 ulcera
1410 2203 1680 2276 fibrasque
1727 2205 1973 2275 patentis

337 2295 612 2364 vulneris,
641 2295 890 2350 vestibus
916 2295 1022 2362 his,
1053 2313 1190 2367 quas
1220 2314 1336 2351 non
1377 2297 1571 2353 liceret
1606 2299 1713 2352 illis
1749 2299 1970 2353 contin-

345 2405 505 2460 gere,
533 2389 894 2445 fovebantur.
929 2389 1141 2444 Bellum
1170 2395 1293 2445 erat
1323 2391 1473 2446 intra
1497 2392 1717 2461 urbem,
1759 2393 1971 2448 bellum

343 2484 498 2538 inter
525 2483 691 2552 cives,
719 2483 933 2538 bellum
962 2488 1094 2538 ante
1130 2486 1412 2556 templum
1449 2503 1460 2540 :
1494 2502 1565 2539 ne
1596 2487 1703 2541 hoc
1743 2486 1971 2558 quidem

341 2577 570 2632 reveriti
591 2577 862 2645 latrones,
892 2594 1020 2633 cum
1049 2596 1082 2633 a
1107 2579 1320 2650 populo
1353 2580 1654 2634 instantius
1695 2596 1972 2651 perurge-

338 2675 558 2737 rentur,
605 2672 751 2726 intra
798 2671 981 2742 ipsum
1030 2674 1308 2744 templum
1355 2690 1476 2728 sese
1517 2679 1869 2745 receperunt,
1916 2680 1974 2729 et

339 2765 592 2819 clausere
653 2765 800 2820 illico
850 2766 1016 2820 fores.
1076 2767 1200 2831 Quo
1259 2767 1480 2837 objectu
1536 2772 1823 2823 revocatus
1889 2777 1968 2822 est

341 2863 601 2924 Ananus;
651 2875 718 2912 ne
774 2859 1066 2913 videretur
1112 2860 1328 2914 bellum
1372 2861 1585 2932 templo
1632 2862 1862 2928 inferre,
1917 2867 1974 2918 et

342 2956 594 3007 sacratas
622 2951 896 3023 religione
927 2954 1208 3024 majorum
1242 2970 1614 3025 perrumpere
1642 2956 1791 3010 fores
1826 2961 1971 3010 tem-

341 3046 444 3117 pli,
479 3045 699 3100 reﬂexit
724 3046 995 3117 impetum
1025 3047 1226 3118 plebis,
1263 3052 1321 3102 et
1361 3065 1454 3102 sex
1498 3049 1675 3102 millia
1719 3050 1970 3104 virorum

342 3140 402 3194 in
434 3140 747 3211 porticibus
774 3142 1084 3204 constituit,
1119 3143 1215 3212 qui
1256 3142 1464 3196 muniti
1504 3143 1682 3197 armis
1729 3150 1972 3214 praeten-
1994 3175 2048 3247 Ο

341 3234 567 3300 derent,
606 3234 904 3288 sollicitam
946 3234 1283 3290 adhibentes
1323 3236 1652 3290 custodiam.
1698 3237 1972 3290 Paulatim

343 3333 538 3381 tamen
580 3327 825 3382 mollivit
863 3329 1146 3395 animum,
1193 3332 1254 3382 ut
1297 3329 1417 3399 paci
1461 3330 1868 3398 consuleretur,
1907 3345 1973 3384 eo

342 3420 534 3474 studio
564 3422 834 3490 maxime,
867 3439 937 3478 ne
963 3423 1242 3493 templum
1275 3423 1505 3493 sanguis
1535 3423 1740 3477 civium
1777 3426 1971 3477 conta-

344 3515 628 3569 minaret:
662 3515 921 3570 suaderet
959 3532 1184 3586 quoque
1223 3515 1559 3572 mittendam
1602 3517 1972 3587 legationem,

345 3609 494 3679 pacis
522 3613 900 3680 sequestram,
932 3616 992 3664 ut
1030 3610 1239 3665 bellum
1281 3611 1619 3665 intestinum
1659 3611 1972 3680 deponere-

342 3706 458 3756 tur.
505 3702 804 3757 Asciscitur
854 3706 1104 3758 Joannes
1153 3704 1224 3757 ad
1269 3703 1690 3774 exsequendam
1737 3705 1972 3775 legatio-

346 3811 501 3862 nem,
529 3799 804 3868 suspectaa
832 3797 960 3851 ﬁdei
987 3798 1090 3863 vir,
1120 3803 1176 3853 et
1202 3797 1538 3852 aﬂ'ectandae
1558 3798 1833 3869 potentiae
1857 3815 1974 3852 suc-

344 3905 548 3944 census
582 3890 891 3960 cupiditate
923 3909 933 3945 :
966 3895 1388 3946 sacramentum
1426 3891 1642 3962 petitur
1675 3910 1687 3958 ;
1719 3909 1832 3946 non
1873 3893 1972 3947 ab-

341 3983 470 4038 nuit
521 4000 590 4038 ne
636 3984 907 4040 damnum
955 3986 1189 4056 perjurii
1237 3989 1548 4056 pateretur,
1596 3987 1642 4041 si
1692 3990 1972 4057 negasset.

344 4077 660 4132 Simulabat
684 4095 740 4133 se
769 4079 921 4150 plebi
948 4080 1158 4148 favere,
1191 4083 1252 4134 ut
1293 4080 1799 4135 circumscriberet.
1831 4081 1975 4144 Quid

344 4173 551 4244 plura?
580 4173 790 4244 Pergit,
826 4173 896 4227 de
927 4190 1064 4244 pace
1094 4190 1267 4244 pauca
1300 4175 1618 4245 praemittit,
1651 4174 1813 4245 plura
1841 4175 1970 4228 sub-

342 4267 486 4322 texit
543 4267 614 4322 ad
659 4266 790 4321 belli
841 4266 1190 4322 incentivum
1240 4285 1253 4320 :
1303 4267 1494 4323 dicens
1543 4268 1773 4322 nomine
1827 4269 1976 4339 pacis

346 4360 557 4415 bellum
586 4361 923 4429 involutum,
953 4361 1131 4415 latere
1179 4360 1436 4429 insidias,
1466 4366 1728 4416 Anapum
1776 4363 1976 4417 Roma-

343 4455 432 4508 nis
485 4455 594 4526 (65)
639 4454 846 4508 urbem
892 4455 1140 4520 tradere,
1189 4471 1302 4525 quo
1347 4456 1676 4510 solemnitas
1721 4459 1976 4510 veterum

2075 514 2330 584 veniunt,
2365 517 2790 585 congregantur
2827 513 3028 583 viginti
3065 514 3243 569 millia
3285 516 3565 585 virorum,
3614 520 3703 570 ut-

2073 611 2203 678 pote
2251 608 2420 662 nullis
2468 609 2686 662 intenta
2735 612 3016 661 terrarum
3060 608 3322 675 cultibus,
3367 609 3467 664 sed
3511 613 3708 681 parata

2071 702 2401 758 latrociniis.
2464 702 2574 755 Nec
2628 701 2808 755 latere
2863 701 3046 771 potuit
3100 705 3365 756 Ananum
3432 703 3707 758 adventus

2074 797 2476 852 ldumaeorum.
2507 795 2760 866 Denique
2788 800 3012 865 portam
3042 795 3226 850 claudi
3260 795 3445 864 jubet,
3473 812 3545 850 ne
3575 813 3706 850 cum

2072 891 2317 946 tumultu
2353 890 2830 960 ingrederentur;
2861 889 2959 942 sed
3002 889 3045 942 si
3086 888 3207 943 ﬁeri
3242 895 3451 960 posset,
3497 890 3703 944 verita-

2070 990 2186 1039 tem
2219 987 2648 1054 cognoscerent,
2677 982 2827 1036 bello
2849 982 3258 1037 renuntiarent.

2699 1077 2920 1132 CAPUT
2965 1077 3074 1131 VII.

2141 1172 2523 1228 Ascendentes
2573 1171 2768 1242 itaque
2830 1170 3112 1241 principes
3172 1171 3530 1226 sacerdotum
3580 1188 3702 1225 mu-

2071 1282 2219 1332 rum,
2263 1265 2537 1320 Idumaeos
2588 1264 2657 1318 de
2712 1265 2859 1318 turri
2903 1263 3345 1334 alloquebantur
3396 1282 3409 1318 :
3458 1266 3706 1320 maximo

2070 1376 2192 1414 esse
2233 1359 2506 1413 miraculo
2547 1357 2676 1424 sibi,
2715 1357 2870 1429 quod
2912 1362 3027 1412 tam
3066 1357 3176 1412 cito
3216 1358 3422 1412 irretiti
3466 1359 3707 1413 menda-

2069 1453 2187 1522 ciis,
2221 1468 2412 1508 causas
2453 1468 2592 1523 quas
2634 1452 2891 1507 nondum
2933 1456 3337 1521 cognoverant,
3365 1451 3538 1506 armis
3575 1468 3706 1523 pro-

2071 1551 2478 1618 sequerentur;
2514 1563 2642 1600 cum
2669 1545 2982 1616 oportuerit
3008 1561 3104 1599 eos
3125 1546 3278 1616 prius
3302 1546 3712 1617 disceptatores

2072 1657 2192 1696 esse
2236 1640 2616 1712 negotiorum,
2656 1656 2829 1712 quam
2878 1639 3159 1694 bellorum
3203 1639 3553 1710 praeliatores
3595 1656 3606 1694 :
3653 1644 3711 1693 et

2073 1751 2189 1806 prae
2237 1734 2452 1790 caeteris
2500 1733 2702 1789 merita
2752 1749 3130 1804 cognoscere,
3184 1749 3358 1803 quam
3404 1749 3566 1787 arma
3610 1750 3706 1787 su-

2074 1845 2229 1883 mere
2269 1847 2280 1880 :
2315 1833 2374 1882 et
2400 1845 2558 1882 arma
2585 1828 2882 1882 adversum
2911 1827 3062 1882 viros
3089 1827 3173 1880 sui
3204 1828 3452 1897 generis,
3486 1827 3570 1881 sui
3598 1829 3710 1881 cul-

2073 1927 2185 1989 tus,
2209 1939 2324 1977 sua:
2351 1922 2725 1977 solemnitatis
2753 1921 2924 1975 nullis
2948 1921 3196 1992 amplius
3225 1920 3539 1992 irrogatum
3562 1921 3709 1991 inju-

2075 2016 2173 2070 rias
2209 2033 2379 2088 quam
2424 2015 2702 2082 ldumzeis,
2743 2015 2843 2086 qui
2879 2015 2952 2069 ad
2991 2015 3321 2070 societatem
3356 2015 3708 2086 ﬂagitiorum

2075 2115 2188 2164 tam
2221 2111 2486 2181 gravium
2513 2109 2956 2164 concitarentur.
2983 2108 3128 2172 Quid
3151 2109 3308 2163 enim
3333 2109 3484 2164 aliud
3502 2108 3572 2162 ab
3599 2109 3708 2178 his,

2077 2205 2181 2259 nisi
2213 2204 2581 2276 parricidium
2609 2203 2912 2258 adversum
2935 2203 3105 2271 cives,
3127 2203 3487 2274 sacrilegium
3507 2203 3709 2257 adver-

2074 2316 2167 2353 sus
2195 2299 2474 2369 templum
2498 2297 2944 2368 deposceretur?
2963 2297 3085 2351 Non
3113 2297 3297 2351 solere
3328 2297 3544 2352 diversa
3564 2297 3710 2352 inter

2073 2408 2131 2448 se
2184 2394 2545 2464 diversasque
2589 2407 2778 2446 mores
2821 2391 3142 2445 convenire.
3192 2390 3514 2446 Similitudo
3555 2392 3710 2446 enim

2077 2503 2300 2541 morum
2363 2487 2493 2540 facit
2540 2485 2900 2540 voluntatum
2956 2484 3311 2552 societatem,
3357 2491 3413 2538 et
3465 2490 3710 2555 cognata

2075 2580 2281 2649 studia,
2312 2579 2418 2634 sibi
2446 2579 2644 2634 nectit.
2679 2575 3067 2648 Nequissimos
3098 2577 3358 2632 homines
3393 2579 3493 2649 qui
3533 2579 3707 2636 latro-

2075 2674 2226 2729 cinio
2253 2681 2545 2743 sumptum
2579 2675 2912 2728 exercerent
2940 2687 3126 2737 suum,
3156 2687 3455 2742 arrogasse
3499 2672 3607 2726 sibi
3647 2679 3708 2727 ut

2075 2767 2357 2823 ldummos
2401 2766 2504 2820 sibi
2551 2766 2732 2821 socios
2780 2767 3137 2820 accerserent
3184 2782 3196 2819 :
3244 2768 3470 2819 tantum
3509 2766 3707 2821 abhor-

2075 2864 2265 2916 rentes
2303 2861 2374 2915 ab
2411 2877 2611 2915 eorum
2654 2859 2971 2930 proposito,
3017 2875 3049 2912 a
3097 2858 3302 2930 quibus
3341 2864 3704 2930 rogarentur,

2079 2959 2139 3009 ut
2164 2955 2242 3009 illi
2274 2953 2468 3025 patriae
2499 2970 2615 3008 suae
2655 2952 2872 3007 bellum
2921 2951 3252 3021 intulerint;
3296 2969 3392 3007 vos
3433 2969 3565 3007 vero
3603 2954 3706 3009 ob-

2076 3049 2434 3115 secraverint,
2464 3047 2628 3118 quasi
2655 3045 2902 3101 alienam
2928 3045 3130 3101 urbem
3157 3045 3460 3102 defensum
3486 3048 3706 3104 venire.

2074 3143 2224 3197 Nihil
2265 3143 2423 3197 vobis
2467 3157 2772 3196 commune
2815 3140 3066 3195 innoxiis
3108 3156 3238 3194 cum
3281 3141 3647 3211 praedonibus
3689 3159 3703 3194 :

2073 3236 2220 3291 nihil
2260 3252 2563 3290 commune
2607 3234 2808 3290 sobriis
2847 3250 2980 3288 cum
3027 3250 3086 3288 se
3128 3233 3563 3306 inebriantibus,
3607 3237 3711 3291 uti-

2078 3346 2325 3401 namque
2353 3329 2466 3384 vini
2492 3334 2638 3384 esset
2663 3328 2759 3382 illa
2791 3328 3062 3397 ebrietas,
3092 3331 3150 3383 et
3180 3344 3298 3383 non
3342 3330 3569 3384 furoris.
3603 3332 3710 3395 Qui

2074 3423 2173 3477 ubi
2209 3440 2267 3478 se
2310 3422 2541 3494 ﬂagitiis
2583 3421 3035 3492 ingurgitarunt,
3081 3421 3410 3494 dissipando
3452 3424 3710 3496 proprias

2076 3518 2473 3583 successiones,
2526 3516 2808 3586 diripiunt
2845 3516 3068 3582 aliena;
3117 3521 3173 3570 et
3217 3517 3366 3572 male
3409 3522 3574 3588 parta
3615 3536 3710 3575 ne-

2078 3611 2245 3682 quius
2297 3610 2612 3680 dissipant,
2670 3609 2925 3664 deterius
2977 3608 3298 3665 effundunt.
3361 3611 3554 3666 Nullus
3616 3630 3705 3667 ra-

2079 3703 2270 3775 piendi
2313 3703 2463 3773 ﬁnis,
2510 3702 2642 3774 quia
2687 3702 2874 3757 nullus
2910 3702 3293 3773 abliguriendi
3335 3705 3554 3759 modus.
3606 3706 3708 3760 Ubi

2078 3814 2136 3853 se
2159 3798 2293 3853 vino
2334 3796 2649 3852 infuderint
2689 3801 2745 3850 et
2779 3795 3148 3867 impleverint
3189 3796 3480 3862 ebrietate,
3522 3799 3707 3869 publi-

2076 3908 2274 3948 corum
2329 3895 2590 3946 eructant
2635 3891 2921 3960 crapulam
2970 3889 3352 3960 negotiorum,
3406 3898 3467 3946 ut
3511 3898 3706 3946 nostro

2078 4003 2270 4042 rursus
2301 3985 2576 4056 sanguine
2608 3983 2988 4052 inebrientur,
3019 3985 3076 4037 et
3107 3999 3282 4038 sacra;
3309 3984 3549 4040 illudant
3577 3987 3704 4041 reli-

2079 4081 2252 4152 gioni,
2299 4096 2425 4150 quae
2471 4078 2632 4134 vobis
2677 4093 2908 4149 semper
2953 4077 3298 4132 venerationi
3340 4082 3511 4151 atque
3557 4096 3708 4135 reve-

2076 4175 2276 4229 rentiae
2320 4173 2521 4228 adfuit.
2564 4173 2759 4244 Fugite
2803 4172 2982 4242 igitur
3017 4175 3192 4226 coetus
3235 4173 3617 4243 parricidales,
3653 4179 3711 4229 et

2075 4285 2246 4324 ausus
2271 4267 2578 4338 sacrilegos
2619 4266 2926 4335 destituite,
2961 4265 3209 4321 deserite
3242 4266 3533 4322 latronum
3571 4286 3706 4323 con-

2075 4361 2356 4417 ciliabula.
2405 4361 2598 4416 Vocati
2639 4361 2774 4416 estis
2819 4360 2892 4414 ad
2939 4359 3294 4415 consortium
3339 4363 3582 4427 sceleris,
3615 4381 3708 4418 ve-

2074 4457 2208 4512 nitis
2246 4457 2315 4511 ad
2361 4455 2683 4510 remedium
2725 4453 2942 4524 patria).
2980 4453 3248 4509 Videmus
3284 4456 3709 4511 ornatissimum

348 4548 772 4615 dissolveretur,
821 4548 964 4619 legis
1002 4548 1420 4619 abrogarentur
1473 4553 1778 4621 praecepta,
1821 4547 2372 4623 com-DpOpulum,
2432 4565 2604 4620 quem
2658 4547 2851 4602 venire
2901 4547 3091 4601 decuit
3147 4547 3376 4617 publico
3443 4555 3707 4621 rogatum

349 4658 566 4714 ponens
594 4659 624 4696 e
671 4641 892 4696 diverso
932 4641 1162 4709 omnia;
1199 4645 1370 4714 atque
1415 4642 1684 4697 invidiam
1725 4643 1779 4696 in
1825 4644 1977 4712 prin-

348 4738 533 4807 cipem
568 4736 926 4791 sacerdotum
963 4736 1218 4790 referens
1265 4752 1489 4805 eorum,
1529 4753 1655 4807 quae
1700 4737 1818 4806 ipse
1862 4753 1976 4792 me-

350 4834 640 4888 ditaretur.
684 4833 891 4889 Callide
933 4833 1126 4901 etiam,
1171 4849 1315 4905 quos
1362 4834 1576 4888 sciebat
1612 4835 1839 4889 illorum
1883 4835 1979 4906 qui

349 4927 596 4982 conclusi
622 4932 804 4994 erant,
832 4943 950 4980 esse
983 4927 1256 4998 praesules
1281 4932 1338 4982 et
1374 4927 1633 4982 factionis
1675 4929 1977 4999 principes,

350 5021 641 5089 incitabat,
674 5037 872 5092 parere
910 5021 1111 5076 mortis
1152 5021 1454 5077 formidine
1492 5038 1748 5076 asserens
1779 5039 1791 5076 :
1829 5022 1979 5093 quod

351 5116 485 5186 ipsis
538 5115 861 5186 specialiter
911 5118 1141 5170 Anauus
1203 5116 1436 5170 exitium
1503 5117 1911 5187 composuisset
1965 5133 1976 5170 :

351 5211 571 5264 venisse
599 5225 678 5276 se,
711 5213 771 5263 ut
808 5209 1070 5264 fraudem
1111 5210 1514 5265 manifestaret.
1547 5211 1760 5264 Mature
1796 5210 1977 5264 subsi-

352 5303 446 5358 dia
471 5303 802 5374 quaerenda,
833 5305 990 5376 prius
1016 5319 1188 5376 quam
1215 5305 1284 5358 ab
1324 5305 1404 5358 eis
1441 5320 1606 5375 poena
1657 5321 1978 5375 reposcere-

351 5404 464 5452 tur.
517 5397 666 5461 Quid
711 5398 916 5469 plura?
959 5399 1109 5469 pacis
1159 5398 1381 5454 medius
1426 5399 1646 5454 bellum
1699 5399 1979 5454 accendit.

355 5491 657 5563 Eliguntur
679 5493 775 5564 qui
804 5493 1084 5547 Idumaeos
1113 5493 1185 5547 ad
1227 5493 1489 5563 praelium
1525 5498 1729 5564 rogent
1758 5511 1770 5547 :
1805 5509 1984 5565 genus

357 5585 584 5653 mobile,
617 5585 960 5657 inquietum,
991 5587 1263 5652 insolens,
1292 5592 1625 5658 promptum
1661 5588 1729 5642 ad
1770 5587 1980 5642 discor-

357 5679 493 5746 dias,
522 5696 716 5735 rerum
745 5680 1238 5736 immutationibus
1263 5681 1482 5746 laetum,
1507 5681 1746 5750 periculi
1777 5681 1986 5751 impro-

422 5802 514 5866 (64)
547 5801 756 5853 Aliena.
790 5803 970 5854 ΒΑΜ.

419 5873 514 5940 (65)
551 5875 634 5925 Al.
667 5873 859 5924 bellum
891 5873 1187 5926 involutum
1235 5873 1420 5936 latere,
1453 5871 1680 5924 insidias
1709 5873 1988 5937 paravisse

2081 4644 2331 4710 consilio,
2377 4649 2440 4697 ut
2489 4641 2612 4696 urbi
2655 4641 2981 4695 Judaeorum
3030 4641 3516 4712 praestantissima:
3559 4647 3710 4715 {quae

2082 4737 2252 4793 totius
2279 4737 2462 4808 gentis
2491 4735 2824 4806 metropolis
2864 4734 3158 4805 habeatur)
3193 4736 3494 4793 adversum
3527 4740 3711 4796 hostes

2081 4833 2292 4888 auxilio
2323 4832 2484 4886 foret.
2512 4829 2625 4885 Sed
2658 4829 2760 4884 etsi
2790 4845 2896 4883 nos
2937 4829 3224 4886 defuimus
3264 4832 3543 4902 petitioni,
3574 4836 3711 4890 dum

2080 4943 2279 4999 pacem
2319 4924 2692 4996 speravimus.
2732 4928 2791 4976 et
2826 4922 3064 4994 fatigare
3103 4940 3203 4978 vos
3251 4941 3488 4997 propere
3533 4929 3710 4984 volui-

2083 5037 2207 5075 mus
2249 5019 2402 5089 (65‘),
2433 5019 2530 5090 qui
2567 5017 2974 5072 excitatoribus
3017 5017 3148 5072 belli
3193 5035 3393 5090 pacem
3433 5019 3714 5077 offereba-

2082 5131 2208 5168 mus
2251 5132 2263 5167 :
2309 5118 2496 5168 tamen
2545 5130 2641 5167 vos
2693 5113 2851 5184 quasi
2901 5113 3090 5167 divino
3141 5113 3376 5168 arbitrio
3425 5117 3711 5184 veneritis,

2082 5207 2359 5263 consulite
2397 5207 2452 5260 in
2498 5207 2772 5272 medium,
2807 5212 2860 5260 et
2903 5208 3163 5263 exhibete
3205 5208 3378 5278 partis
3419 5211 3713 5282 utriusque

2081 5301 2344 5356 arbitros.
2377 5300 2626 5363 Quierite
2652 5300 2804 5354 unde
2839 5307 3132 5370 coeperunt
3157 5302 3387 5356 exordia
3413 5304 3713 5374 tumultus,

2083 5395 2178 5466 qui
2223 5393 2534 5449 cecinerint
2569 5394 2779 5465 quiette
2820 5394 2950 5448 urbi
2990 5395 3307 5462 classicum,
3353 5396 3449 5467 qui
3498 5397 3712 5452 effude-

2086 5489 2201 5543 rint
2229 5487 2823 5559 praestantissimorum
2867 5487 3074 5542 civium
3117 5490 3481 5559 sanguinem,
3515 5492 3717 5562 quibus

2087 5582 2412 5638 auctoribus
2460 5597 2627 5652 poena
2678 5585 2874 5634 exacta
2929 5581 2999 5635 de
3046 5582 3390 5638 indemnatis
3437 5586 3508 5638 sit
3558 5604 3570 5639 :
3618 5587 3717 5658 qui

2086 5677 2249 5732 nobis
2280 5680 2412 5730 ante
2453 5675 2738 5729 Romanos
2778 5675 2951 5728 exitio
2991 5675 3223 5745 fuerint,
3254 5677 3556 5734 adversum
3597 5679 3718 5735 illos

2085 5801 2332 5850 Ananum
2360 5798 2627 5854 Romanis,
2653 5801 2759 5847 etc.
2794 5796 2875 5846 In.

2148 5872 2270 5935 (65")
2304 5871 2644 5935 Prapropcro
2671 5867 2955 5922 noluimus.
2989 5870 3070 5922 In.
