4072 6192
387 288 477 337 2'21
499 287 511 336 1

1855 281 1907 334 S.
1952 280 2264 336 AMBROSII

3612 280 3757 333 ⁸2212

386 406 597 461 bellum
631 404 992 476 parabamus,
1023 410 1079 458 et
1107 406 1207 459 hos
1225 404 1343 474 jam
1390 405 1577 459 hostes
1617 405 2014 475 patiebamur:
2041 415 2098 488 Α
2122 411 2232 473 tur,
2275 407 2387 475 peti
2429 408 2722 477 caaperunt
2762 403 3020 470 vocibus;
3069 403 3151 458 illi
3200 403 3480 474 lapidibus
3521 403 3754 474 plebem

389 515 632 570 quorum
675 499 851 570 igitur
890 515 1017 552 cum
1062 499 1330 553 Romanis
1373 501 1633 569 suspecta
1677 498 1901 569 gratia?
1930 514 2016 552 eo-

387 609 515 647 rum
544 593 644 663 qui
669 593 950 647 Romanos
981 591 1289 660 vindicant,
1327 610 1398 646 an
1429 609 1622 648 eorum
1669 591 1763 662 qui
1807 591 2013 646 Roma-

388 703 490 742 nos
548 686 873 756 repellunt?
923 686 1184 740 Graviora
1231 686 1354 740 haec
1405 692 1553 740 certe
1601 686 1788 754 nobis,
1837 703 2013 757 quam

385 782 773 836 Romanorum
821 780 1015 850 praelia
1065 799 1074 834 :
1127 780 1197 834 ab
1243 780 1350 834 illis
1397 779 1550 834 enim
1596 796 1701 851 pro
1746 780 2013 835 libertate

386 875 689 942 morimur,
734 873 803 928 ab
850 873 968 928 istis
1021 874 1178 945 quasi
1245 891 1346 944 pro
1397 874 1607 928 scelere
1655 874 2011 945 jugulamur.

388 968 743 1023 Simulantur
778 968 994 1022 innoxii
1033 967 1344 1022 criminum
1387 968 1747 1038 proditionis,
1795 974 1852 1023 et
1891 972 2016 1038 post

390 1068 632 1117 mortem
673 1061 957 1115 calumnia
991 1060 1352 1132 componitur
1393 1078 1402 1112 :
1437 1077 1564 1115 cum
1609 1061 1856 1132 cognitio
1898 1077 2014 1132 poe-

387 1173 518 1211 nam
548 1156 856 1227 prrevenire
885 1156 1080 1222 soleat,
1109 1171 1225 1209 non
1248 1171 1418 1226 poena
1438 1155 1846 1226 cognitionem.
1869 1154 2018 1220 Quid

389 1251 543 1304 enim
589 1248 822 1320 prodest
867 1249 1130 1303 defuncto
1181 1249 1416 1317 absolvi,
1469 1266 1597 1304 cum
1631 1248 1846 1320 judicio
1895 1250 2017 1319 jam

388 1344 526 1398 nihil
556 1344 799 1398 debeat?
825 1342 1183 1413 Suscepimus
1231 1349 1426 1398 tamen
1467 1344 1638 1398 etiam
1679 1347 1892 1398 sortem
1917 1342 2017 1397 hu-

380 1437 651 1508 jusmodi,
689 1442 752 1491 ut
791 1443 914 1507 post
958 1453 1156 1491 necem
1211 1437 1279 1491 de
1325 1437 1652 1492 innocentia
1694 1439 2016 1508 quaeratur;

388 1536 444 1586 et
469 1531 713 1585 libenter
740 1530 895 1602 apud
916 1547 1013 1585 vos
1039 1547 1269 1602 quoque
1299 1548 1525 1585 causam
1553 1531 1780 1602 agimus
1811 1536 2018 1586 nostra:

385 1625 896 1695 defunctorumque
939 1623 1300 1696 integritatis,
1343 1626 1442 1696 qui
1485 1625 1647 1680 statis
1677 1625 1877 1680 armati
1917 1640 2017 1695 pro

387 1717 722 1774 adversariis
767 1733 778 1771 :
829 1718 909 1772 ita
958 1719 1110 1772 nulla
1153 1725 1497 1788 argumenta
1548 1718 2020 1774 calumniantibus

387 1818 716 1885 suppetunt,
753 1816 815 1866 ut
853 1811 1004 1882 apud
1030 1829 1127 1866 vos
1161 1827 1392 1883 quoque
1439 1813 1756 1882 graviorem
1794 1828 2019 1867 causam
2041 1789 2096 1860 Β

388 1908 650 1975 habeant,
681 1907 780 1977 qui
809 1910 924 1960 tam
971 1905 1082 1959 cito
1118 1905 1440 1961 credidistis
1471 1923 1483 1960 :
1512 1907 1697 1961 bonus
1737 1907 1888 1961 enim
1922 1906 2017 1976 ju-

389 2001 493 2056 dex
519 2000 961 2070 circumseptum
992 2017 1047 2053 se
1074 2015 1190 2054 esse
1221 1999 1537 2054 mendaciis
1565 1999 1741 2066 dolet,
1764 2002 1820 2054 et
1843 2017 1907 2054 eo
1938 2006 2023 2054 est

386 2094 606 2150 fallenti
649 2093 929 2159 infestior,
979 2108 1150 2164 quam
1200 2092 1528 2164 appetitior,
1581 2094 1729 2164 quod
1776 2095 1887 2163 (66)
1944 2097 2021 2148 te-

391 2204 548 2243 mere
579 2203 635 2242 se
661 2187 990 2258 impulsum,
1022 2190 1086 2240 ut
1121 2187 1281 2240 falsis
1321 2187 1602 2254 crederet,
1634 2186 2022 2242 ulciscendum

389 2281 716 2336 arbitratur.
762 2282 942 2351 Igitur
981 2280 1144 2334 nobis
1184 2280 1471 2351 integrum
1520 2297 1758 2336 examen
1804 2285 2020 2335 servate

389 2382 445 2430 et
469 2375 719 2446 colligite
744 2375 1067 2444 veritatem,
1090 2390 1207 2429 non
1238 2391 1306 2429 ex
1328 2375 1666 2430 contexione
1689 2375 2017 2444 verborum,

389 2470 490 2524 sed
527 2486 590 2523 ex
630 2469 776 2523 serie
814 2469 1201 2539 negotiorum.
1237 2468 1424 2523 Primo
1463 2468 1745 2536 omnium,
1770 2485 1871 2524 cur
1907 2470 2017 2523 Ro-

389 2564 570 2620 manis
609 2562 978 2633 proderemus
1016 2562 1278 2635 patriam,
1310 2579 1454 2634 quos
1493 2564 1786 2635 potuimus
1813 2569 1868 2618 et
1908 2580 2020 2618 non

391 2658 684 2725 lacessere,
727 2661 784 2711 et
825 2656 972 2710 forte
1019 2656 1273 2728 oportuit
1311 2655 1455 2721 ﬁeri,
1495 2661 1560 2710 ut
1598 2672 1715 2710 non
1757 2657 2021 2710 excitare-

393 2766 518 2805 mus
564 2751 958 2805 universarum
1003 2749 1242 2804 victores
1289 2751 1585 2818 gentium;
1617 2750 1713 2804 sed
1761 2751 1865 2805 hoc
1911 2767 2021 2804 non

391 2850 477 2900 est
494 2845 615 2915 jam
644 2844 1010 2916 praesentium
1043 2845 1292 2915 partium
1331 2844 1669 2899 deliberare.
1702 2844 2024 2915 Superioris

395 2939 501 2993 fuit
558 2938 831 3009 temporis
887 2939 1128 3010 eligere,
1175 2938 1313 3010 quid
1381 2953 1752 3010 sequeremur
1805 2957 1813 2986 :
1875 2954 2023 2991 nunc

393 3036 620 3104 oportet
646 3049 750 3103 pro
778 3032 1037 3087 libertate
1068 3031 1408 3087 occumbere
1438 3048 1450 3086 :
1480 3037 1711 3103 praestat
1737 3032 1890 3086 enim
1921 3049 2022 3108 pro

393 3127 578 3198 patria
616 3127 780 3180 mori.
823 3125 1195 3182 Commodius
1239 3125 1348 3179 fuit
1393 3130 1526 3180 ante
1565 3125 1776 3180 bellum
1828 3141 2023 3196 pacem
2045 3158 2098 3231 Ο

393 3221 564 3276 morti
618 3220 926 3290 praeferre;
978 3219 1076 3272 sed
1127 3219 1256 3290 quia
1302 3218 1519 3273 bellum
1565 3219 1622 3273 in
1691 3219 2021 3284 cervicibus,

395 3313 560 3368 multi
599 3315 722 3383 jam
772 3311 1038 3366 fratribus
1090 3311 1257 3382 capti,
1301 3312 1394 3365 alii
1444 3312 1645 3380 necati,
1692 3312 1813 3366 aliis
1868 3313 2026 3366 dolor

395 3425 461 3462 ex
497 3405 758 3472 mortuis,
799 3405 1046 3475 gemitus
1084 3422 1151 3460 ex
1194 3405 1460 3461 revinctis
1492 3429 1501 3459 :
1538 3405 1806 3476 eligenda
1844 3407 2026 3476 magis

394 3501 571 3556 libera
595 3515 767 3567 mors,
799 3515 969 3570 quam
998 3499 1112 3553 vita
1137 3499 1496 3570 captivitatis.
1528 3500 1790 3572 Suppetit
1833 3506 2021 3554 tamen

395 3593 706 3663 morituris,
750 3593 874 3648 falsi
915 3594 1169 3647 criminis
1217 3594 1448 3649 abolere
1491 3595 1782 3649 infamiam
1830 3593 2022 3665 prodi-

395 3689 584 3744 tionis.
635 3688 797 3758 Apud
844 3704 958 3753 vos,
1009 3688 1263 3758 Idumaei,
1303 3705 1531 3743 causam
1575 3689 1839 3759 agimus:
1888 3705 2020 3759 pro-

395 3784 606 3838 dantur
641 3782 869 3848 conscii,
902 3782 1260 3837 deducantur
1305 3783 1360 3837 in
1404 3781 1654 3837 medium
1693 3782 2022 3836 nuntiorum

395 3878 754 3947 interpretes.
803 3875 859 3930 Si
914 3879 1128 3944 tenent,
1179 3875 1429 3930 vindices
1472 3875 1720 3946 prodant
1761 3892 1773 3929 :
1822 3875 1865 3929 si
1912 3892 2020 3928 non

394 3974 594 4025 tenent
622 3970 718 4041 qui
748 3975 1036 4038 accusant,
1066 3975 1123 4024 et
1151 3970 1310 4024 vanis
1335 3969 1666 4024 insimulant
1697 3969 2024 4041 suspicioni-

393 4065 498 4119 bus
540 4080 684 4135 quas
731 4063 837 4133 ipsi
875 4063 979 4116 sibi
1034 4064 1476 4134 composuerint,
1519 4079 1634 4118 non
1683 4059 1891 4118 debent
1933 4079 2017 4116 ar-

396 4173 593 4228 guere,
628 4157 780 4227 quod
825 4173 936 4210 non
975 4161 1215 4228 possunt
1255 4157 1514 4227 probare.
1546 4156 1652 4212 Sed
1694 4156 1827 4228 quia
1865 4174 2023 4212 accu-

395 4267 516 4306 sare
548 4265 665 4304 non
691 4250 927 4317 audent,
961 4250 1231 4320 dissipare
1271 4267 1374 4321 per
1411 4252 1614 4321 vulgus
1650 4250 1974 4305 desiderant
2003 4269 2017 4318 ;

392 4350 449 4400 et
494 4344 618 4398 ideo
651 4342 719 4396 ad
767 4342 977 4398 bellum
1027 4343 1350 4415 prosiliunt,
1391 4361 1461 4398 ne
1510 4344 1568 4398 in
1603 4344 1880 4414 judicium
1923 4361 2018 4400 vo-

393 4443 612 4493 cantur.
640 4439 698 4492 In
730 4437 878 4493 bello
923 4438 1074 4493 enim
1113 4442 1412 4494 contentus
1459 4438 1618 4493 furor
1651 4442 1754 4507 est,
1789 4437 1843 4492 in
1887 4455 2019 4509 pace

2120 499 2358 567 caedere,
2406 500 2529 555 telis
2577 514 2810 568 necare;
2853 499 3063 553 exarsit
3102 497 3362 570 publicus
3405 497 3566 552 dolor
3613 513 3625 551 :
3671 495 3752 550 illi

2115 595 2170 646 in
2201 594 2417 664 templo
2444 593 2738 648 latronum
2769 592 3123 664 receptacula
3150 591 3596 646 constituerunt.
3635 592 3746 645 Ita-

2118 705 2227 759 que
2257 689 2406 759 pacis
2437 689 2589 742 locus
2632 687 2976 742 reverendus
3017 686 3189 741 etiam
3234 685 3518 756 gentibus,
3547 688 3606 739 et
3642 683 3752 738 do—

2117 781 2392 836 micilium
2437 780 2748 836 sanctitatis
2793 781 3002 835 factum
3046 784 3130 834 est
3178 779 3517 850 praadonum
3559 776 3752 832 conci-

2117 874 2418 940 liabulum;
2465 881 2521 930 et
2564 892 2676 946 quo
2719 893 2787 930 ex
2838 873 3106 928 omnibus
3157 875 3439 927 terrarum
3491 872 3755 942 partibus

2117 969 2506 1024 confluebatur
2535 968 2608 1023 ad
2646 969 2863 1023 cultum
2901 968 3061 1022 festae
3103 965 3464 1035 celebritatis,
3495 965 3572 1019 ibi
3600 981 3756 1019 nunc

2117 1063 2335 1118 stabula
2397 1064 2656 1134 quaedam
2711 1063 2959 1116 ferarum
3026 1067 3187 1128 sunt,
3241 1060 3496 1114 humano
3547 1075 3755 1114 cruore

2117 1157 2407 1212 madentia
2448 1175 2460 1210 :
2509 1156 2638 1210 licet
2687 1156 2848 1211 nobis
2897 1156 3018 1210 haec
3063 1171 3345 1226 quaerere,
3387 1155 3468 1208 vel
3516 1152 3755 1207 armatis

2119 1252 2236 1305 sine
2263 1252 2391 1322 lege
2429 1251 2578 1304 belli.
2621 1251 2832 1305 Tamen
2878 1249 2982 1304 fuit
3023 1249 3359 1320 plerumque
3401 1249 3553 1302 inter
3590 1263 3755 1300 arma

2110 1345 2424 1417 judicium,
2476 1349 2531 1398 et
2567 1344 2789 1414 justitia
2841 1343 3108 1414 deposuit
3153 1342 3286 1396 belli
3341 1343 3750 1404 instrumenta,

2119 1439 2469 1510 compescuit
2499 1437 2690 1492 turbas
2715 1436 2999 1507 aequitatis
3025 1435 3322 1490 sententia.
3354 1435 3598 1489 Potestis
3626 1434 3753 1488 hac

2121 1549 2278 1588 arma
2310 1532 2383 1586 ad
2413 1530 2809 1586 defensionem
2836 1529 2992 1585 urbis
3022 1535 3373 1596 convertere,
3405 1544 3534 1598 quae
3556 1543 3751 1597 sump-

2120 1626 2268 1683 sistis
2303 1625 2369 1680 ad
2412 1626 2784 1680 eversionem.
2815 1624 2969 1678 Licet
3009 1623 3179 1677 etiam
3219 1621 3451 1676 introire
3495 1621 3616 1676 sine
3655 1637 3749 1674 ar-

2120 1721 2250 1788 mis,
2281 1719 2474 1774 audire
2501 1723 2557 1774 et
2576 1718 2896 1790 percontari
2924 1717 3115 1771 omnia
3145 1735 3156 1770 2
3187 1715 3229 1770 si
3257 1715 3408 1787 quod
3436 1714 3751 1770 remissum

2120 1815 2390 1869 adversus
2461 1814 2677 1868 hostem
2734 1811 3024 1882 reperitis,
3086 1810 3467 1882 proditionem
3534 1813 3750 1879 putate.

2119 1908 2282 1973 Quod
2319 1907 2363 1962 si
2401 1923 2587 1979 neque
2626 1906 2878 1961 vindices
2919 1921 3036 1972 vos,
3072 1920 3259 1975 neque
3302 1903 3546 1957 arbitros
3587 1901 3752 1956 exhi-

2119 2002 2254 2057 bere
2288 2001 2473 2068 vultis,
2515 1999 2653 2072 quid
2694 1999 3004 2066 miramini,
3044 1998 3089 2052 si
3136 2003 3312 2068 porta:
3357 1996 3586 2051 armatis
3635 2010 3754 2050 non

2123 2095 2496 2168 aperiuntur?
2531 2095 2654 2149 Non
2693 2094 2817 2148 ista:
2858 2093 3160 2148 adversum
3199 2094 3489 2162 cognatos,
3525 2089 3625 2144 sed
3651 2089 3752 2144 ad-

2121 2205 2313 2244 versus
2334 2205 2494 2244 arma
2517 2189 2726 2244 clausae
2751 2192 2902 2241 sunt.
2934 2187 3151 2241 Bellum
3178 2185 3465 2256 deponite,
3490 2189 3544 2240 et
3568 2187 3754 2255 portae

2125 2283 2421 2354 patebunt.

2742 2353 2965 2410 CAPUT
3003 2353 3138 2406 VIII.

2195 2474 2322 2527 Haac
2349 2472 2446 2527 ubi
2477 2471 2800 2527 sacerdotes
2831 2471 3004 2525 locuti
3045 2472 3198 2534 sunt,
3239 2472 3295 2523 et
3321 2467 3566 2522 maxime
3592 2469 3756 2522 Jesns

2124 2567 2343 2621 czeteris
2384 2567 2592 2634 senior,
2636 2571 2762 2636 post
2807 2567 3071 2618 Ananum
3118 2567 3312 2617 tamen
3356 2562 3453 2633 qui
3499 2561 3753 2616 secundo

2124 2661 2244 2716 loco
2270 2660 2638 2731 fungebatur,
2672 2657 3108 2730 indignantibus
3137 2656 3422 2723 ldumaais,
3447 2655 3602 2727 quod
3634 2672 3753 2710 non

2122 2754 2391 2810 continuo
2454 2753 2594 2808 urbe
2656 2751 2867 2823 recepti
2923 2751 3148 2816 forent,
3207 2749 3404 2804 Simon
3468 2766 3618 2803 unus
3683 2748 3755 2804 de

2125 2848 2361 2902 ducibus
2418 2847 2796 2901 ldumaaorum
2838 2864 2850 2899 :
2893 2845 3143 2911 Minime,
3181 2844 3387 2914 inquit,
3428 2842 3658 2908 mirum,
3707 2845 3752 2897 si

2125 2942 2272 2995 cives
2308 2941 2567 3008 saeviunt,
2597 2943 2652 2994 et
2691 2940 2913 2993 clausos
2953 2944 3155 2992 tenent
3194 2938 3289 3008 qui
3329 2937 3546 2992 nationi
3586 2937 3755 2991 socie

2126 3041 2312 3106 portas
2345 3033 2619 3098 clausere,
2650 3038 2706 3086 et
2735 3049 2850 3087 non
2880 3032 3180 3103 patiuntur
3209 3033 3496 3085 consortes
3531 3035 3589 3084 et
3619 3047 3750 3100 par-

2127 3130 2322 3199 ticipes
2359 3144 2490 3183 suos
2523 3125 2749 3198 ingredi
2783 3145 2796 3181 :
2832 3125 2991 3180 nobis
3033 3124 3101 3180 de
3133 3141 3297 3180 muro
3327 3125 3660 3194 loquuntur,
3697 3128 3756 3177 et

2128 3223 2289 3294 quasi
2341 3221 2702 3276 adversarios
2755 3220 2932 3275 muris
2986 3220 3272 3290 repellunt
3329 3234 3473 3290 quos
3534 3218 3756 3273 amicos

2127 3315 2432 3370 habebant.
2462 3316 2597 3379 Quis
2636 3314 2855 3369 dubitet
2895 3313 3049 3384 quod
3094 3317 3298 3384 parent
3326 3312 3609 3383 suscipere
3637 3313 3752 3366 Bo-

2128 3426 2320 3464 manos
2365 3414 2420 3463 et
2472 3409 2615 3463 forte
2662 3424 2936 3463 coronare
2992 3409 3202 3478 portas,
3259 3405 3492 3478 quando
3538 3404 3615 3459 illi
3661 3405 3751 3460 in-

2127 3502 2503 3572 gredientur‘?
2530 3518 2657 3573 quae
2684 3503 2869 3572 major
2898 3500 3146 3572 injuria?
3173 3502 3369 3555 Patere
3394 3515 3607 3570 nempe
3637 3516 3754 3554 om-

2129 3598 2294 3651 nibus
2337 3596 2664 3650 hominibus
2699 3595 2805 3649 ista
2847 3595 3040 3648 civitas
3082 3594 3226 3648 solet
3262 3609 3435 3648 causa
3473 3593 3658 3648 cultus
3697 3599 3756 3648 et

2126 3689 2498 3744 observantiae
2531 3706 2542 3742 :
2581 3688 2741 3743 nobis
2766 3688 2896 3742 solis
2927 3686 3350 3755 intercluditur,
3378 3686 3543 3758 quasi
3575 3687 3750 3741 hosti-

2126 3785 2250 3850 bus,
2293 3783 2396 3838 soli
2436 3783 2782 3851 abdicamur,
2823 3782 2924 3836 soli
2974 3781 3325 3852 repellimur.
3370 3781 3647 3836 Simulant
3691 3798 3752 3834 se

2127 3852 2379 3932 nostrum
2420 3882 2612 3948 petere
2643 3876 2948 3946 judicium,
2991 3891 3132 3946 quos
3177 3891 3247 3930 ne
3280 3875 3477 3928 limine
3517 3875 3752 3946 quidem

2125 3972 2328 4043 dignos
2354 3970 2506 4025 urbis
2537 3976 2837 4041 putarunt.
2871 3970 3109 4023 Lateant
3134 3985 3263 4040 quae
3290 3970 3592 4022 adversum
3627 3967 3756 4022 illos

2127 4068 2426 4137 gesserunt
2455 4082 2468 4118 :
2504 4068 2714 4118 nostra:
2747 4063 2972 4135 injurias
2999 4068 3169 4117 testes
3197 4068 3252 4116 et
3276 4061 3501 4132 judices
3533 4078 3750 4117 sumus.

2123 4160 2487 4215 Advertimus
2544 4159 2678 4230 quid
2743 4158 2918 4212 clausi
2973 4157 3298 4228 patiantur,
3352 4155 3578 4226 quando
3647 4171 3752 4210 nos

2125 4270 2280 4309 arma
2303 4253 2575 4324 jubemur
2611 4252 2903 4323 deponere
2938 4267 2950 4305 :
2985 4257 3042 4305 et
3073 4249 3341 4304 credibile
3381 4265 3503 4304 esse
3544 4253 3750 4320 potest.

2123 4347 2272 4420 quod
2302 4362 2500 4401 eorum
2527 4348 2890 4416 exspectetur
2908 4345 3209 4410 sententia,
3234 4357 3478 4412 quorum
3498 4348 3754 4413 suspecta

2121 4446 2206 4497 est
2235 4441 2419 4496 ﬁdes?
2455 4440 2815 4494 Festinemus
2851 4438 3042 4510 itaque
3079 4437 3302 4507 eripere
3340 4438 3579 4503 clausos,
3622 4437 3750 4508 qui-

391 4532 644 4588 veritatis
685 4532 1046 4587 examinatio.
1089 4533 1373 4587 Adsumus
1413 4549 1424 4586 :
1460 4549 1528 4587 en
1569 4532 1766 4604 primis
1804 4532 2015 4603 suppli-
2039 4530 2096 4600 D
2120 4536 2224 4590 bus
2250 4535 2531 4606 templum
2561 4549 2753 4588 carcer
2779 4535 2863 4587 est
2893 4533 3126 4599 factum,
3149 4548 3220 4586 ne
3252 4537 3550 4586 serventur
3573 4547 3751 4602 usque

393 4627 491 4680 ciis
529 4643 630 4681 nos
669 4627 968 4696 spontanei
1012 4625 1322 4694 offerimus,
1366 4627 1406 4680 si
1454 4633 1640 4682 tamen
1685 4626 1883 4698 aliquis
1927 4643 2015 4681 ac-

382 4725 620 4774 'cusator
663 4718 932 4790 prodeat;
981 4726 1078 4774 aut
1125 4721 1168 4774 si
1214 4737 1330 4776 non
1377 4721 1435 4775 in
1486 4721 1758 4791 populum
1809 4720 2020 4774 invidia

391 4817 707 4884 torquetur,
737 4812 977 4884 qutei'ite
1004 4813 1334 4884 diligentius
1360 4815 1490 4886 quid
1521 4814 1742 4869 consilii
1767 4815 1936 4868 fuerit
1963 4815 2014 4869 in

391 4913 534 4963 centu
567 4907 813 4978 publico.
845 4907 1043 4962 Nonne
1083 4910 1142 4961 ut
1182 4906 1331 4962 bello
1377 4909 1646 4963 instructa
1679 4913 2022 4978 pararentur

371 5003 656 5074 tegmina,
709 5006 807 5056 aut
856 5017 961 5073 pro
1016 5001 1280 5056 libertate
1341 5002 1724 5073 unusquisque
1781 5002 2017 5072 patriam

382 5097 653 5169 juvaret?
690 5096 969 5151 Adversus
1016 5095 1165 5166 ipsos
1204 5099 1361 5149 certe
1406 5095 1651 5150 latrones
1697 5095 1834 5167 quid
1877 5096 2014 5152 deli-

387 5191 650 5246 beratum
686 5191 894 5256 fuerat,
926 5189 1028 5244 nisi
1069 5195 1128 5244 ut
1173 5206 1275 5260 pax
1317 5189 1688 5245 conveniret?
1717 5191 2018 5262 Exaspera-

388 5291 543 5340 verat
590 5284 876 5357 publicam
915 5283 1377 5355 indignationem
1421 5283 1585 5338 dolor
1632 5284 2014 5356 singulorum,

386 5379 776 5435 innocentium
807 5378 1065 5450 sanguis,
1095 5378 1407 5433 mulierum
1457 5378 1723 5449 gemitus,
1755 5383 2017 5451 paterno-

387 5487 516 5526 rum
557 5478 898 5530 statutorum
941 5471 1330 5544 praevaricatio
1376 5488 1388 5526 :
1444 5471 1724 5544 increpuit
1768 5472 2016 5544 gemitus

387 5565 799 5634 universorum,
837 5567 973 5640 quia
1009 5565 1401 5639 unusquisque
1433 5567 1543 5621 sibi
1584 5565 1794 5622 similia
1836 5566 2012 5637 perti~

385 5660 689 5715 mescebat.
726 5661 810 5715 Ad
846 5661 1276 5734 indignissimos
1313 5661 1631 5716 sacerdotia
1672 5660 2013 5716 defereban-

449 5782 546 5846 (06)
572 5781 858 5834 Gualther.
886 5783 1018 5847 legit
1043 5796 1168 5846 quo.
1194 5783 1494 5835 GALLAND.

2122 4630 2195 4686 ad
2221 4629 2527 4684 adventum
2554 4627 2832 4683 exercitus
2855 4627 3114 4692 Romani,
3138 4630 3194 4680 et
3219 4625 3422 4696 captivi
3451 4625 3752 4679 tradantur

2121 4724 2481 4796 Vespasiano.
2518 4722 2855 4776 Auferamus
2886 4738 2915 4774 a
2955 4719 3172 4790 templo
3205 4719 3591 4787 obsidionem,
3623 4736 3746 4773 cus-

2122 4817 2280 4873 todes
2307 4818 2632 4872 teterrimos
2675 4831 3088 4883 removeamus,
3117 4814 3216 4885 qui
3243 4813 3536 4868 neminem
3565 4813 3649 4867 vel
3679 4813 3749 4867 ad

2122 4912 2479 4983 purgandam
2511 4912 2697 4964 alvum
2733 4909 2928 4981 egredi
2951 4909 3168 4963 sinunt.
3203 4908 3259 4963 Si
3290 4907 3418 4978 quis
3438 4907 3746 4962 introferre

2120 5005 2306 5062 cibum
2341 5005 2546 5060 clausis
2583 5003 2889 5071 desiderat,
2921 5001 3289 5074 prohibetur;
3323 5002 3366 5055 si
3406 5001 3533 5072 quis
3572 5001 3744 5066 exire,

2118 5100 2189 5154 ad
2218 5105 2464 5154 mortem
2513 5097 2752 5168 rapitur,
2787 5097 3006 5151 crimen
3046 5096 3258 5150 factum
3292 5100 3376 5148 est
3405 5094 3588 5149 cultus
3617 5094 3744 5148 reli—

2121 5193 2331 5264 gionis.

2761 5263 2978 5318 CAPUT
3019 5263 3106 5316 IX.

2193 5381 2317 5434 Haec
2375 5379 2615 5434 audiens
2666 5378 2831 5434 cessit
2881 5379 3120 5432 Joannes
3177 5376 3341 5446 (66'),
3383 5375 3743 5430 considerans

2115 5475 2350 5529 adversa
2380 5473 2477 5529 Dei
2499 5474 2791 5528 voluntate
2819 5472 3029 5526 frustra
3058 5487 3192 5525 sese
3224 5468 3403 5524 obniti
3435 5485 3449 5522 :
3483 5469 3737 5541 quando-

2117 5569 2356 5641 quidem
2384 5569 2538 5624 domi
2581 5568 2829 5639 forisque
2867 5565 3095 5621 hostilia
3130 5566 3454 5635 streperent
3489 5562 3738 5634 agmina,

2117 5666 2177 5716 et
2202 5663 2435 5734 gemina
2477 5680 2545 5718 ex
2591 5666 2749 5734 parte
2785 5661 2980 5716 civitas
3023 5661 3475 5732 oppugnaretur.
3511 5655 3738 5712 Freme-

453 5852 572 5915 (ω’)
610 5848 745 5900 Cod.
774 5854 886 5900 vet.
921 5850 1092 5911 Jecur,
1119 5857 1184 5904 ut
1212 5867 1333 5918 cap.
1359 5856 1597 5920 praced.
1626 5861 1683 5913 et
1714 5856 2010 5922 Jose‘phus,
2040 5857 2135 5910 lib.
2166 5871 2242 5918 IV,
2271 5872 2390 5922 cap.
2419 5859 2468 5907 7.
2496 5857 2672 5910 Bne.
