  <div class='ocr_page' id='page_1' title='image "/cluster/home/n/w/nwhite01/storage/ocr_20150623/15/hvd.32044048207278/488.png"; bbox 0 0 4072 6192; ppageno 0'>
   <div class='ocr_carea' id='block_1_1' title="bbox 281 274 3643 342">
    <p class='ocr_par' dir='ltr' id='par_1_1' title="bbox 281 274 3643 342">
     <span class='ocr_line' id='line_1_1' title="bbox 281 274 3643 342; baseline 0.004 -16"><span class='ocrx_word' id='word_1_1' title='bbox 281 274 414 327; x_wconf 73' lang='lat' dir='ltr'>22i3</span> <span class='ocrx_word' id='word_1_2' title='bbox 1310 279 1395 335; x_wconf 90' lang='lat' dir='ltr'>DE</span> <span class='ocrx_word' id='word_1_3' title='bbox 1437 282 1703 337; x_wconf 81' lang='lat' dir='ltr'>EXCIDIO</span> <span class='ocrx_word' id='word_1_4' title='bbox 1741 281 1942 336; x_wconf 81' lang='lat' dir='ltr'>URBIS</span> <span class='ocrx_word' id='word_1_5' title='bbox 1982 277 2339 336; x_wconf 80' lang='lat' dir='ltr'>HIEROSOL.</span> <span class='ocrx_word' id='word_1_6' title='bbox 2385 281 2509 335; x_wconf 84' lang='lat' dir='ltr'>LIB.</span> <span class='ocrx_word' id='word_1_7' title='bbox 2555 283 2637 336; x_wconf 87' lang='lat' dir='ltr'>IV.</span> <span class='ocrx_word' id='word_1_8' title='bbox 3504 288 3643 342; x_wconf 69' lang='grc'>2214</span> 
     </span>
    </p>
   </div>
   <div class='ocr_carea' id='block_1_2' title="bbox 273 399 3636 491">
    <p class='ocr_par' dir='ltr' id='par_1_2' title="bbox 273 399 3636 491">
     <span class='ocr_line' id='line_1_2' title="bbox 273 399 3636 491; baseline 0.004 -37"><span class='ocrx_word' id='word_1_9' title='bbox 273 399 410 454; x_wconf 84' lang='lat' dir='ltr'>baut</span> <span class='ocrx_word' id='word_1_10' title='bbox 453 400 688 455; x_wconf 61' lang='lat' dir='ltr'>Idumaei</span> <span class='ocrx_word' id='word_1_11' title='bbox 733 403 888 473; x_wconf 91' lang='lat' dir='ltr'>quod</span> <span class='ocrx_word' id='word_1_12' title='bbox 933 404 1391 460; x_wconf 88' lang='lat' dir='ltr'>excluderentur.</span> <span class='ocrx_word' id='word_1_13' title='bbox 1438 408 1903 462; x_wconf 79' lang='lat' dir='ltr'>Machinabantur</span> <span class='ocrx_word' id='word_1_14' title='bbox 1924 409 2086 491; x_wconf 76' lang='lat' dir='ltr'>A(ut</span> <span class='ocrx_word' id='word_1_15' title='bbox 2111 405 2253 460; x_wconf 88' lang='lat' dir='ltr'>mihi</span> <span class='ocrx_word' id='word_1_16' title='bbox 2291 405 2534 467; x_wconf 83' lang='lat' dir='ltr'>videtur)</span> <span class='ocrx_word' id='word_1_17' title='bbox 2581 406 2754 474; x_wconf 83' lang='lat' dir='ltr'>exitu,</span> <span class='ocrx_word' id='word_1_18' title='bbox 2797 422 2965 478; x_wconf 87' lang='lat' dir='ltr'>quam</span> <span class='ocrx_word' id='word_1_19' title='bbox 3007 409 3052 463; x_wconf 98' lang='lat' dir='ltr'>si</span> <span class='ocrx_word' id='word_1_20' title='bbox 3089 409 3158 463; x_wconf 90' lang='lat' dir='ltr'>ab</span> <span class='ocrx_word' id='word_1_21' title='bbox 3190 411 3346 464; x_wconf 89' lang='lat' dir='ltr'>hoste</span> <span class='ocrx_word' id='word_1_22' title='bbox 3384 413 3636 482; x_wconf 91' lang='lat' dir='ltr'>perime-</span> 
     </span>
    </p>
   </div>
   <div class='ocr_carea' id='block_1_3' title="bbox 276 495 3636 570">
    <p class='ocr_par' dir='ltr' id='par_1_3' title="bbox 276 495 3636 570">
     <span class='ocr_line' id='line_1_3' title="bbox 276 495 3636 570; baseline 0.004 -24"><span class='ocrx_word' id='word_1_23' title='bbox 276 495 331 547; x_wconf 90' lang='lat' dir='ltr'>in</span> <span class='ocrx_word' id='word_1_24' title='bbox 359 495 580 566; x_wconf 90' lang='lat' dir='ltr'>templo</span> <span class='ocrx_word' id='word_1_25' title='bbox 601 495 714 563; x_wconf 93' lang='lat' dir='ltr'>siti,</span> <span class='ocrx_word' id='word_1_26' title='bbox 738 498 1025 567; x_wconf 90' lang='lat' dir='ltr'>quomodo</span> <span class='ocrx_word' id='word_1_27' title='bbox 1051 497 1442 569; x_wconf 87' lang='lat' dir='ltr'>jungereutur</span> <span class='ocrx_word' id='word_1_28' title='bbox 1466 501 1763 570; x_wconf 70' lang='lat' dir='ltr'>ldumzeis;</span> <span class='ocrx_word' id='word_1_29' title='bbox 1801 503 1904 558; x_wconf 87' lang='lat' dir='ltr'>hos</span> <span class='ocrx_word' id='word_1_30' title='bbox 2007 505 2202 554; x_wconf 85' lang='lat' dir='ltr'>rentur</span> <span class='ocrx_word' id='word_1_31' title='bbox 2238 517 2250 553; x_wconf 92' lang='lat'><em>:</em></span> <span class='ocrx_word' id='word_1_32' title='bbox 2283 500 2421 570; x_wconf 86' lang='lat' dir='ltr'>quia</span> <span class='ocrx_word' id='word_1_33' title='bbox 2455 499 2768 555; x_wconf 84' lang='lat' dir='ltr'>voluntaria</span> <span class='ocrx_word' id='word_1_34' title='bbox 2810 516 2965 555; x_wconf 85' lang='lat' dir='ltr'>mors</span> <span class='ocrx_word' id='word_1_35' title='bbox 3012 502 3354 559; x_wconf 89' lang='lat' dir='ltr'>immanitati</span> <span class='ocrx_word' id='word_1_36' title='bbox 3403 505 3636 560; x_wconf 82' lang='lat' dir='ltr'>ascribi-</span> 
     </span>
    </p>
   </div>
   <div class='ocr_carea' id='block_1_4' title="bbox 270 587 1897 666">
    <p class='ocr_par' dir='ltr' id='par_1_4' title="bbox 270 587 1897 666">
     <span class='ocr_line' id='line_1_4' title="bbox 270 587 1897 666; baseline 0.007 -26"><span class='ocrx_word' id='word_1_37' title='bbox 270 587 516 659; x_wconf 88' lang='lat' dir='ltr'>angebat</span> <span class='ocrx_word' id='word_1_38' title='bbox 547 592 736 643; x_wconf 90' lang='lat' dir='ltr'>metus</span> <span class='ocrx_word' id='word_1_39' title='bbox 777 607 846 644; x_wconf 92' lang='lat' dir='ltr'>ne</span> <span class='ocrx_word' id='word_1_40' title='bbox 875 591 1122 647; x_wconf 68' lang='lat' dir='ltr'>ldumazi</span> <span class='ocrx_word' id='word_1_41' title='bbox 1165 597 1299 648; x_wconf 83' lang='lat' dir='ltr'>ante</span> <span class='ocrx_word' id='word_1_42' title='bbox 1344 594 1607 650; x_wconf 79' lang='lat' dir='ltr'>effectum</span> <span class='ocrx_word' id='word_1_43' title='bbox 1647 596 1897 666; x_wconf 83' lang='lat' dir='ltr'>abirent;</span> 
     </span>
    </p>
   </div>
   <div class='ocr_carea' id='block_1_5' title="bbox 268 681 1903 761">
    <p class='ocr_par' dir='ltr' id='par_1_5' title="bbox 268 681 1903 761">
     <span class='ocr_line' id='line_1_5' title="bbox 268 681 1903 761; baseline 0.007 -27"><span class='ocrx_word' id='word_1_44' title='bbox 268 681 380 735; x_wconf 84' lang='lat' dir='ltr'>illis</span> <span class='ocrx_word' id='word_1_45' title='bbox 407 683 774 755; x_wconf 82' lang='lat' dir='ltr'>extorquebat</span> <span class='ocrx_word' id='word_1_46' title='bbox 811 685 994 755; x_wconf 91' lang='lat' dir='ltr'>pudor</span> <span class='ocrx_word' id='word_1_47' title='bbox 1027 687 1377 758; x_wconf 89' lang='lat' dir='ltr'>propositum</span> <span class='ocrx_word' id='word_1_48' title='bbox 1419 690 1805 761; x_wconf 83' lang='lat' dir='ltr'>regrediendi.</span> <span class='ocrx_word' id='word_1_49' title='bbox 1837 692 1903 746; x_wconf 86' lang='lat' dir='ltr'>Et</span> 
     </span>
    </p>
   </div>
   <div class='ocr_carea' id='block_1_6' title="bbox 260 775 1899 850">
    <p class='ocr_par' dir='ltr' id='par_1_6' title="bbox 260 775 1899 850">
     <span class='ocr_line' id='line_1_6' title="bbox 260 775 1899 850; baseline 0.006 -22"><span class='ocrx_word' id='word_1_50' title='bbox 260 775 389 845; x_wconf 90' lang='lat' dir='ltr'>jam</span> <span class='ocrx_word' id='word_1_51' title='bbox 422 792 570 848; x_wconf 89' lang='lat' dir='ltr'>pene</span> <span class='ocrx_word' id='word_1_52' title='bbox 608 777 940 848; x_wconf 87' lang='lat' dir='ltr'>obrepserat</span> <span class='ocrx_word' id='word_1_53' title='bbox 979 779 1316 850; x_wconf 82' lang='lat' dir='ltr'>diffidentia,</span> <span class='ocrx_word' id='word_1_54' title='bbox 1345 798 1476 836; x_wconf 91' lang='lat' dir='ltr'>cum</span> <span class='ocrx_word' id='word_1_55' title='bbox 1518 782 1702 838; x_wconf 88' lang='lat' dir='ltr'>subito</span> <span class='ocrx_word' id='word_1_56' title='bbox 1738 789 1899 839; x_wconf 91' lang='lat' dir='ltr'>nocte</span> 
     </span>
    </p>
   </div>
   <div class='ocr_carea' id='block_1_7' title="bbox 269 868 1896 947">
    <p class='ocr_par' dir='ltr' id='par_1_7' title="bbox 269 868 1896 947">
     <span class='ocr_line' id='line_1_7' title="bbox 269 868 1896 947; baseline 0.006 -25"><span class='ocrx_word' id='word_1_57' title='bbox 269 868 454 924; x_wconf 90' lang='lat' dir='ltr'>oritur</span> <span class='ocrx_word' id='word_1_58' title='bbox 501 870 750 941; x_wconf 85' lang='lat' dir='ltr'>procella</span> <span class='ocrx_word' id='word_1_59' title='bbox 797 872 1189 941; x_wconf 85' lang='lat' dir='ltr'>intolerabilis,</span> <span class='ocrx_word' id='word_1_60' title='bbox 1241 879 1549 947; x_wconf 79' lang='lat' dir='ltr'>tempestas</span> <span class='ocrx_word' id='word_1_61' title='bbox 1595 881 1736 946; x_wconf 87' lang='lat' dir='ltr'>atra,</span> <span class='ocrx_word' id='word_1_62' title='bbox 1781 877 1896 933; x_wconf 88' lang='lat' dir='ltr'>fre-</span> 
     </span>
    </p>
   </div>
   <div class='ocr_carea' id='block_1_8' title="bbox 267 965 1899 1035">
    <p class='ocr_par' dir='ltr' id='par_1_8' title="bbox 267 965 1899 1035">
     <span class='ocr_line' id='line_1_8' title="bbox 267 965 1899 1035; baseline 0.007 -20"><span class='ocrx_word' id='word_1_63' title='bbox 267 969 437 1017; x_wconf 87' lang='lat' dir='ltr'>munt</span> <span class='ocrx_word' id='word_1_64' title='bbox 471 965 642 1032; x_wconf 91' lang='lat' dir='ltr'>venti,</span> <span class='ocrx_word' id='word_1_65' title='bbox 683 965 886 1021; x_wconf 73' lang='lat' dir='ltr'>caelum</span> <span class='ocrx_word' id='word_1_66' title='bbox 921 967 1280 1035; x_wconf 87' lang='lat' dir='ltr'>inhorrescit,</span> <span class='ocrx_word' id='word_1_67' title='bbox 1314 969 1392 1023; x_wconf 91' lang='lat' dir='ltr'>vis</span> <span class='ocrx_word' id='word_1_68' title='bbox 1420 970 1688 1025; x_wconf 86' lang='lat' dir='ltr'>imbrium</span> <span class='ocrx_word' id='word_1_69' title='bbox 1725 973 1899 1027; x_wconf 81' lang='lat' dir='ltr'>multa</span> 
     </span>
    </p>
   </div>
   <div class='ocr_carea' id='block_1_9' title="bbox 269 1054 1897 1129">
    <p class='ocr_par' dir='ltr' id='par_1_9' title="bbox 269 1054 1897 1129">
     <span class='ocr_line' id='line_1_9' title="bbox 269 1054 1897 1129; baseline 0.007 -21"><span class='ocrx_word' id='word_1_70' title='bbox 269 1054 592 1110; x_wconf 77' lang='lat' dir='ltr'>infunditur</span> <span class='ocrx_word' id='word_1_71' title='bbox 641 1059 774 1129; x_wconf 87' lang='lat'>(67),</span> <span class='ocrx_word' id='word_1_72' title='bbox 828 1060 1112 1114; x_wconf 84' lang='lat' dir='ltr'>terribiles</span> <span class='ocrx_word' id='word_1_73' title='bbox 1165 1062 1602 1128; x_wconf 88' lang='lat' dir='ltr'>cornscationes,</span> <span class='ocrx_word' id='word_1_74' title='bbox 1649 1065 1897 1120; x_wconf 87' lang='lat' dir='ltr'>tonitrua</span> 
     </span>
    </p>
   </div>
   <div class='ocr_carea' id='block_1_10' title="bbox 265 1150 1892 1224">
    <p class='ocr_par' dir='ltr' id='par_1_10' title="bbox 265 1150 1892 1224">
     <span class='ocr_line' id='line_1_10' title="bbox 265 1150 1892 1224; baseline 0.006 -22"><span class='ocrx_word' id='word_1_75' title='bbox 265 1150 564 1216; x_wconf 85' lang='lat' dir='ltr'>immania,</span> <span class='ocrx_word' id='word_1_76' title='bbox 597 1154 883 1206; x_wconf 87' lang='lat' dir='ltr'>terrarum</span> <span class='ocrx_word' id='word_1_77' title='bbox 913 1153 1187 1224; x_wconf 83' lang='lat' dir='ltr'>mugitus,</span> <span class='ocrx_word' id='word_1_78' title='bbox 1218 1160 1279 1210; x_wconf 91' lang='lat' dir='ltr'>ut</span> <span class='ocrx_word' id='word_1_79' title='bbox 1304 1157 1441 1211; x_wconf 89' lang='lat' dir='ltr'>solvi</span> <span class='ocrx_word' id='word_1_80' title='bbox 1472 1158 1718 1212; x_wconf 89' lang='lat' dir='ltr'>mundus</span> <span class='ocrx_word' id='word_1_81' title='bbox 1744 1160 1892 1214; x_wconf 68' lang='lat' dir='ltr'>aesti-</span> 
     </span>
    </p>
   </div>
   <div class='ocr_carea' id='block_1_11' title="bbox 261 1244 1896 1318">
    <p class='ocr_par' dir='ltr' id='par_1_11' title="bbox 261 1244 1896 1318">
     <span class='ocr_line' id='line_1_11' title="bbox 261 1244 1896 1318; baseline 0.007 -22"><span class='ocrx_word' id='word_1_82' title='bbox 261 1247 535 1298; x_wconf 89' lang='lat' dir='ltr'>maretur.</span> <span class='ocrx_word' id='word_1_83' title='bbox 582 1244 720 1309; x_wconf 85' lang='lat' dir='ltr'>Quis</span> <span class='ocrx_word' id='word_1_84' title='bbox 769 1247 1024 1302; x_wconf 88' lang='lat' dir='ltr'>crederet</span> <span class='ocrx_word' id='word_1_85' title='bbox 1076 1248 1202 1318; x_wconf 90' lang='lat' dir='ltr'>plus</span> <span class='ocrx_word' id='word_1_86' title='bbox 1250 1249 1505 1305; x_wconf 89' lang='lat' dir='ltr'>nocuisse</span> <span class='ocrx_word' id='word_1_87' title='bbox 1549 1251 1696 1306; x_wconf 89' lang='lat' dir='ltr'>istud</span> <span class='ocrx_word' id='word_1_88' title='bbox 1746 1253 1896 1307; x_wconf 91' lang='lat' dir='ltr'>intra</span> 
     </span>
    </p>
   </div>
   <div class='ocr_carea' id='block_1_12' title="bbox 263 1337 1893 1414">
    <p class='ocr_par' dir='ltr' id='par_1_12' title="bbox 263 1337 1893 1414">
     <span class='ocr_line' id='line_1_12' title="bbox 263 1337 1893 1414; baseline 0.006 -24"><span class='ocrx_word' id='word_1_89' title='bbox 263 1337 468 1392; x_wconf 90' lang='lat' dir='ltr'>urbem</span> <span class='ocrx_word' id='word_1_90' title='bbox 498 1339 718 1409; x_wconf 88' lang='lat' dir='ltr'>positis,</span> <span class='ocrx_word' id='word_1_91' title='bbox 741 1357 916 1411; x_wconf 88' lang='lat' dir='ltr'>quam</span> <span class='ocrx_word' id='word_1_92' title='bbox 945 1346 1106 1396; x_wconf 85' lang='lat' dir='ltr'>extra</span> <span class='ocrx_word' id='word_1_93' title='bbox 1134 1343 1335 1397; x_wconf 85' lang='lat' dir='ltr'>urbem</span> <span class='ocrx_word' id='word_1_94' title='bbox 1368 1343 1744 1414; x_wconf 85' lang='lat' dir='ltr'>degentibus?</span> <span class='ocrx_word' id='word_1_95' title='bbox 1765 1363 1893 1400; x_wconf 92' lang='lat' dir='ltr'>cum</span> 
     </span>
    </p>
   </div>
   <div class='ocr_carea' id='block_1_13' title="bbox 262 1431 1890 1508">
    <p class='ocr_par' dir='ltr' id='par_1_13' title="bbox 262 1431 1890 1508">
     <span class='ocr_line' id='line_1_13' title="bbox 262 1431 1890 1508; baseline 0.006 -24"><span class='ocrx_word' id='word_1_96' title='bbox 262 1431 466 1502; x_wconf 91' lang='lat' dir='ltr'>utique</span> <span class='ocrx_word' id='word_1_97' title='bbox 491 1431 550 1485; x_wconf 91' lang='lat' dir='ltr'>hi</span> <span class='ocrx_word' id='word_1_98' title='bbox 577 1433 740 1487; x_wconf 83' lang='lat' dir='ltr'>tectis</span> <span class='ocrx_word' id='word_1_99' title='bbox 762 1434 970 1488; x_wconf 88' lang='lat' dir='ltr'>muniti</span> <span class='ocrx_word' id='word_1_100' title='bbox 993 1435 1199 1502; x_wconf 82' lang='lat' dir='ltr'>forent,</span> <span class='ocrx_word' id='word_1_101' title='bbox 1226 1437 1308 1490; x_wconf 86' lang='lat' dir='ltr'>illi</span> <span class='ocrx_word' id='word_1_102' title='bbox 1329 1438 1535 1508; x_wconf 86' lang='lat' dir='ltr'>objecti</span> <span class='ocrx_word' id='word_1_103' title='bbox 1556 1438 1630 1493; x_wconf 90' lang='lat' dir='ltr'>ad</span> <span class='ocrx_word' id='word_1_104' title='bbox 1651 1439 1890 1504; x_wconf 89' lang='lat' dir='ltr'>imbres;</span> 
     </span>
    </p>
   </div>
   <div class='ocr_carea' id='block_1_14' title="bbox 259 1523 1889 1603">
    <p class='ocr_par' dir='ltr' id='par_1_14' title="bbox 259 1523 1889 1603">
     <span class='ocr_line' id='line_1_14' title="bbox 259 1523 1889 1603; baseline 0.006 -26"><span class='ocrx_word' id='word_1_105' title='bbox 259 1523 364 1578; x_wconf 89' lang='lat' dir='ltr'>sed</span> <span class='ocrx_word' id='word_1_106' title='bbox 395 1525 641 1596; x_wconf 87' lang='lat' dir='ltr'>amplius</span> <span class='ocrx_word' id='word_1_107' title='bbox 668 1526 872 1581; x_wconf 89' lang='lat' dir='ltr'>terruit</span> <span class='ocrx_word' id='word_1_108' title='bbox 902 1527 1126 1598; x_wconf 63' lang='lat' dir='ltr'>injuriae</span> <span class='ocrx_word' id='word_1_109' title='bbox 1156 1535 1364 1597; x_wconf 91' lang='lat' dir='ltr'>metus,</span> <span class='ocrx_word' id='word_1_110' title='bbox 1393 1547 1566 1602; x_wconf 91' lang='lat' dir='ltr'>quam</span> <span class='ocrx_word' id='word_1_111' title='bbox 1599 1531 1717 1602; x_wconf 91' lang='lat' dir='ltr'>ipsa</span> <span class='ocrx_word' id='word_1_112' title='bbox 1742 1533 1889 1603; x_wconf 88' lang='lat' dir='ltr'>inju-</span> 
     </span>
    </p>
   </div>
   <div class='ocr_carea' id='block_1_15' title="bbox 259 1617 1890 1696">
    <p class='ocr_par' dir='ltr' id='par_1_15' title="bbox 259 1617 1890 1696">
     <span class='ocr_line' id='line_1_15' title="bbox 259 1617 1890 1696; baseline 0.006 -25"><span class='ocrx_word' id='word_1_113' title='bbox 259 1617 368 1672; x_wconf 91' lang='lat' dir='ltr'>ria.</span> <span class='ocrx_word' id='word_1_114' title='bbox 402 1618 655 1690; x_wconf 86' lang='lat' dir='ltr'>Denique</span> <span class='ocrx_word' id='word_1_115' title='bbox 697 1621 775 1675; x_wconf 91' lang='lat' dir='ltr'>illi</span> <span class='ocrx_word' id='word_1_116' title='bbox 813 1620 908 1692; x_wconf 91' lang='lat' dir='ltr'>qui</span> <span class='ocrx_word' id='word_1_117' title='bbox 945 1622 1100 1676; x_wconf 91' lang='lat' dir='ltr'>nulla</span> <span class='ocrx_word' id='word_1_118' title='bbox 1135 1622 1420 1678; x_wconf 87' lang='lat' dir='ltr'>habebant</span> <span class='ocrx_word' id='word_1_119' title='bbox 1456 1625 1678 1696; x_wconf 89' lang='lat' dir='ltr'>refugia</span> <span class='ocrx_word' id='word_1_120' title='bbox 1712 1631 1890 1681; x_wconf 92' lang='lat' dir='ltr'>tecto-</span> 
     </span>
    </p>
   </div>
   <div class='ocr_carea' id='block_1_16' title="bbox 259 1712 1894 1787">
    <p class='ocr_par' dir='ltr' id='par_1_16' title="bbox 259 1712 1894 1787">
     <span class='ocr_line' id='line_1_16' title="bbox 259 1712 1894 1787; baseline 0.006 -22"><span class='ocrx_word' id='word_1_121' title='bbox 259 1728 412 1778; x_wconf 88' lang='lat' dir='ltr'>rum,</span> <span class='ocrx_word' id='word_1_122' title='bbox 444 1712 654 1784; x_wconf 87' lang='lat' dir='ltr'>clypeis</span> <span class='ocrx_word' id='word_1_123' title='bbox 685 1730 806 1768; x_wconf 90' lang='lat' dir='ltr'>sese</span> <span class='ocrx_word' id='word_1_124' title='bbox 835 1715 1102 1785; x_wconf 85' lang='lat' dir='ltr'>tegebant</span> <span class='ocrx_word' id='word_1_125' title='bbox 1138 1722 1438 1772; x_wconf 88' lang='lat' dir='ltr'>manentes</span> <span class='ocrx_word' id='word_1_126' title='bbox 1468 1718 1525 1772; x_wconf 90' lang='lat' dir='ltr'>in</span> <span class='ocrx_word' id='word_1_127' title='bbox 1552 1718 1758 1787; x_wconf 87' lang='lat' dir='ltr'>officio,</span> <span class='ocrx_word' id='word_1_128' title='bbox 1789 1737 1894 1775; x_wconf 91' lang='lat' dir='ltr'>nec</span> 
     </span>
    </p>
   </div>
   <div class='ocr_carea' id='block_1_17' title="bbox 2004 592 3632 666">
    <p class='ocr_par' dir='ltr' id='par_1_17' title="bbox 2004 592 3632 666">
     <span class='ocr_line' id='line_1_17' title="bbox 2004 592 3632 666; baseline 0.005 -20"><span class='ocrx_word' id='word_1_129' title='bbox 2004 600 2114 661; x_wconf 90' lang='lat' dir='ltr'>tur,</span> <span class='ocrx_word' id='word_1_130' title='bbox 2167 592 2429 648; x_wconf 84' lang='lat' dir='ltr'>informis</span> <span class='ocrx_word' id='word_1_131' title='bbox 2475 593 2666 666; x_wconf 89' lang='lat' dir='ltr'>laquei</span> <span class='ocrx_word' id='word_1_132' title='bbox 2716 594 2899 649; x_wconf 90' lang='lat' dir='ltr'>nodus</span> <span class='ocrx_word' id='word_1_133' title='bbox 2957 595 3127 650; x_wconf 82' lang='lat' dir='ltr'>etiam</span> <span class='ocrx_word' id='word_1_134' title='bbox 3183 597 3393 666; x_wconf 89' lang='lat' dir='ltr'>probro</span> <span class='ocrx_word' id='word_1_135' title='bbox 3444 598 3632 654; x_wconf 87' lang='lat' dir='ltr'>datur.</span> 
     </span>
    </p>
   </div>
   <div class='ocr_carea' id='block_1_18' title="bbox 2003 686 3631 764">
    <p class='ocr_par' dir='ltr' id='par_1_18' title="bbox 2003 686 3631 764">
     <span class='ocr_line' id='line_1_18' title="bbox 2003 686 3631 764; baseline 0.003 -22"><span class='ocrx_word' id='word_1_136' title='bbox 2003 687 2111 742; x_wconf 88' lang='lat' dir='ltr'>Sed</span> <span class='ocrx_word' id='word_1_137' title='bbox 2141 687 2266 758; x_wconf 90' lang='lat' dir='ltr'>quis</span> <span class='ocrx_word' id='word_1_138' title='bbox 2294 687 2530 742; x_wconf 88' lang='lat' dir='ltr'>consilio</span> <span class='ocrx_word' id='word_1_139' title='bbox 2561 688 2737 754; x_wconf 92' lang='lat' dir='ltr'>locus,</span> <span class='ocrx_word' id='word_1_140' title='bbox 2770 686 2862 741; x_wconf 91' lang='lat' dir='ltr'>ubi</span> <span class='ocrx_word' id='word_1_141' title='bbox 2892 692 3082 743; x_wconf 86' lang='lat' dir='ltr'>tantus</span> <span class='ocrx_word' id='word_1_142' title='bbox 3116 693 3237 744; x_wconf 90' lang='lat' dir='ltr'>erat</span> <span class='ocrx_word' id='word_1_143' title='bbox 3275 697 3463 746; x_wconf 90' lang='lat' dir='ltr'>metus</span> <span class='ocrx_word' id='word_1_144' title='bbox 3498 709 3631 764; x_wconf 88' lang='lat' dir='ltr'>sup-</span> 
     </span>
    </p>
   </div>
   <div class='ocr_carea' id='block_1_19' title="bbox 2002 780 3630 856">
    <p class='ocr_par' dir='ltr' id='par_1_19' title="bbox 2002 780 3630 856">
     <span class='ocr_line' id='line_1_19' title="bbox 2002 780 3630 856; baseline 0.004 -22"><span class='ocrx_word' id='word_1_145' title='bbox 2002 780 2324 851; x_wconf 89' lang='lat' dir='ltr'>pliciorum,</span> <span class='ocrx_word' id='word_1_146' title='bbox 2350 797 2478 835; x_wconf 91' lang='lat' dir='ltr'>cum</span> <span class='ocrx_word' id='word_1_147' title='bbox 2505 786 2786 836; x_wconf 89' lang='lat' dir='ltr'>metueret</span> <span class='ocrx_word' id='word_1_148' title='bbox 2816 783 3202 854; x_wconf 88' lang='lat' dir='ltr'>unusquisque</span> <span class='ocrx_word' id='word_1_149' title='bbox 3224 800 3338 838; x_wconf 91' lang='lat' dir='ltr'>non</span> <span class='ocrx_word' id='word_1_150' title='bbox 3367 790 3630 856; x_wconf 87' lang='lat' dir='ltr'>mortem,</span> 
     </span>
    </p>
   </div>
   <div class='ocr_carea' id='block_1_20' title="bbox 2001 874 3634 947">
    <p class='ocr_par' dir='ltr' id='par_1_20' title="bbox 2001 874 3634 947">
     <span class='ocr_line' id='line_1_20' title="bbox 2001 874 3634 947; baseline 0.004 -19"><span class='ocrx_word' id='word_1_151' title='bbox 2001 875 2098 928; x_wconf 90' lang='lat' dir='ltr'>sed</span> <span class='ocrx_word' id='word_1_152' title='bbox 2139 874 2418 929; x_wconf 89' lang='lat' dir='ltr'>cruciatus</span> <span class='ocrx_word' id='word_1_153' title='bbox 2453 877 2584 929; x_wconf 89' lang='lat' dir='ltr'>ante</span> <span class='ocrx_word' id='word_1_154' title='bbox 2624 879 2890 943; x_wconf 90' lang='lat' dir='ltr'>mortem,</span> <span class='ocrx_word' id='word_1_155' title='bbox 2932 875 3138 947; x_wconf 86' lang='lat' dir='ltr'>quibus</span> <span class='ocrx_word' id='word_1_156' title='bbox 3183 893 3337 932; x_wconf 90' lang='lat' dir='ltr'>mors</span> <span class='ocrx_word' id='word_1_157' title='bbox 3378 879 3634 934; x_wconf 89' lang='lat' dir='ltr'>remedio</span> 
     </span>
    </p>
   </div>
   <div class='ocr_carea' id='block_1_21' title="bbox 2001 967 3634 1041">
    <p class='ocr_par' dir='ltr' id='par_1_21' title="bbox 2001 967 3634 1041">
     <span class='ocr_line' id='line_1_21' title="bbox 2001 967 3634 1041; baseline 0.003 -20"><span class='ocrx_word' id='word_1_158' title='bbox 2001 967 2179 1021; x_wconf 83' lang='lat' dir='ltr'>foret?</span> <span class='ocrx_word' id='word_1_159' title='bbox 2203 967 2576 1022; x_wconf 80' lang='lat' dir='ltr'>Redundabat</span> <span class='ocrx_word' id='word_1_160' title='bbox 2604 968 2854 1040; x_wconf 89' lang='lat' dir='ltr'>undique</span> <span class='ocrx_word' id='word_1_161' title='bbox 2878 968 2988 1039; x_wconf 82' lang='lat'>(70)</span> <span class='ocrx_word' id='word_1_162' title='bbox 3011 970 3266 1041; x_wconf 85' lang='lat' dir='ltr'>sanguis,</span> <span class='ocrx_word' id='word_1_163' title='bbox 3300 974 3357 1025; x_wconf 89' lang='lat' dir='ltr'>et</span> <span class='ocrx_word' id='word_1_164' title='bbox 3387 971 3634 1026; x_wconf 86' lang='lat' dir='ltr'>maxime</span> 
     </span>
    </p>
   </div>
   <div class='ocr_carea' id='block_1_22' title="bbox 1999 1061 3637 1136">
    <p class='ocr_par' dir='ltr' id='par_1_22' title="bbox 1999 1061 3637 1136">
     <span class='ocr_line' id='line_1_22' title="bbox 1999 1061 3637 1136; baseline 0.003 -21"><span class='ocrx_word' id='word_1_165' title='bbox 1999 1061 2146 1116; x_wconf 91' lang='lat' dir='ltr'>circa</span> <span class='ocrx_word' id='word_1_166' title='bbox 2172 1061 2448 1132; x_wconf 87' lang='lat' dir='ltr'>templum</span> <span class='ocrx_word' id='word_1_167' title='bbox 2483 1078 2494 1116; x_wconf 91' lang='lat'>:</span> <span class='ocrx_word' id='word_1_168' title='bbox 2531 1062 2662 1132; x_wconf 89' lang='lat' dir='ltr'>quia</span> <span class='ocrx_word' id='word_1_169' title='bbox 2690 1061 2770 1116; x_wconf 92' lang='lat' dir='ltr'>ibi</span> <span class='ocrx_word' id='word_1_170' title='bbox 2796 1063 3131 1133; x_wconf 85' lang='lat' dir='ltr'>congregati</span> <span class='ocrx_word' id='word_1_171' title='bbox 3162 1070 3327 1118; x_wconf 87' lang='lat' dir='ltr'>erant</span> <span class='ocrx_word' id='word_1_172' title='bbox 3356 1066 3454 1136; x_wconf 92' lang='lat' dir='ltr'>qui</span> <span class='ocrx_word' id='word_1_173' title='bbox 3487 1066 3637 1120; x_wconf 82' lang='lat' dir='ltr'>clau-</span> 
     </span>
    </p>
   </div>
   <div class='ocr_carea' id='block_1_23' title="bbox 1997 1154 3630 1227">
    <p class='ocr_par' dir='ltr' id='par_1_23' title="bbox 1997 1154 3630 1227">
     <span class='ocr_line' id='line_1_23' title="bbox 1997 1154 3630 1227; baseline 0.003 -18"><span class='ocrx_word' id='word_1_174' title='bbox 1997 1171 2088 1210; x_wconf 88' lang='lat' dir='ltr'>sos</span> <span class='ocrx_word' id='word_1_175' title='bbox 2125 1154 2533 1210; x_wconf 87' lang='lat' dir='ltr'>custodiebant.</span> <span class='ocrx_word' id='word_1_176' title='bbox 2569 1156 2812 1226; x_wconf 84' lang='lat' dir='ltr'>Reperta</span> <span class='ocrx_word' id='word_1_177' title='bbox 2849 1156 3038 1227; x_wconf 88' lang='lat' dir='ltr'>itaque</span> <span class='ocrx_word' id='word_1_178' title='bbox 3077 1157 3174 1212; x_wconf 88' lang='lat' dir='ltr'>illo</span> <span class='ocrx_word' id='word_1_179' title='bbox 3220 1157 3310 1212; x_wconf 91' lang='lat' dir='ltr'>die</span> <span class='ocrx_word' id='word_1_180' title='bbox 3352 1175 3630 1214; x_wconf 65' lang='lat' dir='ltr'>caesorum</span> 
     </span>
    </p>
   </div>
   <div class='ocr_carea' id='block_1_24' title="bbox 1999 1249 3628 1319">
    <p class='ocr_par' dir='ltr' id='par_1_24' title="bbox 1999 1249 3628 1319">
     <span class='ocr_line' id='line_1_24' title="bbox 1999 1249 3628 1319; baseline 0.002 -15"><span class='ocrx_word' id='word_1_181' title='bbox 1999 1252 2127 1304; x_wconf 91' lang='lat' dir='ltr'>octo</span> <span class='ocrx_word' id='word_1_182' title='bbox 2179 1249 2355 1303; x_wconf 86' lang='lat' dir='ltr'>millia</span> <span class='ocrx_word' id='word_1_183' title='bbox 2399 1249 2698 1319; x_wconf 90' lang='lat' dir='ltr'>quingenti</span> <span class='ocrx_word' id='word_1_184' title='bbox 2745 1250 2867 1304; x_wconf 87' lang='lat' dir='ltr'>viri.</span> <span class='ocrx_word' id='word_1_185' title='bbox 2921 1249 3059 1304; x_wconf 88' lang='lat' dir='ltr'>Inde</span> <span class='ocrx_word' id='word_1_186' title='bbox 3107 1253 3367 1306; x_wconf 84' lang='lat' dir='ltr'>conversi</span> <span class='ocrx_word' id='word_1_187' title='bbox 3415 1252 3488 1306; x_wconf 91' lang='lat' dir='ltr'>ad</span> <span class='ocrx_word' id='word_1_188' title='bbox 3535 1270 3628 1308; x_wconf 90' lang='lat' dir='ltr'>ur-</span> 
     </span>
    </p>
   </div>
   <div class='ocr_carea' id='block_1_25' title="bbox 1997 1343 3630 1414">
    <p class='ocr_par' dir='ltr' id='par_1_25' title="bbox 1997 1343 3630 1414">
     <span class='ocr_line' id='line_1_25' title="bbox 1997 1343 3630 1414; baseline 0.004 -18"><span class='ocrx_word' id='word_1_189' title='bbox 1997 1343 2148 1408; x_wconf 90' lang='lat' dir='ltr'>bem,</span> <span class='ocrx_word' id='word_1_190' title='bbox 2191 1343 2334 1397; x_wconf 89' lang='lat' dir='ltr'>sicut</span> <span class='ocrx_word' id='word_1_191' title='bbox 2370 1358 2606 1414; x_wconf 88' lang='lat' dir='ltr'>gregem</span> <span class='ocrx_word' id='word_1_192' title='bbox 2644 1343 2950 1413; x_wconf 90' lang='lat' dir='ltr'>quemdam</span> <span class='ocrx_word' id='word_1_193' title='bbox 2997 1360 3287 1414; x_wconf 90' lang='lat' dir='ltr'>pecorum,</span> <span class='ocrx_word' id='word_1_194' title='bbox 3331 1347 3408 1400; x_wconf 90' lang='lat' dir='ltr'>ita</span> <span class='ocrx_word' id='word_1_195' title='bbox 3448 1345 3630 1402; x_wconf 87' lang='lat' dir='ltr'>homi-</span> 
     </span>
    </p>
   </div>
   <div class='ocr_carea' id='block_1_26' title="bbox 1997 1436 3628 1508">
    <p class='ocr_par' dir='ltr' id='par_1_26' title="bbox 1997 1436 3628 1508">
     <span class='ocr_line' id='line_1_26' title="bbox 1997 1436 3628 1508; baseline 0.003 -18"><span class='ocrx_word' id='word_1_196' title='bbox 1997 1453 2126 1503; x_wconf 89' lang='lat' dir='ltr'>nes,</span> <span class='ocrx_word' id='word_1_197' title='bbox 2183 1451 2557 1508; x_wconf 91' lang='lat' dir='ltr'>quoscuuque</span> <span class='ocrx_word' id='word_1_198' title='bbox 2611 1436 2805 1491; x_wconf 89' lang='lat' dir='ltr'>obvios</span> <span class='ocrx_word' id='word_1_199' title='bbox 2857 1436 3140 1507; x_wconf 87' lang='lat' dir='ltr'>habuere,</span> <span class='ocrx_word' id='word_1_200' title='bbox 3196 1438 3628 1495; x_wconf 89' lang='lat' dir='ltr'>interimebant.</span> 
     </span>
    </p>
   </div>
   <div class='ocr_carea' id='block_1_27' title="bbox 1996 1530 3629 1603">
    <p class='ocr_par' dir='ltr' id='par_1_27' title="bbox 1996 1530 3629 1603">
     <span class='ocr_line' id='line_1_27' title="bbox 1996 1530 3629 1603; baseline 0.001 -19"><span class='ocrx_word' id='word_1_201' title='bbox 1996 1531 2127 1584; x_wconf 84' lang='lat' dir='ltr'>Erat</span> <span class='ocrx_word' id='word_1_202' title='bbox 2157 1530 2482 1584; x_wconf 88' lang='lat' dir='ltr'>miserabile</span> <span class='ocrx_word' id='word_1_203' title='bbox 2514 1531 2916 1603; x_wconf 86' lang='lat' dir='ltr'>spectaculum,</span> <span class='ocrx_word' id='word_1_204' title='bbox 2945 1531 3094 1586; x_wconf 89' lang='lat' dir='ltr'>intra</span> <span class='ocrx_word' id='word_1_205' title='bbox 3127 1531 3328 1587; x_wconf 90' lang='lat' dir='ltr'>urbem</span> <span class='ocrx_word' id='word_1_206' title='bbox 3361 1533 3629 1588; x_wconf 86' lang='lat' dir='ltr'>omnibus</span> 
     </span>
    </p>
   </div>
   <div class='ocr_carea' id='block_1_28' title="bbox 1994 1623 3624 1698">
    <p class='ocr_par' dir='ltr' id='par_1_28' title="bbox 1994 1623 3624 1698">
     <span class='ocr_line' id='line_1_28' title="bbox 1994 1623 3624 1698; baseline 0.003 -21"><span class='ocrx_word' id='word_1_207' title='bbox 1994 1626 2123 1678; x_wconf 87' lang='lat' dir='ltr'>ante</span> <span class='ocrx_word' id='word_1_208' title='bbox 2155 1624 2548 1691; x_wconf 87' lang='lat' dir='ltr'>reverendam,</span> <span class='ocrx_word' id='word_1_209' title='bbox 2580 1623 2796 1679; x_wconf 91' lang='lat' dir='ltr'>bellum</span> <span class='ocrx_word' id='word_1_210' title='bbox 2829 1625 2973 1695; x_wconf 86' lang='lat' dir='ltr'>geri,</span> <span class='ocrx_word' id='word_1_211' title='bbox 3007 1625 3321 1696; x_wconf 90' lang='lat' dir='ltr'>perniciem</span> <span class='ocrx_word' id='word_1_212' title='bbox 3355 1626 3624 1698; x_wconf 85' lang='lat' dir='ltr'>injustam</span> 
     </span>
    </p>
   </div>
   <div class='ocr_carea' id='block_1_29' title="bbox 1997 1717 3626 1790">
    <p class='ocr_par' dir='ltr' id='par_1_29' title="bbox 1997 1717 3626 1790">
     <span class='ocr_line' id='line_1_29' title="bbox 1997 1717 3626 1790; baseline 0.003 -19"><span class='ocrx_word' id='word_1_213' title='bbox 1997 1717 2340 1788; x_wconf 89' lang='lat' dir='ltr'>pauperibus</span> <span class='ocrx_word' id='word_1_214' title='bbox 2388 1734 2452 1772; x_wconf 90' lang='lat' dir='ltr'>ac</span> <span class='ocrx_word' id='word_1_215' title='bbox 2501 1717 2784 1773; x_wconf 90' lang='lat' dir='ltr'>debilibus</span> <span class='ocrx_word' id='word_1_216' title='bbox 2828 1718 3046 1777; x_wconf 80' lang='lat' dir='ltr'>inferri.</span> <span class='ocrx_word' id='word_1_217' title='bbox 3096 1719 3241 1774; x_wconf 89' lang='lat' dir='ltr'>Sane</span> <span class='ocrx_word' id='word_1_218' title='bbox 3276 1721 3516 1790; x_wconf 86' lang='lat' dir='ltr'>juvenes</span> <span class='ocrx_word' id='word_1_219' title='bbox 3562 1737 3626 1776; x_wconf 90' lang='lat' dir='ltr'>ac</span> 
     </span>
    </p>
   </div>
   <div class='ocr_carea' id='block_1_30' title="bbox 259 1792 3625 1885">
    <p class='ocr_par' dir='ltr' id='par_1_30' title="bbox 259 1792 3625 1885">
     <span class='ocr_line' id='line_1_30' title="bbox 259 1792 3625 1885; baseline 0.003 -27"><span class='ocrx_word' id='word_1_220' title='bbox 259 1805 579 1863; x_wconf 88' lang='lat' dir='ltr'>dilabentes</span> <span class='ocrx_word' id='word_1_221' title='bbox 609 1824 620 1861; x_wconf 90' lang='lat'>:</span> <span class='ocrx_word' id='word_1_222' title='bbox 656 1807 745 1861; x_wconf 89' lang='lat' dir='ltr'>isti</span> <span class='ocrx_word' id='word_1_223' title='bbox 773 1807 923 1863; x_wconf 89' lang='lat' dir='ltr'>circa</span> <span class='ocrx_word' id='word_1_224' title='bbox 950 1809 1148 1864; x_wconf 90' lang='lat' dir='ltr'>domos</span> <span class='ocrx_word' id='word_1_225' title='bbox 1188 1827 1318 1865; x_wconf 90' lang='lat' dir='ltr'>suas</span> <span class='ocrx_word' id='word_1_226' title='bbox 1357 1812 1599 1884; x_wconf 90' lang='lat' dir='ltr'>quisque</span> <span class='ocrx_word' id='word_1_227' title='bbox 1630 1812 1888 1885; x_wconf 84' lang='lat' dir='ltr'>dispersi,</span> <span class='ocrx_word' id='word_1_228' title='bbox 1913 1792 1969 1863; x_wconf 83' lang='grc' dir='ltr'><strong>Β</strong></span> <span class='ocrx_word' id='word_1_229' title='bbox 1993 1809 2296 1865; x_wconf 83' lang='lat' dir='ltr'>validiores</span> <span class='ocrx_word' id='word_1_230' title='bbox 2328 1811 2384 1865; x_wconf 91' lang='lat' dir='ltr'>in</span> <span class='ocrx_word' id='word_1_231' title='bbox 2419 1827 2705 1867; x_wconf 87' lang='lat' dir='ltr'>carcerem</span> <span class='ocrx_word' id='word_1_232' title='bbox 2737 1811 3200 1881; x_wconf 89' lang='lat' dir='ltr'>retrudebantur,</span> <span class='ocrx_word' id='word_1_233' title='bbox 3228 1830 3368 1884; x_wconf 91' lang='lat' dir='ltr'>quos</span> <span class='ocrx_word' id='word_1_234' title='bbox 3391 1813 3625 1868; x_wconf 88' lang='lat' dir='ltr'>factioni</span> 
     </span>
    </p>
   </div>
   <div class='ocr_carea' id='block_1_31' title="bbox 257 1900 1888 1977">
    <p class='ocr_par' dir='ltr' id='par_1_31' title="bbox 257 1900 1888 1977">
     <span class='ocr_line' id='line_1_31' title="bbox 257 1900 1888 1977; baseline 0.006 -25"><span class='ocrx_word' id='word_1_235' title='bbox 257 1900 447 1954; x_wconf 91' lang='lat' dir='ltr'>locum</span> <span class='ocrx_word' id='word_1_236' title='bbox 472 1900 774 1971; x_wconf 90' lang='lat' dir='ltr'>dederunt,</span> <span class='ocrx_word' id='word_1_237' title='bbox 799 1906 861 1956; x_wconf 94' lang='lat' dir='ltr'>ut</span> <span class='ocrx_word' id='word_1_238' title='bbox 885 1903 954 1956; x_wconf 91' lang='lat' dir='ltr'>ab</span> <span class='ocrx_word' id='word_1_239' title='bbox 982 1903 1070 1957; x_wconf 91' lang='lat' dir='ltr'>his</span> <span class='ocrx_word' id='word_1_240' title='bbox 1099 1905 1199 1976; x_wconf 92' lang='lat' dir='ltr'>qui</span> <span class='ocrx_word' id='word_1_241' title='bbox 1222 1905 1372 1959; x_wconf 89' lang='lat' dir='ltr'>intra</span> <span class='ocrx_word' id='word_1_242' title='bbox 1399 1906 1677 1977; x_wconf 91' lang='lat' dir='ltr'>templum</span> <span class='ocrx_word' id='word_1_243' title='bbox 1707 1914 1888 1976; x_wconf 88' lang='lat' dir='ltr'>erant,</span> 
     </span>
    </p>
   </div>
   <div class='ocr_carea' id='block_1_32' title="bbox 254 1995 1888 2072">
    <p class='ocr_par' dir='ltr' id='par_1_32' title="bbox 254 1995 1888 2072">
     <span class='ocr_line' id='line_1_32' title="bbox 254 1995 1888 2072; baseline 0.006 -26"><span class='ocrx_word' id='word_1_244' title='bbox 254 1997 438 2063; x_wconf 61' lang='lat' dir='ltr'>porta:</span> <span class='ocrx_word' id='word_1_245' title='bbox 469 1995 848 2065; x_wconf 89' lang='lat' dir='ltr'>aperirentur.</span> <span class='ocrx_word' id='word_1_246' title='bbox 882 2000 1105 2069; x_wconf 85' lang='lat' dir='ltr'>Anceps</span> <span class='ocrx_word' id='word_1_247' title='bbox 1132 2003 1323 2053; x_wconf 89' lang='lat' dir='ltr'>tamen</span> <span class='ocrx_word' id='word_1_248' title='bbox 1353 2003 1410 2053; x_wconf 91' lang='lat' dir='ltr'>et</span> <span class='ocrx_word' id='word_1_249' title='bbox 1437 1998 1662 2054; x_wconf 90' lang='lat' dir='ltr'>diversa</span> <span class='ocrx_word' id='word_1_250' title='bbox 1694 2002 1888 2072; x_wconf 91' lang='lat' dir='ltr'>populi</span> 
     </span>
    </p>
   </div>
   <div class='ocr_carea' id='block_1_33' title="bbox 255 2088 1887 2164">
    <p class='ocr_par' dir='ltr' id='par_1_33' title="bbox 255 2088 1887 2164">
     <span class='ocr_line' id='line_1_33' title="bbox 255 2088 1887 2164; baseline 0.006 -24"><span class='ocrx_word' id='word_1_251' title='bbox 255 2088 557 2142; x_wconf 82' lang='lat' dir='ltr'>sententia.</span> <span class='ocrx_word' id='word_1_252' title='bbox 602 2089 706 2142; x_wconf 78' lang='lat' dir='ltr'>Alii</span> <span class='ocrx_word' id='word_1_253' title='bbox 753 2090 929 2144; x_wconf 91' lang='lat' dir='ltr'>Deum</span> <span class='ocrx_word' id='word_1_254' title='bbox 975 2107 1267 2146; x_wconf 89' lang='lat' dir='ltr'>summum</span> <span class='ocrx_word' id='word_1_255' title='bbox 1313 2091 1716 2164; x_wconf 87' lang='lat' dir='ltr'>indignantem</span> <span class='ocrx_word' id='word_1_256' title='bbox 1761 2096 1887 2150; x_wconf 89' lang='lat' dir='ltr'>Idu-</span> 
     </span>
    </p>
   </div>
   <div class='ocr_carea' id='block_1_34' title="bbox 253 2181 1889 2260">
    <p class='ocr_par' dir='ltr' id='par_1_34' title="bbox 253 2181 1889 2260">
     <span class='ocr_line' id='line_1_34' title="bbox 253 2181 1889 2260; baseline 0.007 -26"><span class='ocrx_word' id='word_1_257' title='bbox 253 2181 448 2245; x_wconf 69' lang='lat' dir='ltr'>maeis,</span> <span class='ocrx_word' id='word_1_258' title='bbox 503 2185 872 2253; x_wconf 86' lang='lat' dir='ltr'>tempestates</span> <span class='ocrx_word' id='word_1_259' title='bbox 935 2185 1174 2239; x_wconf 87' lang='lat' dir='ltr'>movisse</span> <span class='ocrx_word' id='word_1_260' title='bbox 1231 2186 1679 2255; x_wconf 87' lang='lat' dir='ltr'>arbitrabantur,</span> <span class='ocrx_word' id='word_1_261' title='bbox 1737 2189 1889 2260; x_wconf 91' lang='lat' dir='ltr'>quod</span> 
     </span>
    </p>
   </div>
   <div class='ocr_carea' id='block_1_35' title="bbox 255 2274 1889 2348">
    <p class='ocr_par' dir='ltr' id='par_1_35' title="bbox 255 2274 1889 2348">
     <span class='ocr_line' id='line_1_35' title="bbox 255 2274 1889 2348; baseline 0.007 -20"><span class='ocrx_word' id='word_1_262' title='bbox 255 2274 561 2330; x_wconf 90' lang='lat' dir='ltr'>adversum</span> <span class='ocrx_word' id='word_1_263' title='bbox 593 2276 893 2348; x_wconf 88' lang='lat' dir='ltr'>participes</span> <span class='ocrx_word' id='word_1_264' title='bbox 920 2295 1047 2333; x_wconf 89' lang='lat' dir='ltr'>suos</span> <span class='ocrx_word' id='word_1_265' title='bbox 1076 2278 1276 2334; x_wconf 89' lang='lat' dir='ltr'>armati</span> <span class='ocrx_word' id='word_1_266' title='bbox 1309 2287 1586 2336; x_wconf 88' lang='lat' dir='ltr'>venerant</span> <span class='ocrx_word' id='word_1_267' title='bbox 1617 2299 1630 2337; x_wconf 90' lang='lat'>:</span> <span class='ocrx_word' id='word_1_268' title='bbox 1662 2286 1889 2339; x_wconf 82' lang='lat' dir='ltr'>Auanus</span> 
     </span>
    </p>
   </div>
   <div class='ocr_carea' id='block_1_36' title="bbox 254 2368 1890 2446">
    <p class='ocr_par' dir='ltr' id='par_1_36' title="bbox 254 2368 1890 2446">
     <span class='ocr_line' id='line_1_36' title="bbox 254 2368 1890 2446; baseline 0.006 -24"><span class='ocrx_word' id='word_1_269' title='bbox 254 2373 314 2423; x_wconf 87' lang='lat' dir='ltr'>et</span> <span class='ocrx_word' id='word_1_270' title='bbox 339 2368 711 2439; x_wconf 88' lang='lat' dir='ltr'>profundiora</span> <span class='ocrx_word' id='word_1_271' title='bbox 741 2372 1031 2426; x_wconf 91' lang='lat' dir='ltr'>seniorum</span> <span class='ocrx_word' id='word_1_272' title='bbox 1063 2373 1316 2444; x_wconf 91' lang='lat' dir='ltr'>ingenia,</span> <span class='ocrx_word' id='word_1_273' title='bbox 1345 2375 1741 2446; x_wconf 89' lang='lat' dir='ltr'>conjectabant</span> <span class='ocrx_word' id='word_1_274' title='bbox 1769 2377 1890 2433; x_wconf 90' lang='lat' dir='ltr'>Idu-</span> 
     </span>
    </p>
   </div>
   <div class='ocr_carea' id='block_1_37' title="bbox 254 2463 1889 2538">
    <p class='ocr_par' dir='ltr' id='par_1_37' title="bbox 254 2463 1889 2538">
     <span class='ocr_line' id='line_1_37' title="bbox 254 2463 1889 2538; baseline 0.005 -22"><span class='ocrx_word' id='word_1_275' title='bbox 254 2478 437 2517; x_wconf 72' lang='lat' dir='ltr'>maeos</span> <span class='ocrx_word' id='word_1_276' title='bbox 489 2463 698 2534; x_wconf 88' lang='lat' dir='ltr'>injuria</span> <span class='ocrx_word' id='word_1_277' title='bbox 751 2465 840 2520; x_wconf 91' lang='lat' dir='ltr'>sui</span> <span class='ocrx_word' id='word_1_278' title='bbox 900 2467 1143 2538; x_wconf 90' lang='lat' dir='ltr'>amplius</span> <span class='ocrx_word' id='word_1_279' title='bbox 1200 2466 1432 2522; x_wconf 91' lang='lat' dir='ltr'>excitari</span> <span class='ocrx_word' id='word_1_280' title='bbox 1492 2468 1549 2523; x_wconf 91' lang='lat' dir='ltr'>in</span> <span class='ocrx_word' id='word_1_281' title='bbox 1603 2469 1889 2526; x_wconf 91' lang='lat' dir='ltr'>sociorum</span> 
     </span>
    </p>
   </div>
   <div class='ocr_carea' id='block_1_38' title="bbox 252 2556 1884 2631">
    <p class='ocr_par' dir='ltr' id='par_1_38' title="bbox 252 2556 1884 2631">
     <span class='ocr_line' id='line_1_38' title="bbox 252 2556 1884 2631; baseline 0.005 -21"><span class='ocrx_word' id='word_1_282' title='bbox 252 2556 585 2626; x_wconf 87' lang='lat' dir='ltr'>perniciem.</span> <span class='ocrx_word' id='word_1_283' title='bbox 640 2559 896 2630; x_wconf 90' lang='lat' dir='ltr'>Denique</span> <span class='ocrx_word' id='word_1_284' title='bbox 960 2559 1254 2616; x_wconf 89' lang='lat' dir='ltr'>sollicitior</span> <span class='ocrx_word' id='word_1_285' title='bbox 1313 2563 1536 2617; x_wconf 69' lang='lat' dir='ltr'>caeteris</span> <span class='ocrx_word' id='word_1_286' title='bbox 1588 2564 1884 2631; x_wconf 90' lang='lat' dir='ltr'>noctibus,</span> 
     </span>
    </p>
   </div>
   <div class='ocr_carea' id='block_1_39' title="bbox 252 2652 1886 2729">
    <p class='ocr_par' dir='ltr' id='par_1_39' title="bbox 252 2652 1886 2729">
     <span class='ocr_line' id='line_1_39' title="bbox 252 2652 1886 2729; baseline 0.005 -25"><span class='ocrx_word' id='word_1_287' title='bbox 252 2655 486 2705; x_wconf 84' lang='lat' dir='ltr'>Ananus</span> <span class='ocrx_word' id='word_1_288' title='bbox 540 2652 631 2706; x_wconf 90' lang='lat' dir='ltr'>illa</span> <span class='ocrx_word' id='word_1_289' title='bbox 688 2656 852 2708; x_wconf 91' lang='lat' dir='ltr'>nocte</span> <span class='ocrx_word' id='word_1_290' title='bbox 910 2671 1021 2708; x_wconf 93' lang='lat' dir='ltr'>non</span> <span class='ocrx_word' id='word_1_291' title='bbox 1077 2655 1409 2726; x_wconf 88' lang='lat' dir='ltr'>fatigatione</span> <span class='ocrx_word' id='word_1_292' title='bbox 1461 2658 1734 2729; x_wconf 89' lang='lat' dir='ltr'>corporis,</span> <span class='ocrx_word' id='word_1_293' title='bbox 1786 2658 1886 2712; x_wconf 91' lang='lat' dir='ltr'>sed</span> 
     </span>
    </p>
   </div>
   <div class='ocr_carea' id='block_1_40' title="bbox 255 2745 1888 2821">
    <p class='ocr_par' dir='ltr' id='par_1_40' title="bbox 255 2745 1888 2821">
     <span class='ocr_line' id='line_1_40' title="bbox 255 2745 1888 2821; baseline 0.005 -23"><span class='ocrx_word' id='word_1_294' title='bbox 255 2745 434 2799; x_wconf 86' lang='lat' dir='ltr'>animi</span> <span class='ocrx_word' id='word_1_295' title='bbox 461 2747 642 2817; x_wconf 87' lang='lat' dir='ltr'>magis</span> <span class='ocrx_word' id='word_1_296' title='bbox 680 2745 1077 2818; x_wconf 89' lang='lat' dir='ltr'>desperatione</span> <span class='ocrx_word' id='word_1_297' title='bbox 1115 2749 1331 2804; x_wconf 92' lang='lat' dir='ltr'>solutus</span> <span class='ocrx_word' id='word_1_298' title='bbox 1359 2751 1491 2821; x_wconf 88' lang='lat'><strong>(68),</strong></span> <span class='ocrx_word' id='word_1_299' title='bbox 1521 2751 1687 2806; x_wconf 89' lang='lat' dir='ltr'>cessit</span> <span class='ocrx_word' id='word_1_300' title='bbox 1719 2751 1888 2807; x_wconf 89' lang='lat' dir='ltr'>rebus</span> 
     </span>
    </p>
   </div>
   <div class='ocr_carea' id='block_1_41' title="bbox 253 2839 1884 2909">
    <p class='ocr_par' dir='ltr' id='par_1_41' title="bbox 253 2839 1884 2909">
     <span class='ocr_line' id='line_1_41' title="bbox 253 2839 1884 2909; baseline 0.005 -17"><span class='ocrx_word' id='word_1_301' title='bbox 253 2839 556 2894; x_wconf 89' lang='lat' dir='ltr'>adversum</span> <span class='ocrx_word' id='word_1_302' title='bbox 593 2857 649 2894; x_wconf 90' lang='lat' dir='ltr'>se</span> <span class='ocrx_word' id='word_1_303' title='bbox 680 2841 1100 2909; x_wconf 88' lang='lat' dir='ltr'>ﬂuctuantibus,</span> <span class='ocrx_word' id='word_1_304' title='bbox 1132 2849 1189 2897; x_wconf 91' lang='lat' dir='ltr'>et</span> <span class='ocrx_word' id='word_1_305' title='bbox 1216 2843 1597 2899; x_wconf 89' lang='lat' dir='ltr'>militantibus</span> <span class='ocrx_word' id='word_1_306' title='bbox 1634 2845 1692 2899; x_wconf 90' lang='lat' dir='ltr'>in</span> <span class='ocrx_word' id='word_1_307' title='bbox 1733 2846 1884 2900; x_wconf 91' lang='lat' dir='ltr'>exci-</span> 
     </span>
    </p>
   </div>
   <div class='ocr_carea' id='block_1_42' title="bbox 252 2932 1883 3010">
    <p class='ocr_par' dir='ltr' id='par_1_42' title="bbox 252 2932 1883 3010">
     <span class='ocr_line' id='line_1_42' title="bbox 252 2932 1883 3010; baseline 0.006 -24"><span class='ocrx_word' id='word_1_308' title='bbox 252 2932 415 2987; x_wconf 90' lang='lat' dir='ltr'>dium</span> <span class='ocrx_word' id='word_1_309' title='bbox 452 2950 620 2988; x_wconf 88' lang='lat' dir='ltr'>suum</span> <span class='ocrx_word' id='word_1_310' title='bbox 657 2935 854 2990; x_wconf 89' lang='lat' dir='ltr'>mundi</span> <span class='ocrx_word' id='word_1_311' title='bbox 891 2937 1197 3007; x_wconf 90' lang='lat' dir='ltr'>procellis:</span> <span class='ocrx_word' id='word_1_312' title='bbox 1233 2954 1336 2993; x_wconf 92' lang='lat' dir='ltr'>nec</span> <span class='ocrx_word' id='word_1_313' title='bbox 1367 2939 1691 2994; x_wconf 88' lang='lat' dir='ltr'>revisendas</span> <span class='ocrx_word' id='word_1_314' title='bbox 1722 2943 1883 3010; x_wconf 84' lang='lat' dir='ltr'>puta-</span> 
     </span>
    </p>
   </div>
   <div class='ocr_carea' id='block_1_43' title="bbox 252 3027 1883 3102">
    <p class='ocr_par' dir='ltr' id='par_1_43' title="bbox 252 3027 1883 3102">
     <span class='ocr_line' id='line_1_43' title="bbox 252 3027 1883 3102; baseline 0.005 -22"><span class='ocrx_word' id='word_1_315' title='bbox 252 3027 333 3082; x_wconf 85' lang='lat' dir='ltr'>vit</span> <span class='ocrx_word' id='word_1_316' title='bbox 371 3028 670 3098; x_wconf 89' lang='lat' dir='ltr'>custodias,</span> <span class='ocrx_word' id='word_1_317' title='bbox 714 3031 875 3100; x_wconf 91' lang='lat' dir='ltr'>quasi</span> <span class='ocrx_word' id='word_1_318' title='bbox 921 3031 1081 3085; x_wconf 90' lang='lat' dir='ltr'>daret</span> <span class='ocrx_word' id='word_1_319' title='bbox 1127 3033 1524 3087; x_wconf 89' lang='lat' dir='ltr'>auctoritatem</span> <span class='ocrx_word' id='word_1_320' title='bbox 1571 3033 1883 3102; x_wconf 87' lang='lat' dir='ltr'>dilabendi,</span> 
     </span>
    </p>
   </div>
   <div class='ocr_carea' id='block_1_44' title="bbox 251 3123 1885 3194">
    <p class='ocr_par' dir='ltr' id='par_1_44' title="bbox 251 3123 1885 3194">
     <span class='ocr_line' id='line_1_44' title="bbox 251 3123 1885 3194; baseline 0.004 -19"><span class='ocrx_word' id='word_1_321' title='bbox 251 3136 369 3192; x_wconf 91' lang='lat' dir='ltr'>quo</span> <span class='ocrx_word' id='word_1_322' title='bbox 399 3123 602 3194; x_wconf 91' lang='lat' dir='ltr'>cuique</span> <span class='ocrx_word' id='word_1_323' title='bbox 627 3128 771 3178; x_wconf 89' lang='lat' dir='ltr'>esset</span> <span class='ocrx_word' id='word_1_324' title='bbox 798 3125 1099 3180; x_wconf 88' lang='lat' dir='ltr'>sententia.</span> <span class='ocrx_word' id='word_1_325' title='bbox 1132 3125 1312 3190; x_wconf 85' lang='lat' dir='ltr'>Quam</span> <span class='ocrx_word' id='word_1_326' title='bbox 1343 3127 1703 3181; x_wconf 90' lang='lat' dir='ltr'>occasionem</span> <span class='ocrx_word' id='word_1_327' title='bbox 1739 3126 1885 3182; x_wconf 90' lang='lat' dir='ltr'>nacti</span> 
     </span>
    </p>
   </div>
   <div class='ocr_carea' id='block_1_45' title="bbox 251 3215 1887 3291">
    <p class='ocr_par' dir='ltr' id='par_1_45' title="bbox 251 3215 1887 3291">
     <span class='ocr_line' id='line_1_45' title="bbox 251 3215 1887 3291; baseline 0.005 -23"><span class='ocrx_word' id='word_1_328' title='bbox 251 3215 350 3286; x_wconf 89' lang='lat' dir='ltr'>qui</span> <span class='ocrx_word' id='word_1_329' title='bbox 404 3215 462 3269; x_wconf 91' lang='lat' dir='ltr'>in</span> <span class='ocrx_word' id='word_1_330' title='bbox 512 3216 788 3287; x_wconf 87' lang='lat' dir='ltr'>templum</span> <span class='ocrx_word' id='word_1_331' title='bbox 839 3218 1190 3289; x_wconf 85' lang='lat' dir='ltr'>refugerant,</span> <span class='ocrx_word' id='word_1_332' title='bbox 1238 3225 1532 3291; x_wconf 83' lang='lat' dir='ltr'>surgentes</span> <span class='ocrx_word' id='word_1_333' title='bbox 1583 3225 1887 3276; x_wconf 90' lang='lat' dir='ltr'>secuerunt</span> 
     </span>
    </p>
   </div>
   <div class='ocr_carea' id='block_1_46' title="bbox 251 3313 1887 3386">
    <p class='ocr_par' dir='ltr' id='par_1_46' title="bbox 251 3313 1887 3386">
     <span class='ocr_line' id='line_1_46' title="bbox 251 3313 1887 3386; baseline 0.004 -24"><span class='ocrx_word' id='word_1_334' title='bbox 251 3313 441 3363; x_wconf 84' lang='lat' dir='ltr'>vectes</span> <span class='ocrx_word' id='word_1_335' title='bbox 466 3314 782 3380; x_wconf 86' lang='lat' dir='ltr'>portarum.</span> <span class='ocrx_word' id='word_1_336' title='bbox 808 3313 1152 3383; x_wconf 88' lang='lat' dir='ltr'>C00peratus</span> <span class='ocrx_word' id='word_1_337' title='bbox 1183 3317 1267 3367; x_wconf 89' lang='lat' dir='ltr'>est</span> <span class='ocrx_word' id='word_1_338' title='bbox 1296 3313 1404 3368; x_wconf 89' lang='lat' dir='ltr'>illis</span> <span class='ocrx_word' id='word_1_339' title='bbox 1428 3315 1626 3386; x_wconf 90' lang='lat' dir='ltr'>fragor</span> <span class='ocrx_word' id='word_1_340' title='bbox 1652 3315 1796 3381; x_wconf 81' lang='lat' dir='ltr'>cceli,</span> <span class='ocrx_word' id='word_1_341' title='bbox 1824 3320 1887 3370; x_wconf 91' lang='lat' dir='ltr'>ut</span> 
     </span>
    </p>
   </div>
   <div class='ocr_carea' id='block_1_47' title="bbox 251 3406 1881 3480">
    <p class='ocr_par' dir='ltr' id='par_1_47' title="bbox 251 3406 1881 3480">
     <span class='ocr_line' id='line_1_47' title="bbox 251 3406 1881 3480; baseline 0.004 -24"><span class='ocrx_word' id='word_1_342' title='bbox 251 3417 510 3457; x_wconf 88' lang='lat' dir='ltr'>serarum</span> <span class='ocrx_word' id='word_1_343' title='bbox 559 3420 732 3458; x_wconf 87' lang='lat' dir='ltr'>sonus</span> <span class='ocrx_word' id='word_1_344' title='bbox 779 3408 893 3459; x_wconf 88' lang='lat' dir='ltr'>non</span> <span class='ocrx_word' id='word_1_345' title='bbox 941 3406 1256 3474; x_wconf 86' lang='lat' dir='ltr'>audiretur,</span> <span class='ocrx_word' id='word_1_346' title='bbox 1300 3412 1356 3461; x_wconf 90' lang='lat' dir='ltr'>et</span> <span class='ocrx_word' id='word_1_347' title='bbox 1401 3409 1678 3463; x_wconf 89' lang='lat' dir='ltr'>tumultus</span> <span class='ocrx_word' id='word_1_348' title='bbox 1719 3425 1881 3480; x_wconf 86' lang='lat' dir='ltr'>egre-</span> 
     </span>
    </p>
   </div>
   <div class='ocr_carea' id='block_1_48' title="bbox 250 3495 1883 3574">
    <p class='ocr_par' dir='ltr' id='par_1_48' title="bbox 250 3495 1883 3574">
     <span class='ocr_line' id='line_1_48' title="bbox 250 3495 1883 3574; baseline 0.004 -24"><span class='ocrx_word' id='word_1_349' title='bbox 250 3495 556 3553; x_wconf 88' lang='lat' dir='ltr'>dientium.</span> <span class='ocrx_word' id='word_1_350' title='bbox 611 3499 828 3554; x_wconf 90' lang='lat' dir='ltr'>Deinde</span> <span class='ocrx_word' id='word_1_351' title='bbox 880 3500 1174 3555; x_wconf 88' lang='lat' dir='ltr'>venientes</span> <span class='ocrx_word' id='word_1_352' title='bbox 1229 3501 1302 3556; x_wconf 88' lang='lat' dir='ltr'>ad</span> <span class='ocrx_word' id='word_1_353' title='bbox 1355 3517 1606 3569; x_wconf 90' lang='lat' dir='ltr'>murum,</span> <span class='ocrx_word' id='word_1_354' title='bbox 1661 3509 1883 3574; x_wconf 88' lang='lat' dir='ltr'>portam</span> 
     </span>
    </p>
   </div>
   <div class='ocr_carea' id='block_1_49' title="bbox 248 3591 1878 3663">
    <p class='ocr_par' dir='ltr' id='par_1_49' title="bbox 248 3591 1878 3663">
     <span class='ocr_line' id='line_1_49' title="bbox 248 3591 1878 3663; baseline 0.004 -19"><span class='ocrx_word' id='word_1_355' title='bbox 248 3607 380 3662; x_wconf 69' lang='lat' dir='ltr'>quae</span> <span class='ocrx_word' id='word_1_356' title='bbox 426 3591 607 3647; x_wconf 91' lang='lat' dir='ltr'>vicina</span> <span class='ocrx_word' id='word_1_357' title='bbox 648 3597 772 3647; x_wconf 89' lang='lat' dir='ltr'>erat</span> <span class='ocrx_word' id='word_1_358' title='bbox 812 3594 1191 3650; x_wconf 69' lang='lat' dir='ltr'>ldumaaorum</span> <span class='ocrx_word' id='word_1_359' title='bbox 1238 3595 1494 3663; x_wconf 68' lang='lat' dir='ltr'>cratibus,</span> <span class='ocrx_word' id='word_1_360' title='bbox 1537 3612 1878 3651; x_wconf 88' lang='lat' dir='ltr'>reseravere.</span> 
     </span>
    </p>
   </div>
   <div class='ocr_carea' id='block_1_50' title="bbox 251 3684 1880 3761">
    <p class='ocr_par' dir='ltr' id='par_1_50' title="bbox 251 3684 1880 3761">
     <span class='ocr_line' id='line_1_50' title="bbox 251 3684 1880 3761; baseline 0.004 -23"><span class='ocrx_word' id='word_1_361' title='bbox 251 3684 493 3740; x_wconf 90' lang='lat' dir='ltr'>Ultimus</span> <span class='ocrx_word' id='word_1_362' title='bbox 537 3686 630 3740; x_wconf 89' lang='lat' dir='ltr'>ille</span> <span class='ocrx_word' id='word_1_363' title='bbox 676 3687 795 3741; x_wconf 90' lang='lat' dir='ltr'>dies</span> <span class='ocrx_word' id='word_1_364' title='bbox 841 3687 1102 3743; x_wconf 91' lang='lat' dir='ltr'>universo</span> <span class='ocrx_word' id='word_1_365' title='bbox 1147 3690 1354 3761; x_wconf 91' lang='lat' dir='ltr'>populo</span> <span class='ocrx_word' id='word_1_366' title='bbox 1403 3690 1620 3757; x_wconf 88' lang='lat' dir='ltr'>fuisset,</span> <span class='ocrx_word' id='word_1_367' title='bbox 1667 3690 1713 3743; x_wconf 93' lang='lat' dir='ltr'>si</span> <span class='ocrx_word' id='word_1_368' title='bbox 1766 3705 1880 3744; x_wconf 90' lang='lat' dir='ltr'>non</span> 
     </span>
    </p>
   </div>
   <div class='ocr_carea' id='block_1_51' title="bbox 249 3777 1880 3855">
    <p class='ocr_par' dir='ltr' id='par_1_51' title="bbox 249 3777 1880 3855">
     <span class='ocr_line' id='line_1_51' title="bbox 249 3777 1880 3855; baseline 0.005 -24"><span class='ocrx_word' id='word_1_369' title='bbox 249 3777 324 3832; x_wconf 88' lang='lat' dir='ltr'>ad</span> <span class='ocrx_word' id='word_1_370' title='bbox 369 3780 652 3851; x_wconf 90' lang='lat' dir='ltr'>templum</span> <span class='ocrx_word' id='word_1_371' title='bbox 697 3781 856 3852; x_wconf 88' lang='lat' dir='ltr'>prius</span> <span class='ocrx_word' id='word_1_372' title='bbox 901 3798 1074 3853; x_wconf 90' lang='lat' dir='ltr'>quam</span> <span class='ocrx_word' id='word_1_373' title='bbox 1123 3783 1276 3837; x_wconf 89' lang='lat' dir='ltr'>urbis</span> <span class='ocrx_word' id='word_1_374' title='bbox 1316 3783 1545 3853; x_wconf 90' lang='lat' dir='ltr'>signum</span> <span class='ocrx_word' id='word_1_375' title='bbox 1588 3784 1698 3855; x_wconf 87' lang='lat'>(69)</span> <span class='ocrx_word' id='word_1_376' title='bbox 1743 3785 1880 3839; x_wconf 90' lang='lat' dir='ltr'>diri-</span> 
     </span>
    </p>
   </div>
   <div class='ocr_carea' id='block_1_52' title="bbox 251 3872 1881 3950">
    <p class='ocr_par' dir='ltr' id='par_1_52' title="bbox 251 3872 1881 3950">
     <span class='ocr_line' id='line_1_52' title="bbox 251 3872 1881 3950; baseline 0.004 -24"><span class='ocrx_word' id='word_1_377' title='bbox 251 3872 507 3943; x_wconf 89' lang='lat' dir='ltr'>gendum</span> <span class='ocrx_word' id='word_1_378' title='bbox 549 3880 861 3945; x_wconf 86' lang='lat' dir='ltr'>putassent.</span> <span class='ocrx_word' id='word_1_379' title='bbox 905 3875 1015 3930; x_wconf 89' lang='lat' dir='ltr'>Sed</span> <span class='ocrx_word' id='word_1_380' title='bbox 1063 3877 1194 3947; x_wconf 89' lang='lat' dir='ltr'>quia</span> <span class='ocrx_word' id='word_1_381' title='bbox 1240 3881 1565 3933; x_wconf 87' lang='lat' dir='ltr'>metuentes</span> <span class='ocrx_word' id='word_1_382' title='bbox 1607 3877 1736 3945; x_wconf 89' lang='lat' dir='ltr'>sibi,</span> <span class='ocrx_word' id='word_1_383' title='bbox 1783 3879 1881 3950; x_wconf 92' lang='lat' dir='ltr'>qui</span> 
     </span>
    </p>
   </div>
   <div class='ocr_carea' id='block_1_53' title="bbox 249 3969 1877 4042">
    <p class='ocr_par' dir='ltr' id='par_1_53' title="bbox 249 3969 1877 4042">
     <span class='ocr_line' id='line_1_53' title="bbox 249 3969 1877 4042; baseline 0.004 -22"><span class='ocrx_word' id='word_1_384' title='bbox 249 3969 397 4022; x_wconf 87' lang='lat' dir='ltr'>intra</span> <span class='ocrx_word' id='word_1_385' title='bbox 436 3969 718 4038; x_wconf 89' lang='lat' dir='ltr'>templum</span> <span class='ocrx_word' id='word_1_386' title='bbox 771 3969 942 4024; x_wconf 88' lang='lat' dir='ltr'>clausi</span> <span class='ocrx_word' id='word_1_387' title='bbox 985 3971 1349 4038; x_wconf 89' lang='lat' dir='ltr'>tenebantur,</span> <span class='ocrx_word' id='word_1_388' title='bbox 1397 3987 1467 4025; x_wconf 91' lang='lat' dir='ltr'>ne</span> <span class='ocrx_word' id='word_1_389' title='bbox 1518 3971 1744 4042; x_wconf 89' lang='lat' dir='ltr'>cognito</span> <span class='ocrx_word' id='word_1_390' title='bbox 1792 3972 1877 4027; x_wconf 83' lang='lat' dir='ltr'>in-</span> 
     </span>
    </p>
   </div>
   <div class='ocr_carea' id='block_1_54' title="bbox 249 4061 1882 4137">
    <p class='ocr_par' dir='ltr' id='par_1_54' title="bbox 249 4061 1882 4137">
     <span class='ocr_line' id='line_1_54' title="bbox 249 4061 1882 4137; baseline 0.004 -23"><span class='ocrx_word' id='word_1_391' title='bbox 249 4077 450 4132; x_wconf 85' lang='lat' dir='ltr'>gressu</span> <span class='ocrx_word' id='word_1_392' title='bbox 500 4061 917 4131; x_wconf 70' lang='lat' dir='ltr'>Idumaeorum,</span> <span class='ocrx_word' id='word_1_393' title='bbox 971 4064 1027 4118; x_wconf 92' lang='lat' dir='ltr'>in</span> <span class='ocrx_word' id='word_1_394' title='bbox 1090 4065 1241 4136; x_wconf 89' lang='lat' dir='ltr'>ipsos</span> <span class='ocrx_word' id='word_1_395' title='bbox 1295 4065 1652 4120; x_wconf 66' lang='lat' dir='ltr'>circumfusae</span> <span class='ocrx_word' id='word_1_396' title='bbox 1702 4066 1882 4137; x_wconf 88' lang='lat' dir='ltr'>plebis</span> 
     </span>
    </p>
   </div>
   <div class='ocr_carea' id='block_1_55' title="bbox 246 4154 1878 4230">
    <p class='ocr_par' dir='ltr' id='par_1_55' title="bbox 246 4154 1878 4230">
     <span class='ocr_line' id='line_1_55' title="bbox 246 4154 1878 4230; baseline 0.004 -23"><span class='ocrx_word' id='word_1_397' title='bbox 246 4155 496 4225; x_wconf 88' lang='lat' dir='ltr'>impetus</span> <span class='ocrx_word' id='word_1_398' title='bbox 536 4154 719 4221; x_wconf 85' lang='lat' dir='ltr'>ﬁeret,</span> <span class='ocrx_word' id='word_1_399' title='bbox 764 4163 828 4212; x_wconf 91' lang='lat' dir='ltr'>ut</span> <span class='ocrx_word' id='word_1_400' title='bbox 877 4157 1179 4212; x_wconf 88' lang='lat' dir='ltr'>vindictam</span> <span class='ocrx_word' id='word_1_401' title='bbox 1227 4159 1485 4214; x_wconf 89' lang='lat' dir='ltr'>morituri</span> <span class='ocrx_word' id='word_1_402' title='bbox 1528 4164 1878 4230; x_wconf 80' lang='lat' dir='ltr'>exposceret,</span> 
     </span>
    </p>
   </div>
   <div class='ocr_carea' id='block_1_56' title="bbox 245 4250 1878 4323">
    <p class='ocr_par' dir='ltr' id='par_1_56' title="bbox 245 4250 1878 4323">
     <span class='ocr_line' id='line_1_56' title="bbox 245 4250 1878 4323; baseline 0.003 -20"><span class='ocrx_word' id='word_1_403' title='bbox 245 4253 596 4320; x_wconf 88' lang='lat' dir='ltr'>rogaverunt</span> <span class='ocrx_word' id='word_1_404' title='bbox 635 4253 697 4304; x_wconf 94' lang='lat' dir='ltr'>ut</span> <span class='ocrx_word' id='word_1_405' title='bbox 738 4250 844 4322; x_wconf 86' lang='lat' dir='ltr'>ipsi</span> <span class='ocrx_word' id='word_1_406' title='bbox 890 4251 1153 4323; x_wconf 88' lang='lat' dir='ltr'>primitus</span> <span class='ocrx_word' id='word_1_407' title='bbox 1196 4253 1342 4307; x_wconf 88' lang='lat' dir='ltr'>cladi</span> <span class='ocrx_word' id='word_1_408' title='bbox 1384 4254 1522 4322; x_wconf 67' lang='grc' dir='ltr'>(ὅθ’)</span> <span class='ocrx_word' id='word_1_409' title='bbox 1557 4253 1878 4308; x_wconf 89' lang='lat' dir='ltr'>eximeren-</span> 
     </span>
    </p>
   </div>
   <div class='ocr_carea' id='block_1_57' title="bbox 244 4344 1875 4418">
    <p class='ocr_par' dir='ltr' id='par_1_57' title="bbox 244 4344 1875 4418">
     <span class='ocr_line' id='line_1_57' title="bbox 244 4344 1875 4418; baseline 0.002 -21"><span class='ocrx_word' id='word_1_410' title='bbox 244 4347 371 4409; x_wconf 91' lang='lat' dir='ltr'>tur;</span> <span class='ocrx_word' id='word_1_411' title='bbox 401 4347 538 4398; x_wconf 92' lang='lat' dir='ltr'>tunc</span> <span class='ocrx_word' id='word_1_412' title='bbox 578 4347 776 4415; x_wconf 90' lang='lat' dir='ltr'>postea</span> <span class='ocrx_word' id='word_1_413' title='bbox 814 4344 1064 4400; x_wconf 89' lang='lat' dir='ltr'>liberatis</span> <span class='ocrx_word' id='word_1_414' title='bbox 1103 4345 1257 4416; x_wconf 87' lang='lat' dir='ltr'>ipsis,</span> <span class='ocrx_word' id='word_1_415' title='bbox 1299 4349 1356 4400; x_wconf 88' lang='lat' dir='ltr'>et</span> <span class='ocrx_word' id='word_1_416' title='bbox 1391 4347 1707 4418; x_wconf 88' lang='lat' dir='ltr'>conjunctis</span> <span class='ocrx_word' id='word_1_417' title='bbox 1749 4348 1875 4402; x_wconf 83' lang='lat' dir='ltr'>viri-</span> 
     </span>
    </p>
   </div>
   <div class='ocr_carea' id='block_1_58' title="bbox 242 4435 1879 4508">
    <p class='ocr_par' dir='ltr' id='par_1_58' title="bbox 242 4435 1879 4508">
     <span class='ocr_line' id='line_1_58' title="bbox 242 4435 1879 4508; baseline 0.004 -18"><span class='ocrx_word' id='word_1_418' title='bbox 242 4435 370 4502; x_wconf 90' lang='lat' dir='ltr'>bus,</span> <span class='ocrx_word' id='word_1_419' title='bbox 412 4437 470 4491; x_wconf 92' lang='lat' dir='ltr'>in</span> <span class='ocrx_word' id='word_1_420' title='bbox 515 4439 798 4508; x_wconf 90' lang='lat' dir='ltr'>populum</span> <span class='ocrx_word' id='word_1_421' title='bbox 841 4438 1289 4494; x_wconf 75' lang='lat' dir='ltr'>effunderentur.</span> <span class='ocrx_word' id='word_1_422' title='bbox 1333 4440 1619 4496; x_wconf 89' lang='lat' dir='ltr'>Deﬂexere</span> <span class='ocrx_word' id='word_1_423' title='bbox 1661 4441 1729 4495; x_wconf 85' lang='lat' dir='ltr'>ad</span> <span class='ocrx_word' id='word_1_424' title='bbox 1780 4458 1879 4497; x_wconf 91' lang='lat' dir='ltr'>eos</span> 
     </span>
    </p>
   </div>
   <div class='ocr_carea' id='block_1_59' title="bbox 1995 1903 3625 1979">
    <p class='ocr_par' dir='ltr' id='par_1_59' title="bbox 1995 1903 3625 1979">
     <span class='ocr_line' id='line_1_59' title="bbox 1995 1903 3625 1979; baseline 0.002 -21"><span class='ocrx_word' id='word_1_425' title='bbox 1995 1903 2228 1959; x_wconf 88' lang='lat' dir='ltr'>idoneos</span> <span class='ocrx_word' id='word_1_426' title='bbox 2260 1904 2716 1973; x_wconf 85' lang='lat' dir='ltr'>arbitrabantur;</span> <span class='ocrx_word' id='word_1_427' title='bbox 2759 1905 2854 1960; x_wconf 90' lang='lat' dir='ltr'>sed</span> <span class='ocrx_word' id='word_1_428' title='bbox 2885 1921 3094 1976; x_wconf 89' lang='lat' dir='ltr'>magna</span> <span class='ocrx_word' id='word_1_429' title='bbox 3125 1906 3330 1961; x_wconf 90' lang='lat' dir='ltr'>virtute</span> <span class='ocrx_word' id='word_1_430' title='bbox 3368 1907 3625 1979; x_wconf 89' lang='lat' dir='ltr'>plerique</span> 
     </span>
    </p>
   </div>
   <div class='ocr_carea' id='block_1_60' title="bbox 1994 1997 3623 2071">
    <p class='ocr_par' dir='ltr' id='par_1_60' title="bbox 1994 1997 3623 2071">
     <span class='ocr_line' id='line_1_60' title="bbox 1994 1997 3623 2071; baseline 0.001 -19"><span class='ocrx_word' id='word_1_431' title='bbox 1994 1998 2190 2052; x_wconf 88' lang='lat' dir='ltr'>omnia</span> <span class='ocrx_word' id='word_1_432' title='bbox 2233 1997 2508 2069; x_wconf 90' lang='lat' dir='ltr'>supplicia</span> <span class='ocrx_word' id='word_1_433' title='bbox 2552 1998 2843 2052; x_wconf 89' lang='lat' dir='ltr'>malebant</span> <span class='ocrx_word' id='word_1_434' title='bbox 2883 1998 3092 2067; x_wconf 91' lang='lat' dir='ltr'>subire,</span> <span class='ocrx_word' id='word_1_435' title='bbox 3136 2016 3305 2070; x_wconf 87' lang='lat' dir='ltr'>quam</span> <span class='ocrx_word' id='word_1_436' title='bbox 3335 2003 3402 2054; x_wconf 91' lang='lat' dir='ltr'>ut</span> <span class='ocrx_word' id='word_1_437' title='bbox 3429 2000 3623 2071; x_wconf 89' lang='lat' dir='ltr'>perdi-</span> 
     </span>
    </p>
   </div>
   <div class='ocr_carea' id='block_1_61' title="bbox 1993 2091 3622 2165">
    <p class='ocr_par' dir='ltr' id='par_1_61' title="bbox 1993 2091 3622 2165">
     <span class='ocr_line' id='line_1_61' title="bbox 1993 2091 3622 2165; baseline 0.003 -21"><span class='ocrx_word' id='word_1_438' title='bbox 1993 2092 2063 2146; x_wconf 87' lang='lat' dir='ltr'>tis</span> <span class='ocrx_word' id='word_1_439' title='bbox 2099 2091 2465 2148; x_wconf 89' lang='lat' dir='ltr'>sociarentur.</span> <span class='ocrx_word' id='word_1_440' title='bbox 2504 2092 2614 2147; x_wconf 87' lang='lat' dir='ltr'>Nec</span> <span class='ocrx_word' id='word_1_441' title='bbox 2648 2092 2852 2146; x_wconf 89' lang='lat' dir='ltr'>modus</span> <span class='ocrx_word' id='word_1_442' title='bbox 2890 2096 3016 2147; x_wconf 90' lang='lat' dir='ltr'>erat</span> <span class='ocrx_word' id='word_1_443' title='bbox 3047 2092 3224 2159; x_wconf 88' lang='lat' dir='ltr'>ullus,</span> <span class='ocrx_word' id='word_1_444' title='bbox 3267 2109 3371 2148; x_wconf 90' lang='lat' dir='ltr'>nec</span> <span class='ocrx_word' id='word_1_445' title='bbox 3406 2093 3622 2165; x_wconf 90' lang='lat' dir='ltr'>pudor,</span> 
     </span>
    </p>
   </div>
   <div class='ocr_carea' id='block_1_62' title="bbox 1990 2184 3624 2243">
    <p class='ocr_par' dir='ltr' id='par_1_62' title="bbox 1990 2184 3624 2243">
     <span class='ocr_line' id='line_1_62' title="bbox 1990 2184 3624 2243; baseline 0.002 -4"><span class='ocrx_word' id='word_1_446' title='bbox 1990 2185 2066 2240; x_wconf 90' lang='lat' dir='ltr'>ita</span> <span class='ocrx_word' id='word_1_447' title='bbox 2114 2185 2338 2240; x_wconf 88' lang='lat' dir='ltr'>furebat</span> <span class='ocrx_word' id='word_1_448' title='bbox 2388 2184 2572 2240; x_wconf 87' lang='lat' dir='ltr'>rabies</span> <span class='ocrx_word' id='word_1_449' title='bbox 2616 2185 3010 2241; x_wconf 83' lang='lat' dir='ltr'>immanitatis.</span> <span class='ocrx_word' id='word_1_450' title='bbox 3058 2187 3189 2242; x_wconf 89' lang='lat' dir='ltr'>Post</span> <span class='ocrx_word' id='word_1_451' title='bbox 3244 2186 3342 2242; x_wconf 90' lang='lat' dir='ltr'>ubi</span> <span class='ocrx_word' id='word_1_452' title='bbox 3391 2187 3624 2243; x_wconf 87' lang='lat' dir='ltr'>defuere</span> 
     </span>
    </p>
   </div>
   <div class='ocr_carea' id='block_1_63' title="bbox 1992 2279 3620 2353">
    <p class='ocr_par' dir='ltr' id='par_1_63' title="bbox 1992 2279 3620 2353">
     <span class='ocr_line' id='line_1_63' title="bbox 1992 2279 3620 2353; baseline 0.004 -22"><span class='ocrx_word' id='word_1_453' title='bbox 1992 2279 2092 2333; x_wconf 89' lang='lat' dir='ltr'>visi</span> <span class='ocrx_word' id='word_1_454' title='bbox 2131 2295 2396 2350; x_wconf 90' lang='lat' dir='ltr'>processu</span> <span class='ocrx_word' id='word_1_455' title='bbox 2426 2279 2716 2350; x_wconf 88' lang='lat' dir='ltr'>temporis,</span> <span class='ocrx_word' id='word_1_456' title='bbox 2751 2295 2949 2334; x_wconf 88' lang='lat' dir='ltr'>causas</span> <span class='ocrx_word' id='word_1_457' title='bbox 2979 2279 3083 2335; x_wconf 90' lang='lat' dir='ltr'>sibi</span> <span class='ocrx_word' id='word_1_458' title='bbox 3122 2280 3394 2336; x_wconf 89' lang='lat' dir='ltr'>simulare</span> <span class='ocrx_word' id='word_1_459' title='bbox 3436 2297 3620 2353; x_wconf 70' lang='lat' dir='ltr'>crepe-</span> 
     </span>
    </p>
   </div>
   <div class='ocr_carea' id='block_1_64' title="bbox 1991 2372 3622 2445">
    <p class='ocr_par' dir='ltr' id='par_1_64' title="bbox 1991 2372 3622 2445">
     <span class='ocr_line' id='line_1_64' title="bbox 1991 2372 3622 2445; baseline 0.002 -18"><span class='ocrx_word' id='word_1_460' title='bbox 1991 2379 2143 2440; x_wconf 91' lang='lat' dir='ltr'>ruut,</span> <span class='ocrx_word' id='word_1_461' title='bbox 2176 2373 2669 2445; x_wconf 89' lang='lat' dir='ltr'>perimendorum,</span> <span class='ocrx_word' id='word_1_462' title='bbox 2698 2390 2814 2445; x_wconf 93' lang='lat' dir='ltr'>quo</span> <span class='ocrx_word' id='word_1_463' title='bbox 2841 2374 2912 2429; x_wconf 89' lang='lat' dir='ltr'>ad</span> <span class='ocrx_word' id='word_1_464' title='bbox 2931 2372 3145 2444; x_wconf 90' lang='lat' dir='ltr'>judicia</span> <span class='ocrx_word' id='word_1_465' title='bbox 3170 2390 3296 2430; x_wconf 90' lang='lat' dir='ltr'>reos</span> <span class='ocrx_word' id='word_1_466' title='bbox 3326 2374 3622 2445; x_wconf 89' lang='lat' dir='ltr'>ducerent,</span> 
     </span>
    </p>
   </div>
   <div class='ocr_carea' id='block_1_65' title="bbox 1989 2466 3620 2538">
    <p class='ocr_par' dir='ltr' id='par_1_65' title="bbox 1989 2466 3620 2538">
     <span class='ocr_line' id='line_1_65' title="bbox 1989 2466 3620 2538; baseline 0.001 -17"><span class='ocrx_word' id='word_1_467' title='bbox 1989 2483 2106 2522; x_wconf 91' lang='lat' dir='ltr'>non</span> <span class='ocrx_word' id='word_1_468' title='bbox 2133 2472 2198 2521; x_wconf 91' lang='lat' dir='ltr'>ut</span> <span class='ocrx_word' id='word_1_469' title='bbox 2226 2468 2615 2538; x_wconf 88' lang='lat' dir='ltr'>requireretur</span> <span class='ocrx_word' id='word_1_470' title='bbox 2634 2466 2878 2537; x_wconf 89' lang='lat' dir='ltr'>justitia,</span> <span class='ocrx_word' id='word_1_471' title='bbox 2919 2467 3014 2522; x_wconf 90' lang='lat' dir='ltr'>sed</span> <span class='ocrx_word' id='word_1_472' title='bbox 3053 2470 3116 2522; x_wconf 91' lang='lat' dir='ltr'>ut</span> <span class='ocrx_word' id='word_1_473' title='bbox 3140 2467 3442 2524; x_wconf 88' lang='lat' dir='ltr'>crudelitas</span> <span class='ocrx_word' id='word_1_474' title='bbox 3471 2469 3620 2523; x_wconf 87' lang='lat' dir='ltr'>exci-</span> 
     </span>
    </p>
   </div>
   <div class='ocr_carea' id='block_1_66' title="bbox 1988 2565 2227 2616">
    <p class='ocr_par' dir='ltr' id='par_1_66' title="bbox 1988 2565 2227 2616">
     <span class='ocr_line' id='line_1_66' title="bbox 1988 2565 2227 2616; baseline -0.004 0"><span class='ocrx_word' id='word_1_475' title='bbox 1988 2565 2227 2616; x_wconf 87' lang='lat' dir='ltr'>taretur.</span> 
     </span>
    </p>
   </div>
   <div class='ocr_carea' id='block_1_67' title="bbox 2641 2678 2957 2732">
    <p class='ocr_par' dir='ltr' id='par_1_67' title="bbox 2641 2678 2957 2732">
     <span class='ocr_line' id='line_1_67' title="bbox 2641 2678 2957 2732; baseline 0.006 -2"><span class='ocrx_word' id='word_1_476' title='bbox 2641 2678 2859 2732; x_wconf 85' lang='lat' dir='ltr'><strong>CAPUT</strong></span> <span class='ocrx_word' id='word_1_477' title='bbox 2899 2679 2957 2732; x_wconf 87' lang='lat' dir='ltr'>X.</span> 
     </span>
    </p>
   </div>
   <div class='ocr_carea' id='block_1_68' title="bbox 2061 2842 3618 2915">
    <p class='ocr_par' dir='ltr' id='par_1_68' title="bbox 2061 2842 3618 2915">
     <span class='ocr_line' id='line_1_68' title="bbox 2061 2842 3618 2915; baseline 0.001 -19"><span class='ocrx_word' id='word_1_478' title='bbox 2061 2843 2195 2897; x_wconf 87' lang='lat' dir='ltr'>Erat</span> <span class='ocrx_word' id='word_1_479' title='bbox 2221 2843 2278 2896; x_wconf 90' lang='lat' dir='ltr'>in</span> <span class='ocrx_word' id='word_1_480' title='bbox 2315 2842 2537 2898; x_wconf 88' lang='lat' dir='ltr'>civitate</span> <span class='ocrx_word' id='word_1_481' title='bbox 2574 2843 2890 2910; x_wconf 88' lang='lat' dir='ltr'>Zacharias,</span> <span class='ocrx_word' id='word_1_482' title='bbox 2931 2843 3029 2914; x_wconf 90' lang='lat' dir='ltr'>qui</span> <span class='ocrx_word' id='word_1_483' title='bbox 3058 2843 3272 2898; x_wconf 90' lang='lat' dir='ltr'>odisset</span> <span class='ocrx_word' id='word_1_484' title='bbox 3309 2844 3618 2915; x_wconf 88' lang='lat' dir='ltr'>improbos,</span> 
     </span>
    </p>
   </div>
   <div class='ocr_carea' id='block_1_69' title="bbox 1987 2936 3622 3009">
    <p class='ocr_par' dir='ltr' id='par_1_69' title="bbox 1987 2936 3622 3009">
     <span class='ocr_line' id='line_1_69' title="bbox 1987 2936 3622 3009; baseline 0.001 -17"><span class='ocrx_word' id='word_1_485' title='bbox 1987 2953 2090 2992; x_wconf 91' lang='lat' dir='ltr'>nec</span> <span class='ocrx_word' id='word_1_486' title='bbox 2121 2953 2181 2991; x_wconf 92' lang='lat' dir='ltr'>se</span> <span class='ocrx_word' id='word_1_487' title='bbox 2210 2936 2469 2992; x_wconf 89' lang='lat' dir='ltr'>misceret</span> <span class='ocrx_word' id='word_1_488' title='bbox 2496 2936 2816 3008; x_wconf 89' lang='lat' dir='ltr'>ﬂagitiosis,</span> <span class='ocrx_word' id='word_1_489' title='bbox 2851 2937 3006 2992; x_wconf 89' lang='lat' dir='ltr'>dives</span> <span class='ocrx_word' id='word_1_490' title='bbox 3043 2954 3239 3009; x_wconf 92' lang='lat' dir='ltr'>opum,</span> <span class='ocrx_word' id='word_1_491' title='bbox 3268 2954 3514 3009; x_wconf 89' lang='lat' dir='ltr'>quarum</span> <span class='ocrx_word' id='word_1_492' title='bbox 3539 2939 3622 2994; x_wconf 90' lang='lat' dir='ltr'>illi</span> 
     </span>
    </p>
   </div>
   <div class='ocr_carea' id='block_1_70' title="bbox 1985 3030 3620 3097">
    <p class='ocr_par' dir='ltr' id='par_1_70' title="bbox 1985 3030 3620 3097">
     <span class='ocr_line' id='line_1_70' title="bbox 1985 3030 3620 3097; baseline 0.001 -12"><span class='ocrx_word' id='word_1_493' title='bbox 1985 3030 2416 3097; x_wconf 89' lang='lat' dir='ltr'>abundantiam,</span> <span class='ocrx_word' id='word_1_494' title='bbox 2455 3031 2540 3085; x_wconf 90' lang='lat' dir='ltr'>vel</span> <span class='ocrx_word' id='word_1_495' title='bbox 2572 3031 2645 3086; x_wconf 91' lang='lat' dir='ltr'>ad</span> <span class='ocrx_word' id='word_1_496' title='bbox 2673 3031 3094 3087; x_wconf 88' lang='lat' dir='ltr'>dissolvendam</span> <span class='ocrx_word' id='word_1_497' title='bbox 3123 3032 3428 3087; x_wconf 86' lang='lat' dir='ltr'>factionem</span> <span class='ocrx_word' id='word_1_498' title='bbox 3460 3048 3620 3087; x_wconf 89' lang='lat' dir='ltr'>suam</span> 
     </span>
    </p>
   </div>
   <div class='ocr_carea' id='block_1_71' title="bbox 1988 3124 3616 3197">
    <p class='ocr_par' dir='ltr' id='par_1_71' title="bbox 1988 3124 3616 3197">
     <span class='ocr_line' id='line_1_71' title="bbox 1988 3124 3616 3197; baseline 0.002 -19"><span class='ocrx_word' id='word_1_499' title='bbox 1988 3124 2276 3179; x_wconf 87' lang='lat' dir='ltr'>efficacem</span> <span class='ocrx_word' id='word_1_500' title='bbox 2320 3125 2734 3196; x_wconf 90' lang='lat' dir='ltr'>opinabantur,</span> <span class='ocrx_word' id='word_1_501' title='bbox 2781 3125 2869 3180; x_wconf 91' lang='lat' dir='ltr'>vel</span> <span class='ocrx_word' id='word_1_502' title='bbox 2917 3125 2988 3179; x_wconf 89' lang='lat' dir='ltr'>ad</span> <span class='ocrx_word' id='word_1_503' title='bbox 3035 3126 3287 3197; x_wconf 65' lang='lat' dir='ltr'>praedam</span> <span class='ocrx_word' id='word_1_504' title='bbox 3331 3125 3436 3180; x_wconf 88' lang='lat' dir='ltr'>sibi</span> <span class='ocrx_word' id='word_1_505' title='bbox 3477 3125 3616 3181; x_wconf 89' lang='lat' dir='ltr'>ube-</span> 
     </span>
    </p>
   </div>
   <div class='ocr_carea' id='block_1_72' title="bbox 1988 3218 3621 3290">
    <p class='ocr_par' dir='ltr' id='par_1_72' title="bbox 1988 3218 3621 3290">
     <span class='ocr_line' id='line_1_72' title="bbox 1988 3218 3621 3290; baseline 0.001 -18"><span class='ocrx_word' id='word_1_506' title='bbox 1988 3234 2111 3274; x_wconf 91' lang='lat' dir='ltr'>rem</span> <span class='ocrx_word' id='word_1_507' title='bbox 2143 3235 2156 3272; x_wconf 89' lang='lat'>:</span> <span class='ocrx_word' id='word_1_508' title='bbox 2191 3219 2344 3272; x_wconf 93' lang='lat' dir='ltr'>hunc</span> <span class='ocrx_word' id='word_1_509' title='bbox 2374 3218 2715 3290; x_wconf 91' lang='lat' dir='ltr'>proditionis</span> <span class='ocrx_word' id='word_1_510' title='bbox 2756 3219 2995 3274; x_wconf 90' lang='lat' dir='ltr'>crimine</span> <span class='ocrx_word' id='word_1_511' title='bbox 3037 3220 3444 3275; x_wconf 87' lang='lat' dir='ltr'>accersendum</span> <span class='ocrx_word' id='word_1_512' title='bbox 3486 3219 3621 3290; x_wconf 82' lang='lat'>(70&quot;)</span> 
     </span>
    </p>
   </div>
   <div class='ocr_carea' id='block_1_73' title="bbox 1987 3311 3618 3386">
    <p class='ocr_par' dir='ltr' id='par_1_73' title="bbox 1987 3311 3618 3386">
     <span class='ocr_line' id='line_1_73' title="bbox 1987 3311 3618 3386; baseline -0.001 -18"><span class='ocrx_word' id='word_1_513' title='bbox 1987 3315 2275 3383; x_wconf 90' lang='lat' dir='ltr'>putarunt.</span> <span class='ocrx_word' id='word_1_514' title='bbox 2308 3311 2497 3367; x_wconf 82' lang='lat' dir='ltr'>Atille</span> <span class='ocrx_word' id='word_1_515' title='bbox 2523 3311 2595 3367; x_wconf 90' lang='lat' dir='ltr'>ab</span> <span class='ocrx_word' id='word_1_516' title='bbox 2627 3313 2958 3383; x_wconf 88' lang='lat' dir='ltr'>hujusmodi</span> <span class='ocrx_word' id='word_1_517' title='bbox 2983 3313 3212 3386; x_wconf 89' lang='lat' dir='ltr'>integer</span> <span class='ocrx_word' id='word_1_518' title='bbox 3250 3313 3618 3383; x_wconf 89' lang='lat' dir='ltr'>conscientia,</span> 
     </span>
    </p>
   </div>
   <div class='ocr_carea' id='block_1_74' title="bbox 1986 3406 3617 3477">
    <p class='ocr_par' dir='ltr' id='par_1_74' title="bbox 1986 3406 3617 3477">
     <span class='ocr_line' id='line_1_74' title="bbox 1986 3406 3617 3477; baseline 0 -16"><span class='ocrx_word' id='word_1_519' title='bbox 1986 3406 2180 3462; x_wconf 88' lang='lat' dir='ltr'>adesse</span> <span class='ocrx_word' id='word_1_520' title='bbox 2216 3406 2324 3460; x_wconf 92' lang='lat' dir='ltr'>sibi</span> <span class='ocrx_word' id='word_1_521' title='bbox 2353 3407 2522 3477; x_wconf 86' lang='lat' dir='ltr'>coepit</span> <span class='ocrx_word' id='word_1_522' title='bbox 2551 3423 2681 3461; x_wconf 87' lang='lat' dir='ltr'>cum</span> <span class='ocrx_word' id='word_1_523' title='bbox 2722 3406 3009 3474; x_wconf 89' lang='lat' dir='ltr'>libertate,</span> <span class='ocrx_word' id='word_1_524' title='bbox 3046 3413 3106 3462; x_wconf 94' lang='lat' dir='ltr'>ut</span> <span class='ocrx_word' id='word_1_525' title='bbox 3148 3423 3264 3462; x_wconf 91' lang='lat' dir='ltr'>non</span> <span class='ocrx_word' id='word_1_526' title='bbox 3307 3408 3488 3462; x_wconf 91' lang='lat' dir='ltr'>solum</span> <span class='ocrx_word' id='word_1_527' title='bbox 3529 3407 3617 3461; x_wconf 89' lang='lat' dir='ltr'>di-</span> 
     </span>
    </p>
   </div>
   <div class='ocr_carea' id='block_1_75' title="bbox 1986 3499 3616 3572">
    <p class='ocr_par' dir='ltr' id='par_1_75' title="bbox 1986 3499 3616 3572">
     <span class='ocr_line' id='line_1_75' title="bbox 1986 3499 3616 3572; baseline 0.001 -19"><span class='ocrx_word' id='word_1_528' title='bbox 1986 3500 2167 3555; x_wconf 90' lang='lat' dir='ltr'>lueret</span> <span class='ocrx_word' id='word_1_529' title='bbox 2207 3499 2455 3570; x_wconf 91' lang='lat' dir='ltr'>objecta,</span> <span class='ocrx_word' id='word_1_530' title='bbox 2503 3516 2704 3554; x_wconf 89' lang='lat' dir='ltr'>verum</span> <span class='ocrx_word' id='word_1_531' title='bbox 2753 3501 2928 3554; x_wconf 89' lang='lat' dir='ltr'>etiam</span> <span class='ocrx_word' id='word_1_532' title='bbox 2972 3517 3100 3555; x_wconf 91' lang='lat' dir='ltr'>reos</span> <span class='ocrx_word' id='word_1_533' title='bbox 3149 3502 3295 3572; x_wconf 90' lang='lat' dir='ltr'>ipsos</span> <span class='ocrx_word' id='word_1_534' title='bbox 3341 3501 3616 3556; x_wconf 84' lang='lat' dir='ltr'>maximo-</span> 
     </span>
    </p>
   </div>
   <div class='ocr_carea' id='block_1_76' title="bbox 1984 3591 3619 3665">
    <p class='ocr_par' dir='ltr' id='par_1_76' title="bbox 1984 3591 3619 3665">
     <span class='ocr_line' id='line_1_76' title="bbox 1984 3591 3619 3665; baseline 0.001 -19"><span class='ocrx_word' id='word_1_535' title='bbox 1984 3609 2115 3646; x_wconf 91' lang='lat' dir='ltr'>rum</span> <span class='ocrx_word' id='word_1_536' title='bbox 2143 3595 2426 3647; x_wconf 89' lang='lat' dir='ltr'>astrueret</span> <span class='ocrx_word' id='word_1_537' title='bbox 2454 3591 2808 3663; x_wconf 89' lang='lat' dir='ltr'>ﬂagitiorum</span> <span class='ocrx_word' id='word_1_538' title='bbox 2843 3609 2856 3646; x_wconf 88' lang='lat'><strong>:</strong></span> <span class='ocrx_word' id='word_1_539' title='bbox 2891 3593 3042 3663; x_wconf 89' lang='lat' dir='ltr'>apud</span> <span class='ocrx_word' id='word_1_540' title='bbox 3073 3594 3440 3665; x_wconf 88' lang='lat' dir='ltr'>septuaginta</span> <span class='ocrx_word' id='word_1_541' title='bbox 3471 3593 3619 3648; x_wconf 89' lang='lat' dir='ltr'>viros</span> 
     </span>
    </p>
   </div>
   <div class='ocr_carea' id='block_1_77' title="bbox 1983 3684 3616 3757">
    <p class='ocr_par' dir='ltr' id='par_1_77' title="bbox 1983 3684 3616 3757">
     <span class='ocr_line' id='line_1_77' title="bbox 1983 3684 3616 3757; baseline 0 -17"><span class='ocrx_word' id='word_1_542' title='bbox 1983 3684 2274 3740; x_wconf 86' lang='lat' dir='ltr'>dicebatur</span> <span class='ocrx_word' id='word_1_543' title='bbox 2300 3685 2618 3756; x_wconf 89' lang='lat' dir='ltr'>negotium.</span> <span class='ocrx_word' id='word_1_544' title='bbox 2658 3685 2962 3741; x_wconf 86' lang='lat' dir='ltr'>Absolvunt</span> <span class='ocrx_word' id='word_1_545' title='bbox 3003 3701 3222 3752; x_wconf 90' lang='lat' dir='ltr'>omnes,</span> <span class='ocrx_word' id='word_1_546' title='bbox 3269 3685 3404 3757; x_wconf 89' lang='lat' dir='ltr'>quia</span> <span class='ocrx_word' id='word_1_547' title='bbox 3449 3686 3616 3752; x_wconf 87' lang='lat' dir='ltr'>nihil,</span> 
     </span>
    </p>
   </div>
   <div class='ocr_carea' id='block_1_78' title="bbox 1982 3778 3616 3850">
    <p class='ocr_par' dir='ltr' id='par_1_78' title="bbox 1982 3778 3616 3850">
     <span class='ocr_line' id='line_1_78' title="bbox 1982 3778 3616 3850; baseline -0.001 -16"><span class='ocrx_word' id='word_1_548' title='bbox 1982 3779 2134 3850; x_wconf 92' lang='lat' dir='ltr'>quod</span> <span class='ocrx_word' id='word_1_549' title='bbox 2165 3778 2336 3834; x_wconf 68' lang='lat' dir='ltr'>afﬁne</span> <span class='ocrx_word' id='word_1_550' title='bbox 2367 3784 2514 3835; x_wconf 87' lang='lat' dir='ltr'>esset</span> <span class='ocrx_word' id='word_1_551' title='bbox 2554 3779 2773 3846; x_wconf 87' lang='lat' dir='ltr'>sceleri,</span> <span class='ocrx_word' id='word_1_552' title='bbox 2816 3778 3233 3850; x_wconf 89' lang='lat' dir='ltr'>proferebatur.</span> <span class='ocrx_word' id='word_1_553' title='bbox 3283 3779 3490 3834; x_wconf 84' lang='lat' dir='ltr'>Verum</span> <span class='ocrx_word' id='word_1_554' title='bbox 3535 3779 3616 3835; x_wconf 91' lang='lat' dir='ltr'>illi</span> 
     </span>
    </p>
   </div>
   <div class='ocr_carea' id='block_1_79' title="bbox 1982 3872 3617 3944">
    <p class='ocr_par' dir='ltr' id='par_1_79' title="bbox 1982 3872 3617 3944">
     <span class='ocr_line' id='line_1_79' title="bbox 1982 3872 3617 3944; baseline 0 -18"><span class='ocrx_word' id='word_1_555' title='bbox 1982 3873 2280 3939; x_wconf 90' lang='lat' dir='ltr'>irruentes,</span> <span class='ocrx_word' id='word_1_556' title='bbox 2315 3876 2373 3927; x_wconf 92' lang='lat' dir='ltr'>et</span> <span class='ocrx_word' id='word_1_557' title='bbox 2414 3874 2602 3944; x_wconf 90' lang='lat' dir='ltr'>ipsum</span> <span class='ocrx_word' id='word_1_558' title='bbox 2647 3873 3004 3943; x_wconf 74' lang='lat' dir='ltr'>praecipitant</span> <span class='ocrx_word' id='word_1_559' title='bbox 3044 3872 3101 3926; x_wconf 93' lang='lat' dir='ltr'>in</span> <span class='ocrx_word' id='word_1_560' title='bbox 3148 3872 3525 3943; x_wconf 87' lang='lat' dir='ltr'>profundum,</span> <span class='ocrx_word' id='word_1_561' title='bbox 3561 3877 3617 3926; x_wconf 91' lang='lat' dir='ltr'>et</span> 
     </span>
    </p>
   </div>
   <div class='ocr_carea' id='block_1_80' title="bbox 1980 3966 3617 4038">
    <p class='ocr_par' dir='ltr' id='par_1_80' title="bbox 1980 3966 3617 4038">
     <span class='ocr_line' id='line_1_80' title="bbox 1980 3966 3617 4038; baseline -0.001 -16"><span class='ocrx_word' id='word_1_562' title='bbox 1980 3967 2323 4038; x_wconf 88' lang='lat' dir='ltr'>perturbant</span> <span class='ocrx_word' id='word_1_563' title='bbox 2359 3967 2613 4038; x_wconf 89' lang='lat' dir='ltr'>judices,</span> <span class='ocrx_word' id='word_1_564' title='bbox 2664 3983 2779 4021; x_wconf 90' lang='lat' dir='ltr'>non</span> <span class='ocrx_word' id='word_1_565' title='bbox 2827 3967 3009 4020; x_wconf 88' lang='lat' dir='ltr'>solum</span> <span class='ocrx_word' id='word_1_566' title='bbox 3057 3983 3188 4021; x_wconf 91' lang='lat' dir='ltr'>cum</span> <span class='ocrx_word' id='word_1_567' title='bbox 3236 3966 3478 4037; x_wconf 90' lang='lat' dir='ltr'>injuria,</span> <span class='ocrx_word' id='word_1_568' title='bbox 3520 3967 3617 4020; x_wconf 91' lang='lat' dir='ltr'>sed</span> 
     </span>
    </p>
   </div>
   <div class='ocr_carea' id='block_1_81' title="bbox 1982 4059 3613 4132">
    <p class='ocr_par' dir='ltr' id='par_1_81' title="bbox 1982 4059 3613 4132">
     <span class='ocr_line' id='line_1_81' title="bbox 1982 4059 3613 4132; baseline -0.002 -16"><span class='ocrx_word' id='word_1_569' title='bbox 1982 4062 2152 4117; x_wconf 86' lang='lat' dir='ltr'>etiam</span> <span class='ocrx_word' id='word_1_570' title='bbox 2195 4077 2327 4116; x_wconf 91' lang='lat' dir='ltr'>cum</span> <span class='ocrx_word' id='word_1_571' title='bbox 2363 4061 2632 4132; x_wconf 89' lang='lat' dir='ltr'>periculo,</span> <span class='ocrx_word' id='word_1_572' title='bbox 2677 4065 2740 4115; x_wconf 90' lang='lat' dir='ltr'>ut</span> <span class='ocrx_word' id='word_1_573' title='bbox 2775 4076 2975 4115; x_wconf 91' lang='lat' dir='ltr'>eorum</span> <span class='ocrx_word' id='word_1_574' title='bbox 3019 4060 3284 4132; x_wconf 89' lang='lat' dir='ltr'>exemplo</span> <span class='ocrx_word' id='word_1_575' title='bbox 3331 4059 3522 4114; x_wconf 68' lang='lat' dir='ltr'>caeteri</span> <span class='ocrx_word' id='word_1_576' title='bbox 3555 4060 3613 4113; x_wconf 90' lang='lat' dir='ltr'>in</span> 
     </span>
    </p>
   </div>
   <div class='ocr_carea' id='block_1_82' title="bbox 1982 4153 3614 4226">
    <p class='ocr_par' dir='ltr' id='par_1_82' title="bbox 1982 4153 3614 4226">
     <span class='ocr_line' id='line_1_82' title="bbox 1982 4153 3614 4226; baseline -0.001 -17"><span class='ocrx_word' id='word_1_577' title='bbox 1982 4155 2263 4226; x_wconf 90' lang='lat' dir='ltr'>reliquum</span> <span class='ocrx_word' id='word_1_578' title='bbox 2304 4159 2592 4222; x_wconf 87' lang='lat' dir='ltr'>caverent,</span> <span class='ocrx_word' id='word_1_579' title='bbox 2641 4154 3022 4209; x_wconf 89' lang='lat' dir='ltr'>constantiam</span> <span class='ocrx_word' id='word_1_580' title='bbox 3072 4155 3128 4208; x_wconf 91' lang='lat' dir='ltr'>in</span> <span class='ocrx_word' id='word_1_581' title='bbox 3166 4154 3477 4225; x_wconf 87' lang='lat' dir='ltr'>judicando</span> <span class='ocrx_word' id='word_1_582' title='bbox 3521 4153 3614 4208; x_wconf 84' lang='lat' dir='ltr'>ad-</span> 
     </span>
    </p>
   </div>
   <div class='ocr_carea' id='block_1_83' title="bbox 1981 4248 3616 4304">
    <p class='ocr_par' dir='ltr' id='par_1_83' title="bbox 1981 4248 3616 4304">
     <span class='ocr_line' id='line_1_83' title="bbox 1981 4248 3616 4304; baseline 0 -3"><span class='ocrx_word' id='word_1_583' title='bbox 1981 4264 2138 4302; x_wconf 86' lang='lat' dir='ltr'>versa</span> <span class='ocrx_word' id='word_1_584' title='bbox 2168 4264 2367 4304; x_wconf 89' lang='lat' dir='ltr'>eorum</span> <span class='ocrx_word' id='word_1_585' title='bbox 2397 4248 2688 4303; x_wconf 84' lang='lat' dir='ltr'>voluntate</span> <span class='ocrx_word' id='word_1_586' title='bbox 2722 4263 3038 4303; x_wconf 84' lang='lat' dir='ltr'>assumere.</span> <span class='ocrx_word' id='word_1_587' title='bbox 3079 4248 3294 4303; x_wconf 85' lang='lat' dir='ltr'>Rursus</span> <span class='ocrx_word' id='word_1_588' title='bbox 3322 4251 3510 4302; x_wconf 88' lang='lat' dir='ltr'>tamen</span> <span class='ocrx_word' id='word_1_589' title='bbox 3545 4263 3616 4301; x_wconf 91' lang='lat' dir='ltr'>ne</span> 
     </span>
    </p>
   </div>
   <div class='ocr_carea' id='block_1_84' title="bbox 1983 4341 3612 4414">
    <p class='ocr_par' dir='ltr' id='par_1_84' title="bbox 1983 4341 3612 4414">
     <span class='ocr_line' id='line_1_84' title="bbox 1983 4341 3612 4414; baseline 0.001 -18"><span class='ocrx_word' id='word_1_590' title='bbox 1983 4342 2110 4414; x_wconf 90' lang='lat' dir='ltr'>quis</span> <span class='ocrx_word' id='word_1_591' title='bbox 2140 4341 2547 4411; x_wconf 89' lang='lat' dir='ltr'>absolveretur,</span> <span class='ocrx_word' id='word_1_592' title='bbox 2578 4342 2680 4412; x_wconf 89' lang='lat' dir='ltr'>ipsi</span> <span class='ocrx_word' id='word_1_593' title='bbox 2721 4342 2936 4396; x_wconf 89' lang='lat' dir='ltr'>irarum</span> <span class='ocrx_word' id='word_1_594' title='bbox 2963 4357 3196 4396; x_wconf 87' lang='lat' dir='ltr'>suarum</span> <span class='ocrx_word' id='word_1_595' title='bbox 3235 4347 3612 4397; x_wconf 85' lang='lat' dir='ltr'>exsecutores.</span> 
     </span>
    </p>
   </div>
   <div class='ocr_carea' id='block_1_85' title="bbox 1981 4434 3614 4508">
    <p class='ocr_par' dir='ltr' id='par_1_85' title="bbox 1981 4434 3614 4508">
     <span class='ocr_line' id='line_1_85' title="bbox 1981 4434 3614 4508; baseline -0.002 -18"><span class='ocrx_word' id='word_1_596' title='bbox 1981 4452 2124 4508; x_wconf 91' lang='lat' dir='ltr'>quos</span> <span class='ocrx_word' id='word_1_597' title='bbox 2169 4436 2395 4491; x_wconf 90' lang='lat' dir='ltr'>libitum</span> <span class='ocrx_word' id='word_1_598' title='bbox 2448 4442 2588 4503; x_wconf 89' lang='lat' dir='ltr'>erat,</span> <span class='ocrx_word' id='word_1_599' title='bbox 2641 4434 2764 4490; x_wconf 88' lang='lat' dir='ltr'>sine</span> <span class='ocrx_word' id='word_1_600' title='bbox 2809 4434 3027 4506; x_wconf 89' lang='lat' dir='ltr'>judicio</span> <span class='ocrx_word' id='word_1_601' title='bbox 3080 4434 3376 4489; x_wconf 89' lang='lat' dir='ltr'>necabant.</span> <span class='ocrx_word' id='word_1_602' title='bbox 3427 4435 3614 4488; x_wconf 56' lang='lat' dir='ltr'>Casus</span> 
     </span>
    </p>
   </div>
   <div class='ocr_carea' id='block_1_86' title="bbox 244 4527 3610 4601">
    <p class='ocr_par' dir='ltr' id='par_1_86' title="bbox 244 4527 3610 4601">
     <span class='ocr_line' id='line_1_86' title="bbox 244 4527 3610 4601; baseline -0.001 -17"><span class='ocrx_word' id='word_1_603' title='bbox 244 4531 344 4601; x_wconf 93' lang='lat' dir='ltr'>qui</span> <span class='ocrx_word' id='word_1_604' title='bbox 384 4530 600 4601; x_wconf 88' lang='lat' dir='ltr'>legatos</span> <span class='ocrx_word' id='word_1_605' title='bbox 646 4532 918 4586; x_wconf 89' lang='lat' dir='ltr'>miserant</span> <span class='ocrx_word' id='word_1_606' title='bbox 959 4537 1185 4587; x_wconf 91' lang='lat' dir='ltr'>oratum</span> <span class='ocrx_word' id='word_1_607' title='bbox 1229 4534 1438 4588; x_wconf 85' lang='lat' dir='ltr'>auxilia</span> <span class='ocrx_word' id='word_1_608' title='bbox 1478 4535 1665 4601; x_wconf 89' lang='lat' dir='ltr'>saluti,</span> <span class='ocrx_word' id='word_1_609' title='bbox 1707 4529 2228 4601; x_wconf 88' lang='lat' dir='ltr'>simulDGorgon,</span> <span class='ocrx_word' id='word_1_610' title='bbox 2284 4531 2366 4584; x_wconf 91' lang='lat' dir='ltr'>vir</span> <span class='ocrx_word' id='word_1_611' title='bbox 2415 4533 2607 4601; x_wconf 90' lang='lat' dir='ltr'>gratus</span> <span class='ocrx_word' id='word_1_612' title='bbox 2656 4534 2712 4583; x_wconf 92' lang='lat' dir='ltr'>et</span> <span class='ocrx_word' id='word_1_613' title='bbox 2762 4529 3022 4583; x_wconf 89' lang='lat' dir='ltr'>amabilis</span> <span class='ocrx_word' id='word_1_614' title='bbox 3069 4547 3083 4583; x_wconf 88' lang='lat'><strong>:</strong></span> <span class='ocrx_word' id='word_1_615' title='bbox 3127 4528 3300 4599; x_wconf 87' lang='lat' dir='ltr'>Niger</span> <span class='ocrx_word' id='word_1_616' title='bbox 3347 4527 3610 4597; x_wconf 88' lang='lat' dir='ltr'>Pereites,</span> 
     </span>
    </p>
   </div>
   <div class='ocr_carea' id='block_1_87' title="bbox 246 4625 1881 4700">
    <p class='ocr_par' dir='ltr' id='par_1_87' title="bbox 246 4625 1881 4700">
     <span class='ocr_line' id='line_1_87' title="bbox 246 4625 1881 4700; baseline 0.004 -23"><span class='ocrx_word' id='word_1_617' title='bbox 246 4627 308 4677; x_wconf 90' lang='lat' dir='ltr'>ut</span> <span class='ocrx_word' id='word_1_618' title='bbox 361 4625 662 4695; x_wconf 74' lang='lat' dir='ltr'>insperatae</span> <span class='ocrx_word' id='word_1_619' title='bbox 716 4641 933 4680; x_wconf 88' lang='lat' dir='ltr'>merces</span> <span class='ocrx_word' id='word_1_620' title='bbox 983 4627 1333 4698; x_wconf 84' lang='lat' dir='ltr'>irruptionis,</span> <span class='ocrx_word' id='word_1_621' title='bbox 1388 4629 1710 4684; x_wconf 88' lang='lat' dir='ltr'>auctoribus</span> <span class='ocrx_word' id='word_1_622' title='bbox 1761 4630 1881 4700; x_wconf 89' lang='lat' dir='ltr'>ejus</span> 
     </span>
    </p>
   </div>
   <div class='ocr_carea' id='block_1_88' title="bbox 245 4718 1878 4791">
    <p class='ocr_par' dir='ltr' id='par_1_88' title="bbox 245 4718 1878 4791">
     <span class='ocr_line' id='line_1_88' title="bbox 245 4718 1878 4791; baseline 0.004 -20"><span class='ocrx_word' id='word_1_623' title='bbox 245 4718 356 4772; x_wconf 93' lang='lat' dir='ltr'>hoc</span> <span class='ocrx_word' id='word_1_624' title='bbox 405 4733 648 4774; x_wconf 89' lang='lat' dir='ltr'>munere</span> <span class='ocrx_word' id='word_1_625' title='bbox 705 4719 1064 4790; x_wconf 88' lang='lat' dir='ltr'>potissimum</span> <span class='ocrx_word' id='word_1_626' title='bbox 1127 4721 1530 4791; x_wconf 80' lang='lat' dir='ltr'>rependerem.</span> <span class='ocrx_word' id='word_1_627' title='bbox 1575 4724 1735 4786; x_wconf 82' lang='lat' dir='ltr'>Quod</span> <span class='ocrx_word' id='word_1_628' title='bbox 1785 4724 1878 4778; x_wconf 89' lang='lat' dir='ltr'>ubi</span> 
     </span>
    </p>
   </div>
   <div class='ocr_carea' id='block_1_89' title="bbox 245 4813 1880 4888">
    <p class='ocr_par' dir='ltr' id='par_1_89' title="bbox 245 4813 1880 4888">
     <span class='ocr_line' id='line_1_89' title="bbox 245 4813 1880 4888; baseline 0.004 -22"><span class='ocrx_word' id='word_1_629' title='bbox 245 4813 518 4883; x_wconf 88' lang='lat' dir='ltr'>processit</span> <span class='ocrx_word' id='word_1_630' title='bbox 557 4829 624 4867; x_wconf 86' lang='lat' dir='ltr'>ex</span> <span class='ocrx_word' id='word_1_631' title='bbox 656 4815 958 4880; x_wconf 87' lang='lat' dir='ltr'>sententia,</span> <span class='ocrx_word' id='word_1_632' title='bbox 989 4815 1155 4868; x_wconf 89' lang='lat' dir='ltr'>simul</span> <span class='ocrx_word' id='word_1_633' title='bbox 1184 4831 1383 4869; x_wconf 89' lang='lat' dir='ltr'>omnes</span> <span class='ocrx_word' id='word_1_634' title='bbox 1412 4832 1445 4870; x_wconf 90' lang='lat' dir='ltr'>a</span> <span class='ocrx_word' id='word_1_635' title='bbox 1479 4817 1691 4886; x_wconf 88' lang='lat' dir='ltr'>templo</span> <span class='ocrx_word' id='word_1_636' title='bbox 1721 4819 1880 4888; x_wconf 89' lang='lat' dir='ltr'>quasi</span> 
     </span>
    </p>
   </div>
   <div class='ocr_carea' id='block_1_90' title="bbox 241 4905 1879 4982">
    <p class='ocr_par' dir='ltr' id='par_1_90' title="bbox 241 4905 1879 4982">
     <span class='ocr_line' id='line_1_90' title="bbox 241 4905 1879 4982; baseline 0.004 -22"><span class='ocrx_word' id='word_1_637' title='bbox 241 4905 494 4978; x_wconf 88' lang='lat' dir='ltr'>quodam</span> <span class='ocrx_word' id='word_1_638' title='bbox 562 4911 742 4962; x_wconf 88' lang='lat' dir='ltr'>castro</span> <span class='ocrx_word' id='word_1_639' title='bbox 796 4907 994 4976; x_wconf 74' lang='lat' dir='ltr'>effusi,</span> <span class='ocrx_word' id='word_1_640' title='bbox 1055 4914 1286 4963; x_wconf 91' lang='lat' dir='ltr'>extenta</span> <span class='ocrx_word' id='word_1_641' title='bbox 1339 4909 1456 4964; x_wconf 90' lang='lat' dir='ltr'>acie</span> <span class='ocrx_word' id='word_1_642' title='bbox 1507 4926 1879 4982; x_wconf 91' lang='lat' dir='ltr'>quoscunque</span> 
     </span>
    </p>
   </div>
   <div class='ocr_carea' id='block_1_91' title="bbox 243 4999 1881 5072">
    <p class='ocr_par' dir='ltr' id='par_1_91' title="bbox 243 4999 1881 5072">
     <span class='ocr_line' id='line_1_91' title="bbox 243 4999 1881 5072; baseline 0.003 -19"><span class='ocrx_word' id='word_1_643' title='bbox 243 5003 575 5070; x_wconf 88' lang='lat' dir='ltr'>repererant</span> <span class='ocrx_word' id='word_1_644' title='bbox 611 4999 959 5056; x_wconf 89' lang='lat' dir='ltr'>dormientes</span> <span class='ocrx_word' id='word_1_645' title='bbox 994 5003 1153 5068; x_wconf 90' lang='lat' dir='ltr'>alios,</span> <span class='ocrx_word' id='word_1_646' title='bbox 1185 5002 1519 5072; x_wconf 88' lang='lat' dir='ltr'>perterritos</span> <span class='ocrx_word' id='word_1_647' title='bbox 1557 5002 1714 5070; x_wconf 87' lang='lat' dir='ltr'>alios,</span> <span class='ocrx_word' id='word_1_648' title='bbox 1748 5003 1881 5058; x_wconf 90' lang='lat' dir='ltr'>totis</span> 
     </span>
    </p>
   </div>
   <div class='ocr_carea' id='block_1_92' title="bbox 242 5092 1876 5169">
    <p class='ocr_par' dir='ltr' id='par_1_92' title="bbox 242 5092 1876 5169">
     <span class='ocr_line' id='line_1_92' title="bbox 242 5092 1876 5169; baseline 0.003 -22"><span class='ocrx_word' id='word_1_649' title='bbox 242 5092 540 5148; x_wconf 67' lang='lat' dir='ltr'>caedebant</span> <span class='ocrx_word' id='word_1_650' title='bbox 557 5094 680 5149; x_wconf 89' lang='lat' dir='ltr'>viis.</span> <span class='ocrx_word' id='word_1_651' title='bbox 695 5095 844 5150; x_wconf 83' lang='lat' dir='ltr'>Nihil</span> <span class='ocrx_word' id='word_1_652' title='bbox 863 5096 1170 5166; x_wconf 84' lang='lat' dir='ltr'>proderant</span> <span class='ocrx_word' id='word_1_653' title='bbox 1191 5113 1406 5167; x_wconf 90' lang='lat' dir='ltr'>preces,</span> <span class='ocrx_word' id='word_1_654' title='bbox 1425 5096 1569 5152; x_wconf 92' lang='lat' dir='ltr'>nihil</span> <span class='ocrx_word' id='word_1_655' title='bbox 1588 5098 1876 5169; x_wconf 74' lang='lat' dir='ltr'>lacrymee,</span> 
     </span>
    </p>
   </div>
   <div class='ocr_carea' id='block_1_93' title="bbox 241 5186 1876 5263">
    <p class='ocr_par' dir='ltr' id='par_1_93' title="bbox 241 5186 1876 5263">
     <span class='ocr_line' id='line_1_93' title="bbox 241 5186 1876 5263; baseline 0.004 -23"><span class='ocrx_word' id='word_1_656' title='bbox 241 5187 323 5241; x_wconf 91' lang='lat' dir='ltr'>nil</span> <span class='ocrx_word' id='word_1_657' title='bbox 366 5186 616 5258; x_wconf 89' lang='lat' dir='ltr'>insignia</span> <span class='ocrx_word' id='word_1_658' title='bbox 654 5188 914 5257; x_wconf 90' lang='lat' dir='ltr'>honoris,</span> <span class='ocrx_word' id='word_1_659' title='bbox 955 5190 1244 5246; x_wconf 91' lang='lat' dir='ltr'>nullorum</span> <span class='ocrx_word' id='word_1_660' title='bbox 1289 5192 1624 5246; x_wconf 88' lang='lat' dir='ltr'>meritorum</span> <span class='ocrx_word' id='word_1_661' title='bbox 1671 5191 1876 5263; x_wconf 89' lang='lat' dir='ltr'>gratia,</span> 
     </span>
    </p>
   </div>
   <div class='ocr_carea' id='block_1_94' title="bbox 243 5282 1879 5356">
    <p class='ocr_par' dir='ltr' id='par_1_94' title="bbox 243 5282 1879 5356">
     <span class='ocr_line' id='line_1_94' title="bbox 243 5282 1879 5356; baseline 0.004 -22"><span class='ocrx_word' id='word_1_662' title='bbox 243 5295 446 5334; x_wconf 89' lang='lat' dir='ltr'>omnes</span> <span class='ocrx_word' id='word_1_663' title='bbox 516 5283 726 5352; x_wconf 89' lang='lat' dir='ltr'>passim</span> <span class='ocrx_word' id='word_1_664' title='bbox 788 5282 1228 5354; x_wconf 85' lang='lat' dir='ltr'>jugulabantur.</span> <span class='ocrx_word' id='word_1_665' title='bbox 1301 5286 1554 5356; x_wconf 86' lang='lat' dir='ltr'>Denique</span> <span class='ocrx_word' id='word_1_666' title='bbox 1622 5285 1879 5341; x_wconf 89' lang='lat' dir='ltr'>videntes</span> 
     </span>
    </p>
   </div>
   <div class='ocr_carea' id='block_1_95' title="bbox 242 5373 1878 5452">
    <p class='ocr_par' dir='ltr' id='par_1_95' title="bbox 242 5373 1878 5452">
     <span class='ocr_line' id='line_1_95' title="bbox 242 5373 1878 5452; baseline 0.005 -25"><span class='ocrx_word' id='word_1_667' title='bbox 242 5373 539 5428; x_wconf 86' lang='lat' dir='ltr'>bestialem</span> <span class='ocrx_word' id='word_1_668' title='bbox 589 5375 647 5430; x_wconf 89' lang='lat' dir='ltr'>in</span> <span class='ocrx_word' id='word_1_669' title='bbox 699 5377 1173 5449; x_wconf 88' lang='lat' dir='ltr'>persequentibus</span> <span class='ocrx_word' id='word_1_670' title='bbox 1224 5379 1672 5449; x_wconf 90' lang='lat' dir='ltr'>immanitatem,</span> <span class='ocrx_word' id='word_1_671' title='bbox 1727 5380 1878 5452; x_wconf 89' lang='lat' dir='ltr'>quod</span> 
     </span>
    </p>
   </div>
   <div class='ocr_carea' id='block_1_96' title="bbox 240 5466 1878 5544">
    <p class='ocr_par' dir='ltr' id='par_1_96' title="bbox 240 5466 1878 5544">
     <span class='ocr_line' id='line_1_96' title="bbox 240 5466 1878 5544; baseline 0.004 -23"><span class='ocrx_word' id='word_1_672' title='bbox 240 5466 386 5523; x_wconf 88' lang='lat' dir='ltr'>nulli</span> <span class='ocrx_word' id='word_1_673' title='bbox 405 5474 761 5539; x_wconf 86' lang='lat' dir='ltr'>parceretur,</span> <span class='ocrx_word' id='word_1_674' title='bbox 783 5470 891 5543; x_wconf 91' lang='lat' dir='ltr'>ipsi</span> <span class='ocrx_word' id='word_1_675' title='bbox 911 5487 1031 5528; x_wconf 88' lang='lat' dir='ltr'>sese</span> <span class='ocrx_word' id='word_1_676' title='bbox 1053 5471 1437 5544; x_wconf 87' lang='lat' dir='ltr'>illaqueabant</span> <span class='ocrx_word' id='word_1_677' title='bbox 1465 5473 1878 5530; x_wconf 88' lang='lat' dir='ltr'>miserabiliore</span> 
     </span>
    </p>
   </div>
   <div class='ocr_carea' id='block_1_97' title="bbox 305 5635 973 5700">
    <p class='ocr_par' dir='ltr' id='par_1_97' title="bbox 305 5635 973 5700">
     <span class='ocr_line' id='line_1_97' title="bbox 305 5635 973 5700; baseline 0.004 -14"><span class='ocrx_word' id='word_1_678' title='bbox 305 5636 400 5696; x_wconf 83' lang='lat'>(67)</span> <span class='ocrx_word' id='word_1_679' title='bbox 434 5635 765 5700; x_wconf 75' lang='lat' dir='ltr'>Effunditur.</span> <span class='ocrx_word' id='word_1_680' title='bbox 793 5639 973 5691; x_wconf 62' lang='grc' dir='ltr'>ΒΑΜ.</span> 
     </span>
    </p>
   </div>
   <div class='ocr_carea' id='block_1_98' title="bbox 306 5707 830 5765">
    <p class='ocr_par' dir='ltr' id='par_1_98' title="bbox 306 5707 830 5765">
     <span class='ocr_line' id='line_1_98' title="bbox 306 5707 830 5765; baseline 0.006 -7"><span class='ocrx_word' id='word_1_681' title='bbox 306 5707 404 5765; x_wconf 81' lang='lat'>(68)</span> <span class='ocrx_word' id='word_1_682' title='bbox 426 5707 717 5760; x_wconf 66' lang='lat' dir='ltr'>Boeotium.</span> <span class='ocrx_word' id='word_1_683' title='bbox 747 5709 830 5761; x_wconf 83' lang='lat' dir='ltr'>ID.</span> 
     </span>
    </p>
   </div>
   <div class='ocr_carea' id='block_1_99' title="bbox 304 5777 1880 5847">
    <p class='ocr_par' dir='ltr' id='par_1_99' title="bbox 304 5777 1880 5847">
     <span class='ocr_line' id='line_1_99' title="bbox 304 5777 1880 5847; baseline 0.001 -17"><span class='ocrx_word' id='word_1_684' title='bbox 304 5777 401 5841; x_wconf 77' lang='lat'>(69)</span> <span class='ocrx_word' id='word_1_685' title='bbox 433 5778 636 5831; x_wconf 68' lang='lat' dir='ltr'>Sinam.</span> <span class='ocrx_word' id='word_1_686' title='bbox 686 5779 772 5831; x_wconf 79' lang='lat' dir='ltr'>Al.</span> <span class='ocrx_word' id='word_1_687' title='bbox 816 5782 864 5832; x_wconf 68' lang='grc' dir='ltr'>εἰ</span> <span class='ocrx_word' id='word_1_688' title='bbox 909 5794 1020 5834; x_wconf 75' lang='lat' dir='ltr'>non</span> <span class='ocrx_word' id='word_1_689' title='bbox 1063 5781 1136 5833; x_wconf 83' lang='lat' dir='ltr'>ad</span> <span class='ocrx_word' id='word_1_690' title='bbox 1176 5781 1424 5846; x_wconf 68' lang='lat' dir='ltr'>templum</span> <span class='ocrx_word' id='word_1_691' title='bbox 1457 5783 1778 5847; x_wconf 73' lang='lat' dir='ltr'>priusquam</span> <span class='ocrx_word' id='word_1_692' title='bbox 1823 5783 1880 5832; x_wconf 74' lang='lat' dir='ltr'>in</span> 
     </span>
    </p>
   </div>
   <div class='ocr_carea' id='block_1_100' title="bbox 240 5848 1293 5917">
    <p class='ocr_par' dir='ltr' id='par_1_100' title="bbox 240 5848 1293 5917">
     <span class='ocr_line' id='line_1_100' title="bbox 240 5848 1293 5917; baseline 0.006 -17"><span class='ocrx_word' id='word_1_693' title='bbox 240 5848 427 5901; x_wconf 72' lang='lat' dir='ltr'>urbem</span> <span class='ocrx_word' id='word_1_694' title='bbox 455 5851 686 5917; x_wconf 73' lang='lat' dir='ltr'>signum,</span> <span class='ocrx_word' id='word_1_695' title='bbox 714 5857 821 5907; x_wconf 85' lang='lat' dir='ltr'>etc.</span> <span class='ocrx_word' id='word_1_696' title='bbox 857 5854 933 5904; x_wconf 82' lang='lat' dir='ltr'>In.</span> <span class='ocrx_word' id='word_1_697' title='bbox 1287 5873 1293 5876; x_wconf 90' lang='grc'>·</span> 
     </span>
    </p>
   </div>
   <div class='ocr_carea' id='block_1_101' title="bbox 1983 4621 3612 4695">
    <p class='ocr_par' dir='ltr' id='par_1_101' title="bbox 1983 4621 3612 4695">
     <span class='ocr_line' id='line_1_101' title="bbox 1983 4621 3612 4695; baseline -0.002 -17"><span class='ocrx_word' id='word_1_698' title='bbox 1983 4625 2081 4694; x_wconf 92' lang='lat' dir='ltr'>qui</span> <span class='ocrx_word' id='word_1_699' title='bbox 2127 4624 2275 4678; x_wconf 90' lang='lat' dir='ltr'>inter</span> <span class='ocrx_word' id='word_1_700' title='bbox 2321 4627 2780 4695; x_wconf 88' lang='lat' dir='ltr'>propugnatores</span> <span class='ocrx_word' id='word_1_701' title='bbox 2827 4622 3036 4676; x_wconf 69' lang='lat' dir='ltr'>Judseaa</span> <span class='ocrx_word' id='word_1_702' title='bbox 3084 4621 3155 4676; x_wconf 91' lang='lat' dir='ltr'>ad</span> <span class='ocrx_word' id='word_1_703' title='bbox 3204 4621 3479 4676; x_wconf 90' lang='lat' dir='ltr'>tuendam</span> <span class='ocrx_word' id='word_1_704' title='bbox 3530 4621 3612 4676; x_wconf 88' lang='lat' dir='ltr'>rei</span> 
     </span>
    </p>
   </div>
   <div class='ocr_carea' id='block_1_102' title="bbox 1982 4713 3615 4784">
    <p class='ocr_par' dir='ltr' id='par_1_102' title="bbox 1982 4713 3615 4784">
     <span class='ocr_line' id='line_1_102' title="bbox 1982 4713 3615 4784; baseline -0.002 -13"><span class='ocrx_word' id='word_1_705' title='bbox 1982 4733 2270 4771; x_wconf 88' lang='lat' dir='ltr'>summam</span> <span class='ocrx_word' id='word_1_706' title='bbox 2307 4717 2492 4772; x_wconf 90' lang='lat' dir='ltr'>fuerat</span> <span class='ocrx_word' id='word_1_707' title='bbox 2531 4717 2745 4772; x_wconf 90' lang='lat' dir='ltr'>electus</span> <span class='ocrx_word' id='word_1_708' title='bbox 2781 4715 3021 4770; x_wconf 91' lang='lat' dir='ltr'>bellator</span> <span class='ocrx_word' id='word_1_709' title='bbox 3051 4715 3153 4784; x_wconf 91' lang='lat' dir='ltr'>vir,</span> <span class='ocrx_word' id='word_1_710' title='bbox 3185 4718 3252 4770; x_wconf 90' lang='lat' dir='ltr'>ut</span> <span class='ocrx_word' id='word_1_711' title='bbox 3290 4713 3461 4770; x_wconf 90' lang='lat' dir='ltr'>etiam</span> <span class='ocrx_word' id='word_1_712' title='bbox 3499 4715 3615 4769; x_wconf 90' lang='lat' dir='ltr'>vul-</span> 
     </span>
    </p>
   </div>
   <div class='ocr_carea' id='block_1_103' title="bbox 1985 4809 3611 4880">
    <p class='ocr_par' dir='ltr' id='par_1_103' title="bbox 1985 4809 3611 4880">
     <span class='ocr_line' id='line_1_103' title="bbox 1985 4809 3611 4880; baseline -0.002 -15"><span class='ocrx_word' id='word_1_713' title='bbox 1985 4828 2184 4866; x_wconf 89' lang='lat' dir='ltr'>nerum</span> <span class='ocrx_word' id='word_1_714' title='bbox 2205 4810 2563 4866; x_wconf 88' lang='lat' dir='ltr'>cicatricibus</span> <span class='ocrx_word' id='word_1_715' title='bbox 2592 4809 2814 4864; x_wconf 90' lang='lat' dir='ltr'>virtutis</span> <span class='ocrx_word' id='word_1_716' title='bbox 2847 4809 3095 4880; x_wconf 88' lang='lat' dir='ltr'>insignia</span> <span class='ocrx_word' id='word_1_717' title='bbox 3120 4809 3434 4880; x_wconf 64' lang='lat' dir='ltr'>prmferret,</span> <span class='ocrx_word' id='word_1_718' title='bbox 3463 4809 3611 4880; x_wconf 86' lang='lat' dir='ltr'>rapi-</span> 
     </span>
    </p>
   </div>
   <div class='ocr_carea' id='block_1_104' title="bbox 1981 4901 3612 4960">
    <p class='ocr_par' dir='ltr' id='par_1_104' title="bbox 1981 4901 3612 4960">
     <span class='ocr_line' id='line_1_104' title="bbox 1981 4901 3612 4960; baseline -0.001 -1"><span class='ocrx_word' id='word_1_719' title='bbox 1981 4911 2076 4960; x_wconf 92' lang='lat' dir='ltr'>tur</span> <span class='ocrx_word' id='word_1_720' title='bbox 2099 4905 2172 4959; x_wconf 87' lang='lat' dir='ltr'>ad</span> <span class='ocrx_word' id='word_1_721' title='bbox 2200 4909 2443 4959; x_wconf 91' lang='lat' dir='ltr'>mortem</span> <span class='ocrx_word' id='word_1_722' title='bbox 2475 4921 2487 4958; x_wconf 89' lang='lat'>:</span> <span class='ocrx_word' id='word_1_723' title='bbox 2519 4909 2576 4959; x_wconf 90' lang='lat' dir='ltr'>et</span> <span class='ocrx_word' id='word_1_724' title='bbox 2602 4920 2731 4958; x_wconf 92' lang='lat' dir='ltr'>cum</span> <span class='ocrx_word' id='word_1_725' title='bbox 2770 4920 2826 4958; x_wconf 89' lang='lat' dir='ltr'>se</span> <span class='ocrx_word' id='word_1_726' title='bbox 2864 4908 3018 4958; x_wconf 89' lang='lat' dir='ltr'>extra</span> <span class='ocrx_word' id='word_1_727' title='bbox 3062 4903 3259 4959; x_wconf 90' lang='lat' dir='ltr'>urbem</span> <span class='ocrx_word' id='word_1_728' title='bbox 3299 4902 3430 4957; x_wconf 92' lang='lat' dir='ltr'>duci</span> <span class='ocrx_word' id='word_1_729' title='bbox 3464 4901 3612 4957; x_wconf 90' lang='lat' dir='ltr'>vide-</span> 
     </span>
    </p>
   </div>
   <div class='ocr_carea' id='block_1_105' title="bbox 1985 4996 3612 5069">
    <p class='ocr_par' dir='ltr' id='par_1_105' title="bbox 1985 4996 3612 5069">
     <span class='ocr_line' id='line_1_105' title="bbox 1985 4996 3612 5069; baseline -0.001 -17"><span class='ocrx_word' id='word_1_730' title='bbox 1985 5003 2090 5067; x_wconf 90' lang='lat' dir='ltr'>ret,</span> <span class='ocrx_word' id='word_1_731' title='bbox 2139 5015 2256 5054; x_wconf 92' lang='lat' dir='ltr'>non</span> <span class='ocrx_word' id='word_1_732' title='bbox 2297 4999 2422 5068; x_wconf 90' lang='lat' dir='ltr'>jam</span> <span class='ocrx_word' id='word_1_733' title='bbox 2474 5014 2576 5069; x_wconf 89' lang='lat' dir='ltr'>pro</span> <span class='ocrx_word' id='word_1_734' title='bbox 2616 4997 2752 5065; x_wconf 86' lang='lat' dir='ltr'>vita,</span> <span class='ocrx_word' id='word_1_735' title='bbox 2801 4999 2894 5052; x_wconf 89' lang='lat' dir='ltr'>sed</span> <span class='ocrx_word' id='word_1_736' title='bbox 2949 5013 3052 5069; x_wconf 91' lang='lat' dir='ltr'>pro</span> <span class='ocrx_word' id='word_1_737' title='bbox 3107 4997 3402 5068; x_wconf 88' lang='lat' dir='ltr'>sepultura</span> <span class='ocrx_word' id='word_1_738' title='bbox 3447 4996 3612 5068; x_wconf 61' lang='lat' dir='ltr'>capit</span> 
     </span>
    </p>
   </div>
   <div class='ocr_carea' id='block_1_106' title="bbox 1982 5089 3610 5164">
    <p class='ocr_par' dir='ltr' id='par_1_106' title="bbox 1982 5089 3610 5164">
     <span class='ocr_line' id='line_1_106' title="bbox 1982 5089 3610 5164; baseline -0.002 -17"><span class='ocrx_word' id='word_1_739' title='bbox 1982 5109 2206 5164; x_wconf 90' lang='lat' dir='ltr'>rogare.</span> <span class='ocrx_word' id='word_1_740' title='bbox 2236 5096 2312 5146; x_wconf 88' lang='lat' dir='ltr'>Ac</span> <span class='ocrx_word' id='word_1_741' title='bbox 2340 5108 2412 5146; x_wconf 92' lang='lat' dir='ltr'>ne</span> <span class='ocrx_word' id='word_1_742' title='bbox 2449 5092 2620 5163; x_wconf 92' lang='lat' dir='ltr'>hujus</span> <span class='ocrx_word' id='word_1_743' title='bbox 2657 5091 2887 5163; x_wconf 92' lang='lat' dir='ltr'>quidem</span> <span class='ocrx_word' id='word_1_744' title='bbox 2927 5096 3046 5146; x_wconf 88' lang='lat' dir='ltr'>tam</span> <span class='ocrx_word' id='word_1_745' title='bbox 3082 5089 3422 5146; x_wconf 88' lang='lat' dir='ltr'>miserabilis</span> <span class='ocrx_word' id='word_1_746' title='bbox 3464 5089 3610 5161; x_wconf 87' lang='lat' dir='ltr'>peti-</span> 
     </span>
    </p>
   </div>
   <div class='ocr_carea' id='block_1_107' title="bbox 1982 5183 3609 5258">
    <p class='ocr_par' dir='ltr' id='par_1_107' title="bbox 1982 5183 3609 5258">
     <span class='ocr_line' id='line_1_107' title="bbox 1982 5183 3609 5258; baseline -0.001 -17"><span class='ocrx_word' id='word_1_747' title='bbox 1982 5188 2151 5242; x_wconf 90' lang='lat' dir='ltr'>tionis</span> <span class='ocrx_word' id='word_1_748' title='bbox 2182 5203 2518 5258; x_wconf 89' lang='lat' dir='ltr'>responsnm</span> <span class='ocrx_word' id='word_1_749' title='bbox 2556 5186 2769 5257; x_wconf 89' lang='lat' dir='ltr'>accepit</span> <span class='ocrx_word' id='word_1_750' title='bbox 2796 5184 3139 5240; x_wconf 89' lang='lat' dir='ltr'>conveniens</span> <span class='ocrx_word' id='word_1_751' title='bbox 3182 5183 3609 5240; x_wconf 70' lang='lat' dir='ltr'>misericordiae.</span> 
     </span>
    </p>
   </div>
   <div class='ocr_carea' id='block_1_108' title="bbox 1982 5277 3608 5352">
    <p class='ocr_par' dir='ltr' id='par_1_108' title="bbox 1982 5277 3608 5352">
     <span class='ocr_line' id='line_1_108' title="bbox 1982 5277 3608 5352; baseline -0.002 -18"><span class='ocrx_word' id='word_1_752' title='bbox 1982 5281 2366 5352; x_wconf 81' lang='lat' dir='ltr'>Fingebantur</span> <span class='ocrx_word' id='word_1_753' title='bbox 2408 5280 2711 5335; x_wconf 73' lang='lat' dir='ltr'>calumniae</span> <span class='ocrx_word' id='word_1_754' title='bbox 2749 5296 2761 5334; x_wconf 92' lang='lat'>:</span> <span class='ocrx_word' id='word_1_755' title='bbox 2797 5279 2840 5332; x_wconf 91' lang='lat' dir='ltr'>si</span> <span class='ocrx_word' id='word_1_756' title='bbox 2889 5279 3016 5350; x_wconf 90' lang='lat' dir='ltr'>quis</span> <span class='ocrx_word' id='word_1_757' title='bbox 3061 5295 3118 5333; x_wconf 89' lang='lat' dir='ltr'>se</span> <span class='ocrx_word' id='word_1_758' title='bbox 3164 5277 3482 5333; x_wconf 87' lang='lat' dir='ltr'>redimebat</span> <span class='ocrx_word' id='word_1_759' title='bbox 3520 5279 3608 5332; x_wconf 86' lang='lat' dir='ltr'>in-</span> 
     </span>
    </p>
   </div>
   <div class='ocr_carea' id='block_1_109' title="bbox 1979 5372 3609 5445">
    <p class='ocr_par' dir='ltr' id='par_1_109' title="bbox 1979 5372 3609 5445">
     <span class='ocr_line' id='line_1_109' title="bbox 1979 5372 3609 5445; baseline -0.002 -15"><span class='ocrx_word' id='word_1_760' title='bbox 1979 5391 2189 5430; x_wconf 89' lang='lat' dir='ltr'>nocens</span> <span class='ocrx_word' id='word_1_761' title='bbox 2217 5381 2338 5430; x_wconf 89' lang='lat' dir='ltr'>erat</span> <span class='ocrx_word' id='word_1_762' title='bbox 2351 5392 2366 5443; x_wconf 88' lang='lat'><strong>;</strong></span> <span class='ocrx_word' id='word_1_763' title='bbox 2400 5374 2497 5445; x_wconf 87' lang='lat' dir='ltr'>qui</span> <span class='ocrx_word' id='word_1_764' title='bbox 2526 5390 2639 5428; x_wconf 90' lang='lat' dir='ltr'>non</span> <span class='ocrx_word' id='word_1_765' title='bbox 2673 5372 2948 5428; x_wconf 81' lang='lat' dir='ltr'>offerebat</span> <span class='ocrx_word' id='word_1_766' title='bbox 2979 5372 3302 5443; x_wconf 90' lang='lat' dir='ltr'>pecuniam,</span> <span class='ocrx_word' id='word_1_767' title='bbox 3336 5378 3609 5442; x_wconf 85' lang='lat' dir='ltr'>tanquam</span> 
     </span>
    </p>
   </div>
   <div class='ocr_carea' id='block_1_110' title="bbox 1981 5469 2480 5525">
    <p class='ocr_par' dir='ltr' id='par_1_110' title="bbox 1981 5469 2480 5525">
     <span class='ocr_line' id='line_1_110' title="bbox 1981 5469 2480 5525; baseline -0.004 0"><span class='ocrx_word' id='word_1_768' title='bbox 1981 5485 2113 5525; x_wconf 88' lang='lat' dir='ltr'>reus</span> <span class='ocrx_word' id='word_1_769' title='bbox 2150 5469 2480 5524; x_wconf 84' lang='lat' dir='ltr'>feriebatur.</span> 
     </span>
    </p>
   </div>
   <div class='ocr_carea' id='block_1_111' title="bbox 2044 5636 2511 5698">
    <p class='ocr_par' dir='ltr' id='par_1_111' title="bbox 2044 5636 2511 5698">
     <span class='ocr_line' id='line_1_111' title="bbox 2044 5636 2511 5698; baseline -0.011 -10"><span class='ocrx_word' id='word_1_770' title='bbox 2044 5639 2165 5698; x_wconf 84' lang='lat'>(69&#39;)</span> <span class='ocrx_word' id='word_1_771' title='bbox 2192 5636 2395 5689; x_wconf 77' lang='lat' dir='ltr'>Clausi.</span> <span class='ocrx_word' id='word_1_772' title='bbox 2430 5636 2511 5686; x_wconf 85' lang='lat' dir='ltr'>1n.</span> 
     </span>
    </p>
   </div>
   <div class='ocr_carea' id='block_1_112' title="bbox 2045 5704 3359 5774">
    <p class='ocr_par' dir='ltr' id='par_1_112' title="bbox 2045 5704 3359 5774">
     <span class='ocr_line' id='line_1_112' title="bbox 2045 5704 3359 5774; baseline -0.005 -14"><span class='ocrx_word' id='word_1_773' title='bbox 2045 5709 2142 5772; x_wconf 86' lang='lat'>(70)</span> <span class='ocrx_word' id='word_1_774' title='bbox 2170 5709 2383 5774; x_wconf 79' lang='lat' dir='ltr'>Ubique.</span> <span class='ocrx_word' id='word_1_775' title='bbox 2415 5705 2485 5758; x_wconf 81' lang='lat' dir='ltr'>Et</span> <span class='ocrx_word' id='word_1_776' title='bbox 2510 5719 2640 5756; x_wconf 85' lang='lat' dir='ltr'>mox</span> <span class='ocrx_word' id='word_1_777' title='bbox 2670 5705 2898 5770; x_wconf 75' lang='lat' dir='ltr'>denique</span> <span class='ocrx_word' id='word_1_778' title='bbox 2925 5716 3024 5768; x_wconf 89' lang='lat' dir='ltr'>pro</span> <span class='ocrx_word' id='word_1_779' title='bbox 3055 5705 3256 5769; x_wconf 72' lang='lat' dir='ltr'>itaque.</span> <span class='ocrx_word' id='word_1_780' title='bbox 3283 5704 3359 5754; x_wconf 85' lang='lat' dir='ltr'>In.</span> 
     </span>
    </p>
   </div>
   <div class='ocr_carea' id='block_1_113' title="bbox 2043 5777 3151 5845">
    <p class='ocr_par' dir='ltr' id='par_1_113' title="bbox 2043 5777 3151 5845">
     <span class='ocr_line' id='line_1_113' title="bbox 2043 5777 3151 5845; baseline -0.007 -14"><span class='ocrx_word' id='word_1_781' title='bbox 2043 5781 2163 5845; x_wconf 77' lang='lat'>(70&#39;)</span> <span class='ocrx_word' id='word_1_782' title='bbox 2198 5778 2591 5832; x_wconf 74' lang='lat' dir='ltr'>Arcessendum.</span> <span class='ocrx_word' id='word_1_783' title='bbox 2625 5777 2705 5828; x_wconf 85' lang='lat' dir='ltr'>ID.</span> <span class='ocrx_word' id='word_1_784' title='bbox 3150 5810 3151 5813; x_wconf 59' lang='grc' dir='ltr'><strong>η</strong></span> 
     </span>
    </p>
   </div>
  </div>
