4000 6166
493 246 631 298 Mlti

1140 361 1360 416 CAPUT
1400 362 1481 416 XI.

565 458 710 510 Dum
739 456 860 510 haec
902 454 1303 525 Hierosolymis
1334 459 1604 526 aguntur,
1637 454 2003 525 Vespasianus
2032 456 2120 509 in-

493 557 649 604 terea
678 555 868 622 partes
906 548 1040 603 alias
1075 549 1258 620 gentis
1287 548 1499 603 Iudaeas
1538 547 1886 602 debellabat.
1929 551 2126 604 Perve-

495 644 576 698 nit
613 643 682 698 ad
715 659 873 713 eum,
917 659 1044 714 qua}
1091 642 1289 698 seditio
1337 645 1483 696 esset
1524 642 1950 712 Hierosolymis,
1980 659 2124 714 quas

493 737 816 793 domesticis
870 737 1078 808 prmliis
1137 752 1305 790 neces
1358 736 1462 790 sibi
1525 736 1629 806 ipsi
1690 735 2118 806 irrogavissent,

489 849 616 904 quas
669 831 944 903 supplicia
993 831 1202 886 civium
1256 834 1450 885 exacta
1503 846 1536 882 a
1587 829 1803 884 civibus
1850 847 1861 882 :
1916 831 2122 885 hortati

490 925 769 997 plerique,
796 930 857 980 ut
881 941 946 979 eo
973 927 1260 996 pergeret,
1286 940 1355 979 ne
1383 922 1519 994 quid
1546 923 1838 994 triumpho
1867 925 2122 978 Romano

490 1023 546 1072 et
585 1035 699 1074 suae
741 1019 937 1090 gloriae
977 1019 1400 1090 decerperetur.
1439 1022 1504 1072 At
1551 1017 1644 1071 ille
1690 1017 2018 1072 moderatus
2065 1022 2123 1071 et

488 1113 757 1183 providus
788 1113 893 1181 vir,
925 1113 1019 1184 qui
1062 1128 1172 1166 non
1207 1111 1260 1165 id
1293 1111 1447 1182 quod
1479 1127 1546 1165 ex
1589 1127 1690 1165 usu
1729 1111 1882 1182 vulgi
1911 1127 2123 1165 accom-

491 1207 722 1262 modum
757 1206 1106 1260 existimaret
1145 1205 1274 1274 (7t),
1317 1205 1411 1259 sed
1458 1205 1610 1276 quod
1653 1204 1849 1259 altiore
1889 1205 2122 1260 consilio

490 1301 570 1354 rei
629 1316 868 1354 summae
924 1299 1245 1356 conducere
1301 1298 1702 1364 arbitraretur,
1763 1299 1977 1353 referre
2029 1299 2124 1352 illa

488 1394 850 1448 suadentibus
908 1393 1079 1464 ccepit
1137 1411 1146 1445 :
1208 1393 1324 1446 Non
1381 1409 1608 1464 semper
1673 1392 1877 1463 praeliis
1936 1391 2120 1462 juvari

491 1487 920 1558 rempublicam,
953 1486 1050 1540 sed
1077 1487 1417 1557 plerumque
1449 1486 1621 1540 etiam
1653 1486 1828 1540 armis
1855 1485 2123 1557 depositis

487 1582 715 1636 laudem
755 1581 959 1652 parari,
1005 1583 1061 1634 et
1101 1580 1358 1634 debitum
1403 1580 1602 1649 patriae
1643 1580 1796 1634 solvi.
1845 1580 1988 1644 Quid
2031 1581 2119 1633 in-

486 1681 683 1742 terest,
731 1674 1020 1746 quomodo
1070 1674 1330 1728 vincatur
1369 1673 1569 1741 hostis,
1603 1679 1869 1727 nostrone
1910 1690 1980 1727 an
2019 1689 2120 1728 suo

487 1769 681 1823 ferro?
712 1769 821 1823 nisi
847 1769 999 1839 quod
1041 1785 1140 1821 suo
1177 1767 1295 1821 sine
1323 1769 1579 1822 Romana
1609 1766 1820 1821 invidia
1865 1772 2117 1838 proster-
2143 1744 2198 1814 B

489 1862 662 1916 nitur.
708 1863 829 1916 Non
870 1861 1026 1915 enim
1072 1865 1311 1932 possunt
1351 1861 1416 1914 de
1462 1861 1622 1915 nobis
1667 1859 1848 1931 queri,
1897 1877 2026 1915 cum
2062 1879 2118 1914 se

489 1956 595 2026 ipsi
622 1954 1107 2010 consauciaverint
1135 1972 1146 2009 :
1177 1954 1346 2008 simul
1379 1971 1548 2026 quam
1578 1955 1744 2024 juxta
1785 1955 1950 2009 nobis
1976 1955 2121 2009 bella

490 2049 786 2114 moverint,
811 2048 1151 2119 signiﬁcant,
1181 2048 1411 2118 quando
1435 2065 1540 2102 nec
1568 2048 1672 2119 ipsi
1703 2048 1808 2101 sibi
1839 2055 2079 2119 parcunt
2105 2067 2115 2102 :

488 2143 791 2196 vindictam
815 2141 964 2195 hanc
995 2141 1066 2195 de
1095 2143 1234 2196 coelo
1267 2141 1468 2210 videri,
1497 2144 1561 2196 ut
1600 2142 1792 2196 furore
1832 2142 2121 2212 insaniant

487 2236 582 2308 qui
632 2237 912 2290 Romanos
962 2235 1364 2290 lacessiverint.
1421 2235 1524 2290 Sed
1577 2236 1621 2289 si
1677 2235 1802 2306 quis
1852 2236 2117 2306 derogari

487 2330 701 2401 aliquid
726 2329 923 2399 gloria:
953 2334 1160 2384 nostra:
1189 2329 1407 2398 asserit,
1437 2332 1745 2399 cognoscat
1769 2329 2114 2400 przeponde—

489 2440 610 2478 rare
639 2439 787 2494 saape
824 2423 1142 2479 remedium
1189 2439 1318 2477 cum
1362 2423 1605 2490 silentio,
1657 2438 1828 2494 quam
1859 2424 2115 2494 prazlium

485 2534 616 2572 cum
651 2516 926 2588 periculo.
957 2518 1215 2588 Denique
1259 2520 1449 2571 noster
1490 2516 1760 2571 Maximus
1798 2518 2117 2571 cunctando

490 2611 669 2684 magis
698 2611 870 2682 fregit
896 2611 1228 2666 Annibalem
1261 2627 1431 2682 quam
1471 2611 1803 2681 prmliando.
1849 2611 1963 2666 Etsi
2001 2611 2114 2665 Sci-

486 2707 686 2776 piones
717 2705 1066 2776 subegerunt
1100 2704 1368 2770 Africam,
1401 2709 1589 2758 tamen
1632 2705 1953 2758 communis
1995 2705 2112 2757 bel-

484 2800 672 2854 lorum
716 2815 846 2854 cum
889 2798 1080 2853 multis
1129 2798 1354 2852 victoria
1396 2816 1407 2852 :
1453 2798 1689 2852 Maximo
1735 2798 1839 2852 soli
1885 2797 2114 2855 datum.

483 2893 631 2964 quod
665 2893 986 2948 cunctando
1022 2892 1333 2947 restituerit
1364 2891 1794 2962 rempublicam.
1839 2891 1968 2945 Plus
2014 2891 2112 2945 ita-

482 3003 595 3059 que
635 2992 720 3042 est
760 3002 1011 3042 servasse
1052 2988 1373 3042 Romanum
1414 2985 1719 3056 imperium
1765 3001 1936 3056 quam
1982 3002 2112 3057 pro-

482 3097 740 3152 pagasse.
795 3083 1100 3153 Equemus
1153 3086 1347 3135 tamen
1398 3079 1596 3134 merita
1646 3078 1939 3133 virtutum.
1996 3080 2189 3182 Nonc

483 3176 704 3230 minora
757 3175 952 3246 utique
994 3175 1050 3227 in
1095 3175 1212 3244 ipso
1254 3174 1402 3228 bello
1447 3171 1740 3244 sapientiae
1787 3177 2114 3226 commenta

480 3273 644 3336 sunt,
703 3284 875 3338 quam
934 3267 1175 3337 insignia
1232 3266 1603 3321 fortitudinis.
1671 3268 1912 3320 Pereant
1977 3283 2114 3336 ergo

480 3362 593 3415 suis
636 3362 808 3415 armis
853 3378 866 3414 :
914 3361 1054 3415 nihil
1106 3360 1287 3415 laudis
1339 3360 1605 3414 diminuit
1659 3361 1786 3430 (72),
1833 3367 1889 3414 et
1933 3362 2110 3431 pluri-

481 3470 642 3509 mum
697 3455 945 3509 victoriae
995 3458 1200 3509 nostrae
1252 3454 1600 3525 adjungitur.
1661 3454 1926 3509 Nesciunt
1981 3472 2111 3509 suos

480 3565 728 3618 servare,
777 3548 984 3620 quibus
1024 3565 1128 3603 nos
1170 3549 1474 3620 parcimus.
1521 3548 1687 3616 Quid,
1727 3549 1876 3620 quod
1917 3551 1961 3602 si
2002 3550 2107 3604 im-

478 3643 695 3697 minere
747 3643 1108 3714 cmperimus,
1163 3645 1399 3697 fortasse
1454 3643 1605 3697 inter
1651 3659 1710 3697 se
1762 3643 2107 3714 resipiscant,

475 3743 643 3808 atque
680 3737 738 3791 in
784 3738 1024 3807 gratiam
1065 3737 1342 3792 redeant?
1387 3737 1538 3807 quod
1585 3753 1698 3791 non
1745 3753 1962 3804 vereor,
2013 3737 2109 3792 sed

478 3832 745 3886 adversus
786 3836 1034 3886 vestram
1075 3831 1410 3885 sententiam
1455 3831 1680 3901 profero
1713 3847 1726 3884 :
1757 3835 1854 3884 aut
1893 3831 1937 3884 si
1980 3848 2104 3902 per-

479 3929 706 3980 maneat
731 3925 957 3990 seditio,
987 3925 1286 3979 videantur
1323 3925 1430 3995 ipsi
1460 3942 1581 3978 sese
1612 3941 1991 3996 expugnasse,
2029 3927 2108 3978 ni-

479 4019 557 4072 hil
613 4021 931 4074 Itomanum
989 4019 1169 4088 egisse
1226 4019 1573 4086 exercitum,
1629 4035 1830 4072 manus
1892 4022 2108 4073 nostras

476 4112 684 4167 otiosas
734 4113 936 4179 fuisse,
989 4111 1280 4166 victoriam
1329 4129 1440 4166 non
1485 4113 1692 4166 virtute
1737 4117 1958 4181 nostra,
2009 4113 2106 4168 sed

475 4205 664 4259 hostili
703 4205 1092 4260 internecione
1135 4206 1285 4260 inter
1329 4222 1386 4259 se
1432 4213 1703 4276 paratam.
1764 4208 1956 4278 Itaque
2004 4207 2105 4260 hoc

472 4298 814 4372 prudentius
851 4299 1168 4366 consilium,
1212 4303 1272 4352 ut
1309 4299 1641 4353 absentibus
1680 4299 1844 4354 nobis
1876 4301 2107 4354 saeviant

472 4396 529 4450 in
573 4393 811 4448 exitium
859 4393 966 4460 sui,
1010 4408 1078 4446 ne
1127 4392 1253 4464 quis
1306 4397 1464 4464 putet
1515 4410 1608 4447 eos
1667 4394 1874 4448 nostris
1927 4396 2104 4464 magis

473 4505 646 4560 quam
686 4488 801 4543 suis
833 4487 1108 4543 exercitos
1151 4487 1514 4542 factionibus.
1547 4488 1700 4542 'I‘unc
1749 4489 1950 4542 melius
2000 4505 2099 4558 ap-
2125 4480 2181 4550 Ι)

471 4582 1006 4652 propinquabimus,
1041 4581 1133 4636 ubi
1166 4582 1342 4635 victor
1374 4582 1741 4652 superfuerit,
1781 4581 1877 4652 qui
1907 4587 2099 4636 nostro

468 4675 692 4730 accedat
735 4674 1044 4746 triumpho.
1091 4677 1252 4731 Certe
1298 4675 1529 4730 veniant
1578 4675 1647 4729 ad
1695 4691 1815 4744 nos,
1863 4676 1960 4745 qui
2011 4675 2098 4729 fu-

470 4771 633 4842 giunt
662 4785 822 4836 suos;
866 4768 1156 4823 inveniant
1186 4768 1339 4840 apud
1381 4786 1483 4823 nos
1521 4770 1757 4823 salutem
1795 4769 1919 4835 sibi,
1957 4785 2101 4840 quas

467 4878 697 4917 suorum
725 4863 899 4934 pestis
929 4862 1320 4933 exagitaverit.

1096 4957 1316 5011 CAPUT
1355 4958 1466 5012 XII.

538 5053 645 5106 Nec
673 5051 873 5107 fefellit
906 5051 1098 5122 opinio
1136 5051 1542 5122 Vespasianum
1583 5069 1594 5104 :
1627 5069 1761 5106 nam
1801 5053 1896 5124 qui
1937 5059 2094 5124 pote-

463 5151 594 5202 rent
623 5147 801 5217 pretio
826 5162 884 5201 se
908 5145 1210 5212 redimere,
1241 5148 1304 5200 ut
1332 5144 1776 5213 dimitterentur,
1803 5148 1872 5202 ad
1897 5147 2093 5202 Roma-

465 5256 570 5295 nos
591 5240 1011 5312 confugiebant.
1043 5239 1278 5310 Repleta
1319 5244 1481 5292 erant
1508 5239 1887 5294 dilabentium
1921 5246 2095 5296 strata

463 5335 683 5388 viarum
710 5334 918 5399 omnia,
949 5350 1149 5388 omnes
1168 5333 1387 5387 semita:
1411 5351 1420 5387 :
1449 5333 1846 5388 relaxabantur
1871 5335 2092 5402 divites,

465 5443 739 5499 pauperes
780 5426 1290 5494 interﬁciebantur,
1343 5427 1550 5498 quibus
1605 5429 1846 5498 pecunia
1895 5429 2096 5484 deerat

464 5521 534 5578 ad
564 5520 1048 5593 redemptionem.
1071 5521 1228 5577 Multi
1257 5522 1428 5576 etiam
1451 5523 1610 5576 extra
1632 5520 1830 5576 urbem
1858 5521 2092 5578 insidias

465 5618 522 5668 et
550 5614 847 5668 latrocinia
875 5615 1379 5685 pertimescebant,
1398 5621 1454 5671 et
1475 5615 1718 5670 maxime
1751 5615 1950 5688 inopes
1975 5617 2093 5689 qui-

531 5733 628 5796 (71)
651 5731 972 5782 metimur“.
1003 5736 1177 5787 Buta.

524 5800 624 5867 (7‘2)
652 5800 823 5849 Laudv'
854 5801 1038 5850 dimin.
1069 5805 1151 5852 In.

1971 240 2022 290 S.
2069 238 2380 294 AMBROSII

2151 361 2330 445 Abus
2379 362 2679 418 comitatus
2725 363 2937 418 deerat.
2991 364 3114 418 Pari
3165 362 3357 434 itaque
3408 362 3544 416 foris
3589 370 3644 417 et
3690 364 3812 420 domi

3711 244 3810 298 22m

2225 456 2510 526 proposito
2547 456 2656 510 sibi
2700 456 2973 527 periculo,
3013 457 3315 529 utrobique
3354 455 3692 527 pernicioso,
3728 460 3818 528 ple-

2224 548 2413 620 risque
2454 555 2646 604 tamen
2688 551 2856 621 patrii
2897 566 2996 620 spe
3035 551 3301 621 sepulcri,
3342 566 3492 605 mors
3532 550 3677 622 apud
3717 567 3816 605 suos

2224 642 2574 698 tolerabilior
2601 643 3010 698 aestimabatur.

2842 738 3064 793 CAPUT
3102 738 3235 791 XIII.

2294 829 2392 885 Ubi
2427 835 2617 901 strage
2650 831 2898 885 maxima
2937 831 3300 901 populorum,
3336 837 3515 885 metus
3556 831 3612 884 in
3653 849 3819 886 omnes

2223 940 2471 994 sparsus,
2503 923 2756 978 subditos
2785 924 3018 979 factioni
3055 924 3190 978 fecit
3220 923 3525 978 universos.
3562 925 3677 979 Non
3707 942 3818 978 con-

2223 1023 2411 1072 tentus
2439 1033 2807 1072 communem
2843 1034 2971 1072 cum
3017 1017 3370 1088 principibus
3407 1017 3661 1072 factionis
3688 1034 3820 1072 exer-

2224 1127 2348 1165 cere
2373 1113 2612 1166 Joannes
2638 1111 2974 1182 potentiam,
2998 1110 3363 1182 tyrannidem
3392 1111 3657 1166 affectare
3683 1113 3824 1183 coepit

2223 1208 2280 1258 et
2324 1221 2517 1276 parem
2563 1205 2991 1276 indignabatur.
3035 1205 3332 1260 Destruere
3375 1206 3568 1275 itaque
3609 1206 3822 1260 aliorum

2223 1302 2464 1364 statuta;
2490 1299 2630 1353 nihil
2657 1299 2765 1353 nisi
2786 1299 2935 1370 quod
2965 1298 3188 1353 libitum
3207 1298 3374 1368 foret,
3399 1301 3587 1353 ratum
3609 1299 3825 1360 habere;

2225 1393 2612 1464 paulatimque
2635 1392 2740 1446 sibi
2768 1392 3080 1446 adsciscere
3107 1392 3404 1463 stipatores
3430 1411 3442 1447 :
3468 1393 3670 1446 artifex
3700 1393 3825 1459 dolo,

2223 1503 2364 1558 quos
2403 1486 2592 1553 vellet,
2637 1491 2691 1541 et
2732 1486 2932 1541 fraude
2974 1485 3406 1551 circumvenire,
3453 1486 3705 1556 obligare
3747 1502 3826 1557 pe-

2224 1581 2408 1648 cunia,
2463 1585 2675 1636 terrere
2729 1580 3002 1652 potentia,
3054 1579 3259 1651 quibus
3313 1579 3529 1634 artibus
3577 1579 3828 1650 plurimos

2224 1675 2326 1728 sibi
2357 1676 2742 1730 associaverat.
2773 1675 2986 1728 Rursus
3023 1690 3137 1728 non
3178 1674 3418 1728 deerant
3455 1674 3552 1745 qui
3585 1674 3668 1727 vel
3709 1674 3830 1744 peri-

2223 1769 2412 1823 culoso
2455 1768 2638 1823 studio
2679 1768 2970 1823 servitium
3009 1768 3415 1833 detrectarent,
3454 1784 3583 1821 cum
3613 1784 3825 1838 praeser-

2223 1862 2324 1916 tim
2351 1862 2726 1917 dominationi
2763 1862 2993 1930 assueti,
3024 1862 3260 1916 tolerare
3289 1861 3622 1915 servitutem
3651 1862 3827 1932 nequi-

2223 1960 2366 2010 rent.
2409 1956 2792 2011 Decernebant
2832 1956 3024 2027 itaque
3059 1956 3116 2008 in
3162 1972 3270 2008 una
3301 1955 3444 2010 urbe
3485 1956 3595 2009 tria
3638 1971 3830 2026 genera

2222 2049 2529 2104 exitialium
2572 2049 2965 2104 calamitatum
3002 2066 3014 2102 :
3050 2047 3399 2119 tyrannides,
3433 2048 3670 2116 bellum,
3701 2049 3829 2103 sedi-

2223 2143 2328 2212 tio;
2363 2158 2609 2214 quarum
2646 2159 3009 2215 unaquaeque
3050 2159 3161 2196 non
3203 2158 3398 2208 unam,
3438 2143 3532 2196 sed
3578 2142 3830 2213 plurimas

2224 2236 2389 2292 urbes
2420 2236 2652 2292 deleret.
2691 2237 2770 2291 Ex
2801 2237 2982 2291 tribus
3020 2241 3212 2290 tamen
3243 2236 3419 2290 levius
3455 2235 3670 2290 bellum
3703 2242 3830 2303 erat;

2222 2335 2280 2384 et
2318 2331 2506 2400 justus
2560 2330 2733 2384 hostis
2780 2335 3031 2401 tyranno
3076 2333 3173 2384 aut
3216 2329 3455 2384 factione
3505 2329 3833 2385 tolerabilior

2225 2425 2536 2480 videbatur.
2568 2424 2810 2479 Accessit
2845 2425 2929 2478 his
2971 2427 3239 2496 quartum
3279 2440 3457 2496 genus
3490 2424 3830 2492 sicariorum,

2220 2520 2319 2590 qui
2371 2526 2703 2590 occupatam
2749 2518 3062 2589 tyrannicis
3109 2517 3355 2573 motibus
3405 2522 3504 2572 aut
3553 2519 3832 2574 seditionis

2223 2613 2556 2667 tumultibus
2596 2613 2800 2667 urbem
2843 2612 3120 2680 videntes,
3156 2612 3342 2666 vicina
3380 2613 3576 2666 omnia
3617 2613 3830 2683 popula-

2221 2708 2461 2776 bantur,
2514 2711 2570 2761 et
2621 2705 2990 2778 asportabant
3047 2706 3254 2760 omnia.
3308 2705 3559 2760 Mulieres
3613 2712 3672 2760 et
3720 2723 3830 2777 par-

2219 2800 2374 2855 vulos
2426 2800 2524 2872 qui
2570 2800 2823 2855 laborem
2876 2799 3116 2865 itineris,
3177 2799 3261 2852 vel
3310 2815 3476 2854 sexus
3527 2801 3616 2852 vel
3672 2801 3833 2854 astatis

2221 2893 2551 2948 infirmitate
2612 2894 2832 2965 perpeti
2900 2909 3012 2946 non
3078 2895 3373 2962 poterant,
3429 2891 3558 2946 neci
3615 2892 3829 2948 dabant.

2219 2987 2569 3058 Septingenti
2627 2989 2820 3059 itaque
2873 3002 3113 3040 numero
3170 2985 3490 3057 perempti,
3546 2993 3830 3040 convecta-

2217 3084 2338 3136 tum
2379 3082 2438 3136 in
2474 3081 2699 3136 castella
2734 3081 3121 3148 frumentum;
3155 3080 3449 3135 irruebant
3483 3080 3660 3151 agris,
3695 3080 3829 3134 urbi-

2217 3175 2340 3240 bus,
2374 3175 2624 3246 templis,
2648 3174 2869 3246 praadas
2897 3173 3178 3245 agebant;
3211 3173 3602 3228 necandorum
3635 3174 3830 3228 occasio

2217 3287 2328 3324 non
2365 3269 2940 3340 praetermittebatur;
2975 3267 3222 3339 agminis
3258 3268 3444 3338 specie
3482 3267 3828 3322 latrocinium

2217 3363 2537 3417 excitabant
2578 3365 2708 3430 (73),
2756 3363 2945 3432 plures
2992 3377 3165 3433 quam
3209 3378 3340 3416 usus
3385 3360 3634 3415 habebat
3672 3361 3826 3416 Iatro-

2214 3457 2464 3510 cinandi.
2524 3455 2830 3511 Latrocinii
2893 3455 3110 3510 saevitia
3170 3455 3382 3509 bellum
3455 3455 3824 3517 acerbabant,

2213 3552 2334 3605 sine
2389 3550 2548 3604 venia
2605 3549 2912 3604 deditionis
2961 3553 3058 3604 aut
3109 3549 3480 3620 susceptionis
3536 3549 3824 3620 indulgen-

2214 3645 2312 3699 tia.

2829 3716 3047 3770 CAPUT
3087 3716 3214 3769 XIV.

2285 3833 2540 3902 Rogatur
2595 3833 2783 3902 itaque
2841 3831 3234 3901 Vespasianus,
3293 3835 3356 3885 ut
3407 3832 3478 3884 ad
3533 3831 3819 3885 remedium

2209 3927 2428 3995 veniat,
2487 3944 2520 3980 a
2577 3942 2689 3997 quo
2755 3925 3039 3979 excidium
3105 3924 3485 3979 metuebatur.
3544 3922 3823 3979 Contendit

2209 4020 2504 4086 Gadaram,
2561 4020 2654 4074 ubi
2709 4020 2964 4090 opulenti
3026 4018 3291 4089 plurimi,
3350 4019 3446 4089 qui
3510 4015 3820 4089 patrimonii

2208 4115 2288 4169 sui
2344 4130 2529 4183 causa,
2579 4114 2763 4183 magis
2818 4113 3110 4184 magisque
3165 4114 3446 4166 latronum
3503 4112 3731 4167 insidias
3775 4120 3818 4163 et

2211 4209 2466 4262 incursus
2512 4207 3021 4278 pertimescebant;
3052 4209 3106 4260 et
3147 4206 3279 4260 ideo
3324 4207 3394 4260 ad
3435 4207 3819 4278 Vespasianiun

2205 4302 2419 4356 occulte
2477 4301 2771 4368 miserant,
2821 4305 2884 4354 ut
2939 4300 3012 4354 ad
3065 4317 3122 4354 se
3177 4300 3678 4372 appropinquaret,
3723 4313 3817 4371 quo

2206 4395 2394 4451 civitas
2424 4413 2457 4449 a
2491 4395 2802 4451 latronibus
2845 4400 3157 4450 erueretur.
3187 4395 3380 4448 Adfuit
3416 4395 3692 4450 exercitus
3720 4394 3816 4447 Ro-

2206 4506 2442 4558 manus,
2497 4506 2667 4561 quem
2732 4488 2986 4543 videntes
3041 4488 3418 4555 Gadarenses,
3472 4486 3816 4559 confugiendi

2205 4590 2396 4639 votum
2440 4583 2756 4648 habebant;
2803 4583 2899 4637 sed
2945 4598 3058 4654 qua
3103 4583 3194 4636 via
3241 4583 3589 4638 inexitiabile
3630 4582 3685 4636 id
3725 4577 3817 4632 sibi

2203 4679 2419 4744 afforet,
2463 4694 2574 4731 non
2622 4676 3006 4747 reperiebant,
3040 4693 3112 4730 ne
3152 4677 3210 4729 in
3254 4677 3609 4732 discedentes
3648 4677 3815 4729 insur-

2201 4778 2361 4843 geret
2391 4772 2576 4839 factio,
2609 4775 2781 4841 atque
2815 4770 3103 4825 universos
3139 4770 3373 4825 deleret.
3403 4771 3523 4825 Non
3562 4767 3819 4842 preter-iit

2201 4871 2397 4920 tamen
2431 4865 2714 4936 legatione
2751 4863 3160 4919 Gadarensium
3197 4864 3503 4918 invitatum
3538 4862 3816 4934 Vespasia-

2201 4975 2364 5028 num,
2408 4959 2529 5030 ejus
2573 4958 2874 5030 legationis
2914 4958 3227 5025 conscium,
3268 4961 3471 5028 utpote
3517 4957 3667 5012 urbis
3709 4957 3816 5026 pri-

2200 5069 2437 5120 morem,
2474 5054 2706 5108 nomine
2745 5053 3031 5120 Dolesum,
3070 5068 3243 5124 quem
3284 5053 3574 5124 capientes
3614 5053 3814 5105 intere-

2199 5154 2460 5212 merunt;
2488 5153 2659 5218 atque
2691 5147 2793 5201 ulti
2830 5146 3126 5217 injuriam,
3157 5145 3485 5217 egressique
3513 5145 3731 5208 urbem,
3762 5142 3812 5194 in

2198 5242 2392 5297 abdita
2429 5245 2484 5296 et
2525 5241 2834 5296 munitiora
2872 5257 2995 5295 sese
3031 5240 3425 5306 contulerunt;
3461 5239 3675 5295 Gadara
3703 5236 3807 5290 Bo-

2197 5336 2383 5390 manis
2427 5335 2636 5390 tradita
2680 5352 2692 5389 :
2731 5351 2860 5389 cum
2905 5335 3130 5405 ingenti
3168 5334 3367 5405 plausu
3415 5338 3692 5404 susceptus
3729 5329 3806 5380 est

2197 5429 2587 5499 Vespasianus.
2651 5431 2696 5482 Is
2760 5428 3035 5483 continuo
3105 5428 3175 5483 ad
3243 5427 3655 5500 persequendos
3713 5419 3804 5492 qui

2198 5523 2551 5595 refugerant,
2602 5522 2881 5578 Placidum
2933 5522 3140 5577 direxit
3185 5540 3196 5576 :
3249 5522 3369 5594 ipse
3416 5520 3708 5577 revertitur
3750 5513 3803 5566 in

2193 5618 2528 5672 Caesaream.

2259 5742 2356 5804 {73)
2382 5742 2726 5795 Exercebant.
2757 5743 2881 5794 Mox
2909 5754 3040 5795 vero
3065 5742 3404 5796 incubabant.
3435 5743 3509 5793 In.
