4000 6166
171 269 299 319 2217

796 392 1015 448 CAPUT
1053 395 1158 449 XV.

231 481 488 537 Placidus
526 485 834 555 praemissis
871 487 1200 561 quingentis
1232 491 1535 561 equitibus,
1569 491 1789 562 fugien-

165 587 246 634 tes
297 581 603 650 insecutus,
650 585 839 655 coegit
884 601 982 640 eos
1025 588 1086 641 in
1133 588 1318 643 vicum
1359 592 1459 660 qui
1508 589 1795 660 proximus

164 679 301 744 erat,
331 676 648 731 concedere
681 694 693 731 :
730 678 785 732 in
825 695 937 751 quo
978 681 1294 736 electorum
1337 683 1486 753 pube
1517 684 1796 754 juvenum

163 774 416 840 reperta,
472 770 766 826 audaciam
829 789 1151 845 sumpsere;
1202 780 1264 830 ut
1319 776 1687 847 insurgerent
1734 778 1795 831 in

164 863 471 918 Romanos.
504 865 643 928 Quae
672 881 762 920 res
790 866 900 920 illis
936 869 1079 922 cladi
1106 869 1232 924 fuit.
1265 871 1401 924 Nam
1434 871 1796 926 circumfusis

161 956 460 1027 equitibus,
514 976 547 1012 a
599 959 718 1014 vico
785 962 1018 1030 exclusi,
1074 963 1197 1018 sine
1257 965 1371 1018 ullo
1428 965 1797 1020 credebantur

160 1050 596 1120 impedimento.
627 1053 694 1107 Et
719 1053 857 1108 dum
884 1055 978 1108 alii
1009 1058 1255 1111 conferti
1289 1075 1410 1112 sese
1450 1060 1792 1130 reciperent,

161 1150 292 1198 ante
326 1144 528 1199 limina
562 1151 858 1216 portarum
890 1149 1340 1206 trucidabantur.
1374 1155 1661 1208 Ctesorum
1701 1170 1793 1208 ca-

159 1237 460 1292 daveribus
486 1246 800 1312 aggregata
825 1241 941 1313 (74)
972 1245 1144 1298 moles
1171 1245 1570 1318 adaequaverat
1596 1263 1791 1301 muro-

160 1348 289 1385 rum
335 1333 724 1389 altitudinem.
776 1337 1018 1391 Romani
1066 1337 1205 1392 alios
1251 1341 1475 1410 sagittis
1521 1341 1793 1411 figebant,

158 1425 300 1480 alios
336 1427 665 1482 sauciabant
695 1428 929 1484 diversis
965 1431 1302 1500 missilibus;
1337 1434 1410 1488 ad
1440 1439 1795 1505 postremum

158 1520 460 1575 castellum
503 1538 922 1593 expugnavere,
951 1524 1145 1597 ibique
1185 1543 1409 1594 omnes,
1443 1528 1549 1582 nisi
1589 1529 1797 1599 quibus

159 1613 422 1669 elabendi
459 1615 692 1670 facultas
730 1617 857 1686 fuit,
888 1618 1194 1674 interfecti.
1231 1621 1343 1675 Alii
1383 1622 1668 1693 fugientes
1710 1624 1794 1677 in-

1180 273 1267 328 DE
1307 274 1578 330 EXCIDIO
1618 276 1818 330 URBIS
1855 277 2212 334 HIEROSOL.
2254 279 2383 334 LIB.
2431 281 2518 334 ιν.

3386 290 3523 340 2218

1818 415 1874 484 Α
1895 402 2162 456 teretium
2202 401 2418 456 lubrico
2451 407 2558 457 "aut
2595 402 2814 457 vadosis
2855 404 3050 460 offensi
3080 406 3239 475 locis,
3273 407 3526 463 instabili

1895 496 2189 551 ﬂuctantes
2217 496 2422 566 gradu,
2451 496 2680 550 ﬂuentis
2717 498 3084 568 sequentibus
3111 500 3523 557 obruebantur.

1896 590 2051 644 Caesa
2089 590 2242 644 ferro
2291 590 2560 645 tredecim
2602 591 2777 645 millia
2818 609 2830 644 ε
2872 592 3296 648 innumerabilis
3333 599 3525 651 autem

1896 682 2201 736 multitudo
2228 683 2397 737 ﬂuvio
2418 688 2774 754 consumpta,
2799 685 2990 755 praeda
3016 685 3216 755 ingens
3239 687 3308 740 de
3336 688 3525 742 ovium

1896 776 2190 845 gregibus,
2232 781 2290 831 et
2329 778 2676 831 camelorum
2721 783 2892 848 atque
2933 778 3221 833 asinorum
3258 785 3313 834 et
3348 781 3526 835 boum

1897 873 2090 938 parta;
2127 886 2255 940 quae
2289 870 2419 925 licet
2459 875 2680 941 strages
2710 871 3012 925 hominum
3052 872 3298 926 maxima
3337 875 3526 941 fuerit,

1897 965 2018 1016 tum
2044 965 2155 1033 (76)
2189 981 2320 1019 vero
2356 965 2544 1034 major
2583 965 2990 1034 aestimabatur,
3019 966 3154 1037 quia
3190 984 3304 1021 non
3338 967 3525 1022 solum

1897 1057 2056 1127 regio
2083 1058 2270 1111 omnis
2297 1059 2515 1129 repleta
2542 1062 2666 1113 erat
2695 1059 3059 1113 cadaveribus
3087 1060 3350 1114 humanis
3379 1060 3528 1132 (cum

1898 1149 2134 1220 dispersi
2181 1167 2243 1205 ac
2291 1152 2549 1222 palantes
2597 1152 3029 1223 quibuscunque
3080 1154 3138 1207 in
3189 1154 3326 1208 locis
3372 1171 3527 1210 cem-

1899 1244 2167 1313 prehensi
2202 1245 2454 1311 fuerant,
2485 1245 2996 1315 interimerentur),
3027 1263 3223 1301 verum
3256 1249 3432 1302 etiam
3473 1253 3533 1302 ut

1895 1337 2154 1391 Jordanis
2196 1339 2316 1409 ipse
2365 1339 2760 1393 defunctorum
2812 1340 3141 1410 corporibus
3186 1341 3530 1408 obstructus,

1898 1447 2093 1485 cursus
2145 1432 2409 1502 proprios
2458 1433 2702 1503 dirigere
2760 1450 2875 1488 non
2927 1438 3135 1503 posset.
3185 1435 3534 1504 Asphaltites

1898 1541 2123 1596 quoque
2180 1526 2334 1579 lacus
2390 1543 2591 1580 cruore
2649 1532 2706 1581 et
2760 1526 3074 1580 visceribus
3128 1527 3534 1582 defunctorum

1900 1624 2144 1674 mutaret
2199 1623 2417 1674 naturae
2469 1636 2585 1674 suae.
2639 1620 2917 1690 speciem,
2972 1621 3031 1673 in
3084 1637 3254 1692 quem
3311 1621 3531 1688 omnia,

160 1711 396 1778 gentem
438 1709 657 1764 famam
696 1712 970 1767 Romana:
1013 1713 1235 1768 virtutis
1281 1717 1394 1770 suis
1440 1717 1797 1772 sermonibus
1897 1728 2254 1783 quaecunque
2283 1713 2541 1768 Jordanis
2581 1717 2911 1780 attraxerat,
2946 1714 3378 1768 invehebantur.
3412 1715 3526 1768 De-

158 1802 602 1872 exaggerabant,
633 1804 846 1875 majora
872 1805 980 1860 sibi
1008 1823 1180 1878 quam
1207 1808 1509 1863 hominum
1541 1811 1656 1864 visa
1682 1827 1799 1864 cor-
1823 1783 1874 1853 B
1899 1806 2072 1876 nique
2109 1807 2443 1877 _nonaginta
2499 1807 2610 1861 duo
2666 1807 2843 1861 millia
2897 1814 2954 1862 et
3010 1808 3238 1863 ducenti
3290 1808 3388 1862 illa
3442 1808 3532 1862 die

159 1911 318 1965 pora,
347 1896 562 1951 nullam
591 1897 895 1953 resistendi
925 1899 1195 1970 cuiquam
1223 1901 1527 1957 adversum
1558 1904 1798 1958 invictos

157 1988 450 2044 ﬁduciam.
485 1991 645 2045 Unde
681 1993 971 2062 perterriti
1005 2010 1226 2064 omnes,
1254 1996 1456 2067 fugere
1488 1997 1662 2065 illico;
1693 2014 1798 2052 nec

156 2084 345 2138 solum
394 2083 573 2138 vicina
620 2091 675 2140 et
717 2086 980 2156 finitima,
1023 2089 1119 2143 sed
1167 2089 1341 2144 etiam
1380 2091 1601 2145 Jericho
1641 2092 1796 2158 urbs,

155 2192 288 2248 quae
317 2183 548 2248 propter
570 2178 772 2233 incolae
793 2180 1177 2256 multitudinis
1197 2183 1427 2253 agmina
1450 2200 1609 2254 spem
1639 2188 1799 2239 caete-

156 2287 360 2325 rorum
407 2271 647 2339 fovebat,
693 2273 1140 2346 relinquebatur.
1191 2277 1470 2343 Placidus,
1514 2278 1684 2332 rebus
1729 2296 1799 2344 ex

157 2365 444 2419 sententia
467 2365 798 2436 ﬂuentibus,
823 2384 917 2423 eos
941 2385 1169 2440 quoque
1193 2386 1296 2441 per
1319 2371 1535 2442 equites
1565 2371 1799 2427 insecta-

157 2466 272 2525 tus,
305 2458 448 2514 alios
484 2460 791 2528 confertos,
820 2463 958 2516 alios
994 2463 1253 2534 palantes
1283 2464 1486 2519 sternit
1516 2482 1696 2535 usque
1725 2467 1798 2520 ad

157 2553 382 2608 ﬂumen
417 2554 722 2609 Jordanem
739 2573 757 2624 ;
789 2555 1103 2611 maximum
1132 2574 1358 2628 quoque
1388 2575 1695 2612 numerum
1727 2559 1799 2612 ad

155 2647 344 2717 ripam
387 2646 639 2702 ﬂuminis
681 2649 900 2721 reperit
947 2649 1291 2721 impeditum
1338 2651 1600 2719 transitu,
1645 2653 1795 2722 quod

161 2744 299 2794 tunc
339 2741 488 2795 forte
533 2742 841 2813 praedictus
887 2745 1072 2798 amnis
1116 2745 1390 2799 imbribus
1437 2748 1654 2812 auctus,
1700 2749 1800 2800 aut
1881 2761 1886 2766 '

157 2833 430 2888 resolutis
470 2833 693 2889 nivibus
729 2835 1101 2891 intumuerat.
1137 2839 1210 2891 At
1250 2837 1330 2892 illi
1379 2838 1474 2892 ubi
1516 2839 1800 2893 Romanos

155 2928 360 2982 adesse
398 2928 688 2997 viderunt,
719 2935 926 3000 parant
961 2947 1104 2998 sese,
1134 2936 1190 2986 et
1226 2932 1298 2985 ad
1341 2932 1592 2986 ﬂuminis
1635 2949 1795 2987 oram

152 3023 394 3093 stipant.
427 3021 740 3077 Necessitas
775 3024 1078 3079 intercluso
1118 3024 1271 3095 fugae
1307 3025 1578 3092 subsidio,
1609 3042 1795 3080 reme-

153 3115 319 3170 dium
374 3115 434 3170 in
491 3133 692 3171 manus
743 3118 942 3186 vertit,
995 3124 1052 3173 et
1107 3119 1326 3189 impetu
1389 3120 1573 3187 facto,
1633 3121 1874 3225 multiC

155 3226 334 3281 supra
362 3210 664 3281 pauciores
690 3212 911 3281 equites
937 3212 1283 3281 arietantur;
1313 3213 1393 3267 illi
1421 3221 1540 3268 arte
1574 3217 1708 3268 nota
1744 3219 1800 3268 et

153 3305 335 3358 veteri
376 3303 596 3358 militia:
637 3321 796 3358 more
839 3305 1312 3377 interequitantes
1354 3306 1633 3361 dissecare
1666 3308 1796 3362 hos-

153 3398 303 3452 tium
356 3413 640 3466 cuneum,
697 3399 1001 3454 dissolvere
1049 3399 1276 3470 globos,
1335 3400 1515 3455 fessos
1571 3417 1797 3472 urgere,

153 3492 431 3548 cedentes
483 3492 642 3563 sequi
692 3508 945 3563 erepere;
992 3493 1126 3547 hinc
1181 3494 1279 3548 alii
1326 3493 1478 3548 ferro
1525 3495 1796 3561 hostium,

152 3585 252 3639 alii
286 3603 414 3654 suo,
451 3585 608 3656 quod
637 3586 877 3641 conferti
918 3586 978 3641 in
1017 3603 1200 3641 unum
1239 3593 1410 3660 atque
1451 3588 1507 3642 in
1541 3605 1600 3643 se
1643 3589 1795 3643 relisi

147 3680 542 3748 incurrerent,
594 3679 1104 3736 interﬁciebantur.
1151 3682 1260 3735 Alii
1306 3683 1363 3735 in
1408 3683 1621 3736 ﬂumen
1666 3699 1795 3737 rue-

147 3773 314 3839 bant,
370 3774 470 3844 qui
523 3773 643 3844 ipsa
698 3774 783 3828 sui
833 3774 1018 3840 ruina,
1073 3779 1131 3830 et
1185 3775 1328 3829 alius
1375 3775 1486 3830 alio
1538 3775 1798 3845 impliciti

149 3866 668 3938 demergebantur.
713 3866 976 3938 Plerique
1024 3869 1192 3923 etiam
1235 3870 1600 3936 aestimantes,
1646 3869 1798 3940 quod

149 3963 392 4030 possent
455 3961 864 4031 praetergredi,
931 3978 1053 4016 sese
1117 3962 1288 4017 fluvio
1357 3963 1588 4018 dabant.
1645 3965 1797 4027 Quos

145 4053 456 4124 paululum
511 4070 839 4125 progressos
894 4055 1161 4111 sorbebat
1221 4056 1517 4128 gurgitum
1570 4057 1649 4112 vis
1700 4062 1799 4112 aut

143 4148 468 4202 fluminum
515 4147 656 4202 ictus
698 4148 1033 4219 abripiebat.
1078 4151 1141 4203 Et
1187 4151 1233 4203 si
1274 4150 1371 4221 qui
1414 4151 1650 4206 natandi
1691 4167 1797 4205 usu

141 4257 333 4312 super
384 4256 563 4311 aquas
614 4246 1038 4312 processerant,
1090 4246 1188 4296 aut
1240 4243 1467 4298 ﬂuentis
1519 4245 1794 4299 subterla-

143 4335 429 4390 bentibus
459 4351 517 4390 se
557 4335 998 4406 suspenderant,
1031 4339 1130 4391 aut
1169 4336 1436 4392 arborum
1476 4338 1648 4392 ramis
1688 4339 1794 4393 im-

143 4429 364 4500 pediti,
406 4428 505 4500 qui
545 4429 715 4483 ﬂuvio
757 4429 1209 4499 deducebantur,
1242 4437 1339 4485 aut
1381 4432 1514 4502 ipsis
1552 4433 1793 4487 caudici-

1898 1901 2226 1954 Judaeorum
2260 1901 2495 1970 periisse
2535 1901 2822 1967 aestimati,
2852 1918 2884 1955 a
2919 1901 3248 1972 quingentis
3281 1905 3530 1956 tantum-

1901 1993 2074 2048 modo
2104 1993 2410 2064 equitibus,
2439 1997 2497 2047 et
2529 1994 2706 2048 tribus
2745 1994 2994 2049 millibus
3021 1995 3300 2050 exercitus
3327 1995 3528 2066 pedes-

1900 2086 2019 2140 tris.
2052 2089 2388 2158 Progressus
2423 2104 2650 2158 quoque
2685 2088 2755 2142 ad
2789 2089 3062 2143 ulteriora
3090 2089 3364 2157 Placidus,
3396 2089 3532 2143 Abi-

1901 2181 2014 2234 lam
2053 2185 2108 2236 et
2143 2180 2420 2237 Juliadem
2464 2186 2522 2234 et
2563 2183 2886 2248 Betesmon,
2917 2186 2974 2236 et
3011 2198 3211 2236 omnes
3238 2183 3387 2236 vicos
3425 2183 3536 2237 loci

1899 2273 2078 2344 ipsius
2102 2291 2281 2345 usque
2307 2275 2377 2328 ad
2400 2275 2766 2345 Asphaltitem
2797 2276 2979 2329 lacum
3006 2276 3264 2330 Romano
3291 2276 3536 2347 imperio

1901 2368 2169 2422 restituit.
2202 2368 2436 2438 Scaphis
2467 2384 2698 2438 quoque
2726 2369 2998 2440 imposuit
3024 2369 3250 2437 milites,
3273 2387 3306 2422 a
3330 2369 3536 2440 quibus

1902 2461 2152 2515 universi
2201 2462 2298 2532 qui
2352 2463 2407 2515 in
2458 2462 2650 2516 lacum
2704 2469 3086 2517 memoratum
3132 2464 3530 2533 confugerant,

1901 2555 2425 2626 exstinguerentur.

2517 2649 2737 2704 CAPUT
2772 2649 2906 2702 XVI.

1973 2745 2165 2813 Itaque
2217 2749 2270 2797 et
2317 2742 2438 2796 haec
2488 2743 2685 2797 omnia
2737 2759 2916 2814 usque
2964 2743 3038 2797 ad
3089 2743 3531 2799 Machaaruntem

1902 2841 2126 2907 recepta
2165 2853 2176 2888 :
2218 2836 2585 2907 Vespasianus
2627 2841 2818 2892 tamen
2861 2840 3090 2908 tempus
3129 2837 3312 2909 praelii
3353 2854 3531 2910 oppe-

1901 2929 2170 2996 riebatur,
2219 2946 2333 3000 quo
2386 2931 2756 3002 metropolim
2802 2931 2980 2985 totius
3022 2931 3233 2986 Iudaeas
3278 2933 3530 2987 exercitu

1901 3025 2160 3079 Romano
2188 3023 2536 3093 adoriretur;
2567 3025 2717 3079 inter
2747 3040 2896 3096 quae,
2927 3029 3199 3097 occupato
3230 3025 3398 3080 rebus
3426 3026 3532 3080 sibi

1900 3117 2154 3183 creditis,
2204 3121 2392 3172 motus
2448 3117 2574 3172 novi
2623 3133 2688 3173 ex
2735 3118 3032 3172 Gallicanis
3081 3119 3336 3190 partibus
3385 3120 3526 3174 insi-

1900 3217 2172 3279 nuantur,
2200 3212 2350 3283 quod
2383 3229 2416 3265 a
2449 3213 2668 3267 Nerone
2697 3215 2958 3282 potentes
2987 3212 3226 3284 quidam
3255 3214 3528 3268 Romana:

1903 3306 2122 3360 militiae
2179 3306 2281 3360 viri
2335 3306 2711 3360 descivissent.
2760 3307 2880 3370 Quo
2930 3313 3242 3378 comperto,
3298 3308 3532 3379 cupiens

1899 3399 2173 3453 intestina
2223 3399 2373 3453 bella
2423 3415 2489 3453 ac
2540 3415 2782 3454 summm
2827 3401 2912 3454 rei
2957 3400 3240 3472 totiusque
3285 3402 3533 3456 Romani

1900 3492 2127 3564 imperii
2181 3493 2518 3564 periculum,
2565 3493 2822 3548 confecto
2871 3493 2929 3546 in
2984 3494 3200 3549 oriente
3251 3495 3533 3550 bellorum

1901 3587 2168 3654 tumultu,
2220 3586 2406 3640 levare
2465 3604 2476 3639 :
2532 3592 2596 3641 ut
2649 3603 2810 3641 reum
2865 3588 3240 3642 secundarum
3293 3589 3530 3652 nuntiis,

1901 3687 2092 3735 motus
2129 3696 2325 3734 omnes
2374 3679 2546 3734 Italiae
2591 3680 2677 3735 vel
2717 3681 3142 3750 comprimeret,
3186 3682 3269 3735 vel
3309 3698 3529 3752 praeve-

1901 3774 2074 3842 niret;
2127 3773 2223 3828 ubi
2275 3773 2530 3844 primum
2583 3789 2730 3828 saeva
2781 3774 2961 3828 hiems
3012 3779 3333 3844 temperata
3385 3777 3530 3830 veris
3617 3770 3624 3776 ’

1899 3867 2198 3938 principio,
2232 3884 2361 3921 cum
2393 3867 2614 3937 majore
2655 3873 2815 3938 parte
2855 3869 3133 3922 exercitus
3166 3869 3234 3922 de
3271 3869 3530 3923 Caesarea

1898 3962 2006 4016 iter
2043 3960 2239 4015 movit.
2279 3961 2510 4032 Excepit
2546 3978 2677 4016 eum
2709 3961 3022 4032 Antipatris
3062 3962 3293 4017 nomine
3331 3963 3529 4016 civitas

1897 4055 2201 4125 appellata.
2236 4054 2372 4110 Inde
2416 4055 2750 4125 procedens,
2783 4055 3053 4110 exurebat
3089 4055 3256 4122 vicos,
3286 4056 3528 4110 necabat

1900 4165 1998 4205 eos
2037 4165 2180 4220 quos
2219 4148 2534 4219 reperiebat
2577 4148 2830 4216 alienos;
2875 4166 2939 4203 ac
2980 4149 3222 4204 maxime
3267 4148 3528 4203 ldumeeis

1898 4243 2103 4310 vicina,
2129 4259 2482 4313 quaecunque
2509 4241 2843 4310 offenderat,
2866 4242 3317 4314 depopulabatur
3342 4266 3350 4296 :
3376 4245 3527 4314 quod

1898 4337 2220 4408 inquietum
2258 4353 2435 4407 genus
2471 4336 2770 4391 hominum
2805 4337 2990 4408 potius
3019 4337 3180 4390 bellis
3207 4353 3379 4408 quam
3409 4339 3526 4393 otio

1898 4431 1985 4486 vel
2031 4431 2211 4502 quieti
2259 4431 2506 4485 amicum
2560 4431 2724 4485 foret.
2779 4431 2926 4485 Duos
2977 4446 3208 4500 quoque
3261 4430 3524 4484 Idumaeas

138 4523 264 4578 bus
306 4523 586 4594 oppressi,
620 4523 874 4578 animam
920 4524 1210 4595 ponebant
1245 4525 1305 4579 in
1349 4525 1600 4580 ﬂumine.
1638 4525 2085 4598 SaepeDvicos,
2142 4525 2411 4594 Ligarum
2473 4528 2526 4578 et
2591 4526 2958 4594 Capartorem
3011 4523 3148 4592 (77),
3204 4539 3524 4594 eorumque

139 4617 340 4672 etiam
366 4617 603 4672 natandi
635 4617 912 4685 indoctus,
943 4617 1041 4672 ubi
1071 4621 1362 4674 natantem
1386 4620 1792 4691 apprehendis-
1896 4619 2106 4673 incolas
2164 4617 2657 4688 comprehendens
2715 4617 2968 4672 maxima
3030 4621 3218 4688 strage
3281 4618 3522 4672 labefac-

135 4716 263 4778 set,
315 4710 569 4777 tenebat,
619 4715 685 4765 ut
729 4711 848 4782 ipse
898 4712 1112 4783 pariter
1161 4713 1443 4779 evaderet,
1491 4719 1547 4768 et
1597 4714 1795 4768 astric-
1897 4712 2054 4766 tavit.
2099 4711 2396 4782 Siquidem
2443 4727 2608 4782 supra
2655 4710 2853 4766 decem
2899 4710 3080 4765 millia
3121 4711 3374 4766 virorum
3418 4729 3521 4784 pe-

134 4815 282 4859 tum
338 4805 586 4859 brachiis
637 4805 950 4876 defatigat,
1003 4805 1179 4860 donec
1245 4811 1484 4879 uterque
1538 4824 1792 4877 mersus,
1896 4805 2099 4873 remit,
2153 4805 2310 4859 mille
2363 4804 2612 4875 captivos
2665 4805 2925 4872 abduxit,
2978 4805 3268 4876 reliquum
3324 4806 3524 4875 vulgus

131 4899 323 4955 alteri
363 4898 535 4954 exitio
578 4899 746 4954 foret.
787 4901 860 4953 At
903 4901 947 4954 si
995 4900 1092 4971 qui
1141 4901 1289 4954 forte
1334 4901 1581 4956 secundo
1627 4917 1796 4956 amne
1897 4899 2130 4970 expulit,
2175 4903 2234 4953 ut
2279 4899 2356 4953 ibi
2397 4898 2771 4953 constitueret
2810 4914 3048 4953 manum
3091 4915 3347 4968 suorum,
3391 4901 3525 4969 quia

128 4995 467 5050 decurrens
523 5008 793 5047 evasurus
849 4993 1259 5062 mstimaretur,
1311 4995 1636 5050 irruebatur
1686 4994 1796 5066 (75)
1896 4997 2171 5048 montana
2215 4993 2471 5048 locorum
2521 4993 2772 5064 regionis
2819 4993 2942 5062 ejus
2987 4993 3294 5047 latrociniis
3343 4993 3521 5046 infes-

129 5087 406 5157 sagittis,
440 5103 504 5141 ac
547 5086 736 5142 subito
779 5088 1098 5159 resupinus,
1140 5089 1490 5143 cessantibus
1532 5089 1792 5144 hrachio-
1897 5087 2178 5142 tabantur.
2230 5088 2353 5158 lpse
2401 5103 2532 5142 cum
2584 5086 2837 5142 exercitu
2889 5085 3244 5140 Amathunta
3293 5087 3522 5156 repetit,

125 5196 289 5236 rum
337 5179 619 5251 remigiis,
667 5180 948 5236 interibat.
994 5181 1170 5236 Fuere
1215 5182 1412 5250 etiam,
1458 5183 1556 5254 qui
1597 5186 1796 5239 natare
1895 5197 2023 5254 quae
2080 5182 2149 5236 de
2211 5181 2371 5254 aquis
2422 5181 2614 5237 calidis
2663 5180 2996 5235 vocabulum
3046 5181 3316 5251 sumpsit,
3368 5182 3522 5250 quod

121 5274 357 5339 nescii,
400 5274 536 5328 dum
582 5277 881 5345 expertem
927 5274 1135 5330 doloris
1182 5280 1425 5330 mortem
1469 5276 1792 5348 requirunt,
1896 5292 2174 5347 aquarum
2218 5291 2396 5346 vapor
2438 5275 2576 5346 Syro
2620 5290 2881 5331 sermone
2925 5274 3200 5328 Amathus
3249 5274 3520 5344 appellari

123 5368 312 5424 edito
375 5368 631 5438 riparum
696 5374 855 5435 toro,
914 5369 970 5422 in
1034 5369 1269 5424 ﬂuvium
1340 5386 1400 5424 se
1464 5374 1797 5426 excuterent
1895 5370 2095 5424 fertur.
2153 5369 2415 5424 Thermm
2481 5385 2617 5440 ergo
2679 5369 2868 5423 Graece
2931 5367 3173 5435 dicitur,
3241 5385 3305 5421 eo
3372 5367 3524 5438 quod

121 5461 487 5518 voluntarii.
543 5461 654 5515 Alii
715 5478 953 5516 areuoso
1023 5463 1261 5534 ingressi
1315 5464 1544 5534 littore,
1605 5481 1794 5520 merso
1897 5463 2143 5519 calidum
2189 5464 2410 5518 fontem
2461 5462 2664 5518 habeat
2706 5463 2856 5517 intra
2903 5477 3112 5516 muros.
3161 5462 3374 5516 Deinde
3424 5479 3527 5532 per

120 5555 402 5626 vestigio
446 5554 915 5627 deprimebantur
955 5574 967 5610 :
1005 5556 1264 5629 plerique
1309 5558 1482 5612 etiam
1529 5575 1795 5615 saxorum
1898 5558 2214 5615 Samariam
2259 5558 2426 5630 juxta
2473 5555 2762 5628 Neapolim
2816 5555 2874 5609 in
2931 5555 3156 5610 Jericho
3211 5557 3526 5624 contendit,

205 5700 324 5764 (74)
351 5700 640 5765 Aggerem.
678 5701 857 5753 Baaa.
1959 5705 2058 5766 (77)
2085 5702 2250 5768 Apud
2275 5701 2581 5765 Josephum
2613 5699 2708 5750 lib.
2737 5712 2795 5762 v,
2819 5712 2939 5764 cap.
2968 5701 3018 5762 4,
3043 5699 3266 5765 Bagabri
3292 5701 3532 5766 Caphar-

206 5771 328 5908 ἓξὲξ
354 5771 711 5896 gbmbaltur.
745 5773 825 5822 In.
1897 5776 2140 5896 {optaram
2168 5774 2387 5838 legitur.
2420 5771 2591 5821 Vetus
2621 5771 2767 5832 cod.,
2797 5771 3035 5834 Ligerim
3075 5776 3120 5822 et
3159 5771 3528 5837 Coparcorom.

392 5857 562 5896 amen.
620 5857 672 5894 υ.
1922 5859 1975 5896 n.

491 5937 770 6002 PATROL.
817 5936 944 6003 XV.
993 5937 1170 6018 (XIV,
1222 5959 1373 6004 PARS
1421 5940 1526 6021 ll.)
3135 5942 3213 6001 70
