4072 6192
499 257 634 311 2219

1966 209 2392 316 $.AMBROSH

3711 259 3832 310 2220

499 379 591 431 ubi
629 377 871 432 occurrit
899 377 950 431 ei
985 377 1260 446 'l‘rajanus
1291 376 1527 432 multam
1562 392 1795 431 manum
1827 393 2018 447 agens,
2056 394 2120 430 ex
2147 392 2202 461 Α
2225 377 2435 430 Sunuvi
2474 392 2648 446 aquas
2677 380 2829 442 istas,
2862 381 2910 432 et
2941 393 3046 431 non
3075 380 3176 432 erit
3211 379 3269 430 in
3295 378 3378 430 his
3406 381 3662 438 moriens,
3689 394 3837 447 neque

495 472 582 525 his
613 471 708 542 qui
742 471 886 525 ultra
916 470 1222 526 Iordanem
1249 471 1340 525 siti
1379 473 1583 525 Peraeae
1621 470 1870 541 regionis
1901 471 2115 542 populi,

496 566 554 620 in
581 565 859 621 ditionem
888 566 1204 619 Romanam
1231 563 1364 619 victi
1395 570 1763 620 reverterant.
1787 564 1996 621 Nuntio
2024 563 2120 618 ita-

496 676 608 731 que
635 657 988 714 advenientis
1013 658 1260 712 Romani
1293 658 1566 714 exercitus
1595 658 1851 730 plerique
1879 675 1948 712 ex
1977 657 2119 712 urbe

490 753 732 818 .Iericho,
774 753 926 822 quod
969 769 1095 807 eam
1139 752 1382 807 intutam
1424 753 1699 819 viderent,
1743 752 1801 805 in
1850 757 2119 820 montana

494 845 1018 918 Ilierosolymitana:
1062 846 1311 924 regionis
1359 863 1479 900 sese
1529 846 1908 900 contulerant.
1960 846 2114 900 Resi-

492 940 752 996 dentium
778 941 948 996 turba
973 940 1155 994 omnis
1183 940 1554 994 consumitur.
1586 941 1778 1011 Neque
1817 940 1967 994 enim
2008 939 2112 994 dif-

490 1035 636 1089 ﬁcile
676 1035 788 1088 fuit
814 1034 1012 1089 urbem
1049 1037 1351 1104 properato
1389 1033 1531 1104 capi,
1565 1049 1692 1104 quae
1730 1050 1835 1088 nec
1870 1033 2115 1088 naturali

490 1129 630 1185 fulta
671 1133 812 1183 esset
852 1127 1192 1197 munimine,
1226 1133 1284 1182 et
1318 1145 1351 1182 a
1389 1127 1508 1182 suis
1551 1134 1695 1182 esset
1737 1127 2117 1182 dilabentibus

489 1223 711 1278 deserta
759 1239 824 1277 ac
871 1223 1153 1277 destituta.
1198 1221 1338 1275 Urbs
1381 1220 1609 1276 condita
1654 1223 1712 1276 in
1757 1238 1980 1293 campo,
2025 1221 2118 1275 cui

491 1316 880 1388 supereminet
915 1332 1082 1370 mons
1120 1314 1376 1370 diffusior
1415 1321 1471 1370 et
1509 1315 1693 1370 nudus
1733 1314 2112 1386 gignentium.

490 1412 746 1482 Namque
773 1409 1088 1464 secundum
1121 1409 1629 1480 septentrionalem
1670 1411 1900 1480 plagam
1937 1425 2115 1479 usque

487 1504 556 1558 ad
602 1503 958 1575 Scythopolis
1004 1502 1158 1557 urbis
1202 1505 1415 1558 terram
1457 1503 1801 1570 extenditur,
1847 1520 1910 1556 ex
1955 1507 2116 1574 parte

489 1596 808 1653 meridiana
862 1613 1044 1668 usque
1099 1597 1170 1651 ad
1224 1596 1520 1668 regionem
1575 1595 2007 1652 Sodomitanam
2062 1601 2114 1650 et

485 1690 812 1762 Asphaltitis
858 1690 998 1744 fines
1045 1688 1281 1744 diffusus
1330 1690 1592 1745 habetur.
1641 1692 1872 1761 Egrnm
1917 1696 2112 1744 autem

2219 472 2420 525 sterilis
2453 472 2520 524 ab
2560 474 2634 524 eis
2653 491 2669 536 ;
2707 478 2757 525 cl
2795 477 3006 526 sanata
3033 477 3160 525 sunt
3196 487 3376 541 aqua,
3406 471 3700 526 secundum
3733 489 3834 525 rer-

2221 565 2365 626 bum,
2408 564 2612 635 inquit,
2654 566 2841 618 Eliszez'
2870 565 3147 636 propheta:
3186 565 3273 635 (IV
3310 568 3462 633 Beg.,
3505 581 3562 631 ιι,
3606 568 3694 629 2t,
3738 569 3833 632 '22).

2220 659 2300 712 Ex
2330 659 2422 712 illa
2463 658 2654 729 itaque
2689 658 2979 712 benedicti
3019 657 3152 712 salis
3193 657 3479 712 infusione
3520 661 3841 728 temperatae.

2219 768 2398 823 aqua),
2432 757 2795 822 reserataque
2821 769 2922 806 ora
2948 752 3140 821 fontis,
3170 751 3494 807 sanctificati
3523 756 3658 806 sunt
3685 767 3844 822 aqua-

2218 861 2346 900 rum
2381 849 2620 914 meatus,
2652 848 2717 900 ut
2751 845 3026 900 dulciores
3056 848 3226 916 potus
3255 862 3528 900 venarum
3565 846 3842 916 scaturigo

2219 939 2555 1006 effunderet,
2589 945 2646 994 et
2674 939 2859 994 omnis
2891 939 2985 993 illa
3017 940 3358 994 dulcesceret
3387 956 3668 1010 aquarum
3697 956 3844 994 ama-

2218 1033 2432 1101 ritudo,
2483 1032 2773 1088 uberiores
2818 1033 3034 1088 fructus
3083 1036 3234 1087 terra
3278 1033 3457 1088 daret.
3504 1034 3844 1088 Generanda‘.

2219 1143 2448 1199 quoque
2503 1127 2708 1181 sobolis
2759 1127 2970 1198 optima
3020 1127 3322 1194 successio,
3378 1127 3603 1198 largam
3656 1133 3840 1198 poste-

2218 1220 2399 1275 ritatis
2442 1219 2666 1292 copiam
2708 1220 3185 1287 subministraret,
3231 1236 3334 1275 nec
3378 1219 3646 1274 deﬁceret
3685 1221 3840 1291 geni-

2218 1315 2343 1368 talis
2384 1331 2531 1386 aqua
2575 1332 2585 1368 :
2629 1331 2760 1368 cum
2803 1313 2914 1385 (80)
2957 1313 3145 1368 divina
3191 1314 3378 1385 gratia
3425 1330 3529 1385 pro
3564 1315 3844 1385 justorum

2218 1407 2476 1462 fidelibus
2541 1407 2737 1462 studiis
2795 1407 2937 1462 tanti
3001 1407 3292 1478 prophetae
3355 1408 3844 1463 benedictionibus

2219 1501 2595 1572 aspiravisset.
2651 1501 2946 1556 Convertit
3003 1501 3193 1572 itaque
3245 1503 3511 1556 naturam
3565 1518 3845 1572 aquarum

2215 1595 2286 1650 ad
2342 1612 2538 1666 preces
2597 1595 2894 1667 prophetae
2951 1594 3188 1650 caelestis
3245 1595 3460 1650 oraculi
3515 1595 3843 1661 resultatio,

2217 1689 2603 1761 continuoque
2645 1689 2999 1744 sterilitatem
3039 1689 3275 1760 depulit,
3309 1688 3721 1744 fecunditatem
3758 1690 3842 1744 in-

485 1790 541 1838 et
564 1761 844 1854 jejunum
898 1784 1101 1852 solum,
1148 1787 1204 1838 et
1255 1783 1382 1838 ideo
1429 1784 1719 1838 desertum
1772 1783 1842 1838 ab
1889 1761 2377 1853 incolis,Bfudit.
2406 1783 2637 1854 Cmpere
2673 1783 2789 1838 illic
2819 1782 3173 1837 crebrescere
3215 1782 3614 1854 generationes
3655 1783 3839 1838 homi-

487 1877 634 1949 quod
676 1878 796 1931 sine
837 1877 950 1931 ullo
992 1894 1097 1932 usu
1135 1882 1279 1931 esset
1316 1877 1624 1932 cultoribus
1663 1877 1906 1931 naturali
1947 1878 2107 1931 steri-

483 1972 660 2026 litate.
697 1971 971 2026 Adversus
1009 1971 1140 2025 huic
1181 1987 1348 2025 mons
1385 1988 1552 2041 supra
1590 1971 1918 2038 Iordanem,
1954 1971 2112 2041 cujus

486 2061 788 2119 exordium
824 2081 854 2118 a
891 2064 1113 2118 Juliade
1153 2069 1210 2119 et
1250 2065 1421 2135 plaga
1458 2065 1881 2134 septentrionali
1921 2081 2108 2119 assur—

483 2158 594 2227 git;
625 2157 744 2228 ipse
777 2162 965 2212 autem
995 2157 1300 2228 prmtendit
1326 2157 1387 2212 in
1416 2157 1795 2212 meridianum
1829 2174 2004 2228 usque
2038 2157 2109 2212 ad

485 2251 741 2320 Sobaros,
787 2251 1011 2306 Arabiae
1055 2253 1290 2306 Petraea:
1339 2252 1740 2318 conterminos,
1793 2251 1888 2306 ubi
1937 2251 2108 2306 etiam

485 2361 646 2399 mons
687 2348 790 2414 est,
827 2361 930 2400 usu
977 2336 1234 2400 veterum
1267 2346 1495 2409 ferreus
1534 2347 1916 2416 nuncupatus.
1961 2346 2112 2399 Inter

480 2439 584 2494 hos
650 2441 789 2494 duos
851 2444 1074 2495 montes
1125 2455 1360 2510 campus
1403 2439 1592 2509 jacet,
1649 2455 1820 2510 quem
1873 2443 2110 2510 prapter

484 2532 954 2602 magnitudinem,
988 2533 1138 2604 quod
1164 2533 1223 2586 in
1253 2534 1434 2587 multa
1462 2533 1640 2603 spatia
1666 2532 1950 2603 dirigatur
1975 2534 2105 2603 (78),

482 2626 682 2695 (veteri
725 2626 848 2694 usu)
895 2626 1091 2681 incolas
1137 2627 1402 2698 Magnum
1450 2626 1901 2699 appellaverunt,
1949 2626 2109 2697 cujus

481 2719 774 2791 longitudo
815 2719 1049 2790 triginta
1089 2725 1145 2775 et
1185 2721 1561 2774 ducentorum
1605 2719 1936 2787 stadiorum,
1976 2720 2105 2775 lati-

477 2814 617 2870 tudo
659 2817 888 2868 centum
929 2814 1152 2884 viginti.
1195 2814 1506 2869 Exordium
1547 2831 1580 2868 a
1619 2813 1737 2868 vico
1782 2813 2104 2881 Gennabar,

478 2907 606 2962 finis
652 2922 832 2979 usque
875 2907 945 2962 ad
993 2907 1369 2978 Asphaltitem
1417 2908 1623 2962 lacum.
1669 2907 1928 2962 Iordanis
1973 2924 2105 2963 eum

475 3001 731 3057 medium
773 3001 880 3074 (79)
920 3001 1223 3057 intersecat
1260 3017 1522 3072 campum
1567 3017 1682 3056 non
1723 3001 1909 3056 solum
1955 3001 2104 3056 inof-

474 3095 656 3166 fensa,
695 3095 790 3150 sed
833 3096 1009 3150 etiam
1047 3096 1318 3166 adjuncta
1349 3096 1527 3166 gratia
1563 3094 1933 3149 viridantibus
1969 3095 2106 3166 ripis

478 3189 733 3245 ﬂuminis
775 3189 1075 3257 alluvione,
1121 3195 1178 3243 et
1219 3189 1650 3244 succedentibus
1689 3188 2002 3260 Asphaltite
2049 3196 2105 3245 et

476 3283 769 3338 Tiberiade
809 3282 972 3336 unius
1012 3283 1204 3350 fontis,
1245 3288 1304 3336 et
1350 3285 1591 3353 utroque
1637 3282 1874 3336 diversa:
1919 3284 2102 3354 quali-

477 3377 608 3431 tatis
654 3378 800 3430 lacu.
845 3378 1094 3447 Namque
1135 3376 1363 3430 alterius
1404 3391 1565 3447 aqua:
1610 3392 1776 3447 sapor
1815 3376 2010 3446 salsus,
2049 3380 2106 3432 et

477 3470 682 3524 sterilis
725 3486 888 3538 usus;
921 3469 1232 3526 Tiberiadis
1267 3476 1461 3524 autem
1506 3470 1687 3524 dulcis
1725 3473 1896 3541 atque
1940 3472 2101 3541 geni-

476 3564 625 3618 talis.
659 3565 804 3619 Sane
842 3564 902 3618 in
938 3563 1138 3619 diebus
1176 3564 1384 3619 vastatis
1421 3563 1761 3618 immodicus
1790 3580 1896 3634 per
1925 3565 2104 3635 spatia

473 3657 659 3728 campi
688 3661 956 3712 exaestuat
982 3674 1175 3728 vapor,
1199 3657 1350 3712 unde
1372 3657 1717 3713 coalescente
1748 3657 1883 3712 vitio
1911 3658 2102 3712 nimiae

474 3751 758 3821 siccitatis,
790 3757 961 3823 atque
1007 3752 1186 3806 humo
1225 3751 1384 3806 arida
1422 3751 1746 3822 corruptior
1782 3767 1899 3818 aer,
1931 3753 2100 3806 mise-

475 3846 676 3900 randas
696 3845 899 3900 accolis
923 3847 1148 3900 conficit
1174 3844 1570 3916 aegritudines.
1593 3844 1764 3899 Arida
1790 3851 1922 3899 sunt
1948 3845 2104 3900 enim

475 3938 668 3994 omnia
686 3945 892 4010 praeter
910 3955 1036 3994 oras
1057 3939 1330 3994 ﬂuminis.
1353 3938 1604 4008 Denique
1623 3938 1683 3992 in
1705 3938 2102 3993 remotioribus

476 4032 734 4104 aegrescit
762 4039 818 4087 et
841 4033 1058 4088 fruetus
1082 4033 1377 4100 arborum;
1401 4033 1678 4104 siquidem
1706 4036 1763 4087 et
1787 4032 1948 4103 copia
1973 4033 2103 4088 ube-

476 4126 609 4192 rior,
650 4132 701 4180 et
743 4125 959 4180 fructus
1001 4127 1324 4197 palmarum
1373 4125 1617 4196 opimior
1661 4131 1765 4193 est,
1798 4125 1895 4196 qui
1935 4142 2103 4198 supra

475 4219 630 4290 ripas
647 4219 905 4274 Jordanis
925 4219 1178 4274 ﬂuminis
1199 4219 1474 4291 gignitur,
1498 4219 1644 4274 alius
1665 4221 1836 4290 longe
1858 4221 2098 4276 exsilior.

1091 4314 1307 4368 CAPUT
1345 4313 1499 4367 XVII.

549 4409 643 4462 Est
684 4407 859 4462 etiam
896 4406 1060 4478 juxta
1102 4406 1326 4462 Iericho
1370 4406 1573 4460 urbem
1615 4407 1745 4462 fons
1786 4407 2099 4477 abundans,

475 4507 645 4572 atque
675 4501 828 4556 idem
858 4500 1090 4556 uberior
1115 4501 1185 4555 ad
1217 4504 1438 4572 potum,
1468 4500 1740 4571 pinguior
1762 4501 1834 4556 ad
1865 4501 2180 4578 irrigau-D

476 4595 635 4664 dum,
664 4610 835 4665 quem
867 4595 1024 4648 Jesus
1053 4596 1198 4649 Nave
1228 4594 1459 4650 natione
1491 4594 1780 4662 Hebrteus,
1812 4612 1987 4650 manu
2015 4613 2104 4650 va-

475 4688 643 4754 lidus,
659 4688 906 4759 primum
928 4689 1083 4759 genti
1101 4689 1854 4760 eripuitChananaaorusz
1873 4690 1932 4744 in
1955 4691 2104 4761 prin-

474 4781 622 4852 cipio
649 4781 972 4853 corruptior
998 4781 1226 4836 habitus
1251 4799 1314 4836 ac
1346 4783 1552 4837 sterilis
1579 4783 1651 4837 ad
1689 4783 2100 4854 generandum,

473 4874 802 4948 potantibus
829 4880 886 4929 et
917 4875 1041 4930 usui
1070 4891 1272 4946 parum
1300 4876 1560 4931 salubris.
1590 4878 1750 4931 Unde
1779 4883 2008 4948 rogatus
2034 4878 2103 4932 ab

474 4970 668 5024 incolis
697 4968 928 5024 Elisaeus
954 4969 1253 5040 propheta,
1287 4970 1560 5041 idemque
1598 4969 1733 5026 Elite
1769 4970 2101 5042 discipulus,

473 5069 531 5119 et
571 5067 727 5118 tanto
769 5078 1057 5118 successor
1091 5079 1454 5134 nequaquam
1491 5061 1766 5135 indignus
1804 5065 2100 5136 magistro,

476 5162 535 5212 ut
584 5156 983 5228 hospitalitatis
1027 5173 1144 5211 suae
1188 5155 1518 5212 mercedem
1568 5157 1918 5228 relinqueret
1964 5175 2104 5231 quos

469 5251 817 5317 visitaverat,
844 5249 1002 5318 locis,
1037 5257 1095 5306 et
1129 5251 1517 5322 corruptelam
1553 5267 1831 5323 aquarum
1862 5253 2100 5322 levaret,

469 5345 793 5401 remedium
843 5343 1004 5399 dedit
1048 5345 1195 5398 sicut
1238 5345 1572 5416 Regnorum
1611 5351 1770 5400 vetus
1813 5346 2101 5418 Scriptura

472 5438 695 5509 edocet,
725 5437 1061 5511 praecipiens
1091 5455 1186 5492 vas
1213 5437 1382 5492 fictile
1414 5455 1543 5494 cum
1579 5439 1691 5494 sale
1727 5439 1936 5494 deferri
1974 5441 2100 5508 sibi,

467 5534 625 5605 quod
669 5532 973 5604 accipiens,
1019 5531 1228 5603 dejecit
1277 5532 1334 5586 in
1385 5533 1599 5588 fontem
1649 5534 1751 5600 sal,
1802 5537 1855 5588 et
1901 5533 2039 5590 dixit
2084 5552 2096 5589 :

533 5680 627 5743 (78)
661 5681 997 5744 Par-rigatur.
1027 5681 1204 5732 Buta.

529 5750 626 5812 ('79)
652 5750 875 5800 Medius.
898 5751 978 5805 In.

538 5819 642 5883 (80)
663 5819 779 5868 Cui.
812 5819 892 5866 In.

2214 1892 2378 1942 num,
2419 1877 2636 1931 fructus
2678 1882 2982 1945 terrarum,
3030 1892 3343 1947 succusque
3391 1892 3670 1948 aquarum
3719 1880 3843 1947 (81),

2213 1972 2341 2023 ante
2380 1970 2614 2040 jejunus
2663 1975 2720 2025 et
2765 1986 2998 2024 amarus
3050 1969 3398 2024 internecare
3450 1971 3651 2025 solitus
3702 1973 3842 2040 sata,

2213 2063 2510 2134 tristiaque
2570 2063 2888 2118 bibentium
2957 2081 3058 2118 ora
3127 2067 3427 2135 torquere,
3489 2064 3845 2120 fertilitatem

2212 2157 2346 2226 solo,
2393 2157 2717 2228 potantibus
2765 2158 3101 2213 suavitatem
3148 2157 3473 2227 infundere,
3519 2165 3582 2212 ut
3627 2158 3673 2212 si
3719 2158 3841 2212 bre-

2211 2251 2358 2305 viter
2388 2251 2535 2306 culta
2576 2250 2873 2323 contingat
2904 2250 3031 2322 plus
3065 2251 3262 2322 prosit,
3291 2267 3466 2321 quam
3502 2251 3602 2306 ubi
3632 2251 3847 2306 diutius

2211 2345 2548 2415 irrigaverit.
2607 2347 2699 2398 Est
2761 2345 2912 2399 enim
2969 2361 3112 2400 nova
3169 2344 3382 2416 gratia,
3444 2351 3505 2399 ut
3556 2345 3849 2416 profectus

2211 2438 2624 2494 redundantior
2662 2439 2753 2506 sit,
2792 2437 2888 2493 ubi
2931 2455 3065 2493 usus
3101 2438 3321 2504 minor;
3361 2444 3418 2492 et
3462 2438 3556 2492 ubi
3600 2439 3850 2510 amplius

2212 2532 2514 2604 quisquam
2543 2549 2678 2587 usus
2712 2532 2900 2602 fuerit,
2932 2532 3008 2586 ibi
3040 2533 3229 2587 minor
3265 2532 3482 2586 fructus
3507 2531 3581 2586 sit
3611 2549 3626 2586 :
3658 2548 3848 2604 eoque

2209 2626 2336 2697 plus
2375 2625 2594 2682 caeteris
2632 2625 2889 2681 fontibus
2921 2625 3090 2697 rigat,
3124 2625 3257 2696 quia
3291 2626 3377 2680 vel
3413 2625 3684 2697 exiguum
3728 2627 3851 2698 ejus

2210 2718 2468 2774 abundat
2505 2719 2579 2774 ad
2611 2719 2953 2775 ubertatem.
2998 2720 3254 2790 Denique
3290 2736 3528 2790 campus
3566 2737 3703 2775 eum
3736 2721 3849 2775 cir-

2209 2813 2492 2884 cumjacet
2534 2814 2900 2885 septuaginta
2941 2814 3250 2869 stadiorum
3291 2813 3351 2868 in
3395 2813 3849 2885 longitudinem,

2205 2906 2407 2978 viginti
2461 2907 2519 2962 in
2573 2907 2935 2962 latitudinem
2985 2911 3208 2978 patens.
3267 2909 3330 2963 In
3383 2925 3451 2964 eo
3512 2908 3850 2964 mirabilem

2207 3000 2506 3056 hortorum
2544 3001 2787 3073 gratiam
2825 3018 3045 3071 cernas,
3077 3002 3229 3057 varia
3257 3001 3579 3074 palmarum
3608 3018 3849 3074 genera,

2205 3097 2547 3165 tantamque
2592 3095 2944 3165 dactylorum
2993 3095 3372 3163 dulcedinem,
3418 3098 3482 3150 ut
3527 3095 3700 3151 mella
3745 3097 3848 3151 de-

2209 3187 2380 3244 ﬂuere
2437 3194 2599 3258 putes
2651 3189 2808 3244 haud
2857 3189 3078 3243 caeteris
3129 3190 3427 3244 inferiora.
3477 3191 3620 3245 Sunt
3670 3191 3849 3244 etiam

2206 3281 2323 3335 illic
2371 3281 2819 3353 praestantissimi
2867 3299 3040 3353 apum
3087 3283 3267 3351 fetus;
3311 3300 3419 3338 nec
3464 3283 3702 3351 mirum,
3750 3285 3848 3338 ubi

2205 3380 2321 3429 tam
2375 3374 2609 3430 diversis
2661 3376 2985 3431 inhalantes
3029 3376 3288 3444 ﬂoribus,
3338 3377 3588 3448 paradisi
3639 3394 3853 3433 suaves

2204 3469 2454 3524 fundunt
2485 3469 2710 3524 odores.
2742 3469 2860 3525 Illic
2896 3470 3327 3542 opobalsamum
3364 3471 3646 3542 gignitur.
3677 3473 3848 3536 Quod

2206 3562 2336 3617 ideo
2385 3579 2515 3618 cum
2566 3563 2886 3633 adjectione
2935 3564 3345 3635 significamus,
3395 3564 3531 3635 quia
3576 3565 3850 3636 agricolae

2205 3656 2412 3711 cortice
2440 3661 2608 3712 tenus
2645 3656 2897 3728 virgulas
2937 3657 3215 3727 incidunt,
3249 3674 3345 3712 eas
3382 3657 3443 3712 in
3482 3657 3694 3730 quibus
3726 3659 3848 3713 bal-

2205 3766 2358 3804 sama
2385 3751 2695 3821 gignantur
2721 3749 2854 3822 (82),
2883 3754 2947 3805 ut
2971 3768 3077 3822 per
3102 3752 3232 3807 illas
3260 3767 3533 3813 cavernas
3557 3753 3852 3824 paulatim

2204 3842 2477 3898 distillans
2508 3844 2720 3899 humor
2749 3861 2806 3899 se
2847 3845 3091 3916 colligat.
3125 3846 3379 3900 Caverna
3411 3851 3606 3901 autem
3648 3847 3850 3901 Graeco

2205 3936 2440 3992 nomine
2481 3945 2575 4004 ὀπὴ
2613 3938 2839 3993 dicitur.
2883 3939 3003 3994 Illic
3046 3955 3340 4010 cypreum,
3376 3939 3486 3994 illic
3527 3939 3850 3995 mirabola-

2204 4047 2346 4085 num
2382 4031 2538 4085 nasci
2582 4032 2796 4099 ferunt,
2833 4034 2892 4086 et
2917 4031 3029 4086 alia
3063 4032 3408 4098 istiusmodi,
3449 4048 3576 4104 quas
3625 4034 3686 4088 in
3726 4033 3855 4088 aliis

2203 4123 2341 4178 locis
2388 4125 2832 4197 haudquaquam
2880 4125 3269 4196 reperiuntur.
3315 4129 3475 4198 Aqua
3525 4131 3590 4181 ut
3639 4130 3856 4183 cetera

2202 4217 2469 4285 fontium,
2520 4218 2634 4272 illic
2683 4224 2876 4274 tamen
2928 4220 3308 4290 praestantior,
3358 4223 3553 4276 aestate
3605 4220 3854 4292 frigida,

2203 4310 2391 4367 hieme
2423 4316 2640 4383 tepens.
2668 4315 2778 4368 Aer
2807 4314 3055 4380 mollior,
3086 4321 3147 4368 ut
3179 4331 3410 4370 summa
3439 4315 3636 4369 hieme
3671 4315 3856 4370 lineis

2206 4406 2400 4460 incolae
2431 4406 2643 4461 exuviis
2675 4410 2912 4462 utantur
2942 4406 3446 4463 indumentorum.

2797 4502 3017 4557 CAPUT
3054 4503 3240 4557 XVIII.

2275 4595 2432 4650 Nunc
2460 4595 2793 4667 Asphaltitis
2819 4595 2972 4650 lacus
2998 4596 3330 4667 qualitatem
3358 4603 3706 4668 spectemus.
3741 4601 3863 4654 Ie-

2204 4687 2310 4742 lius
2341 4694 2427 4742 est
2463 4689 2618 4744 enim
2649 4689 2707 4744 in
2743 4691 3001 4744 locorum
3041 4696 3302 4745 veterum
3341 4691 3858 4762 descriptionibus,

2204 4781 2294 4835 vel
2341 4788 2677 4838 caeterorum
2732 4784 3147 4839 elementorum
3205 4784 3502 4852 miraculo,
3550 4801 3733 4856 quam
3796 4787 3862 4841 in

2203 4873 2533 4930 Iudaeorum
2563 4877 2936 4932 seditionibus
2971 4877 3179 4948 stylum
3215 4893 3508 4949 occupare.
3544 4877 3864 4950 Siquidem

2205 4967 2312 5023 ista
2364 4968 2580 5040 ﬂagitia
2633 4975 2884 5027 mentem
2939 4978 3308 5044 exasperant;
3355 4972 3452 5026 illa
3509 4973 3865 5029 demulcent

2205 5061 2490 5130 animum,
2529 5065 2666 5118 dum
2707 5070 3097 5132 recensentur,
3134 5071 3191 5122 et
3229 5067 3299 5121 ad
3340 5066 3547 5122 veteris
3587 5067 3864 5123 historia:

2203 5161 2469 5212 revocant
2506 5158 2912 5229 cognitionem.
2957 5160 3127 5215 Nobis
3169 5165 3360 5215 autem
3401 5160 3610 5232 quibus
3658 5162 3859 5216 incul—

2205 5249 2316 5303 tius
2366 5249 2662 5322 ingenium
2705 5258 2810 5320 est,
2860 5253 3021 5308 cordi
3066 5257 3152 5308 est
3200 5259 3430 5325 patrum
3482 5271 3552 5310 ex
3601 5255 3862 5327 Egypto

2204 5344 2657 5414 regredientium
2688 5347 2816 5418 (83),
2848 5363 3026 5419 usque
3053 5348 3112 5402 in
3142 5354 3358 5404 terram
3384 5349 3860 5420 repromissionis

2205 5442 2464 5508 repetere
2505 5439 2764 5510 vestigia,
2797 5445 2859 5495 ut
2894 5441 2938 5496 si
2977 5442 3068 5496 cui
3106 5441 3251 5498 forte
3299 5446 3492 5497 nostra
3536 5442 3595 5496 in
3641 5459 3861 5498 manus

2203 5531 2453 5599 veniant,
2511 5549 2628 5588 non
2681 5538 2876 5590 nostra
2930 5537 3108 5607 legat,
3167 5535 3270 5591 sed
3319 5541 3547 5607 patrum
3600 5537 3855 5607 relegat.

2273 5680 2366 5744 (81)
2399 5681 2560 5734 Hanc
2587 5696 2786 5736 vocem
2810 5698 2923 5736 non
2951 5687 3202 5751 agnoscit
3232 5700 3336 5738 ms.
3368 5687 3448 5737 In.

2263 5754 2366 5819 (83)
2397 5755 2748 5805 Generantur.
2780 5755 2860 5806 In.

2265 5827 2364 5891 (83)
2392 5825 2809 5889 Egredimtium.
2837 5827 2918 5879 ID.
