4072 6192
146 285 286 339 222i

1178 282 1267 340 DE
1306 283 1578 340 EXCIDIO
1617 283 1819 340 URBIS
1858 282 2211 339 HIEROSOL.
2258 285 2384 340 LIB.
2428 286 2511 339 IV.

3378 291 3517 343 2222

148 406 326 462 Dulce
360 410 445 461 est
473 407 632 462 enim
668 407 817 462 inter
856 407 1143 479 majorum
1180 408 1392 462 versari
1436 407 1780 474 habitacula,
1804 407 2071 492 Aadhuc
2097 413 2351 463 manent.
2381 408 2610 479 Spectes
2636 407 2748 462 illis
2782 408 2856 462 ad
2894 408 3144 479 speciem
3182 426 3354 481 poma
3380 412 3517 466 viri-

150 505 209 554 et
240 505 499 557 veterum
538 500 685 556 dicta
731 501 994 574 factaque
1030 517 1330 557 recensere
1368 501 1665 570 memoria,
1698 505 1781 555 at-

147 610 261 665 que
289 611 495 651 eorum
524 595 811 651 inhaerere
839 596 1058 667 gratiae.
1081 595 1323 666 Sedjam
1354 595 1465 650 sive
1492 601 1781 663 naturam,

149 688 268 743 sive
314 689 646 761 qualitatem
692 706 972 761 aquarum
1017 689 1425 761 exprimamus,
1473 706 1544 744 ne
1593 694 1787 744 noster

146 799 382 855 quoque
424 784 483 838 in
528 800 596 839 eo
632 784 759 839 lacu
804 783 1135 856 projiciatur
1172 784 1283 853 (84)
1323 784 1523 855 stylus,
1565 800 1636 839 ex
1671 799 1785 855 quo

147 877 348 932 omnia
393 894 752 949 quacunque
806 875 1118 949 mer'genda
1170 877 1486 949 putaveris,
1543 876 1788 932 viventia

149 976 348 1025 tamen
388 972 608 1027 resilire
646 971 839 1043 Opinio
876 976 988 1039 est;
1027 974 1085 1026 et
1120 972 1380 1042 quamvis
1416 971 1789 1027 vehementer

148 1064 311 1119 allisa
339 1066 471 1136 (85),
510 1066 702 1120 statim
746 1065 955 1120 excuti.
988 1068 1148 1136 Aqua
1193 1065 1313 1135 ipsa
1354 1081 1554 1119 amara
1589 1068 1646 1119 et
1683 1067 1789 1119 ste-

150 1159 291 1223 rilis,
324 1158 467 1213 nihil
508 1159 791 1231 recipiens
828 1174 1111 1230 generum
1152 1158 1483 1214 viventium.
1528 1158 1788 1228 Denique

148 1267 340 1323 neque
384 1253 583 1324 pisces,
624 1269 809 1324 neque
853 1255 1109 1307 assuetas
1152 1253 1315 1323 aquis
1357 1258 1413 1307 et
1450 1252 1607 1306 laetas
1649 1267 1789 1306 mer-

151 1346 331 1416 gendi
361 1363 469 1401 usu
496 1346 711 1418 patitur
740 1362 887 1401 aves.
920 1347 1238 1402 Lucernam
1265 1362 1567 1401 accensam
1599 1346 1791 1400 ferunt

149 1439 318 1511 aquis
376 1446 775 1511 supernatare,
840 1441 964 1495 sine
1030 1440 1145 1495 ulla
1207 1440 1633 1494 conversatione
1692 1456 1785 1494 ex-

151 1534 364 1589 stincto
393 1534 646 1606 demergi
665 1535 911 1603 lumine,
934 1539 991 1589 et
1017 1535 1274 1605 quamvis
1301 1533 1624 1589 demersum
1646 1538 1787 1597 arte,

148 1627 309 1699 quod
353 1628 524 1695 vivat,
569 1628 797 1684 difficile
836 1630 894 1684 in
932 1628 1210 1700 profundo
1249 1629 1489 1684 haerere.
1534 1627 1791 1698 Denique

150 1722 562 1793 Vespasianum
618 1723 810 1778 ferunt
859 1722 1199 1794 praecepisse
1260 1722 1495 1777 natandi
1559 1722 1795 1793 ignaros

1885 501 2094 571 dantia,
2120 502 2396 558 formatos
2423 517 2670 557 uvarum
2703 518 2979 571 racemos,
3013 505 3074 557 ut
3109 503 3315 559 edendi
3346 521 3517 577 gene-

1885 598 2014 651 rent
2042 596 2431 667 spectantibus
2466 595 2838 668 cupiditatem
2868 612 2882 651 :
2922 596 2970 651 si
2996 612 3215 667 carpas,
3243 598 3517 655 fatiscunt

1885 705 1949 745 ac
1999 690 2360 745 resolvuntur
2410 691 2470 745 in
2525 691 2799 757 cinerem,
2845 690 3190 762 fumumque
3247 693 3521 762 excitant,

1889 784 2049 855 quasi
2078 784 2267 839 adhuc
2292 784 2551 839 ardeant.
2582 786 2708 839 Haec
2736 788 2970 856 propter
3007 785 3286 856 supplicia
3310 787 3514 858 impio-

1888 894 2019 933 rum
2061 878 2133 933 de
2180 878 2552 934 Sodomitano
2594 878 2882 933 territorio
2933 883 3250 949 comperta,
3297 881 3519 937 silentio

1889 971 2174 1028 obducere
2202 988 2321 1027 non
2349 972 2622 1043 oportuit.
2652 972 2745 1027 llis
2776 972 2932 1027 enim
2959 972 3230 1040 decursis,
3258 990 3524 1029 remune-

1888 1066 2176 1121 rationem
2210 1066 2320 1136 piis
2345 1065 2466 1121 fore
2498 1065 2743 1120 dubitari
2773 1082 2890 1121 non
2920 1070 3125 1137 potest.

2513 1160 2730 1215 CAPUT
2768 1161 2893 1215 XIX.

1963 1253 2328 1324 Vespasianus
2372 1254 2568 1325 itaque
2608 1254 2871 1324 proxima
2912 1272 3153 1326 quaeque
3198 1256 3521 1326 Hierosoly-

1892 1348 2123 1402 mitanaz
2151 1347 2309 1402 urbis
2334 1348 2564 1401 castella
2596 1349 2681 1402 vel
2722 1347 2947 1403 urbium
2989 1349 3370 1416 munimenta,
3405 1350 3518 1404 dis-

1890 1442 2103 1497 tributo
2154 1441 2430 1497 exercitus
2476 1442 2715 1497 Romani
2767 1443 2855 1497 vel
2908 1443 3190 1498 sociorum
3245 1444 3519 1511 subsidio,

1892 1536 2172 1607 replebat,
2208 1538 2273 1595 ut
2300 1536 2533 1590 adversa
2564 1535 2673 1590 sibi
2700 1535 2891 1591 omnia
2927 1542 3360 1607 cognoscerent,
3393 1554 3522 1609 qua;

1893 1633 2026 1685 ante
2051 1630 2450 1701 conspiratura
2487 1645 2681 1684 secum
2722 1629 2793 1684 ad
2835 1630 3051 1685 bellum
3084 1636 3283 1686 contra
3315 1631 3519 1686 Roma-

1891 1741 1993 1780 nos
2054 1723 2372 1796 gerendum
2426 1722 2866 1778 arbitrabantur.
2926 1724 3305 1780 Nihilominus
3351 1725 3521 1780 Lucio

148 1816 422 1871 revinctis
474 1816 739 1872 manibus
802 1817 859 1871 in
909 1815 1263 1888 profundum
1318 1815 1522 1886 dejici,
1578 1792 2079 1886 eosqueBAnnio
2126 1818 2394 1872 Gerasam
2442 1816 2744 1883 destinato,
2792 1816 3013 1871 insidiis
3054 1817 3261 1873 urbem
3306 1819 3458 1889 cepit
3507 1836 3518 1872 :

150 1927 360 1965 omnes
402 1909 552 1965 illico
608 1913 1024 1983 supernatasse,
1075 1911 1236 1982 quasi
1290 1909 1489 1981 spiritu
1538 1910 1787 1981 quodam

148 2005 313 2059 venti
351 2004 587 2073 levatos,
630 2011 686 2060 et
729 2005 801 2060 ad
849 2005 1144 2077 superiora
1184 2004 1240 2059 vi
1278 2019 1487 2075 magna
1531 2006 1791 2075 repulsos

149 2098 445 2153 resiliisse.
502 2098 674 2153 Multa
726 2097 985 2153 fabulosa
1038 2098 1109 2153 de
1169 2097 1278 2152 hoc
1344 2097 1469 2151 lacu
1533 2096 1790 2168 plerique

149 2192 604 2259 aestimaverunt,
650 2209 779 2264 quas
830 2192 996 2247 nobis
1040 2191 1356 2264 inexpertis
1401 2191 1634 2245 veritate
1683 2190 1788 2259 rei,

147 2302 422 2358 promere
468 2302 764 2358 nunquam
816 2285 1117 2341 consilium
1165 2285 1293 2340 fuit.
1346 2285 1559 2340 Mutare
1615 2285 1791 2339 etiam

148 2386 241 2435 ter
282 2381 342 2435 in
374 2379 465 2436 die
508 2380 759 2436 colorem
803 2396 987 2451 aquae,
1031 2384 1089 2435 et
1128 2379 1202 2434 ad
1244 2378 1429 2433 radios
1469 2378 1601 2433 solis
1637 2378 1791 2432 varie

147 2475 440 2546 refulgere
492 2491 607 2530 non
655 2474 872 2546 placuit
928 2490 1031 2545 pro
1075 2490 1208 2530 vero
1265 2474 1478 2541 locare,
1527 2489 1657 2527 cum
1721 2472 1794 2526 sit

146 2568 337 2640 ipsius
397 2585 560 2640 aqum
618 2569 725 2639 (86)
778 2569 936 2624 lacus
996 2567 1289 2623 obscurior
1346 2567 1566 2622 caeteris
1631 2566 1793 2637 aquis

150 2667 208 2717 et
242 2662 411 2735 quasi
448 2662 664 2716 adusta:
698 2662 1017 2733 praeferens
1046 2659 1514 2716 similitudinem.
1547 2662 1710 2715 Certe
1748 2660 1791 2712 si

148 2757 219 2810 ad
268 2756 497 2811 radium
532 2756 667 2811 solis
705 2760 764 2812 et
797 2755 920 2827 ipsa
959 2754 1342 2826 resplendeat,
1382 2754 1527 2808 nihil
1560 2769 1793 2819 novum,

150 2856 209 2905 et
234 2849 401 2921 quasi
434 2865 539 2921 pro
569 2850 844 2905 miracqu
880 2848 1265 2920 promendum
1295 2866 1308 2903 :
1339 2864 1471 2903 cum
1498 2848 1604 2902 hoc
1637 2864 1792 2903 com-

154 2960 336 2999 mune
367 2944 439 2998 sit
476 2944 639 3015 aquis
666 2943 948 2998 omnibus.
989 2943 1192 3015 Vagari
1235 2959 1406 3013 super
1439 2958 1616 3014 aquas
1642 2941 1794 2995 bitu-

149 3037 331 3093 minis
374 3037 565 3109 glebas
598 3042 817 3093 certum
857 3041 942 3093 est
970 3041 1091 3092 atro
1131 3037 1374 3115 liquore,
1410 3053 1549 3108 quas
1577 3034 1799 3107 scaphis

151 3131 688 3205 appropinquantes
716 3132 1012 3203 colligunt,
1052 3132 1261 3203 quibus
1292 3131 1351 3185 id
1380 3130 1632 3185 muneris
1662 3134 1748 3185 est
1779 3146 1792 3184 :
1899 3124 2097 3195 egredi
2124 3122 2597 3235 prohibebantur.

153 3228 384 3281 haerere
411 3226 517 3280 sibi
545 3225 728 3282 fertur
755 3226 1038 3295 bitumen,
1060 3229 1127 3280 ut
1151 3225 1302 3281 ferro
1330 3225 1794 3296 haudquaquam,

153 3320 246 3374 vel
296 3319 411 3374 alia
463 3324 747 3391 praeacuta
796 3320 1011 3374 metalli
1060 3319 1246 3391 specie
1297 3319 1605 3374 recidatur.
1656 3320 1795 3373 San-

155 3414 325 3485 guini
352 3429 490 3468 sane
515 3414 669 3468 cedit
694 3414 1024 3482 mulierum,
1051 3431 1165 3485 quo
1194 3417 1489 3468 menstrua
1516 3413 1799 3467 solventes

155 3506 341 3563 levari
380 3506 663 3562 feruntur.
707 3508 881 3577 Cujus
925 3511 1139 3562 attactu
1191 3507 1279 3562 vel
1321 3507 1488 3561 urina
1532 3508 1615 3575 (ut
1654 3507 1795 3560 alle

159 3605 322 3672 gant,
351 3599 560 3672 quibus
599 3601 933 3672 experiendi
972 3618 1105 3656 usus
1144 3600 1270 3672 fuit)
1308 3600 1649 3670 interrumpi
1676 3616 1800 3671 pro-

159 3694 367 3750 ditur:
397 3694 553 3749 utilis
595 3700 790 3750 autem
831 3694 902 3749 ad
948 3710 1287 3766 compagem
1331 3694 1561 3748 navium
1597 3694 1797 3760 fertur,

158 3792 215 3844 et
255 3787 597 3859 corporibus
642 3789 941 3843 hominum
985 3788 1226 3843 salubris
1265 3788 1507 3843 admista
1552 3788 1800 3842 medica-

159 3882 402 3938 mentis.
432 3882 753 3954 Longitudo
788 3883 943 3937 lacus
981 3884 1104 3954 ejus
1132 3899 1307 3953 usque
1339 3883 1405 3936 ad
1433 3884 1634 3937 Zoaras
1661 3885 1800 3936 Ara-

158 3976 275 4031 biae
307 3976 582 4047 dirigitur
618 3976 814 4031 stadiis
841 3977 1170 4048 quingentis
1207 3976 1496 4046 octoginta
1525 3993 1537 4029 :
1568 3975 1805 4031 latitudo

160 4070 366 4126 stadiis
406 4074 637 4125 centum
676 4071 1118 4142 quinquaginta,
1152 4087 1328 4142 usque
1368 4071 1440 4125 ad
1478 4070 1662 4125 vicina
1699 4070 1801 4125 So-

159 4165 494 4228 domorum,
524 4164 621 4235 qui
663 4164 956 4234 quondam
986 4164 1342 4219 uberrimam
1383 4164 1680 4235 regionem
1713 4162 1802 4217 in-

163 4258 506 4313 habitabant
561 4275 573 4313 :
638 4258 1033 4313 abundantem
1097 4258 1411 4328 fructibus,
1479 4257 1803 4312 distinctam

1892 1912 2047 1967 mille
2096 1912 2271 1966 etiam
2321 1912 2567 1981 juvenes
2611 1910 2918 1979 interfecit,
2969 1911 3172 1982 quibus
3220 1912 3525 1982 praeventis

1892 2008 2153 2077 exempta
2201 2007 2286 2059 est
2329 2005 2483 2075 fuga.
2536 2004 2751 2074 Captivi
2791 2004 3017 2061 abducti
3055 2004 3311 2075 plurimi,
3350 2008 3525 2076 atque

1893 2096 2154 2150 universa
2181 2109 2384 2148 eorum
2414 2092 2762 2164 patrimonia
2786 2109 2818 2145 a
2842 2092 3123 2147 militibus
3142 2093 3354 2149 invasa.
3381 2096 3529 2149 Prse-

1893 2192 2058 2260 cepto
2087 2187 2245 2241 ducis
2276 2186 2663 2258 possessiones
2688 2202 2817 2257 quae
2846 2190 3089 2257 reperta:
3114 2187 3361 2254 fuerant,
3395 2204 3530 2243 exu-

1892 2283 2185 2350 rebantur,
2216 2280 2437 2352 rapinae
2482 2279 2893 2334 exercebantur
2931 2280 3181 2336 licentia.
3221 2280 3529 2336 Vastabant

1896 2376 2135 2430 Romani
2176 2379 2455 2430 montana
2493 2376 2664 2444 atque
2702 2374 3062 2444 campestria,
3092 2373 3302 2445 quibus
3325 2374 3524 2430 Hiero-

1893 2469 2239 2540 solymitana
2270 2469 2463 2523 civitas
2493 2467 2841 2522 circumfusa
2876 2467 3030 2521 bello
3068 2467 3329 2539 undique
3356 2468 3525 2521 arde-

1893 2564 2006 2617 bat.
2060 2564 2169 2617 Nec
2216 2562 2404 2616 feriati
2455 2565 2622 2616 erant
2666 2560 3163 2631 Hierosolymitani
3211 2578 3244 2614 a
3292 2576 3525 2615 suorum

1895 2673 2063 2711 sensu
2106 2654 2508 2726 periculorum,
2549 2653 2754 2725 quibus
2790 2669 2989 2709 omnes
3030 2653 3320 2710 interclusi
3362 2661 3529 2709 erant

1896 2750 2100 2812 exitus,
2151 2766 2222 2802 ue
2269 2749 2399 2820 quis
2448 2747 2586 2818 fuga
2641 2746 2889 2817 periculo
2944 2747 3317 2802 eximeretur.
3371 2750 3529 2802 Intus

1898 2844 2111 2898 malum
2151 2842 2503 2908 intestinum,
2538 2840 2672 2895 foris
2707 2840 2896 2894 clausa
2926 2841 3138 2908 omnia,
3179 2857 3365 2913 neque
3404 2857 3527 2895 ma-

1896 2936 2074 2992 nendi
2101 2937 2380 3004 voluntas,
2405 2950 2590 3006 neque
2617 2932 2876 3005 fugiendi
2909 2940 3033 2989 erat
3052 2934 3236 3005 copia.
3266 2935 3335 2988 Et
3362 2933 3408 2988 si
3431 2934 3529 3005 qui

1898 3047 1932 3085 a
1974 3029 2245 3085 Romanis
2288 3028 2513 3083 veniam
2554 3026 2875 3099 transfugio
2912 3030 3298 3098 speraverant,
3347 3043 3379 3081 a
3419 3028 3532 3081 suis

2530 3216 2753 3271 CAPUT
2790 3216 2896 3270 XX.

1969 3314 2277 3384 Regressus
2303 3315 2427 3365 erat
2453 3308 2833 3380 Vespasianus
2859 3308 2916 3363 in
2947 3308 3156 3364 urbem
3184 3309 3533 3377 Cmsaream,

1900 3412 1961 3461 ut
1987 3406 2121 3461 inde
2158 3404 2406 3460 collectis
2440 3403 2706 3458 omnibus
2740 3402 2957 3458 viribus
2985 3403 3307 3457 adoriretur
3336 3403 3533 3458 Hiero-

1899 3500 2264 3572 solymitanse
2303 3497 2461 3553 urbis
2496 3495 2876 3551 obsidionem.
2906 3496 3258 3567 Nuntiusque
3301 3496 3536 3552 advenit

1900 3610 2108 3651 caesum
2151 3593 2435 3646 Neronem
2479 3589 2649 3644 tertio
2690 3589 2909 3644 decimo
2948 3595 3147 3643 exacto
3184 3589 3415 3660 imperii
3447 3589 3534 3644 sui

1900 3704 2073 3755 anno,
2101 3701 2232 3741 cum
2250 3685 2375 3755 jam
2401 3684 2472 3738 de
2503 3698 2654 3737 anno
2674 3681 2940 3754 sequenti
2966 3687 3233 3737 octavum
3262 3680 3417 3740 diem
3441 3683 3538 3736 de-

1904 3784 2087 3854 geret.
2121 3779 2338 3849 Dignus
2366 3793 2431 3831 ea
2461 3792 2651 3847 poena,
2678 3776 2780 3846 qui
2807 3792 2920 3830 non
2948 3776 3131 3830 solum
3159 3774 3337 3829 fidem
3364 3774 3537 3829 sacri-

1903 3875 2075 3946 legio,
2105 3874 2381 3945 pietatem
2412 3868 2735 3941 parricidio,
2774 3868 3106 3939 pudicitiam
3151 3868 3372 3921 incesto
3417 3868 3534 3921 vio-

1902 3971 2131 4035 laverat,
2165 3967 2260 4022 sed
2290 3967 2475 4037 ipsam
2502 3978 2730 4035 quoque
2766 3964 3110 4034 potestatem
3150 3960 3394 4016 Romani
3425 3960 3531 4014 im-

1905 4063 2071 4135 perii,
2118 4061 2278 4132 cujus
2323 4060 2411 4113 vel
2455 4057 2644 4113 officia
2685 4057 2774 4111 vel
2822 4056 3053 4127 negotia
3100 4053 3540 4126 improbissimis

1904 4157 2237 4212 libertorum
2268 4151 2645 4208 commiserat.
2677 4152 2818 4207 Cum
2848 4150 3007 4204 enim
3044 4148 3167 4219 ipse
3195 4147 3338 4201 nulli
3365 4146 3537 4202 dem

1907 4255 2174 4317 servaret,
2202 4264 2399 4303 omnes
2422 4248 2713 4316 suspectos
2744 4242 3023 4309 habebat;
3056 4248 3114 4297 et
3140 4240 3268 4296 ideo
3302 4240 3535 4313 nequis-

162 4367 403 4423 quoque
458 4351 691 4407 urbibus
741 4351 1233 4423 splendidissimis.
1286 4353 1444 4407 Nunc
1496 4356 1690 4407 autem
1742 4367 1808 4404 ea
1908 4345 2068 4399 simis
2087 4340 2434 4415 Nymphidio
2456 4345 2512 4394 et
2535 4337 2851 4394 Gemellino
2873 4335 3159 4408 praecipue
3178 4334 3539 4390 credendum

162 4447 429 4501 locorum
466 4445 705 4513 deserta,
735 4449 907 4517 atque
943 4450 1138 4501 exusta
1176 4449 1310 4500 sunt
1348 4445 1633 4500 incendio.
1667 4446 1807 4499 Nam
1908 4438 2145 4511 putavit,
2184 4452 2330 4507 quos
2373 4434 2497 4488 vilis
2539 4431 2787 4487 conditio
2831 4429 3105 4485 obnoxios
3152 4429 3382 4483 fecerat-
3430 4427 3539 4482 Sed

165 4555 307 4594 cum
358 4539 552 4593 omnia
612 4538 722 4594 illis
785 4541 931 4595 Deus
992 4557 1092 4595 suo
1157 4540 1489 4595 contulisset
1539 4554 1806 4606 munere,
1830 4534 1887 4605 )
1909 4539 1966 4589 et
1992 4532 2100 4604 ipsi
2120 4529 2449 4601 exemplum
2476 4524 2831 4581 crudelitatis
2856 4524 2980 4595 ejus
3004 4521 3312 4594 aliquando
3338 4520 3540 4575 exhor-

165 4648 311 4687 arva
344 4631 579 4704 frugum
625 4633 851 4700 feracia,
884 4638 940 4688 et
974 4632 1159 4689 vineis
1198 4634 1531 4704 ceterisque
1561 4634 1808 4687 fructuo-

165 4726 245 4782 sis
277 4725 581 4781 arboribus
621 4743 717 4781 rus
751 4727 1059 4795 consitum,
1086 4727 1323 4799 ingrati,
1354 4744 1461 4783 nec
1488 4744 1607 4799 pra:
1633 4728 1810 4781 oculis

165 4820 457 4875 habentes
496 4820 813 4891 potentiam
859 4821 955 4876 Dei
990 4821 1219 4892 summi,
1260 4821 1421 4893 quasi
1465 4837 1578 4876 non
1616 4819 1812 4875 omnia

165 4919 471 4982 cerneret,
538 4914 736 4969 omnia
798 4918 1190 4987 prospectaret
1250 4915 1488 4987 agitia,
1554 4914 1811 4985 nihilque

166 5011 329 5063 esset
370 5007 527 5079 quod
570 5007 736 5063 illum
774 5009 953 5064 latere
991 5014 1090 5065 aut
1130 5010 1423 5081 prmierire
1462 5012 1694 5079 posset:
1733 5007 1814 5061 ita

166 5102 636 5171 intemperantiae
693 5118 809 5157 suae
863 5103 1085 5173 probris
1140 5103 1376 5158 miscere
1434 5102 1703 5156 universa
1751 5117 1815 5155 ac

167 5195 438 5266 polluere
469 5211 714 5267 coepere,
740 5196 947 5268 quibus
968 5197 1223 5251 divinam
1255 5203 1482 5252 traxere
1511 5195 1812 5264 offensam,

170 5295 233 5344 et
282 5304 389 5360 pro
433 5290 713 5345 scelerum
763 5291 946 5361 pretio
992 5291 1063 5346 de
1112 5292 1253 5347 coelo
1302 5291 1596 5347 descendit
1641 5289 1814 5362 ignis,

173 5381 278 5453 qui
306 5382 606 5453 regionem
634 5383 791 5438 illam
822 5390 1109 5441 exureret.
1132 5384 1396 5457 Quinque
1425 5387 1620 5457 itaque
1651 5384 1821 5439 urbes

169 5475 452 5545 incensae,
485 5494 730 5548 quarum
763 5479 967 5534 umbra
1005 5479 1270 5551 quaedam
1310 5486 1367 5535 et
1398 5478 1619 5551 species
1644 5480 1705 5533 in
1734 5478 1819 5532 fa-

173 5569 326 5625 villis
352 5570 597 5627 videtur.
632 5576 833 5629 Arsere
862 5579 1051 5643 terrae,
1081 5574 1286 5629 ardent
1311 5589 1500 5644 aquae,
1529 5573 1589 5627 in
1616 5572 1822 5644 quibus

174 5663 424 5719 ccelestis
492 5665 644 5737 ignis
721 5667 977 5739 reliquiae
1055 5672 1583 5738 recognoscuntur,
1649 5668 1820 5737 atque

242 5787 347 5850 (86)
371 5787 717 5841 mentiatur.
751 5790 929 5845 Bm.

240 5858 344 5923 (85)
371 5857 548 5911 (uisa.
577 5860 658 5910 1D.

1912 4643 2099 4681 ruere.
2130 4626 2198 4680 Et
2226 4623 2357 4694 quia
2391 4620 2756 4676 charissimos
2796 4616 2905 4671 sibi
2938 4631 3199 4687 quosque
3229 4614 3537 4670 intereme-

1912 4724 2020 4788 rat,
2048 4718 2361 4775 cavendum
2394 4716 2449 4769 in
2483 4730 2541 4769 se
2567 4712 2692 4782 rati,
2716 4710 3032 4783 praevenire
3057 4710 3365 4765 voluerunt
3385 4707 3541 4779 quod

1913 4813 2263 4870 metuebant.
2296 4812 2488 4881 Itaque
2522 4807 2669 4862 facta
2695 4821 2825 4860 cum
2858 4803 3077 4859 caeteris
3104 4802 3541 4874 conspiratione,

1912 4906 2259 4981 parricidam
2292 4903 2586 4958 deserunt.
2613 4899 2715 4956 Cui
2757 4898 2913 4955 enim
2942 4898 3265 4970 parciturus
3293 4894 3540 4949 (estima-

1913 5003 2104 5071 batur,
2144 4998 2242 5071 qui
2289 4997 2458 5053 matri
2501 5012 2619 5050 non
2668 4992 3055 5066 pepercisset?
3094 4992 3357 5046 Desertus
3402 5003 3544 5060 ergo

1914 5097 1984 5152 ab
2012 5093 2280 5150 omnibus
2307 5092 2443 5161 suis,
2470 5090 2622 5161 fugit
2648 5105 2716 5143 ex
2745 5088 2886 5143 urbe
2914 5102 3046 5141 cum
3078 5086 3334 5155 quatuor
3366 5080 3544 5136 liber-

1916 5191 1989 5247 tis
2013 5190 2152 5245 suis.
2181 5189 2249 5243 Et
2276 5202 2407 5243 cum
2445 5201 2505 5240 se
2542 5182 2736 5255 urgeri
2774 5177 3208 5236 imminentibus
3234 5174 3549 5247 conjuratis

1916 5290 2087 5357 atque
2122 5282 2354 5354 agmine
2388 5278 2627 5335 adverso
2663 5274 2904 5342 videret,
2936 5272 2998 5327 in
3025 5270 3423 5326 suburbanum
3452 5285 3550 5323 rus

1919 5377 2179 5436 clanculo
2208 5373 2503 5441 concessit,
2530 5370 2794 5426 discissus
2820 5370 2877 5422 et
2902 5365 3242 5421 dilaceratus
3270 5361 3547 5431 sentibus,

1920 5474 2057 5529 dum
2100 5469 2371 5525 formidat
2414 5483 2449 5521 a
2489 5477 2780 5537 quoquam
2820 5458 3021 5527 videri,
3050 5472 3122 5512 ne
3162 5455 3547 5528 proderetur:

1922 5565 2130 5624 deinde
2158 5579 2290 5620 cum
2312 5579 2371 5617 se
2398 5560 2842 5627 circumseptum
2866 5550 3233 5623 intelligeret,
3252 5564 3327 5605 ne
3354 5564 3554 5622 graves

1920 5677 2103 5735 poenas
2118 5658 2508 5730 exigerentur,
2529 5663 2839 5722 maganum
2862 5644 3154 5718 quoddam
3174 5643 3283 5699 sibi
3305 5642 3376 5699 de
3393 5642 3553 5715 ligno

1986 5785 2086 5847 (86)
2114 5785 2287 5846 Aqua.
2320 5779 2399 5829 In.
