4072 6192
644 257 780 312 2223

2112 252 2166 306 S.
2216 249 2538 307 AMBROSII

3791 263 3892 318 22ἓᾶ

641 377 882 452 paravit,
921 380 980 435 et
1017 378 1278 433 manibus
1319 377 1638 449 composuit
1681 376 1816 444 suis,
1852 393 1964 448 quo
2005 392 2063 431 se
2094 392 2263 430 neca-
2292 375 2678 458 Aﬂuentibus
2754 376 3012 446 plurimis
3084 376 3156 430 ad
3229 377 3579 448 depraedandi
3643 380 3896 452 licentiam,

641 478 747 529 ret.
779 474 844 527 Et
876 472 946 528 ad
987 472 1215 526 libertos
1255 487 1560 525 conversus
1593 487 1604 525 :
1641 469 1855 537 Qualis,
1890 469 2095 540 inquit,
2131 470 2265 523 arti-

639 569 728 622 fex
756 566 1042 622 moritur?
1067 567 1264 637 Itaque
1295 565 1400 634 (87)
1422 565 1818 619 acerbissimus
1846 563 2124 636 parricida
2149 563 2269 633 dig-

640 678 783 717 num
815 660 1034 716 meritis
1061 659 1175 714 suis
1210 660 1342 714 vita:
1380 659 1597 713 exitum
1634 658 1781 726 tulit,
1811 657 1995 730 utqui
2025 659 2268 712 matrem

639 774 704 813 ac
751 772 882 812 suos
926 754 1224 823 occiderat,
1273 770 1380 808 nec
1426 753 1531 807 sibi
1583 755 1858 824 parceret.
1903 753 2041 807 Vere
2084 750 2269 806 bonus

637 851 790 907 necis
816 865 934 905 suae
959 847 1181 914 artifex,
1212 847 1308 918 qui
1335 851 1690 902 commentus
1719 849 1822 910 est,
1845 845 2003 899 utsic
2029 845 2266 916 periret,

637 961 708 1002 ne
734 945 821 999 vel
849 959 1006 998 mors
1031 957 1132 996 suo
1157 941 1372 996 scelere
1396 946 1641 995 vacaret.

1264 1035 1482 1090 CAPUT
1519 1035 1648 1088 XXI.

709 1134 873 1186 Fama
899 1132 1088 1202 itaque
1124 1129 1407 1185 interfecti
1438 1127 1678 1183 Neronis
1715 1131 2074 1198 praevenerat
2111 1143 2266 1182 more

637 1226 856 1298 ingenii
884 1224 1122 1280 humani
1153 1241 1165 1278 :
1207 1225 1297 1278 cui
1327 1223 1460 1277 satis
1486 1227 1591 1292 est,
1622 1221 1715 1276 ubi
1745 1222 1934 1292 cupita
1962 1222 2263 1292 acceperit,

635 1325 840 1376 caetera
881 1335 992 1374 non
1037 1317 1348 1391 requirere,
1387 1317 1484 1371 sed
1525 1315 1711 1370 statim
1753 1315 2051 1387 dissipare,
2094 1320 2266 1386 atque

634 1414 1059 1484 inexploratum
1092 1414 1151 1467 in
1185 1413 1390 1483 vulgus
1424 1411 1652 1465 mittere
1693 1409 1848 1480 quod
1880 1409 2262 1464 delectaverit.

633 1509 742 1563 Nec
792 1507 971 1562 multo
1021 1511 1150 1578 post
1199 1511 1389 1561 tamen
1434 1504 1666 1559 Galbam
1719 1505 1975 1558 Romano
2023 1503 2265 1575 imperio

634 1617 874 1674 praeesse
909 1601 1171 1656 innotuit.
1204 1599 1362 1654 Unde
1404 1598 1688 1653 sententia
1723 1597 1853 1651 novi
1886 1597 2164 1668 principis
2197 1597 2265 1651 de

633 1697 784 1750 bello
836 1696 1164 1751 Iudaeorum
1217 1692 1511 1762 sciscitari,
1567 1691 1908 1763 Vespasiano
1965 1691 2265 1746 consilium

2371 487 2702 542 expugnare
2747 471 3111 537 munitiones,
3160 487 3426 542 occupare
3471 472 3676 528 urbium
3719 481 3900 548 populos

2368 580 2558 630 ausus,
2592 564 2856 620 terribilis
2884 565 3150 620 omnibus
3177 573 3327 632 erat;
3365 569 3740 637 receptaculum
3765 572 3898 627 sibiin

2368 659 2512 726 vico,
2539 659 2629 713 cui
2656 675 2866 714 nomen
2889 658 3068 730 Ajacis
3098 660 3201 728 (9t)
3234 676 3448 727 murus,
3479 662 3694 732 paravit.
3717 664 3899 736 Jamque

2367 751 2568 823 viginti
2596 751 2849 806 millibus
2874 755 3226 808 armatorum
3253 753 3488 824 stipatus
3511 755 3784 823 incedebat,
3810 775 3902 814 cum

2369 845 2555 900 subito
2600 849 2924 900 metuentes
2964 846 3450 918 Hierosolymitani
3476 848 3793 918 quotidianos
3817 854 3902 922 ejus

2367 955 2682 1012 processus,
2724 943 2781 994 et
2820 940 3123 995 adversum
3165 958 3223 995 se
3268 941 3489 996 futuros
3522 942 3638 1009 rati,
3677 944 3716 996 si
3750 944 3903 1000 diutius

2370 1033 2768 1103 adolevissent,
2815 1033 3188 1089 succidendos
3231 1039 3517 1106 putarunt,
3564 1036 3903 1108 repentinoque

2369 1144 2602 1182 excursu
2641 1128 2847 1184 armati
2885 1128 3178 1183 Simonem
3219 1128 3572 1184 adoriuntur.
3611 1129 3709 1183 Nec
3739 1130 3815 1184 ille
3845 1133 3902 1184 in-

2369 1226 2567 1277 cautus
2605 1226 2775 1294 atque
2817 1222 3135 1293 imparatus
3172 1222 3390 1278 insidiis
3419 1222 3608 1294 patuit,
3634 1222 3718 1277 sed
3744 1227 3906 1296 excepit

2367 1316 2762 1382 advenientes,
2821 1321 2878 1371 et
2931 1317 3232 1388 plerosque
3282 1316 3446 1385 fudit,
3504 1317 3638 1371 alios
3681 1318 3833 1388 coegit
3869 1320 3906 1372 in

2369 1409 2569 1464 urbem
2597 1426 2719 1465 sese
2753 1410 3006 1480 recipere
3033 1411 3181 1466 bello
3211 1409 3460 1481 fugatos.

2963 1505 3182 1560 CAPUT
3219 1505 3396 1560 XXIII.

2439 1598 2700 1652 ldumaeis
2737 1614 2966 1670 quoque
3009 1613 3345 1669 congressus
3389 1597 3614 1669 aequalis
3650 1601 3850 1664 recessit,
3872 1605 3907 1653 et
4012 1597 4013 1622 ‘

2367 1690 2524 1763 quasi
2562 1691 2762 1758 victus,
2812 1692 2944 1763 quia
2987 1707 3102 1746 non
3143 1691 3357 1746 vicerat
3396 1691 3713 1761 angebatur.
3752 1692 3907 1746 Rursus

634 1789 760 1858 fuit,
800 1788 1069 1859 misitque
1121 1786 1308 1841 Titum
1357 1786 1536 1840 tilium
1581 1791 1638 1839 et
1684 1800 1881 1856 regem
1929 1784 2494 1856 Agrippachum
2541 1786 3032 1857 congrediendum
3079 1786 3246 1853 foret,
3290 1785 3637 1840 commodius
3676 1785 3910 1840 arbitratus

631 1883 788 1937 Titus
826 1882 896 1936 de
941 1880 1150 1936 Achaia
1191 1878 1516 1945 revertitur,
1549 1883 1862 1948 comperto,
1897 1877 2044 1949 quod
2087 1878 2260 1932 etiam

631 1975 802 2029 Galba
844 1975 1086 2045 septimo
1127 1989 1325 2028 mense
1367 1989 1431 2027 ac
1483 1972 1573 2026 die
1620 1975 1929 2043 assumptae
1964 1972 2262 2042 potestatis

634 2074 835 2123 exutus
880 2067 1221 2139 insignibus,
1268 2083 1464 2138 ptenas
1512 2066 1706 2120 luisset
1760 2066 1818 2118 in
1873 2066 2056 2120 medio
2108 2065 2262 2120 urbis

633 2161 782 2230 sinu,
816 2161 873 2216 id
911 2165 1014 2228 est,
1047 2161 1308 2215 Romano
1340 2160 1486 2228 foro,
1521 2163 1578 2213 et
1608 2159 1755 2214 Otho
1782 2159 2064 2229 potiretur
2090 2158 2262 2213 rebus

635 2255 893 2310 secundis
942 2270 1006 2310 ac
1054 2270 1314 2308 successu
1363 2252 1666 2324 imperiali.
1716 2253 1966 2323 Agrippa
2019 2253 2261 2308 Romam

631 2347 947 2416 contendit,
981 2351 1040 2401 ut
1078 2346 1230 2417 apud
1272 2362 1486 2401 novum
1525 2345 1842 2417 principem
1893 2346 2099 2400 locaret
2129 2361 2260 2416 gra-

630 2443 788 2498 tiam.
825 2442 947 2496 Tito
983 2441 1161 2512 pluris
1189 2441 1309 2494 visa
1337 2443 1423 2494 est
1447 2442 1704 2510 paternae
1741 2439 1966 2510 pietatis
1993 2454 2258 2495 reveren-

631 2536 727 2604 tia,
775 2551 949 2608 quam
1002 2533 1335 2607 principalis
1381 2533 1695 2605 potestatis,
1743 2532 1896 2604 quod
1942 2533 2261 2588 inconsulto

627 2636 792 2702 patre
830 2630 874 2684 si
913 2629 1296 2700 praetenderet
1327 2627 1456 2698 (88),
1487 2644 1562 2682 ne
1600 2627 1705 2698 ipsi
1751 2626 1986 2698 quidem
2029 2626 2262 2698 placitu-

630 2741 757 2780 rum
787 2726 1038 2795 putaret.
1071 2723 1234 2778 Certe
1275 2721 1462 2777 exitus
1497 2720 1689 2776 docuit
1719 2737 1732 2774 :
1771 2723 2089 2792 opportune
2128 2736 2260 2776 eum

632 2817 862 2873 rediisse
901 2817 972 2872 ad
1017 2820 1263 2888 patrem,
1308 2815 1476 2871 rebus
1516 2814 1694 2882 novis,
1729 2819 1785 2868 et
1825 2815 2105 2869 incertum
2149 2831 2261 2886 quo

629 2916 955 2984 vergerent.
1002 2911 1253 2982 Denique
1300 2910 1473 2964 etiam
1528 2909 1898 2980 Vespasianus
1941 2909 2140 2963 anxius
2188 2908 2259 2963 de

629 3006 800 3062 totius
829 3004 1056 3077 imperii
1081 3004 1328 3060 Romani
1361 3020 1425 3059 ac
1455 3003 1656 3074 patriai
1689 3005 1860 3066 statu,
1892 3002 2107 3058 bellum
2137 3020 2256 3057 sus-

631 3100 849 3173 pendit,
880 3103 1052 3172 atque
1091 3098 1401 3170 imperium
1437 3099 1545 3169 (89)
1587 3095 1770 3152 tenuit
1808 3112 1998 3166 suum,
2035 3097 2262 3167 postha-

632 3193 764 3248 bitis
790 3208 916 3264 qua:
955 3192 1015 3246 in
1048 3192 1244 3247 Judaza
1273 3189 1637 3262 gerebantur,
1668 3206 1787 3261 pros
1824 3189 1995 3244 totius
2022 3206 2262 3244 summae

634 3303 768 3340 cura
797 3292 853 3340 et
878 3287 974 3357 pia
997 3301 1135 3356 erga
1156 3285 1404 3356 patriam
1429 3283 1830 3338 sollicitudine.

1245 3379 1463 3435 CAPUT
1500 3378 1652 3433 XXII.

701 3475 807 3530 Sed
850 3475 1046 3529 Judaea
1086 3489 1202 3528 non
1245 3473 1574 3541 feriabatur,
1607 3487 1736 3543 quae
1777 3472 2002 3544 gravius
2046 3473 2261 3528 bellum

629 3570 780 3624 inter
809 3584 958 3635 suos,
999 3583 1168 3640 quam
1203 3566 1504 3622 adversum
1539 3569 1802 3622 externos
1829 3566 2084 3638 gerebat.
2116 3567 2258 3622 Nam

628 3679 758 3718 cum
806 3663 1036 3718 Joannis
1084 3661 1253 3716 factio
1297 3665 1443 3716 esset
1498 3660 1900 3729 intolerabilis,
1954 3661 2262 3716 insurrexit

627 3762 903 3830 praeterea
930 3755 1151 3823 Simon,
1187 3755 1421 3810 inferior
1450 3754 1685 3826 quidem
1722 3771 1949 3810 morum
1987 3755 2260 3826 improbi-

626 3857 762 3916 tate,
791 3850 891 3905 sed
918 3850 1104 3905 forma
1144 3848 1398 3920 corporis
1425 3848 1612 3919 magis
1640 3848 1821 3904 fretus
1847 3849 1920 3903 ad
1948 3864 2123 3903 omne
2153 3865 2257 3902 au-

627 3944 881 4000 dendum
907 3944 1090 4013 nefas,
1123 3947 1180 3997 et
1205 3942 1516 3997 latrociniis
1546 3942 1888 3997 assuefactus
1915 3943 1984 3996 ad
2013 3959 2176 3997 usum
2203 3947 2262 3997 et

625 4043 1051 4093 tentamentum
1080 4036 1451 4108 ﬂagitiorum.
1485 4036 1632 4091 Civis
1666 4042 1790 4092 erat
1816 4037 2148 4105 Gerasenus,
2177 4053 2259 4090 ro-

627 4134 825 4188 bustus
846 4132 1073 4202 juvenis
1095 4131 1222 4202 (90),
1247 4147 1417 4201 quem
1449 4129 1716 4203 princeps
1738 4131 2095 4186 sacerdotum
2117 4133 2260 4185 Ana-

629 4243 735 4281 nus
755 4227 1079 4296 perculerat
1099 4229 1333 4296 propter
1354 4224 1624 4295 nequitia:
1641 4228 1985 4291 commenta,
2007 4225 2258 4296 pulsum-

628 4336 739 4393 que
764 4336 832 4375 eo
862 4335 1036 4392 quem
1057 4317 1414 4374 inhabitabat
1433 4319 1576 4385 loco,
1599 4319 1658 4372 in
1684 4319 1820 4373 alias
1839 4319 2101 4389 regiones
2129 4336 2259 4374 con-

625 4413 829 4470 cedere
871 4415 1076 4484 coegit.
1120 4415 1192 4467 At
1231 4413 1346 4481 ille,
1392 4413 1480 4466 cui
1518 4411 1708 4466 nullus
1751 4412 1902 4468 inter
1939 4412 2160 4484 quietos
2201 4416 2258 4466 et

2362 1879 2494 1934 dolo
2538 1880 2810 1952 experiri,
2851 1879 3069 1950 reperit
3111 1883 3496 1951 spontaneum
3539 1879 3736 1934 fraudis
3773 1880 3911 1932 minis-

2363 1980 2536 2028 trum.
2569 1975 2706 2028 Nam
2734 1972 2827 2028 ubi
2857 1973 3213 2029 intellectum
3241 1979 3349 2041 est,
3379 1974 3512 2044 quid
3542 1973 3637 2028 iste
3667 1971 3907 2034 affectarat,

2359 2067 2616 2134 Iacobus,
2649 2083 2796 2122 unus
2836 2083 2903 2122 ex
2944 2067 3296 2138 principibus
3327 2068 3716 2134 ldumaeorum,
3740 2067 3858 2120 vafer
3875 2070 3910 2118 et

2362 2160 2597 2215 callidus
2635 2161 2704 2215 ad
2742 2161 3070 2232 hujusmodi
3118 2161 3370 2232 negotia,
3413 2162 3564 2216 venit
3595 2161 3658 2216 ad
3694 2161 3911 2214 Simonem

2362 2254 2640 2322 clanculo,
2692 2258 2751 2309 et
2803 2255 3012 2310 obtulit
3061 2255 3261 2326 patria
3308 2272 3427 2310 suae
3474 2253 3833 2326 proditionem.
3869 2254 3911 2306 [ι
4012 2285 4013 2298 ξ

2362 2349 2533 2404 fidem
2573 2348 2752 2416 daret,
2783 2349 2938 2420 quod
2977 2350 3271 2405 universos
3306 2350 3588 2404 Idumaeos
3621 2346 3914 2403 circumveni-
4012 2346 4013 2412 l

2361 2448 2467 2510 ret,
2484 2441 2882 2514 postulataque
2903 2444 3160 2499 mercede
3176 2443 3386 2498 futurae
3403 2443 3680 2499 societatis
3692 2458 3787 2514 quo
3797 2441 3915 2512 potis-

2362 2536 2536 2590 simus
2567 2541 2624 2591 et
2655 2536 2808 2608 apud
2840 2553 2973 2592 eum
3003 2537 3312 2592 fidissimus
3336 2538 3505 2606 foret,
3532 2536 3802 2609 pollicetur
3827 2533 3913 2587 uni-

2361 2646 2656 2686 versorum
2702 2631 3082 2702 proditionem
3122 2648 3136 2684 :
3189 2631 3449 2687 convivio
3493 2631 3750 2686 foederata
3788 2627 3915 2700 gratia
4012 2625 4013 2702 ξ

2362 2723 2776 2796 promissisque
2843 2723 3172 2795 ingentibus
3233 2724 3508 2796 Simonis,
3558 2725 3766 2779 ﬁrmata
3815 2722 3915 2775 inter

2361 2821 2674 2889 utrumque
2713 2823 2798 2874 est
2831 2818 3036 2890 pactio.
3070 2818 3175 2874 Ubi
3209 2819 3280 2873 ad
3320 2835 3458 2874 suos
3495 2818 3780 2874 revertitur
3805 2816 3914 2869 laco-

2360 2911 2488 2975 bus,
2524 2911 2741 2982 jactare
2779 2912 2966 2985 primo
3004 2913 3373 2984 paucioribus
3409 2915 3600 2985 coepit,
3635 2911 3916 2984 exploratum

2361 3007 2702 3078 processisse
2738 3007 3336 3080 virespdversarium,
3366 3007 3572 3063 vidisse
3612 3006 3822 3061 validam
3843 3017 3917 3056 ma-

2363 3116 2526 3170 num,
2557 3106 2817 3172 expertos
2837 3101 2970 3156 belli
2998 3102 3170 3171 viros,
3200 3101 3633 3158 multitudinem
3658 3098 3917 3158 maximam.

2363 3197 2420 3250 et
2458 3194 2607 3249 bello
2649 3195 3093 3266 insuperabilem
3127 3212 3139 3250 :
3175 3196 3390 3251 inferre
3434 3196 3545 3266 (92)
3575 3194 3816 3267 paulatim
3846 3205 3919 3243 ser—
4012 3194 4013 3256 ᾗ

2365 3304 2595 3343 monem
2623 3289 2940 3344 istiusmodi
2971 3289 3349 3361 principibus,
3372 3293 3660 3361 postremo
3687 3283 3918 3342 infundere
4012 3309 4013 3330 :

2362 3398 2467 3453 ΡθΓ
2495 3398 2763 3438 numeros
2799 3383 2909 3455 (93)
2941 3382 3129 3454 ipsum
3170 3383 3471 3440 Simonem
3507 3382 3794 3439 admodum
3817 3384 3916 3432 stre-
4012 3401 4013 3420 ξ

2365 3493 2563 3546 unum,
2597 3477 2694 3548 qui
2721 3477 2881 3548 regio
2911 3493 3072 3532 more
3105 3477 3424 3534 exercitum
3456 3477 3792 3540 instituisset,
3815 3469 3919 3525 ordi-

2363 3585 2466 3624 nes
2489 3575 2754 3638 servaret,
2777 3586 3049 3626 numeros
3076 3570 3415 3627 distributos
3444 3572 3694 3635 haberet,
3721 3568 3916 3624 ductores
4012 3569 4013 3626 ξ

2362 3663 2604 3718 idoneos
2627 3663 2972 3734 praefecisset
3004 3681 3016 3719 :
3047 3665 3342 3720 consulere
3376 3665 3488 3721 sibi
3517 3665 3776 3721 Idumaeos
3797 3671 3916 3730 opor-

2360 3761 2502 3825 tere,
2534 3761 2599 3812 ut
2635 3757 2805 3812 talem
2836 3759 3021 3813 virum
3059 3758 3310 3814 amicum
3341 3759 3536 3830 potius
3563 3773 3726 3830 quam
3758 3756 3915 3809 hostem

2361 3851 2778 3922 experirentur.
2827 3853 2988 3907 Certe
3043 3852 3102 3906 in
3147 3868 3461 3924 congressu
3508 3852 3825 3924 superiorem
3861 3845 3914 3895 τί·

2360 3943 2579 4014 derent,
2618 3945 2887 4000 cederent
2927 3946 3046 4000 sine
3087 3946 3361 4017 periculo,
3403 3951 3665 4002 caverent
3697 3940 3915 4016 praelium.

2361 4038 2466 4093 Ubi
2495 4039 2876 4109 plurimorum
2914 4039 3188 4095 inclinata
3223 4040 3281 4094 in
3307 4040 3650 4096 sententiam
3678 4051 3817 4093 suam
3835 4035 3917 4086 stu-

2360 4131 2457 4187 dia
2484 4132 2769 4204 cognovit,
2809 4133 3007 4188 edocto
3036 4133 3265 4189 Simone
3307 4141 3369 4188 ut
3413 4135 3472 4190 in
3500 4134 3676 4190 aciem
3710 4126 3916 4203 prodiret.

2359 4241 2592 4280 securus
2634 4227 2839 4281 futurae
2881 4227 3247 4298 dispersionis
3290 4228 3690 4295 ldumaaorum,
3730 4224 3811 4280 ille
3839 4232 3917 4273 non

2358 4318 2576 4375 distulit
2605 4337 2617 4374 :
2650 4319 2742 4374 hic
2782 4319 2934 4375 velut
2974 4321 3392 4392 antesignanus
3423 4340 3553 4378 cum
3585 4323 3708 4388 suis,
3736 4321 3785 4372 et
3807 4308 3918 4386 quasi

2357 4413 2429 4467 ad
2450 4413 2828 4484 praeliandum
2851 4414 3170 4487 promptior
3195 4432 3208 4470 :
3236 4415 3334 4470 ubi
3357 4415 3678 4473 ferentariis
3697 4409 3918 4468 tentatum

628 4508 918 4563 modestos
966 4509 1144 4575 locus,
1192 4506 1428 4562 contulit
1469 4522 1590 4561 sese
1635 4505 1702 4560 ad
1749 4506 2031 4561 consortia
2074 4507 2251 4562 latro-
2274 4524 2333 4596 D
2356 4507 2619 4579 praelium
2647 4507 2808 4575 vidit,
2837 4509 3172 4580 priusquam
3199 4509 3255 4564 in
3289 4526 3502 4566 manus
3528 4509 3811 4570 veniretur,
3828 4513 3920 4556 con-

626 4618 788 4669 num,
831 4601 968 4672 ipsis
998 4617 1227 4672 quoque
1270 4601 1328 4654 in
1370 4599 1649 4671 principio
1692 4603 2009 4670 suspectus,
2053 4617 2126 4655 ne
2158 4617 2255 4656 eos

620 4694 866 4750 factione
896 4695 1358 4760 circumveniret,
1394 4693 1554 4749 facile
1591 4699 1783 4765 postea
1824 4710 2048 4749 morum
2077 4711 2136 4750 se
2167 4695 2253 4750 in-

621 4789 768 4846 fudit
796 4789 1088 4844 societate.
1116 4788 1501 4860 Populabatur
1539 4804 1669 4843 cum
1701 4789 1790 4843 his
1818 4804 1885 4843 ea
1914 4804 2042 4860 qua:
2067 4793 2258 4844 essent

619 4883 860 4940 ﬁnitima
885 4882 1318 4948 munitionibus,
1343 4881 1494 4953 quod
1515 4882 1596 4936 illi
1629 4882 1899 4938 ulteriora
1928 4887 2117 4954 petere
2141 4900 2255 4938 non

618 4973 1078 5047 praesumebant;
1111 4973 1206 5027 sed
1229 4971 1388 5043 quasi
1414 4972 1473 5025 in
1496 4972 1667 5027 foveis
1688 4973 1998 5043 latitantes,
2028 4973 2257 5030 insidia-

619 5063 833 5119 bantur
863 5061 1419 5134 praatermeantibus,
1466 5060 1589 5115 sine
1626 5061 1743 5115 ullo
1785 5077 2044 5131 excursu,
2091 5063 2255 5135 quasi

619 5151 932 5214 domestico
970 5149 1263 5206 latrocinio
1301 5149 1573 5205 contenti.
1611 5149 1671 5204 Id
1713 5150 1912 5206 Simon
1944 5151 2122 5206 animi
2153 5153 2254 5207 im-

621 5243 883 5300 modicus
904 5241 1145 5296 tolerare
1174 5239 1269 5294 diu
1299 5239 1581 5310 nequivit,
1611 5238 1887 5312 brevique
1915 5241 2023 5295 sibi
2050 5243 2255 5297 multo-

620 5348 748 5387 rum
784 5331 1050 5402 quaesivit
1089 5346 1343 5396 manum,
1373 5329 1648 5401 pollicens
1686 5330 1864 5384 servis
1903 5331 2251 5399 libertatem,

621 5422 812 5476 liberis
855 5420 1110 5491 praemia,
1157 5417 1392 5490 perditis
1433 5418 1972 5474 remunerationem.
2011 5422 2090 5475 Ita
2124 5437 2255 5476 con-

680 5545 774 5607 (87)
804 5545 901 5594 Ita.
927 5543 1106 5594 Bann.
1133 5567 1192 5577 —
1219 5539 1367 5591 Nihil
1394 5539 1657 5604 equidem
1683 5541 2032 5592 mutaverim.
2067 5540 2254 5608 Scrip-

621 5616 749 5664 serit
775 5616 925 5665 enim
956 5615 1138 5677 itaque
1159 5615 1354 5663 auctor
1377 5624 1476 5676 pro
1501 5615 1546 5661 et
1579 5612 1673 5661 ita.
1700 5610 1998 5664 GALLAND.

683 5689 780 5746 (88)
807 5685 1155 5736 Pertenderet.
1181 5684 1359 5735 ΒΑΜ.

684 5757 784 5817 (89)
813 5757 1081 5817 Impetum.
1112 5756 1190 5804 ID.

685 5825 780 5894 (90)
812 5825 1059 5874 Juventa.
1093 5827 1175 5874 ID.

2355 4617 2515 4656 verso
2561 4618 2709 4673 equo
2753 4601 2909 4674 fuga:
2958 4601 3120 4658 dedit
3155 4619 3213 4659 se
3260 4627 3269 4656 :

2357 4695 2664 4764 convertit,
2717 4696 3094 4768 dispersitque
3145 4697 3296 4752 acies
3344 4700 3653 4765 universas,
3701 4700 3751 4750 et
3792 4690 3919 4744 victo-

2358 4791 2504 4846 riam
2547 4791 2772 4846 Simoni
2815 4791 2937 4847 sine
2975 4793 3289 4848 certamine
3324 4791 3458 4848 belli
3501 4790 3738 4848 tradidit.
3771 4785 3920 4842 Simon

2359 4901 2490 4940 vero
2533 4885 2749 4956 potitus
2788 4891 2960 4941 tantae.
3004 4886 3194 4957 gentis
3227 4886 3545 4958 triumpho,
3572 4873 3920 4940 insolentiorin

2357 4977 2594 5029 caeteros
2620 4975 2820 5042 factus,
2847 4974 3111 5030 Chebron
3137 4979 3422 5030 vetustam
3448 4975 3670 5040 urbem,
3697 4967 3919 5027 celebrem

2357 5065 2604 5137 POPu'iS,
2660 5082 2833 5136 opum
2884 5066 3146 5134 divitem,
3199 5072 3332 5122 ante
3381 5070 3757 5139 exspectatum
3797 5051 3918 5124 cepit.

2355 5155 2714 5226 multamque
2745 5155 2804 5208 in
2847 5171 2910 5209 ea
2947 5155 3198 5227 praedam
3239 5157 3479 5227 reperit,
3522 5153 3725 5224 dirupit
3757 5146 3919 5204 fructus

2357 5244 2694 5300 uberrimos.
2752 5245 2949 5300 Fertur
3001 5245 3158 5299 enim
3207 5245 3604 5318 antiquissima
3645 5256 3747 5296 non
3784 5234 3915 5288 solum

2357 5333 2666 5389 Palaestina:
2701 5332 2936 5388 urbium
2975 5333 3186 5402 civitas,
3215 5333 3314 5388 sed
3345 5334 3526 5389 etiam
3568 5328 3801 5388 omnium
3826 5329 3916 5391 φη

2355 5426 2487 5477 sunt
2511 5422 2568 5477 in
2607 5425 2847 5495 Egypto
2876 5440 2910 5477 a
2948 5423 3181 5478 vetustis
3215 5423 3477 5492 condita;
3511 5429 3570 5477 ut
3598 5420 3757 5475 etiam
3791 5412 3916 5466 Βοῦν
4012 5477 4013 5480 η

2418 5544 2513 5605 (91)
2551 5544 2849 5609 Josephus,
2886 5545 2983 5596 lib.
3029 5557 3064 5596 v
3108 5544 3176 5596 de
3222 5544 3342 5596 Ball.
3383 5543 3534 5602 Jud.,
3575 5554 3688 5605 cap.
3730 5538 3774 5595 ’1,
3809 5532 3917 5581 hunc

2355 5617 2542 5667 vicum
2567 5618 2687 5668 Δίνη
2715 5618 2972 5683 appellat.
3003 5619 3082 5668 ID.

2419 5689 2516 5760 φῇ)
2543 5691 2798 5760 (reserere.
2832 5690 2913 5741 In.
3396 5756 3407 5760 Δ
3810 5749 3818 5760 ⁸

2419 5759 2516 5820 (93)
2547 5759 2648 5810 Per
2671 5762 2961 5813 universos.
2995 5761 3074 5812 ID.
3106 5788 3169 5802 —
3194 5756 3513 5830 Lugendum
3542 5760 3678 5812 forte
3697 5766 3782 5821 per
3802 5756 3918 5801 inuu-

2354 5842 2543 5882 meros.
2575 5830 2876 5884 GALLAND.

3325 4604 3483 4660 idem
3532 4604 3614 4658 sui
3657 4602 3831 4658 fecere.
3867 4593 3921 4646 ita
4012 4603 4013 4606 ‘
