4000 6166
119 311 248 362 2225

118 528 273 599 rique
306 525 650 582 existiment.
686 525 862 580 Fuere
906 525 1103 594 etiam,
1134 524 1233 596 qui
1270 524 1553 580 habitasse
1581 524 1638 579 in
1677 542 1742 580 ca

121 626 335 692 patrem
377 620 666 675 Abraham
704 619 992 689 dixerunt,
1033 622 1231 690 postea
1264 635 1438 690 quam
1477 619 1548 674 de
1581 620 1753 674 Meso-

120 715 366 786 potamia
396 713 574 785 Syria:
619 715 926 785 profectus,
961 715 1263 784 Egyptum
1301 713 1464 785 petiit
1489 714 1751 784 tiliosque

116 810 161 880 ej
173 826 233 864 us
258 808 376 864 illic
397 808 730 880 sepulcrum
748 808 957 863 habere
983 807 1369 878 pulcherrimo
1392 811 1748 863 exstructum

118 919 402 958 marmore
430 907 487 957 et
512 919 684 974 Opere
715 901 1167 973 elegantissimo,
1198 903 1444 972 septimo
1468 918 1500 956 a
1526 901 1749 956 civitate

119 997 314 1052 stadio.
362 996 742 1051 Terebinthus
783 995 897 1050 illic
933 1011 1147 1066 magna
1189 995 1359 1050 arbor
1400 1013 1433 1049 a
1481 995 1753 1051 constitu-

117 1091 273 1146 tione
304 1089 507 1145 mundi
526 1089 698 1146 fuisse
725 1094 1097 1145 asseveratur.
1127 1091 1282 1144 Nunc
1310 1095 1530 1159 tamen,
1553 1093 1748 1146 utrum

117 1185 301 1240 adhuc
326 1189 578 1252 maneat,
604 1184 890 1239 incertum
914 1183 1076 1240 nobis
1097 1189 1200 1239 est.
1220 1183 1357 1239 lnde
1378 1183 1750 1256 progrediens

117 1278 375 1334 vastabat
405 1278 709 1348 territoria,
737 1277 1101 1350 expugnabat
1140 1278 1326 1346 urbes,
1356 1279 1752 1350 congregabat

118 1374 381 1445 populos,
411 1372 795 1445 quadraginta
823 1372 1074 1427 millibus
1105 1376 1457 1427 armatorum
1485 1373 1746 1444 stipatus,

113 1466 454 1522 exinanibat
492 1467 688 1522 omnia
733 1483 1078 1539 quocunque
1118 1467 1206 1520 vel
1247 1466 1409 1538 quasi
1440 1466 1655 1522 amicus
1694 1472 1751 1522 et

108 1561 296 1616 socius
335 1566 665 1616 accesserat.
699 1561 837 1626 Quis
877 1561 1034 1618 enim
1079 1562 1238 1616 locus
1289 1564 1581 1616 tantorum
1621 1578 1748 1632 sup-

110 1662 332 1728 peteret
374 1655 701 1711 alimentis?
741 1655 872 1712 Solo
903 1655 1114 1726 pedum
1152 1655 1391 1728 vestigio
1420 1656 1480 1710 in
1511 1656 1748 1711 modum

106 1751 425 1823 pavimenti
453 1749 887 1822 proterebantur
918 1750 1198 1818 universa,
1233 1749 1291 1804 in
1317 1749 1522 1822 quibus
1551 1753 1746 1805 tantus

1139 309 1222 362 DE
1267 307 1542 364 EXCIDIO
1581 307 1779 363 URBIS
1823 308 2175 366 l‘llEROSOL.
2219 313 2345 368 LIB.
2391 313 2476 366 IV.

121 433 296 504 phim,
329 450 458 505 qua}
489 431 888 504 antiquissima
920 431 1186 500 habetur,
1219 431 1587 502 posteriorem
1627 432 1741 502 ple-
1763 443 1822 515 Α
1845 435 2212 504 precantibus
2257 435 2621 506 impertiebat
2667 437 2890 492 veniam
2945 439 3143 493 salutis

3349 320 3486 371 2226

3187 456 3200 493 :
3247 440 3486 512 fugabat

1849 527 2222 595 adversarios,
2288 529 2672 585 constituebat
2735 547 2881 584 suos.
2945 532 3190 587 Cerealis
3253 551 3483 605 quoque

1851 622 1962 676 dux
2011 623 2249 678 Romani
2306 624 2588 678 exercitus
2637 640 2769 679 cum
2816 625 3075 695 equitatu
3125 628 3487 697 percurrebat

1850 716 2062 785 omnia,
2094 717 2489 789 exstinguebat
2530 719 2688 786 alios,
2723 719 2860 774 alios
2892 719 3226 790 subjiciebat
3255 739 3268 775 :
3301 722 3481 792 capti-

1851 826 2050 865 vorum
2077 811 2320 882 cogebat
2349 812 2602 884 agmina,
2635 814 2829 868 omnia
2856 814 2998 868 circa
3029 814 3482 885 Hierosolymam

1853 905 2264 974 exurebantur,
2316 923 2384 960 ne
2437 907 2620 962 ullum
2669 907 2880 963 Judaeis
2931 912 3079 964 esset
3129 908 3480 981 perfugium.

1851 999 1938 1054 Sic
2004 999 2292 1054 interclusi
2350 1005 2482 1055 ante
2539 1001 2898 1056 obsidionem
2967 1002 3214 1057 universi
3275 1002 3484 1058 Judaeis

1851 1093 2057 1150 exitus.
2090 1098 2157 1150 At
2190 1095 2268 1149 illi
2308 1112 2425 1150 non
2457 1097 2641 1150 solum
2673 1112 2784 1150 non
2819 1096 3197 1151 consulebant
3226 1096 3352 1165 sibi,
3384 1098 3480 1151 sed

1851 1189 2025 1244 etiam
2071 1189 2381 1244 domestico
2423 1190 2574 1245 inter
2614 1206 2674 1246 se
2719 1190 3104 1246 decernebant
3151 1192 3480 1256 certamine,

1849 1283 2097 1339 Joannes
2148 1284 2389 1339 interior
2439 1288 2744 1355 tyrannus;
2795 1285 2990 1340 Simon
3047 1289 3482 1340 extramurauUs

1851 1376 2026 1432 hostis
2073 1396 2086 1432 :
2139 1378 2238 1448 qui
2289 1382 2513 1450 recepta
2563 1395 2761 1447 uxore,
2816 1379 3111 1451 paulisper
3154 1395 3478 1446 excurrens,

1850 1471 2162 1527 ldumaaam
2202 1472 2596 1543 depOpulatus,
2634 1472 2872 1527 validior
2913 1472 3078 1539 redit,
3120 1476 3176 1528 et
3214 1473 3476 1528 Hieroso-

1852 1565 2143 1636 lymitanaz
2177 1582 2373 1621 muros
2401 1566 2558 1621 urbis
2593 1566 2766 1621 armis
2804 1566 3281 1622 circumsonabat.
3305 1570 3474 1624 Joan-

1854 1677 1952 1713 nes
1992 1659 2145 1714 intus
2177 1660 2413 1731 positus,
2451 1677 2584 1715 suos
2621 1661 2692 1715 ad
2726 1660 2942 1716 bellum
2981 1661 3129 1717 vitiis
3160 1662 3475 1727 exercebat,

1851 1754 1985 1809 data
2034 1753 2342 1808 criminum
2390 1755 2742 1809 auctoritate.
2796 1755 3110 1810 Fervebant
3156 1756 3342 1811 studia
3383 1774 3471 1810 ra-

105 1845 444 1901 constiterat
482 1860 757 1899 numerus
789 1844 1206 1915 prazliatorum.
1247 1844 1360 1898 Nec
1397 1843 1582 1898 solum
1619 1843 1744 1914 qui-
1769 1819 1824 1891 Β
1849 1848 2138 1919 pinarum,
2185 1849 2526 1919 probrorum
2569 1849 2932 1920 cupiditates,
2980 1849 3221 1904 luxuria:
3259 1850 3481 1906 effusio-

102 1955 337 2012 cunque
369 1942 491 1994 erat
527 1939 744 1993 fructus
782 1937 1168 2004 auferebatur,
1203 1937 1364 2009 quasi
1402 1937 1744 2008 quibusdam

104 2051 314 2090 exosus
363 2032 620 2100 locustis,
673 2031 772 2088 sed
821 2032 993 2086 etiam
1043 2033 1103 2086 in
1158 2035 1448 2103 posterum
1504 2031 1745 2103 protrita

102 2130 322 2184 humus
363 2128 582 2182 fructus
622 2126 889 2197 negabat.
935 2125 1213 2180 Terrebat
1246 2127 1551 2192 Joannem,
1591 2125 1746 2196 quod

102 2223 358 2278 Simonis
383 2221 703 2292 augebatur
729 2221 1002 2291 potentia,
1034 2223 1091 2274 et
1118 2219 1288 2275 totius
1318 2217 1581 2275 factionis
1610 2218 1745 2274 socii

99 2317 538 2389 quatiebantur.
591 2314 870 2370 Volebant
926 2313 1237 2385 perditum,
1288 2314 1387 2369 sed
1436 2313 1584 2369 bello
1631 2330 1744 2369 non

100 2411 399 2467 audebant
464 2411 758 2464 lacessere.
820 2411 1034 2464 lterum
1098 2407 1326 2463 insidias
1392 2413 1628 2478 parant,
1690 2415 1746 2463 et

99 2505 436 2560 obsidentes
463 2503 691 2571 itinera,
721 2517 961 2556 uxorem
987 2501 1034 2573 ej
1046 2518 1109 2556 us
1127 2517 1259 2556 cum
1290 2501 1447 2556 omni
1470 2501 1744 2556 comitatu

101 2597 401 2666 muliebri,
432 2603 488 2652 et
511 2597 707 2668 paucis
729 2596 981 2651 virorum
1004 2595 1461 2668 prosecutoribus
1479 2595 1739 2666 rapiunt;

91 2692 399 2762 jactabant
436 2707 518 2759 se,
547 2690 706 2762 quasi
736 2705 970 2745 omnem
1003 2689 1387 2744 confecissent
1415 2689 1739 2756 victoriam,

93 2805 160 2842 ac
195 2787 353 2842 velut
391 2787 580 2858 ipsum
617 2785 912 2840 Simonem
949 2789 1178 2855 captum
1217 2786 1498 2850 tenerent,
1527 2783 1740 2854 suppli-

95 2885 372 2936 caturum
413 2879 523 2934 sibi
554 2878 994 2934 arbitrabantur.
1027 2879 1098 2932 At
1128 2878 1223 2932 ille
1256 2877 1452 2946 durus,
1483 2876 1740 2944 immitis,

90 2977 201 3048 qui
248 2975 468 3030 nullius
509 2973 1242 3042 atl‘ectu'commoveretur,
1294 2971 1434 3027 nihil
1482 2973 1742 3026 sanctum

88 3071 419 3125 charumve
458 3069 716 3137 haberet,
759 3067 1153 3122 inﬂammatur
1195 3066 1352 3137 quasi
1393 3071 1624 3136 accepta
1655 3064 1740 3118 in-

80 3164 254 3235 juria
287 3164 478 3235 potius
513 3179 688 3234 quam
727 3164 932 3234 erepta
961 3161 1177 3232 gratia;
1220 3161 1516 3231 multoque
1546 3159 1743 3214 saevior
1763 3186 1817 3260 Ο

85 3258 457 3330 graviorque
493 3256 757 3328 gravibus
800 3255 1172 3321 excruciabat,
1216 3271 1360 3326 quos
1397 3253 1739 3325 reperiebat,

85 3353 432 3408 tormentis.
490 3350 776 3422 Plerisque
829 3366 1036 3404 manus
1097 3348 1415 3416 incidebat,
1467 3363 1611 3419 quos
1674 3347 1741 3401 ad

83 3449 337 3503 hostem
360 3450 624 3501 truncato
656 3460 889 3515 corpore
918 3442 1263 3510 remittebat,
1294 3445 1357 3496 ut
1373 3441 1493 3512 ejus
1518 3457 1740 3496 annun-

85 3544 320 3597 tiarent
347 3539 766 3606 crudelitatem,
797 3538 1158 3593 insinuarent
1188 3535 1414 3603 minari,
1439 3535 1594 3607 quod
1623 3551 1746 3589 mu-

83 3654 184 3691 ros
235 3635 623 3701 subverteret,
676 3633 878 3687 urbem
928 3631 1232 3698 excideret,
1278 3629 1387 3684 nisi
1435 3629 1539 3684 sibi
1590 3629 1744 3684 ocius

83 3747 243 3785 uxor
283 3728 521 3801 propria
551 3727 969 3781 restitueretur.
1005 3725 1282 3780 Similiter
1311 3741 1514 3779 manus
1546 3727 1604 3779 et
1631 3723 1739 3777 vis-

78 3841 223 3880 cera
257 3826 664 3879 truncaturum
695 3820 979 3888 omnibus,
1015 3819 1114 3891 qui
1144 3819 1296 3873 intra
1328 3819 1534 3873 urbem
1562 3817 1739 3888 dege-

81 3923 249 3986 rent,
299 3917 413 3972 nisi
461 3921 681 3971 mature
727 3914 1160 3970 consuluissent.
1204 3916 1282 3967 lta
1325 3911 1740 3984 perterrefacti,

73 4029 346 4068 uxorem
373 4011 497 4081 ejus
529 4010 602 4064 ad
629 4025 761 4064 eum
789 4007 1047 4080 dirigunt
1081 4025 1092 4061 :
1126 4024 1238 4078 quo
1267 4007 1560 4077 mitigatus
1585 4005 1744 4060 furor

71 4110 122 4178 ej
137 4124 217 4162 us
247 4105 616 4177 aliquantum
651 4102 1041 4175 requiescendi
1081 4103 1302 4172 copiam
1332 4100 1534 4155 clausis
1563 4099 1740 4169 dedit,

70 4207 140 4256 ut
180 4217 312 4256 non
347 4203 582 4270 urgeret
611 4197 970 4252 obsidionem
997 4195 1244 4251 civilem.

715 4291 938 4347 CAPUT
968 4291 1136 4346 XXIV.

148 4391 288 4443 Nec
333 4387 517 4442 solum
565 4386 742 4442 Galba
785 4385 1107 4452 interfecto,
1157 4385 1255 4439 sed
1299 4384 1467 4438 etiam
1519 4385 1742 4440 Othone

65 4483 406 4548 exstincto,
458 4480 660 4536 Vitellii
713 4480 948 4535 ducibus
996 4478 1522 4552 congredientibus,
1568 4495 1740 4550 quem

1847 1959 1966 2013 nes,
2020 1947 2450 2014 unguentorum
2501 1943 2727 2010 odores,
2773 1947 2831 1997 et
2884 1943 3221 1998 calamistris
3269 1944 3474 2016 crispa-

1846 2036 1987 2091 bant
2013 2036 2263 2108 capillos,
2291 2036 2457 2091 stibio
2483 2038 2675 2092 oculos
2703 2037 3112 2108 depingebant,
3137 2037 3478 2093 muliebrem

1846 2130 2120 2185 amictum
2158 2131 2475 2186 induebant
2510 2131 2639 2201 (94).
2671 2132 2782 2185 Nec
2818 2131 3004 2185 solum
3039 2136 3272 2187 ornatus
3310 2132 3476 2186 femi-

1846 2241 2073 2294 narum,
2115 2224 2213 2279 sed
2254 2225 2428 2279 etiam
2469 2225 2762 2279 muliebris
2804 2225 3043 2280 mollitia
3089 2223 3478 2293 aﬂ‘ectabatur,

1846 2324 1902 2372 et
1941 2318 2269 2374 illicitarum
2313 2317 2621 2372 libidinum
2662 2319 2975 2389 passiones,
3020 2319 3122 2373 viri
3172 2319 3480 2374 muliebria

1846 2428 2134 2480 exercere,
2160 2412 2489 2467 elfeniinare
2511 2427 2730 2480 vocem,
2755 2415 2814 2466 et
2831 2413 2987 2466 ﬂuxu
3009 2413 3260 2484 corporis
3281 2430 3478 2467 sexum

1845 2505 2173 2573 dissolvere,
2227 2521 2455 2576 pascere
2503 2521 2749 2573 comam,
2786 2506 3007 2559 vultum
3053 2505 3336 2574 dealbare,
3380 2523 3478 2576 pu-

1845 2599 2058 2654 micare
2086 2615 2283 2670 genas,
2322 2599 2578 2654 vellicare
2608 2598 2930 2667 barbulam,
2969 2605 3026 2653 et
3061 2599 3119 2654 in
3152 2599 3256 2654 hac
3288 2599 3468 2654 disso-

1843 2693 2057 2765 lutione
2106 2693 2376 2748 saevitiam
2424 2692 2772 2748 crudelitatis
2828 2709 3096 2749 exercere
3140 2692 3474 2748 intolerabi-

1843 2789 1979 2842 lem.
2025 2787 2279 2858 Denique
2320 2787 2502 2842 fracto
2547 2803 2745 2857 gressu
2791 2786 3155 2854 incedebant,
3196 2792 3252 2842 et
3291 2787 3476 2842 subito

1847 2881 2240 2936 momentanei
2274 2880 2576 2936 bellatores
2616 2881 2943 2935 reconditos
2978 2880 3082 2935 sub
3110 2880 3478 2951 conchyliatis

1844 2975 2238 3047 chlamydibus
2278 2975 2496 3047 gladios
2527 2975 2891 3044 occultantes,
2920 2991 3050 3028 cum
3089 2979 3327 3045 repente
3369 2991 3476 3027 nu-

1845 3071 2094 3138 dassent,
2139 3085 2494 3142 quaecunque
2535 3072 2889 3141 repererant,
2932 3067 3326 3123 diloricabant.
3372 3069 3475 3131 Qui

1844 3165 2130 3221 Simonem
2173 3167 2446 3233 evaserat,
2488 3181 2521 3218 a
2561 3166 2778 3218 Joanne
2817 3162 3280 3231 interﬁciebatur,
3321 3164 3362 3216 si
3415 3181 3474 3215 se

1843 3260 1995 3314 intra
2023 3258 2219 3314 urbem
2250 3257 2556 3328 recepisset
2583 3274 2597 3311 :
2628 3257 2724 3329 qui
2761 3259 3035 3312 Joannem
3062 3257 3309 3328 fugerat,
3339 3272 3472 3327 cap-

1843 3359 1935 3409 tus
1965 3369 2000 3407 a
2043 3351 2274 3407 Simone
2320 3354 2451 3406 ante
2496 3367 2693 3406 muros
2732 3350 3158 3406 immolabatur.
3195 3351 3322 3405 Erat
3357 3350 3473 3404 dis-

1844 3446 2030 3501 sensio
2059 3446 2266 3516 gravis.
2296 3446 2531 3501 Idumaei
2558 3445 2896 3516 quaerebant
2924 3443 3292 3514 tyrannidem
3312 3445 3479 3499 Joan-

1846 3541 1930 3595 nis
1973 3540 2364 3611 exstinguere;
2408 3538 2736 3594 invidebant
2771 3538 2891 3608 ejus
2919 3537 3214 3608 potentiae,
3245 3541 3304 3591 et
3334 3538 3472 3592 ode-

1843 3639 1975 3690 rant
2027 3635 2151 3704 ejus
2204 3632 2620 3688 crudelitatem.
2662 3631 3126 3701 Congrediuntur
3173 3631 3472 3686 adversum

1843 3728 2115 3784 satellites
2156 3726 2495 3799 tyrannidis,
2537 3727 2799 3778 avertunt
2836 3740 2954 3792 eos,
2992 3725 3348 3779 insectantur
3379 3741 3473 3779 eos

1842 3839 2020 3894 usque
2058 3821 2130 3876 ad
2160 3821 2352 3876 aulam
2393 3819 2636 3890 regiam,
2679 3834 2854 3890 quam
2889 3817 3219 3872 condiderat
3258 3834 3470 3889 genere

1845 3917 2105 3989 proxima
2144 3915 2292 3987 regis
2332 3913 2608 3969 Adiabeni
2646 3931 2658 3966 :
2699 3913 2923 3968 irruunt
2957 3913 3196 3968 exclusis
3227 3928 3474 3984 propug-

1844 4010 2160 4076 natoribus,
2199 4009 2599 4081 templumque
2641 4010 2940 4078 occupant,
2979 4005 3310 4077 diripientcs
3338 4022 3467 4077 Spo-

1844 4106 1916 4160 lia
1945 4103 2281 4177 tyrannidis,
2311 4101 2586 4175 quoniam
2618 4101 2730 4155 illic
2761 4104 3006 4156 Joannes
3033 4116 3208 4171 opum
3235 4116 3470 4154 suarum

1844 4199 2173 4255 condiderat
2204 4197 2644 4268 receptaculum.
2689 4194 2884 4250 Gravis
2924 4194 3233 4250 incesserat
3262 4197 3470 4260 metus,

1843 4312 1916 4350 ne
1959 4309 2063 4366 per
2093 4296 2324 4347 noctem
2365 4289 2602 4345 Idumaei
2633 4287 2704 4343 de
2735 4289 2950 4360 templo
2981 4287 3182 4344 urbem
3210 4289 3472 4360 ingressi,

1845 4391 2000 4443 ferro
2042 4385 2270 4459 plebem
2310 4383 2728 4450 interimerent,
2770 4383 3035 4438 incendio
3078 4383 3278 4438 urbem
3319 4382 3472 4437 dele-

1845 4488 1992 4538 rent.
2033 4483 2152 4546 Quo
2195 4483 2350 4535 metu
2391 4478 2596 4546 territi,
2631 4477 2702 4532 de
2743 4476 2961 4532 consilii
3002 4476 3301 4543 sententia,
3334 4476 3469 4530 dum

55 4580 427 4634 Gallieanus
491 4575 769 4632 exercitus
831 4578 1116 4630 creaverat
1177 4573 1607 4644 imperatorem.
1677 4561 1822 4632 EtD
1847 4593 2026 4632 unum
2082 4581 2390 4647 tyrannum
2446 4573 2594 4628 ferre
2647 4574 2958 4642 nequeunt,
3005 4569 3249 4625 alterum
3299 4569 3473 4626 intro-

55 4675 288 4744 primo
322 4671 560 4743 quidem
601 4668 910 4725 certamine
949 4667 1208 4739 superior
1241 4667 1386 4722 Otho
1427 4667 1577 4721 visus
1607 4669 1693 4722 est
1726 4684 1738 4720 :

49 4767 352 4840 repetito
393 4769 525 4837 post
571 4763 723 4819 diem
774 4763 989 4834 praelio,
1023 4778 1154 4816 cum
1191 4761 1557 4832 comperisset
1597 4762 1741 4817 Otho

49 4859 322 4915 Valenti
353 4863 409 4914 et
433 4857 712 4912 Cacinnw
743 4855 950 4911 Vitellii
977 4853 1282 4910 comitibus
1310 4855 1598 4910 victoriam
1627 4871 1742 4910 ces-

41 4959 251 5022 sisse,
290 4952 577 5025 plurimos
608 4967 837 5024 quoque
876 4965 1108 5005 suorum
1151 4948 1498 5016 interfectos,
1541 4949 1742 5004 Brixia

41 5051 338 5122 positus,
369 5046 684 5101 voluntaria
711 5061 851 5100 nece
879 5043 1091 5115 eripuit
1121 5060 1180 5098 se
1215 5042 1482 5112 ludibrio,
1518 5043 1740 5098 duobus

37 5145 304 5201 diebus
344 5147 401 5196 et
440 5141 622 5195 tribus
666 5142 888 5194 tantum
932 5137 1225 5193 mensibus
1268 5153 1460 5192 rerum
1505 5137 1736 5209 potitus.

35 5243 282 5294 Victor
319 5235 514 5307 itaque
549 5234 822 5302 Vitellius,
857 5249 984 5288 cum
1017 5250 1086 5288 eo
1113 5235 1211 5306 qui
1239 5232 1506 5305 utrinque
1539 5249 1733 5304 super-

31 5335 289 5391 fuerat.
325 5329 604 5396 exercitu,
636 5328 877 5384 Romam
907 5327 1216 5383 contendit.

707 5422 928 5478 CAPUT
979 5423 1128 5477 XXV.

117 5518 552 5590 Vespasianus
582 5521 718 5572 tunc
750 5517 1025 5588 temporis
1052 5516 1339 5588 profectus
1367 5533 1433 5572 ex
1465 5516 1604 5572 urbe
1626 5519 1738 5574 Cae-

19 5633 274 5680 231.68,
337 5613 595 5668 vastabat
632 5612 907 5680 Judteam,
945 5615 1223 5668 montana
1265 5610 1456 5667 omnia
1497 5611 1737 5666 finitima

15 5727 82 5771 et
125 5706 539 5768 munitiones
572 5705 911 5761 debellabat.
946 5705 1330 5761 lnterﬁciebat
1361 5706 1689 5762 resistentes
1719 5725 1731 5761 :

103 5899 232 5960 ’94)
277 5891 674 5944 Induebantur.
701 5892 880 5950 3AM.

1845 4669 2078 4726 duxere.
2104 4671 2170 4724 Et
2185 4671 2430 4723 Joannes
2449 4666 2647 4722 fraude
2673 4666 2982 4736 irrepserat
2999 4665 3058 4719 in
3081 4664 3468 4735 tyrannidem.

1844 4765 1944 4820 llic
1984 4765 2178 4819 Simon
2215 4767 2464 4832 rogatus,
2503 4759 2665 4831 quasi
2702 4758 3024 4814 remedium
3063 4758 3259 4813 salutis
3286 4759 3468 4827 daret,

1843 4859 2202 4914 dominatum
2240 4856 2450 4911 invexit
2487 4853 2721 4920 civibus,
2757 4853 2882 4908 urbi
2915 4857 3246 4925 tyrannum.
3278 4853 3470 4907 Missus

1845 4958 1928 5009 est
1961 4949 2224 5007 Matthias
2262 4949 2527 5022 princeps
2569 4947 2951 5016 sacerdotum,
2981 4951 3044 5002 ut
3083 4947 3203 5017 ejus
3247 4947 3468 5019 ingres-

1843 5063 1968 5101 sum
2007 5047 2351 5101 obsecraret.
2381 5046 2452 5099 At
2480 5043 2575 5098 ille
2604 5042 2847 5114 superbe
2889 5041 3022 5095 satis
3049 5040 3337 5095 dominari
3367 5040 3465 5095 ab-

1841 5141 1986 5208 nuit,
2015 5143 2072 5195 et
2113 5138 2273 5210 quasi
2311 5142 2659 5210 gravaretur,
2698 5135 2974 5192 concessit
3007 5134 3278 5204 ambitus,
3320 5139 3382 5190 ut
3408 5151 3468 5189 se

1839 5237 1899 5290 in
1947 5234 2148 5289 urbem
2187 5249 2316 5288 cum
2358 5233 2515 5287 omni
2553 5248 2656 5286 sua
2698 5230 2903 5286 virtute
2940 5228 3290 5284 infunderet.
3331 5231 3468 5300 Ape-

1839 5345 2007 5384 ruere
2050 5332 2239 5400 portas
2281 5326 2548 5382 manibus
2587 5325 2721 5391 suis,
2763 5329 2826 5380 ut
2870 5322 3335 5395 perniciosiorem
3377 5324 3465 5378 in-

1839 5423 2227 5491 troducerent,
2274 5438 2403 5476 cum
2447 5419 2824 5475 infirmiorem
2873 5421 3324 5474 exsecrarentur.
3367 5419 3469 5473 lta-

1840 5535 1950 5591 que
1978 5517 2177 5574 Simon
2203 5533 2268 5572 ex
2301 5514 2584 5572 sententia
2611 5514 2929 5585 ingressus,
2959 5528 3122 5584 asque
3153 5527 3212 5566 se
3245 5512 3466 5567 hostem

1840 5611 2148 5667 exhibebat
2199 5608 2478 5665 universis
2518 5626 2532 5663 :
2576 5611 2637 5662 ut
2679 5613 2735 5663 et
2787 5607 2912 5661 illos
2957 5606 3053 5679 qui
3106 5611 3462 5672 vocaverant,

1840 5710 1897 5763 et
1939 5706 2058 5760 illos
2103 5705 2404 5759 adversum
2455 5719 2595 5775 quos
2637 5702 2758 5772 ejus
2801 5699 3071 5756 auxilium
3113 5699 3466 5771 postulatum
