4072 6192
636 296 771 335 ἦῇητ

638 316 767 347 ZZZ!

2110 290 2163 343 δί
2215 291 2306 345 ΑΜ
2315 288 2535 344 BltOSII

3804 304 3905 358 ωε

634 418 837 482 fuerat,
872 415 1164 470 communi
1198 431 1400 469 omnes
1424 416 1557 470 odio
1592 418 2057 487 persequeretur.
2087 414 2265 483 Urge-
2292 425 2484 496 Aque
2532 412 2740 483 dignus
2792 412 3034 466 habetur
3087 411 3359 465 Vitellius.
3410 414 3679 470 Postremo
3723 436 3830 475 cum
3868 425 3907 477 in

636 510 733 564 bat
767 509 876 581 (95)
902 512 1148 565 Joannes
1189 509 1482 564 fraudibus
1528 509 1663 576 suis,
1706 508 2017 564 tluctuahat
2051 506 2265 563 civitas.

634 606 934 659 Certamen
985 606 1109 657 erat
1155 603 1308 657 inter
1350 606 1633 659 Joannem
1677 608 1729 657 et
1775 603 2093 667 Simonem,
2146 603 2270 674 quis

641 696 884 768 amplius
913 697 1028 753 suis
1057 701 1307 753 noceret.

1246 829 1466 885 CAPUT
1503 829 1671 883 XXVI.

713 950 827 1004 Sub
853 966 920 1005 ea
950 954 1283 1021 tempestate
1326 950 1609 1004 convaluit
1648 966 1844 1004 rumor
1870 949 2122 1003 civilium
2151 949 2268 1003 bel-

644 1045 827 1098 lorum
872 1044 929 1098 in
976 1042 1225 1098 exercitu
1270 1045 1546 1109 Romano,
1588 1043 1660 1097 de
1703 1043 1894 1098 Galbae
1938 1048 1995 1098 et
2033 1043 2271 1097 Othonis

644 1154 786 1193 nece
825 1139 1220 1194 manifestatus
1260 1141 1317 1191 et
1356 1137 1596 1207 imperio
1637 1136 1861 1201 Vitellii,
1894 1138 1991 1208 qui
2032 1137 2273 1207 nequior

643 1232 1051 1302 superioribus,
1091 1232 1256 1303 quasi
1291 1233 1395 1284 ἔξω(
1436 1231 1750 1285 resedisset.
1780 1232 2050 1286 Conferre
2081 1248 2270 1285 secum

641 1329 845 1381 veteris
868 1325 1087 1403 militiae
1116 1325 1217 1379 viri
1246 1341 1488 1395 ccepere,
1514 1327 1570 1378 et
1599 1324 1830 1394 indigne
1850 1325 2019 1389 ferre,
2047 1327 2268 1378 tantum

644 1436 920 1490 usurpare
952 1424 1327 1490 prastorianas
1372 1421 1566 1474 Romae
1598 1419 1868 1489 legiones,
1906 1422 1965 1471 ut
2003 1436 2133 1472 cum
2152 1419 2272 1489 jam

645 1513 925 1568 bellorum
974 1513 1362 1568 desuevissent
1418 1513 1665 1584 experiri
1713 1512 1982 1584 pericula,
2032 1512 2273 1566 nomina

644 1608 979 1677 ignorarent
1019 1608 1276 1677 gentium
1332 1624 1459 1678 quin
1512 1607 1729 1661 bellum
1781 1612 2094 1673 moverent,
2138 1607 2273 1677 ipsae

645 1706 842 1756 tamen
900 1706 1223 1757 statuerunt
1265 1701 1397 1754 belli
1451 1701 1859 1771 imperatorem
1901 1719 1914 1754 ε
1969 1706 2026 1755 et
2072 1702 2125 1754 in
2173 1718 2271 1754 sua

645 1811 822 1849 manu
850 1811 1041 1850 rerum
1072 1796 1458 1849 Romanarum
1486 1794 1795 1865 legendum
1824 1795 2103 1849 arbitrum
2132 1811 2267 1849 con-
2292 1798 2348 1869 B

646 1889 955 1944 stituerunt
984 1890 1115 1959 (96).
1155 1888 1364 1943 Deinde
1400 1888 1735 1958 hujusmodi
1774 1888 2034 1959 exemplo
2070 1888 2127 1942 in
2155 1888 2274 1943 Gal-

644 1982 719 2035 lia
744 1982 956 2053 positos
984 1983 1196 2036 milites
1222 1981 1581 2051 aspiravisse,
1614 1985 1683 2035 ut
1714 1982 1937 2036 Vitellio
1968 1982 2272 2053 imperium

649 2078 874 2144 darent,
920 2075 1242 2130 inconsulto
1290 2081 1492 2129 senatu
1536 2081 1591 2129 et
1635 2076 1844 2146 populo
1887 2078 2173 2144 Romano;
2218 2093 2274 2130 se

646 2171 867 2225 interea
905 2168 1065 2240 quasi
1101 2169 1485 2225 mercenarios
1524 2168 1741 2236 haberi,
1775 2170 1873 2240 qui
1903 2171 2087 2225 aliena
2117 2170 2269 2225 arbi-

650 2265 760 2319 tria
787 2270 1208 2335 sequerentur:
1256 2263 1470 2333 primos
1506 2262 1580 2317 ad
1616 2263 1953 2333 periculum,
1987 2265 2053 2317 ad
2095 2265 2270 2319 hono-

646 2374 770 2411 rem
797 2357 1043 2423 ultimos,
1079 2361 1233 2411 tanto
1274 2360 1534 2427 tempore
1572 2356 1784 2411 bellum
1821 2373 2045 2428 gerere,
2078 2358 2275 2412 trium-

647 2451 777 2521 phis
802 2451 1057 2522 quotidie
1085 2451 1471 2505 crescentibus
1504 2450 1573 2504 ab
1618 2451 1987 2506 inferioribus
2013 2450 2275 2506 dominos

646 2545 920 2617 accipere,
956 2551 1012 2600 et
1046 2560 1116 2599 ne
1149 2560 1248 2599 eos
1287 2543 1524 2615 quidem
1555 2544 1735 2612 utiles,
1768 2545 1871 2599 sed
1910 2546 1995 2599 vel
2024 2545 2270 2616 ignavis-

645 2639 819 2693 simos
856 2655 1136 2710 quosque,
1175 2639 1262 2692 vel
1301 2637 1485 2692 ventri
1518 2638 1744 2693 deditos
1784 2644 1842 2695 et
1884 2640 2226 2710 turpitudini
2258 2657 2270 2695 :

644 2732 1002 2804 pergendum
1035 2732 1261 2786 obviam
1290 2736 1347 2786 et
1375 2732 1786 2786 removendam
1818 2732 2111 2803 injuriam,
2153 2751 2274 2788 esse

643 2825 752 2880 sibi
781 2826 966 2880 virum
1006 2829 1302 2880 strenuum
1344 2825 1773 2896 Vespasianum,
1805 2843 1978 2897 quem
2020 2826 2134 2897 legi
2176 2827 2271 2882 de-

644 2919 826 2974 cuerit
853 2920 922 2973 ab
961 2919 1229 2974 Omnibus
1254 2919 1698 2990 imperatorem;
1729 2919 1831 2974 δενὶ
1872 2921 2163 2975 maturum
2203 2922 2273 2975 ad

643 3014 1071 3077 consulendum,
1098 3013 1427 3068 validiorem
1455 3012 1781 3083 junioribus
1800 3013 1867 3068 ad
1897 3014 2273 3085 praeliandum

643 3108 1070 3179 properandum
1109 3108 1409 3174 maturius,
1446 3123 1516 3161 ne
1563 3108 1717 3177 prius
1758 3107 1828 3162 ab
1873 3107 1998 3162 aliis
2042 3107 2274 3179 eligere-

644 3207 739 3256 tur
786 3218 799 3255 :

643 3294 1054 3365 triumphando
1094 3297 1235 3348 esset
1270 3293 1581 3364 despectui.
1622 3293 1857 3358 Quando
1896 3295 2273 3367 Opportunius

647 3392 890 3459 tempus,
935 3404 1046 3458 quo
1092 3387 1268 3457 digna
1314 3404 1532 3442 merces
1575 3387 1862 3442 laboribus
1912 3390 2033 3459 ejus
2074 3406 2274 3460 repen-

847 3206 903 3255 et
946 3200 1032 3254 his
1084 3217 1212 3255 cum
1269 3199 1477 3272 quibus
1530 3201 1589 3254 in
1638 3201 1839 3256 militia
1890 3169 2347 3270 consenuerit,C

2372 505 2536 561 Italia
2576 508 2689 561 sint
2720 506 2900 561 frater
2936 505 3060 576 ejus
3105 510 3163 560 et
3200 506 3350 561 ﬁlius
3392 507 3735 578 Domitianus,
3757 530 3907 570 veren.

2372 600 2506 654 dum
2536 601 2788 671 profecto
2820 602 2923 666 est,
2955 616 3024 654 ne
3052 600 3151 671 qui
3190 599 3304 654 suis
3333 608 3653 657 ornamento
3676 620 3779 661 esse
3797 608 3909 678 jam-

2372 694 2589 749 dudum
2628 694 2844 763 debuit,
2884 693 2957 748 sit
2992 693 3246 765 pericnlo
3279 710 3291 747 :
3326 700 3422 749 aut
3447 695 3492 749 si
3522 694 3616 764 illi,
3644 703 3697 753 ut
3722 699 3909 757 arbitra-

2372 804 2520 855 mur,
2561 792 2867 860 tyrannum
2915 804 3124 859 urgere
3171 788 3457 859 cmperint,
3495 789 3618 844 huic
3656 791 3811 847 fraudi
3846 796 3910 860 sit,
4014 834 4015 847 χ

2373 883 2520 954 quod
2562 887 2619 937 et
2650 882 2831 937 frater
2857 885 2914 937 et
2949 881 3099 938 ﬁlius
3128 881 3543 953 rebellaverint,
3572 888 3625 938 et
3646 885 3913 958 incipiamus

2372 993 2537 1031 reum
2556 980 2829 1047 spectare,
2851 992 3027 1047 quem
3047 976 3241 1031 videre
3262 976 3543 1031 noluimus
3563 978 3910 1049 imperatorem.

2373 1070 2466 1124 His
2504 1087 2697 1125 secum
2738 1071 2949 1125 milites
2988 1070 3384 1138 vociferantes,
3427 1070 3743 1127 adoriuntur
3765 1075 3913 1147 Vespa-

2374 1164 2614 1229 sianum,
2660 1170 2865 1235 rogant
2916 1170 2977 1219 ut
3021 1164 3261 1219 Romani
3312 1164 3536 1235 imperii
3581 1167 3809 1237 suscipiat
3846 1185 3913 1238 gu-

2372 1258 2763 1313 bernaculum.
2808 1258 2905 1312 Ille
2950 1265 3143 1312 autem
3192 1258 3445 1323 abnuere
3487 1275 3548 1312 ac
3588 1275 3641 1314 se
3683 1258 3913 1332 indignum

2375 1353 2561 1406 dicere
2595 1370 2609 1407 :
2656 1368 2776 1407 esse
2806 1352 2926 1422 jam
2967 1352 3346 1406 constitutum
3386 1352 3780 1423 imperatorem,
3813 1358 3915 1409 relu-

2376 1445 2645 1516 giendum
2687 1444 2850 1500 civile
2891 1444 3130 1499 bellum.
3171 1445 3257 1499 Illi
3300 1445 3511 1499 instare
3540 1446 3833 1518 promptius,
3855 1448 3915 1502 ille

2376 1539 2634 1594 resistere
2670 1538 3136 1610 perseverantius.
3172 1539 3468 1593 Postremo
3507 1539 3834 1594 reluctantem
3854 1559 3914 1595 ar-

2375 1633 2507 1687 mati
2552 1633 2976 1687 circumsistunt
3020 1632 3219 1703 gladiis
3264 1636 3514 1687 mortem
3559 1633 3822 1700 minantes,
3850 1637 3915 1706 qui

2373 1728 2739 1781 adverterent
2764 1726 2872 1781 sibi
2893 1726 3110 1781 crimen
3135 1742 3391 1793 manere,
3418 1734 3467 1780 et
3496 1743 3655 1798 grave
3674 1727 3915 1798 periculum
4014 1778 4015 1781 η

2372 1821 2420 1875 si
2450 1820 2779 1891 refugisset;
2805 1819 2882 1874 ita
2907 1819 3074 1874 cessit
3098 1819 3287 1891 potius
3314 1820 3770 1892 imprimentibus,
3795 1838 3916 1892 quam

2373 1915 2594 1987 recepit
2619 1913 2991 1981 voluntarius,
3032 1915 3184 1986 quod
3224 1914 3444 1970 ambire
3480 1915 3574 1969 alii
3604 1916 3778 1971 solent.
3802 1917 3918 1986 Urge-

2374 2009 2514 2063 bant
2542 2008 2772 2075 milites,
2811 2008 3128 2063 suadebant
3155 2009 3330 2064 duces
3360 2027 3374 2063 :
3408 2025 3598 2064 curam
3635 2010 3771 2081 prius
3798 2026 3916 2080 quam

2374 2102 2651 2157 honorem
2709 2101 2914 2169 induit,
2965 2103 3254 2159 festinavit
3304 2102 3364 2158 in
3414 2104 3726 2176 Egyptum,
3769 2104 3918 2158 sciebat

2376 2196 2528 2250 enim
2560 2195 2832 2251 maximas
2860 2195 3010 2251 vires
3039 2196 3154 2252 illic
3180 2213 3301 2252 esse
3341 2198 3611 2253 Romana:
3645 2196 3917 2269 reipublica,

2375 2290 2525 2345 unde
2553 2290 2824 2345 alimonia
2857 2290 3281 2347 ministraretur
3310 2308 3324 2345 :
3361 2290 3671 2346 subsidium
3700 2290 3791 2345 sibi
3815 2306 3919 2362 qua»

2376 2384 2641 2452 rendum,
2674 2384 2719 2438 si
2745 2384 2993 2441 vinceret
3019 2401 3032 2439 :
3067 2388 3165 2440 aut
3195 2385 3517 2457 refragium
3548 2386 3650 2456 (99)
3680 2383 3872 2446 Vitellio,
3890 2384 3919 2436 si

2376 2477 2722 2532 trahendum
2755 2478 2967 2533 diutius
3002 2479 3217 2534 bellum
3246 2483 3502 2551 putaret.
3529 2481 3652 2534 Esse
3679 2478 3824 2534 etiam
3846 2477 3918 2531 illic

2375 2571 2518 2626 duos
2565 2571 2796 2626 ordines
2849 2572 3183 2628 militarium
3227 2573 3505 2639 virorum,
3546 2589 3679 2645 quos
3721 2571 3810 2627 sibi
3846 2571 3913 2624 ad-

2368 2666 2616 2737 jungere
2655 2666 3002 2738 properavit,
3042 2669 3105 2720 ut
3146 2666 3283 2722 urbs
3327 2667 3598 2736 maxima,
3638 2674 3691 2721 et
3728 2666 3920 2737 plurimis

2375 2764 2590 2813 natura:
2620 2744 2993 2814 munimentis
3022 2760 3397 2831 circumdata,
3419 2762 3481 2815 in
3511 2778 3610 2816 suo
3635 2759 3800 2832 potius
3814 2759 3918 2830 jure,

2374 2870 2549 2924 quam
2588 2854 2644 2907 in
2682 2853 2869 2908 alieno
2910 2858 3189 2922 maneret,
3219 2854 3292 2910 ad
3333 2862 3637 2928 utrumque
3671 2854 3786 2910 belli
3811 2868 3921 2907 even-

2376 2955 2497 3002 tum
2532 2946 2663 3002 satis
2689 2948 2867 3003 utilis.
2897 2948 3145 3021 Ideoque
3178 2948 3249 3004 de
3285 2950 3550 3005 locorum
3581 2951 3703 3019 situ,
3729 2965 3783 3003 ac
3803 2945 3922 3019 potis-

2374 3041 2584 3096 simum
2622 3041 2690 3097 de
2736 3042 2857 3114 ipsa
2898 3043 3038 3098 urbe
3075 3043 3541 3115 metropolitana,
3582 3045 3665 3099 vel
3698 3041 3855 3115 paucis
3872 3040 3921 3093 di-

2374 3136 2622 3191 cendum
2650 3137 2778 3192 rati.
3369 3129 3373 3132 ’

2959 3258 3181 3313 CAPUT
3217 3259 3389 3313 XXVII
3401 3301 3413 3314 .

2445 3390 2653 3443 Urbem
2697 3387 3100 3444 Alexandriam
3139 3388 3403 3444 condidit
3440 3389 3755 3458 Alexander,
3783 3387 3854 3442 cui
3875 3384 3921 3439 ob

643 3482 917 3537 daretur?
954 3481 1316 3536 Vitellianum
1362 3482 1700 3552 voraginem
1748 3482 1873 3552 (9‘7),
1918 3472 2270 3553 privatorum
2373 3482 2639 3537 virtutem
2679 3481 2928 3536 inditum
2969 3482 3167 3553 magni
3211 3482 3371 3536 ducis
3414 3488 3841 3555 cognomentum.
3874 3478 3922 3531 Es

643 3576 889 3631 dedecus
947 3578 1076 3644 (non
1132 3574 1315 3630 dicam
1369 3576 1834 3646 imperatorem),
1893 3593 2007 3631 non
2058 3577 2272 3632 diutius
2373 3576 2525 3630 inter
2555 3577 2860 3647 )Egyptum
2888 3578 2948 3630 et
2971 3592 3135 3630 mare
3166 3576 3329 3647 quasi
3357 3577 3662 3632 claustrum
3680 3574 3920 3646 inteijacet,

643 3671 748 3724 hoc
770 3670 1147 3725 toleraturum
1172 3675 1456 3736 senatum,
1482 3687 1595 3724 non
1625 3671 1905 3742 populum
1927 3672 2267 3739 Romanum,
2373 3669 2564 3725 civitas
2590 3670 2963 3742 importuosa,
2992 3676 3055 3725 ut
3089 3669 3213 3726 fere
3250 3670 3549 3744 pleraeque
3576 3668 3797 3743 Egypti,
3819 3663 3921 3722 etab

640 3768 706 3818 ut
754 3763 1128 3835 opprobrium
1181 3764 1604 3818 vinolentorum
1651 3764 1868 3819 diutius
1915 3765 1971 3818 in
2019 3765 2269 3819 culmine
2372 3769 2610 3821 externo
2648 3764 2893 3819 difﬁcilis
2929 3780 3179 3832 accessu,
3212 3781 3345 3821 cum
3393 3766 3469 3821 sit
3504 3766 3563 3820 in
3602 3759 3920 3820 remotioribus

640 3861 875 3912 maneat
901 3857 1127 3928 imperii
1156 3858 1315 3929 cujus
1343 3857 1451 3928 (98)
1482 3874 1570 3911 res
1598 3858 1852 3913 Romana
1878 3858 1950 3912 ad
1977 3865 2271 3930 sumptum
2370 3859 2517 3913 Asia:
2553 3858 2812 3931 partibus
2837 3859 3055 3929 jacens.
3088 3858 3148 3912 1n
3172 3859 3424 3930 Europa,
3457 3859 3592 3932 quia
3618 3858 3732 3929 ipsa
3762 3848 3921 3925 Egypti

639 3967 757 4005 non
788 3954 1072 4022 suppetat.
1110 3951 1246 4014 Quis
1287 3951 1442 4005 enim
1486 3952 1629 4004 ferat
1670 3955 1974 4023 tyrannum
2008 3970 2267 4022 regnare,

640 4061 769 4099 cum
814 4044 1021 4101 habeat
1060 4045 1116 4098 in
1164 4044 1412 4099 exercitu
1465 4044 1708 4115 dignum
1757 4046 2002 4100 Romani
2046 4047 2270 4118 imperii
2371 4047 2493 4117 ejus
2543 4046 2856 4117 superiora,
2902 4062 3030 4119 qua:
3076 4046 3485 4102 disterminant
3534 4047 3603 4102 ab
3649 4039 3922 4113 Ethiopibus

639 4138 1124 4208 gubernatorem?
1151 4137 1288 4202 Qua:
1316 4153 1448 4192 vero
1476 4142 1675 4209 gentes
1696 4140 1851 4194 luxui
1880 4157 1939 4193 se
1968 4140 2272 4211 subjiciant
2371 4140 2615 4208 Sienem,
2653 4146 2710 4195 et
2755 4140 3171 4213 innavigabiles
3217 4140 3327 4195 Nili
3377 4141 3627 4196 ﬂuminis
3664 4136 3921 4194 cataractas.
4014 4124 4015 4137 ¹

641 4237 697 4286 et
725 4231 874 4285 vitiis
912 4231 1143 4298 dedant,
1186 4249 1315 4286 cum
1357 4232 1493 4286 belli
1537 4232 1884 4287 incentivum
1930 4234 2001 4287 sit
2043 4234 2270 4304 ignavia
2369 4233 2454 4287 Ab
2493 4234 2711 4289 oriente
2751 4234 3079 4289 refunditur
3117 4251 3278 4290 mare
3310 4236 3600 4304 Rubrum;
3631 4233 3784 4289 Clitro
3806 4232 3921 4284 tenus

638 4324 1021 4395 imperatoris,
1056 4328 1111 4379 et
1151 4329 1351 4380 contra
1391 4324 1688 4380 ﬁrmitudo
1730 4327 1903 4397 pacis,
1949 4327 2008 4381 in
2045 4328 2268 4384 hostem
2371 4328 2472 4398 qui
2497 4327 2652 4382 locus
2685 4327 2957 4382 extremis
2977 4328 3214 4383 ultimus
3236 4329 3424 4395 terris,
3452 4328 3697 4400 pervium
3721 4324 3782 4380 ad
3804 4320 3921 4375 ludas

636 4418 835 4483 virtus,
878 4418 1155 4474 sobrietas
1202 4419 1259 4472 in
1310 4419 1642 4491 reipublicae
1692 4421 2087 4476 moderatore?
2136 4422 2271 4487 Quis
2370 4421 2553 4492 aperit
2591 4421 2704 4475 iter
2734 4421 3106 4493 navigaturis.
3150 4422 3321 4494 Septa
3366 4423 3547 4494 igitur
3580 4437 3645 4477 ex
3684 4435 3777 4475 una
3807 4417 3920 4488 parte

636 4529 749 4567 non
797 4513 1066 4585 suspiciat
1113 4513 1169 4566 in
1219 4514 1562 4584 Vespasiano
1610 4515 1794 4569 adhuc
1838 4515 2057 4586 privato
2105 4515 2347 4613 regniD
2375 4514 2720 4570 ferventibus
2748 4514 3026 4570 incendiis
3057 4514 3211 4582 solis,
3248 4516 3448 4571 Indico
3486 4516 3617 4571 inde
3654 4518 3800 4585 atque
3828 4508 3920 4563 hinc

640 4606 810 4660 decus
864 4612 921 4661 et
973 4608 1212 4661 Romani
1270 4608 1502 4679 imperii
1566 4609 1992 4675 auctoritatem,
2050 4610 2139 4663 cui
2191 4597 2635 4680 totulEgyptio
2688 4609 2830 4662 mari
2880 4625 2996 4663 uno
3050 4614 3273 4665 tantum
3342 4627 3511 4666 muro
3571 4597 3923 4682 septentrionali

638 4699 912 4753 militares
960 4700 1189 4755 numeri
1244 4707 1450 4772 praesto
1496 4708 1647 4767 sunt,
1699 4708 1755 4756 et
1800 4702 1987 4756 omnis
2032 4704 2267 4758 Romani
2370 4702 2638 4757 innititur
2679 4709 2866 4769 terrm,
2898 4703 3045 4775 quod
3091 4704 3250 4759 ducit
3296 4704 3354 4759 in
3390 4704 3629 4777 Syriam.
3663 4703 3843 4756 Caetera
3870 4694 3925 4745 in'

637 4793 920 4848 exercitus
963 4794 1201 4848 validior
1242 4797 1487 4850 manus?
1526 4796 1671 4859 Quid
1714 4797 2144 4867 exspectamus?
2183 4800 2264 4850 An

636 4892 698 4942 ut
737 4887 944 4941 nostris
992 4888 1163 4942 fultus
1200 4888 1526 4959 virtutibus,
1570 4890 1692 4944 aliis
1733 4890 1942 4945 debeat
1980 4890 2130 4961 quod
2168 4891 2267 4944 im-

634 4984 865 5051 perator
896 4986 998 5048 est,
1031 4984 1086 5034 et
1117 4998 1218 5035 nos
1255 4982 1382 5037 aliis
1419 4984 1687 5037 cedamus
1713 4984 1870 5056 quod
1896 4984 1956 5038 in
1983 4984 2115 5055 jure
2142 5001 2269 5039 nos-

630 5080 735 5129 trae
798 5075 1091 5145 potestatis
1145 5077 1268 5131 est?
1319 5078 1486 5133 Certe
1536 5076 1580 5130 si
1626 5077 1915 5132 honorare
1966 5078 2263 5143 nolumus,

627 5185 741 5224 non
785 5169 1150 5239 derogemus.
1204 5171 1316 5224 Nec
1360 5170 1636 5225 faciamus
1683 5172 1827 5226 hanc
1876 5171 2164 5241 injuriam,
2207 5178 2269 5226 ut

630 5268 822 5320 uestro
852 5263 1070 5335 judicio
1104 5264 1439 5334 repudietur
1476 5266 1633 5335 quasi
1677 5265 1953 5343 indignus
1995 5266 2263 5337 imperio,

693 5434 790 5495 (95)
824 5430 1135 5497 Urgebatur.
1166 5432 1342 5483 Buta.

686 5504 782 5566 (96)
813 5504 1167 5554 Constituant.
1198 5504 1279 5553 In.

684 5576 781 5637 (97)
812 5577 926 5625 Aut
968 5574 1307 5625 Vitellianum
1348 5589 1534 5640 vorag,
1578 5580 1672 5626 aut
1719 5576 2002 5635 Vitellium,
2048 5578 2264 5641 voragi-

622 5656 740 5693 nem
762 5645 1056 5708 legendum
1088 5646 1309 5697 videtur
1337 5663 1347 5696 :
1371 5661 1437 5698 eo
1462 5648 1679 5699 scilicet
1709 5660 1893 5710 sensu,
1924 5661 2035 5712 quo
2067 5647 2263 5699 Cicero

2369 4796 2617 4851 terclusa
2642 4796 2916 4867 undique,
2954 4803 3011 4852 et
3035 4801 3256 4853 naturae
3283 4798 3535 4853 subsidio
3574 4795 3759 4851 vallata
3784 4807 3795 4844 ε
3823 4784 3923 4842 divi-

2369 4890 2547 4945 duum
2595 4894 2786 4945 tamen
2835 4892 3307 4964 septentrionalis
3352 4893 3535 4965 plaga:
3583 4890 3751 4945 eidem
3791 4879 3920 4938 muni-

2371 4989 2651 5051 mentum,
2676 4987 2733 5038 et
2759 4985 2990 5055 gemino
3016 4985 3267 5056 quodam
3294 4985 3481 5041 limite
3516 4988 3724 5058 patens,
3744 4992 3836 5051 quo
3862 4970 3919 5023 vel

2369 5078 2692 5149 peregrina!
2712 5077 2783 5132 ad
2809 5094 2931 5133 eam
2962 5095 3064 5148 per
3086 5080 3270 5135 maria
3295 5081 3600 5152 Egyptum
3619 5077 3689 5148 (2)
3707 5070 3921 5131 devehun.

2367 5177 2461 5226 tur
2503 5172 2698 5240 copim,
2746 5172 2828 5225 vel
2876 5172 3111 5227 liberior
3151 5175 3220 5228 ad
3258 5179 3437 5228 terras
3476 5188 3609 5228 usus
3641 5162 3915 5226 diffunditur.

2367 5266 2535 5319 'l‘erra
2576 5266 2732 5335 jacet
2777 5268 2833 5320 in
2876 5266 3162 5322 inﬁnitum
3206 5268 3459 5321 modum.
3502 5268 3638 5320 Nam
3687 5264 3809 5317 inter
3840 5255 3915 5307 Sie-

2428 5436 2524 5495 (98)
2565 5435 2679 5484 Cui.
2721 5436 2898 5486 Bene.
2926 5460 2988 5472 —
3021 5434 3132 5486 Sed
3162 5435 3292 5485 ferri
3329 5439 3511 5498 potest
3549 5434 3707 5485 lectio
3739 5425 3914 5498 vulgata,

2366 5508 2413 5556 si
2438 5493 2705 5557 referatur
2732 5519 2845 5557 non
2884 5505 2954 5555 ad
2976 5510 3238 5570 suppetat,
3274 5493 3372 5556 sed
3407 5505 3482 5555 ad
3522 5508 3780 5569 sumptum.
3810 5493 3915 5546 Gn:

2365 5592 2700 5711 LA(Stilboni
2728 5650 2889 5713 plane
2919 5664 3045 5712 vox,
3066 5649 3330 5716 suifragio
3355 5650 3661 5715 apponitur.
3686 5638 3788 5691 νέα.
3813 5636 3912 5685 Grv-

619 5726 721 5777 pro
751 5716 915 5772 Sext,
939 5730 1061 5780 cap.
1089 5718 1151 5768 δὲ
1175 5733 1186 5766 :
1219 5719 1290 5768 Tu
1319 5734 1431 5770 meo
1453 5719 1710 5783 periculo,
1735 5733 1923 5785 gurges
1951 5725 1997 5769 et
2025 5732 2262 5773 VORAGO
2363 5733 2513 5779 nov.,
2544 5718 2828 5779 Monobib.,
2851 5733 2971 5786 cap.
3003 5722 3081 5783 2i,
3114 5737 3236 5786 pag.
3264 5723 3369 5774 236.
3405 5722 3484 5772 In.

621 5786 953 5845 patrimonii,
983 5786 1282 5839 helluabore
1301 5790 1330 5840 ε)
1359 5790 1667 5843 Contextus
1692 5792 2100 5845 restitutionem
2126 5805 2261 5844 con-

624 5852 822 5903 ﬁrmat.
851 5854 1147 5905 GALLAND.

2425 5793 2490 5853 (1)
2520 5793 2797 5854 Egi/plus.
2825 5792 3003 5844 ΒΑΜ.

2429 5862 2494 5928 (2)
2518 5862 2841 5927 (Egyptium.
2876 5864 2955 5913 In.

2373 3952 2444 4022 (l)
2496 3952 2670 4007 aridis
2732 3952 2923 4023 Libyae
2972 3953 3386 4022 conterminat,
3440 3953 3737 4008 meridiana
3788 3950 3919 4001 autem
4014 3948 4015 4023 )
