4032 6194
193 313 327 364 2229

1207 316 1294 372 DE
1335 316 1610 375 EXClDlO
1650 318 1851 375 URBIS
1891 319 2250 376 HIEROSOL.
2292 322 2420 375 LIB.
2465 323 2549 376 lV.

3412 328 3553 381 2230

190 449 322 488 nem
356 438 415 488 et
446 434 733 489 Pelusium
763 436 1060 508 longitudo
1091 439 1358 495 universa
1399 441 1472 513 (3)
1510 410 1819 496 Studiorum
1842 442 1986 526 Aﬂt
2007 443 2164 497 intus
2199 430 2515 498 tutissimus
2555 448 2754 515 portus
2797 447 3256 518 compensatione
3294 448 3547 521 quadam

189 527 366 583 duum
401 527 672 596 millium,
717 530 762 583 si
804 530 945 585 ﬁdes
988 533 1217 588 assertis
1258 534 1450 604 adest;
1480 543 1538 590 et
1569 535 1641 589 ab
1678 537 1821 591 Plin-

186 620 343 676 thine
381 638 561 694 usque
598 623 917 695 Pelusium,
947 625 1261 682 stadiorum
1305 627 1445 683 item
1483 630 1657 684 trium
1688 630 1816 684 mil-

187 716 326 769 lium
368 723 771 771 sexcentorum
801 735 816 773 :
847 719 1135 775 inassueta
1174 720 1450 777 imbribus
1490 723 1673 794 regio,
1715 739 1819 779 nec

184 812 375 863 tamen
418 809 740 881 pluviarum
783 811 997 884 indiga,
1040 814 1131 868 cui
1175 813 1282 870 Nili
1325 815 1541 887 irrigua
1583 822 1813 888 sponta-

187 918 322 957 neos
350 903 570 959 imbres
600 904 950 962 ministrant.
986 908 1259 980 Utrinque
1291 908 1343 963 ei
1373 910 1530 964 Nilus
1560 914 1664 979 est,
1692 911 1816 967 cozli

182 995 444 1068 ubertas,
492 1001 658 1054 terras
699 999 1048 1070 fecunditas;
1090 1018 1222 1057 arva
1265 1006 1580 1075 temperat,
1629 1004 1813 1060 solum

181 1089 421 1161 opimat,
449 1093 640 1148 nautis
667 1097 725 1149 et
749 1094 1011 1166 agricolis
1029 1096 1190 1167 juxta
1223 1098 1348 1151 usui
1389 1114 1401 1152 :
1434 1097 1493 1152 hi
1524 1098 1811 1170 navigant,

180 1183 261 1239 illi
319 1192 520 1241 serunt
575 1205 589 1242 :
648 1187 740 1242 isti
803 1187 1307 1246 circumvehuntur
1368 1208 1470 1262 per
1522 1209 1623 1248 sua
1680 1210 1815 1249 rura

180 1278 455 1351 navigiis,
513 1280 599 1336 illi
659 1282 926 1349 excolunt
984 1288 1175 1339 aratro
1238 1291 1523 1353 serentes,
1594 1287 1812 1344 viantes

178 1372 301 1427 sine
344 1380 643 1447 carpento.
690 1375 1024 1432 Distinctam
1069 1394 1264 1433 cernas
1303 1379 1534 1435 ﬂuentis
1562 1385 1620 1436 et
1650 1383 1811 1453 quasi

177 1465 523 1537 quibusdam
578 1471 860 1525 excelsam
915 1472 1197 1526 manibus
1246 1473 1632 1545 navigiorum,
1679 1476 1810 1531 totis

175 1558 464 1617 domicilia
506 1562 671 1618 terris
710 1569 1009 1635 vagantur,
1051 1582 1181 1638 qua:
1221 1566 1346 1622 Nilo
1389 1568 1806 1625 circumﬂuunt.

174 1654 270 1709 Est
316 1654 473 1710 enim
518 1656 864 1728 navigabilis
908 1676 1088 1732 usque
1130 1660 1204 1715 ad
1248 1660 1450 1717 urbem
1494 1661 1578 1734 (ut
1613 1664 1807 1736 appel-

174 1748 314 1817 lant)
362 1749 868 1822 Elephantinorum
921 1753 996 1825 (4)
1032 1771 1044 1809 :
1082 1755 1317 1811 ulterius
1360 1772 1569 1811 navem
1612 1774 1808 1829 proce-

1920 535 2213 607 ingressus
2249 537 2554 608 periculosi
2590 555 2603 592 :
2646 539 2783 609 quia
2822 556 2923 610 per
2963 540 3193 595 easdem
3229 542 3549 613 portuensis

1920 630 2034 684 oris
2075 630 2368 703 angustias
2416 631 2588 686 totius
2640 639 2836 703 portus
2884 633 3209 689 defenditur
3255 635 3439 706 sinus,
3492 640 3549 691 et

1918 728 2312 778 commovetur
2335 741 2366 778 a
2398 725 2849 797 tempestatibus,
2893 726 3210 797 placidatur
3245 744 3279 782 a
3313 728 3543 800 frigori-

1917 816 2023 871 bus
2054 816 2129 887 (6)
2167 834 2268 889 per
2301 834 2445 889 quos
2483 819 2774 890 ingressus
2812 826 3244 892 exasperentur.
3283 822 3394 877 Nec
3431 822 3542 878 im-

1916 910 2122 966 merito
2164 912 2252 967 vel
2292 916 2571 981 tutamen,
2605 913 2692 968 vel
2733 915 3065 986 magnitudo
3102 920 3299 986 portus
3342 916 3541 987 hujus-

1918 1005 2070 1060 modi
2107 1010 2209 1073 est,
2247 1022 2377 1060 cum
2417 1006 2474 1060 in
2518 1023 2651 1062 eum
2693 1024 2818 1079 quae
2864 1008 2935 1062 ad
2977 1025 3138 1063 usum
3185 1009 3355 1064 totius
3391 1009 3543 1065 orbis

1912 1099 2230 1171 proficiant,
2270 1100 2591 1155 convectari
2627 1101 3005 1157 necessarium
3048 1102 3138 1157 sit.
3173 1103 3311 1158 Nam
3352 1108 3410 1157 et
3450 1120 3545 1174 po-

1912 1192 2036 1263 puli
2075 1192 2522 1249 innumerabiles
2558 1195 2896 1249 eorumdem
2937 1196 3215 1264 locorum,
3261 1195 3335 1251 ad
3377 1212 3542 1251 usum

1913 1285 2000 1340 sui
2045 1290 2321 1358 expetunt
2366 1288 2536 1343 totius
2586 1288 2739 1344 orbis
2782 1290 3164 1360 commercia,
3206 1294 3265 1345 et
3307 1290 3539 1364 frugum

1915 1379 2071 1451 regio
2124 1381 2276 1436 ferax
2302 1423 2315 1449 ,
2367 1384 2821 1455 casterorumque
2872 1388 3039 1438 terrze
3093 1400 3401 1441 munerum
3455 1387 3537 1440 vel

1911 1475 2277 1545 negotiorum
2316 1475 2637 1546 abundans,
2679 1479 2862 1532 totum
2898 1476 3188 1533 frumento
3229 1478 3330 1533 alit
3365 1482 3536 1551 atque

1911 1567 2138 1624 instruit
2163 1569 2493 1625 necessariis
2520 1570 2801 1625 mercibus
2827 1570 3023 1627 orbem
3052 1578 3355 1627 terrarum.

2489 1666 2710 1721 CAPUT
2746 1666 2965 1721 XXVIII.

1979 1758 2313 1828 Compositis
2359 1759 2550 1829 itaque
2597 1774 2736 1830 erga
2778 1775 2838 1814 se
2882 1759 3050 1814 rebus
3094 1760 3153 1814 in
3198 1761 3535 1816 Alexandria

172 1841 314 1896 dere
341 1847 642 1899 cataractae
673 1861 815 1917 quas
846 1846 1112 1915 diximus,
1155 1865 1271 1904 non
1303 1849 1499 1904 sinunt
1530 1867 1542 1905 :
1573 1867 1688 1906 non
1716 1852 1807 1907 de-
1826 1824 1883 1896 B
1911 1850 2297 1922 Vespasianus,
2330 1857 2386 1906 et
2414 1852 2613 1908 studiis
2643 1852 2903 1907 omnium
2942 1854 3041 1925 qui
3073 1870 3193 1910 rem
3229 1853 3532 1910 militarem

168 1936 323 1991 fectu
355 1938 624 2009 gurgitis,
656 1940 752 1995 sed
784 1941 958 1996 totius
983 1940 1237 2021 ﬂuminis
1262 1943 1614 2015 praecipitiis,
1647 1948 1705 2000 et
1733 1946 1803 2001 ob

167 2031 484 2102 quamdam
517 2049 796 2104 aquarum
821 2035 1067 2092 ruinam.
1095 2037 1298 2092 Portus
1326 2037 1503 2107 urbis,
1536 2044 1600 2093 ut
1634 2039 1802 2111 pleri-

166 2140 282 2195 que
316 2125 737 2182 maritimorum
762 2128 1019 2197 locorum
1052 2130 1256 2198 aditus,
1286 2130 1531 2186 difficilis
1554 2148 1801 2201 accessu,

165 2223 222 2273 et
246 2219 426 2291 longe
454 2220 740 2276 difficilior
765 2223 1001 2291 casteris,
1035 2226 1197 2295 quasi
1224 2224 1298 2279 ad
1323 2225 1569 2281 formam
1599 2243 1799 2299 corpo-

164 2311 242 2366 ris
269 2313 514 2369 humani
540 2315 597 2369 in
625 2315 806 2387 capite
836 2317 958 2389 ipso
989 2320 1047 2372 et
1075 2318 1131 2372 in
1163 2318 1402 2374 statione
1431 2319 1711 2391 capacior,
1743 2321 1800 2376 in

162 2406 428 2462 faucibus
465 2409 784 2481 angustior,
813 2428 928 2483 qua
968 2417 1217 2467 meatum
1260 2413 1438 2468 maris
1470 2419 1527 2469 et
1564 2416 1799 2470 navium

162 2501 422 2573 suscipit,
472 2502 682 2575 quibus
724 2505 986 2577 quaedam
1024 2506 1276 2578 spirandi
1320 2507 1572 2563 subsidia
1612 2510 1799 2580 portui

160 2596 680 2653 subministrantur
710 2616 723 2654 :
758 2600 853 2655 ubi
886 2589 1016 2672 qtiis
1041 2602 1333 2673 angustias
1356 2607 1523 2675 atque
1550 2620 1646 2659 ora
1674 2620 1800 2676 por-

161 2698 249 2745 tus
311 2693 590 2761 evaserit,
649 2696 918 2766 tauquam
976 2695 1202 2768 reliqua
1266 2697 1515 2769 corporis
1579 2698 1794 2761 forma,

157 2783 237 2839 ita
264 2783 496 2840 diffusio
528 2787 701 2842 maris
729 2787 904 2860 longe
931 2788 1157 2861 lateque
1187 2789 1552 2846 distenditur.
1577 2793 1637 2847 In
1666 2792 1798 2847 dex-

157 2884 242 2933 tra
285 2895 425 2935 vero
462 2883 668 2952 portus
710 2881 894 2937 insula
941 2888 1023 2939 est
1068 2883 1275 2952 brevis,
1317 2889 1374 2939 et
1420 2885 1477 2939 in
1519 2901 1583 2941 ea
1625 2887 1796 2942 turris

154 2973 433 3041 maxime,
456 2991 629 3047 quam
650 2975 897 3031 Pharum
919 2977 978 3032 in
1005 2994 1308 3034 commune
1329 2979 1509 3035 Grazci
1528 2996 1592 3035 ac
1609 2980 1795 3036 Latini

152 3084 217 3122 ex
246 3067 436 3139 ipsius
463 3069 543 3124 rei
583 3086 687 3125 usu
726 3071 1175 3142 appellaverunt,
1206 3089 1272 3127 eo
1308 3073 1460 3145 quod
1502 3074 1670 3147 longe
1710 3076 1790 3129 vi-

1907 1944 2200 2015 gerebant,
2229 1944 2378 2000 circa
2403 1962 2570 2000 suum
2597 1946 2904 2017 imperium
2939 1948 3416 2019 conspirantibus,
3445 1964 3533 2003 se-

1904 2054 2075 2093 curus
2113 2038 2404 2109 absentiae,
2433 2040 2676 2095 reditum
2715 2040 2776 2095 in
2814 2040 3033 2112 Syriam
3072 2044 3320 2097 maturat
3350 2059 3363 2097 :
3397 2058 3533 2098 con-

1905 2136 2073 2187 vento
2114 2132 2396 2188 mandatis
2430 2138 2624 2190 tamen
2654 2133 2878 2189 Tiberio
2914 2134 3237 2208 Alexandro
3266 2135 3366 2207 qui
3403 2141 3535 2191 tunc

1904 2228 2145 2298 Egypto
2186 2226 2543 2298 praesidebat,
2580 2230 2646 2281 ut
2685 2227 2808 2298 ejus
2845 2227 3127 2283 exercitus
3164 2229 3267 2302 qui
3308 2234 3429 2283 tum
3473 2230 3534 2283 in

1902 2320 2290 2391 superioribus
2314 2321 2568 2392 partibus
2589 2323 2729 2388 erat,
2759 2320 2999 2392 gratiam
3027 2321 3133 2376 sibi
3160 2322 3528 2390 consociaret,

1901 2414 2025 2485 ipse
2061 2430 2290 2486 quoque
2324 2414 2725 2469 necessitatem
2756 2414 2984 2486 imperii
3025 2416 3291 2483 Romani,
3324 2416 3531 2487 quibus

1899 2512 2091 2580 posset
2115 2507 2409 2579 adjuvaret
2433 2507 2663 2562 viribus.
2697 2509 2832 2572 Quae
2873 2508 2982 2562 sibi
3012 2508 3282 2579 imposita
3318 2509 3527 2577 forent,

1897 2600 2153 2656 Tiberius
2186 2618 2288 2673 per
2331 2602 2629 2672 epistolam
2673 2600 3119 2671 provincialibus
3155 2606 3214 2656 et
3255 2601 3528 2657 militibus

1897 2695 2223 2760 insinuavit,
2263 2694 2434 2766 idque
2472 2694 2542 2749 ab
2582 2694 2848 2749 omnibus
2884 2711 3017 2749 cum
3059 2695 3256 2750 laetitia
3298 2711 3524 2767 suscep-

1885 2775 2040 2857 tum,
2091 2788 2232 2843 fides
2276 2787 2570 2860 promissa,
2625 2787 2837 2843 eﬂ‘usus
2888 2789 3065 2843 favor.
3119 2790 3521 2861 Vespasianum

1896 2884 2149 2937 Cassarea
2195 2882 2428 2954 suscipit
2467 2899 2480 2935 ε
2527 2882 2661 2936 inde
2708 2881 2945 2949 Beritos,
2992 2882 3381 2955 legationibus
3425 2899 3522 2937 ur-

1897 2976 2055 3031 bium
2083 2992 2211 3031 cum
2241 2992 2463 3031 summo
2492 2976 2700 3047 gaudio
2730 2975 3172 3031 conﬂuentibus.
3206 2976 3322 3032 illic
3350 2976 3522 3032 etiam

1892 3070 2169 3141 Josephus
2193 3070 2331 3124 solvi
2357 3075 2672 3141 prasceptus
2699 3069 2934 3124 vinculis
2953 3069 3116 3140 jussu
3142 3069 3521 3141 imperatoris,

150 3162 367 3217 deatur
404 3179 439 3218 a
478 3163 898 3235 navigantibus,
939 3171 1004 3220 ut
1043 3166 1202 3238 prius
1245 3182 1422 3239 quam
1462 3168 1521 3222 in
1562 3173 1794 3240 portum
1814 3194 1869 3268 Ο
1894 3164 2111 3236 adjuvit
2134 3164 2291 3219 Titus
2317 3166 2379 3218 ut
2401 3163 2805 3235 frangerentur
2830 3163 3018 3234 potius
3044 3179 3214 3235 quam
3244 3162 3527 3219 solveren-

147 3257 643 3329 appropinquent,
672 3264 953 3314 nocturno
989 3260 1236 3316 maxime
1267 3263 1546 3333 tempore,
1580 3265 1794 3319 terram
1823 3256 1869 3268 ν
1893 3263 1990 3313 tur
2030 3260 2264 3313 catenae.
2304 3256 2466 3322 Quod
2500 3256 2547 3311 si
2583 3256 3008 3328 frangerentur,
3046 3256 3121 3311 ita
3166 3260 3318 3312 esset
3363 3258 3523 3330 quasi

147 3350 467 3418 ﬁnitimam
497 3351 603 3406 sibi
644 3368 764 3408 esse
792 3354 1154 3409 ﬂammarum
1184 3354 1448 3411 incendio
1476 3356 1552 3427 (5)
1579 3373 1789 3429 cogno-

144 3452 323 3501 scant
357 3462 371 3499 :
417 3462 488 3502 ne
533 3445 757 3519 decepti
800 3448 1071 3516 tenebris,
1116 3449 1175 3503 in
1217 3450 1476 3521 scopulos
1516 3451 1789 3520 incidant,

145 3543 252 3595 aut
282 3539 555 3595 vestibuli
590 3541 839 3597 limitem
878 3558 993 3598 non
1032 3545 1244 3615 queant
1284 3544 1785 3615 comprehendere.

142 3633 302 3688 Sunt
326 3634 517 3705 itaque
544 3633 659 3690 illic
686 3635 951 3703 ministri,
979 3652 1082 3707 per
1105 3652 1249 3708 quos
1278 3636 1547 3708 subjectis
1573 3637 1789 3693 facibus

140 3727 489 3799 ueterisque
516 3728 807 3800 lignorum
838 3729 1109 3798 struibus,
1150 3730 1409 3787 adoletur
1442 3731 1595 3803 ignis
1629 3734 1786 3804 quasi

138 3827 322 3877 terra
360 3822 738 3894 praenuntius,
781 3828 839 3879 et
871 3824 1037 3880 index
1073 3824 1326 3880 faucium
1364 3826 1784 3897 portuensium,

135 3915 550 3971 demonstrans
575 3917 933 3994 ingrediendi
957 3918 1265 3990 angustias,
1295 3919 1581 3975 undarum
1607 3920 1784 3988 sinus,

134 4010 416 4065 vestibuli
462 4011 773 4080 anfractus,
826 4029 899 4067 ne
954 4013 1305 4084 perstringat
1352 4013 1539 4068 tenuis
1590 4014 1786 4069 carina

130 4110 362 4172 cautes,
395 4110 453 4160 et
498 4105 556 4159 in
598 4105 723 4177 ipso
770 4105 1031 4177 ingressu
1080 4105 1328 4161 offendat
1368 4105 1517 4162 inter
1559 4110 1786 4179 opertos

128 4198 416 4255 ﬂuctibus
451 4199 733 4270 scopulos.
766 4201 961 4271 itaque
1002 4200 1279 4255 directum
1321 4217 1547 4255 cursum
1588 4202 1780 4273 paula-

127 4293 243 4348 tim
278 4292 496 4348 inﬂecti
529 4296 775 4365 oportet,
807 4310 879 4349 ne
908 4293 1066 4349 caesis
1090 4293 1230 4348 illisa
1259 4294 1406 4349 saxis
1426 4294 1506 4349 ibi
1535 4294 1785 4350 incurrat

128 4386 309 4441 navis
352 4386 700 4458 periculum,
742 4387 839 4442 ubi
884 4392 1148 4460 speratur
1192 4387 1470 4459 effugium
1508 4388 1782 4461 periculo-

128 4496 297 4536 rum.
328 4481 639 4553 Angustior
664 4480 818 4536 enim
849 4481 1037 4537 aditus
1063 4481 1123 4536 in
1156 4486 1410 4553 portum,
1438 4482 1571 4555 quia
1599 4499 1632 4537 a
1658 4483 1783 4539 dex-

1892 3368 2010 3407 non
2047 3351 2244 3406 fuisset
2284 3351 2506 3422 ligatus.
2552 3350 2771 3406 Placuit
2815 3350 2965 3421 patri
3005 3351 3246 3406 securim
3291 3350 3519 3421 deferri,

1886 3446 2059 3517 jussit
2102 3445 2295 3517 frangi
2344 3451 2609 3514 catenas,
2665 3449 2726 3498 ut
2774 3444 3136 3500 adverterent
3185 3445 3365 3500 .ludaai
3417 3446 3521 3500 sibi

1893 3556 2116 3611 quoque
2156 3539 2382 3593 veniam
2430 3554 2546 3593 non
2587 3537 2935 3609 negaudam,
2974 3538 3021 3593 si
3058 3542 3522 3594 converterentur

1891 3639 1947 3688 et
1972 3649 2171 3705 pacem
2197 3636 2466 3705 rogarent
2497 3647 2511 3685 ι
2544 3631 2717 3685 simul
2746 3632 2881 3702 quia
2914 3647 3030 3687 non
3057 3631 3241 3687 alieno
3267 3648 3402 3687 eum
3434 3648 3518 3685 ar-

1889 3726 2060 3781 bitrio
2095 3726 2216 3797 jam
2259 3724 2603 3791 reservabat,
2647 3740 2777 3779 cum
2816 3724 2888 3778 ad
2926 3741 2983 3780 se
3023 3741 3218 3779 rerum
3260 3724 3518 3780 omnium

1889 3820 2076 3875 delata
2107 3819 2338 3875 arbitria
2366 3818 2571 3874 forent.

2486 3913 2708 3968 CAPUT
2744 3913 2915 3968 XXIX.

1962 4010 2203 4063 Ventum
2246 4006 2605 4063 Antiochiam
2650 4024 2662 4061 :
2705 4005 2781 4061 ibi
2820 4010 3061 4061 tractatu
3104 4006 3318 4076 habito,
3362 4008 3515 4063 unde

1885 4105 2180 4175 oporteret
2228 4101 2297 4157 ad
2340 4100 2553 4156 Italiam
2604 4100 2990 4156 transmittere
3039 4117 3052 4154 :
3103 4101 3237 4172 quia
3282 4103 3407 4156 tuta
3454 4102 3511 4155 iu

1885 4199 2125 4269 Egypto
2155 4196 2238 4250 vel
2265 4194 2607 4250 Alexandria
2637 4194 2830 4249 omnia
2856 4194 3329 4250 consideravcrat.
3363 4195 3513 4251 Con-

1885 4291 2098 4347 sultum
2141 4288 2442 4345 celeritati.
2488 4288 2737 4344 Dimittit
2782 4288 2978 4361 itaque
3025 4288 3335 4345 Mittianum
3383 4306 3514 4345 cum

1883 4387 2043 4456 parte
2072 4383 2255 4439 multa
2281 4383 2537 4455 equitum
2564 4386 2623 4438 et
2646 4382 2928 4438 exercitus
2951 4382 3254 4454 pedestris,
3286 4386 3349 4437 ut
3373 4400 3516 4456 prse-

1883 4478 2102 4534 veniret
2127 4478 2183 4533 in
2208 4478 2427 4534 Italiam
2456 4476 2767 4532 adventum
2793 4476 3175 4548 imperatoris.
3200 4476 3248 4530 ls
3273 4477 3512 4547 prolixae

127 4580 261 4629 tera
306 4578 473 4647 parte
508 4576 686 4631 latere
724 4579 995 4643 arctatur,
1022 4593 1055 4630 a
1084 4576 1223 4631 laeva
1272 4576 1527 4648 rupibus,
1577 4577 1782 4648 quibus
1802 4566 1861 4639 D
1887 4572 2262 4645 navigationis
2290 4575 2584 4625 revocatus
2607 4569 2937 4639 formidine,
2971 4586 3074 4640 per
3100 4569 3512 4641 Cappadociam

127 4669 508 4724 obstructum
537 4674 624 4724 est
652 4669 950 4724 sinistrum
990 4670 1139 4725 latus
1178 4673 1392 4742 portus.
1433 4670 1592 4726 Circa
1627 4671 1781 4726 insu-

122 4765 253 4818 lam
286 4778 525 4835 quoque
557 4763 848 4821 instructte
877 4764 1130 4836 ingentis
1157 4764 1576 4837 magnitudinis
1604 4764 1783 4820 moles

122 4857 519 4928 dejiciuntur,
548 4873 620 4912 ne
658 4857 886 4913 assiduo
930 4859 1278 4930 assurgentis
1323 4859 1545 4930 impetu
1588 4858 1781 4929 maris,

116 4951 360 5006 cadant
395 4951 776 5007 fundamenta
807 4952 1025 5020 insulm,
1066 4957 1236 5024 atque
1261 4952 1315 5006 vi
1348 4952 1528 5007 nimia
1555 4951 1782 5007 solvan-

120 5050 251 5100 tur.
288 5045 453 5101 Unde
480 5046 566 5114 fit,
600 5048 663 5100 ut
691 5045 1041 5101 illidentibus
1066 5062 1190 5101 sese
1227 5046 1285 5101 in
1325 5052 1549 5118 partem
1580 5046 1783 5101 insulae

116 5138 433 5209 ﬂuctibus,
457 5146 516 5194 et
545 5140 906 5195 currentibus
931 5140 989 5194 in
1016 5140 1317 5196 adversum
1347 5140 1497 5196 inter
1517 5156 1783 5211 scrupeas

116 5250 339 5307 rupes,
390 5234 691 5306 molesque
738 5236 1118 5303 constructas,
1164 5234 1373 5289 canalis
1418 5234 1511 5289 ille
1560 5233 1781 5289 medius

112 5344 375 5399 semper
431 5327 504 5383 sit
557 5328 873 5400 inquietus,
931 5331 1103 5401 atque
1158 5333 1487 5400 exasperato
1540 5326 1782 5382 transitu

114 5421 497 5495 periculosus
540 5422 638 5477 ﬁat
674 5422 916 5493 navigiis
952 5422 1205 5478 incessus
1239 5439 1251 5477 :
1292 5422 1610 5495 amplitudo
1647 5437 1778 5493 por-

113 5524 221 5573 tus
264 5516 590 5572 stadiorum
633 5533 759 5587 xxx,
802 5516 971 5573 statio
1008 5519 1152 5584 tuta,
1197 5516 1489 5589 placiditas
1535 5516 1784 5571 maxima

111 5610 412 5684 quamvis
439 5614 773 5683 tempestate
806 5627 819 5666 :
850 5612 983 5684 quia
1018 5611 1315 5668 memorati
1355 5610 1468 5666 oris
1503 5610 1784 5683 angustiis

108 5715 327 5778 atque
362 5704 585 5775 objectu
621 5705 822 5761 insulae
862 5705 1084 5777 repellit
1127 5723 1160 5761 a
1190 5723 1249 5761 se
1290 5705 1468 5761 undas
1508 5705 1694 5773 maris,
1730 5709 1784 5760 et

186 5828 265 5889 (3}
310 5792 582 5878 immensa.
622 5827 798 5878 ΒΑΜ.

184 5903 267 5965 τι)
306 5897 735 5964 Elephantorum.
764 5899 845 5950 In.

1885 4671 1942 4722 et
1970 4664 2275 4737 Phrygiam
2304 4664 2413 4719 iter
2442 4662 2667 4718 direxit.
2697 4662 3006 4717 Antonium
3039 4678 3269 4735 quoque
3300 4680 3516 4736 praece-

1885 4760 1968 4833 pit
1993 4758 2327 4831 praefectum
2352 4757 2522 4812 tertio
2549 4756 2741 4812 ordini
2774 4756 3003 4811 militari
3028 4756 3126 4829 qui
3159 4762 3283 4812 erat
3309 4756 3368 4812 in
3397 4758 3513 4830 My-

1885 4855 1987 4922 sia,
2017 4854 2075 4908 in
2107 4853 2451 4923 imperatam
2479 4867 2541 4905 se
2569 4850 2788 4906 Italiam
2816 4849 3130 4919 effundere,
3158 4850 3313 4923 prius
3339 4867 3511 4922 quam

1887 4946 2165 5004 Vitelliani
2202 4962 2325 5001 sese
2357 4947 2674 5001 moverent.
2715 4946 2855 5001 Nam
2900 4944 3153 5001 Vitellius
3194 4945 3353 5017 quasi
3398 4962 3517 5000 cra-

1884 5042 2114 5115 pulatus
2145 5049 2198 5095 et
2227 5055 2429 5095 somno
2459 5038 2771 5109 demersus,
2798 5038 3037 5095 convivii
3068 5053 3185 5093 rem
3215 5038 3337 5111 geri
3364 5039 3507 5094 exis.

1884 5136 2115 5202 timans,
2143 5150 2261 5189 non
2292 5132 2540 5205 imperii,
2568 5133 2627 5187 in
2659 5134 2833 5188 tantis
2861 5132 3077 5205 positus
3107 5131 3348 5202 negotiis
3378 5132 3511 5188 dor~

1884 5229 2117 5286 miebat.
2154 5227 2411 5300 Denique
2440 5227 2529 5282 vix
2557 5227 2792 5283 tandem
2817 5226 3093 5282 excitatus
3119 5225 3322 5282 nuntio
3348 5226 3511 5283 adve-

1882 5322 2094 5380 nientis
2136 5321 2394 5388 Antonii,
2440 5320 2635 5393 dirigit
2679 5320 3007 5378 Cascinnam
3050 5335 3183 5375 cum
3234 5320 3516 5377 exercitus

1882 5421 2067 5491 parte,
2098 5420 2157 5472 et
2183 5414 2420 5489 periculi
2450 5414 2534 5470 sui
2572 5430 2861 5469 summam
2885 5413 3071 5470 alieno
3092 5413 3327 5469 arbitrio
3351 5430 3513 5471 com-

1882 5511 2061 5568 mittit
2078 5511 2256 5567 fretus
2279 5508 2560 5568 Caecinnaa
2580 5508 2812 5576 viribus,
2838 5507 2990 5580 quod
3010 5508 3251 5565 Othonis
3276 5510 3515 5565 manuin

1885 5606 2127 5663 fuderat.
2177 5604 2276 5661 Ille
2322 5603 2469 5659 circa
2515 5600 2717 5658 urbem
2758 5602 3227 5658 Cremonensium
3273 5603 3518 5659 Antonio

1886 5699 2135 5757 occurrit
2188 5697 2518 5753 advenienti
2565 5714 2579 5751 :
2638 5696 2899 5767 explorat
2952 5697 3179 5764 omnia,
3231 5698 3521 5771 cognoscit

1948 5824 2012 5885 (ὅ)
2037 5822 2259 5874 Indicio.
2288 5820 2368 5870 In.

1952 5895 2016 5959 (ϐ)
2039 5891 2384 5959 Fragoribus.
2414 5893 2496 5944 In.
