4032 6194
442 324 451 333 ’
544 252 699 317 223i
2008 246 2061 299 s.
2114 245 2437 301 manus"
3758 250 3856 306 2232

544 371 908 442 praevalidam
956 387 1191 426 manuni
1230 387 1261 425 e
1296 370 1529 425 diversis
1556 370 1626 439 (7)
1656 369 1856 436 atfore,
1887 372 2178 424 strenuam
2202 380 2261 452 Α
2281 369 2459 422 veniae
2494 369 2649 423 locus
2676 372 3017 441 superesset,
3045 370 3142 441 qui
3173 369 3581 440 imperatorem
3613 370 3861 442 proprium

542 464 730 535 bellis,
758 465 1122 520 exercitatam
1153 464 1457 535 triumphis
1488 481 1500 518 :
1526 480 1585 518 se
1610 468 1808 519 contra
1832 479 1936 517 nec
1965 461 2178 516 viribus
2280 462 2735 535 dereliquissent.
2770 465 2835 518 Et
2866 467 3172 534 surgentes
3197 463 3382 535 primo
3419 479 3551 519 cum
3585 462 3760 519 obviis
3781 468 3863 535 qui-

543 561 743 630 iequis,
771 575 875 615 nec
897 575 1144 615 numero
1166 575 1332 631 pares
1358 575 1522 630 posse
1549 558 1856 613 decernere
1881 557 2179 611 adversum
2278 556 2518 628 basque,
2561 556 2766 611 deinde
2808 572 2940 612 cum
2985 558 3250 613 omnibus
3287 558 3549 613 conferre
3589 564 3865 629 coeperunt,

545 654 848 710 validiores
893 670 906 709 :
952 653 1268 708 convocatis
1312 651 1739 707 centurionibus
1783 650 1981 705 suadet
2028 650 2177 705 bello
2281 650 2569 721 quomodo
2609 655 2859 705 erratum
2886 651 3287 716 emendarent;
3321 651 3747 723 evaginatisque
3781 653 3866 723 gla-

548 748 841 815 desistere,
874 747 1028 819 quod
1060 752 1248 801 essent
1275 762 1516 801 numero
1555 744 1874 811 inferiores,
1908 747 1965 797 et
1998 744 2180 815 gloria
2281 743 2408 811 diis,
2444 744 2784 799 insiluerunt
2826 761 3003 816 super
3044 746 3395 814 Cmcinnam,
3437 746 3696 800 volentes
3724 747 3866 801 ultum

545 843 907 914 imperatoris
945 841 1415 913 praeponderaret
1462 856 1475 893 :
1518 840 1650 894 satis
1696 841 1755 893 in
1796 838 1944 893 bello
1992 839 2180 893 valere
2280 837 2361 894 ire
2388 838 2659 908 injuriam
2686 855 2803 893 suae
2838 838 3247 911 prolapsionis;
3272 840 3369 895 sed
3401 840 3871 895 intervenientibus

543 938 754 991 famam
779 936 939 990 ducis
969 952 1087 990 rem
1125 950 1409 989 summam
1439 933 1692 1004 gerentis
1725 949 1738 986 :
1769 933 2176 1003 Vespasianum
2280 932 2709 987 centurionibus
2753 936 2813 988 et
2861 932 3207 999 chiliarchis,
3248 950 3276 986 a
3323 950 3462 988 nece
3504 933 3745 1004 quidem
3787 935 3872 1005 ejus

546 1031 607 1084 in
662 1030 960 1085 Gallicanis
1012 1029 1297 1100 partibus,
1349 1032 1407 1082 et
1462 1027 1883 1082 Britanniarum
1935 1027 2181 1081 victoriis
2281 1028 2713 1098 temperandum
2744 1027 2871 1094 rati,
2898 1027 3108 1082 victum
3139 1026 3251 1098 (ll)
3290 1032 3487 1082 tamen
3516 1027 3741 1082 Vitellio
3773 1027 3870 1082 diri-

552 1124 852 1180 emicuisse
892 1141 904 1177 :
954 1122 1358 1193 Vespasianum
1408 1120 1785 1176 orientalibus
1828 1121 2179 1175 succinctum
2283 1136 2420 1191 gere
2465 1121 2759 1191 parabant.
2813 1121 2935 1185 Quo
2978 1121 3229 1192 cognito,
3273 1121 3552 1177 Antonius
3596 1122 3775 1176 movit
3806 1138 3874 1176 eos

551 1218 794 1286 adoreis,
836 1232 1048 1288 magno
1083 1216 1161 1271 uti
1191 1217 1275 1270 sui
1316 1215 1567 1270 nominis
1598 1214 1933 1286 praajudicio
1966 1232 1977 1269 2
2010 1214 2178 1269 Vitcl-
2281 1231 2425 1286 quos
2468 1230 2660 1269 secum
2700 1215 3036 1282 deduxerat,
3078 1221 3138 1269 ct
3175 1215 3348 1269 armis
3387 1231 3559 1286 super
3602 1214 3876 1270 defectores

552 1311 690 1366 lium
720 1316 917 1365 autem
956 1309 1098 1363 nihil
1134 1309 1284 1364 aliud
1324 1310 1427 1364 nisi
1466 1309 1597 1364 vino
1636 1309 1908 1375 solutum,
1937 1312 1995 1363 et
2030 1309 2182 1363 inter
2281 1309 2479 1374 irruit;
2514 1314 2571 1363 at
2601 1308 2678 1363 illi
2722 1310 2837 1363 viso
2875 1309 3106 1380 agmine
3148 1309 3324 1380 partis
3357 1309 3630 1375 adversas,
3674 1326 3873 1380 parave-

551 1404 801 1461 convivia
843 1404 1108 1475 pridiana
1145 1420 1371 1474 semper
1410 1407 1731 1458 ructantem
1776 1405 1992 1474 epulas,
2036 1402 2178 1457 nihil
2284 1408 2417 1457 runt
2454 1418 2512 1457 se
2548 1402 2620 1456 ad
2664 1402 2957 1473 praelium;
2997 1403 3097 1458 sed
3136 1403 3425 1474 paulisper
3467 1404 3590 1457 ausi
3634 1403 3875 1465 resistere,

551 1498 704 1554 aliud
745 1503 1097 1569 exspectare,
1137 1498 1245 1551 nisi
1287 1502 1347 1551 ut
1384 1514 1511 1552 cum
1550 1496 1727 1552 hostis
1755 1497 2045 1552 adveniret
2083 1498 2176 1567 (8),
2285 1495 2377 1550 ubi
2404 1512 2462 1551 se
2502 1499 2834 1551 convertere
2874 1501 2938 1551 ut
2969 1498 3313 1553 Cremonam
3345 1497 3750 1567 confugerent,
3780 1514 3875 1550 cum

548 1592 739 1648 ebrius
768 1596 967 1663 pereat
997 1592 1118 1646 sine
1148 1608 1317 1646 sensu
1343 1591 1573 1646 doloris.
1606 1592 1685 1645 Ex
1720 1591 1819 1645 illo
1850 1592 2048 1661 augeri
2082 1591 2182 1645 mi-
2284 1588 2569 1660 equitibus
2594 1589 2869 1645 Antonius
2899 1590 3164 1657 occurrit,
3200 1595 3372 1661 atque
3404 1606 3605 1645 omnes
3640 1592 3880 1661 praevenit

546 1687 712 1741 litum
740 1686 966 1741 animos
993 1686 1133 1740 tanti
1162 1686 1344 1757 gloria
1368 1684 1759 1756 imperatoris;
1784 1700 1847 1739 ex
1878 1685 1985 1739 isto
2015 1685 2181 1755 dejici
2206 1755 2237 1757 ξ
2285 1684 2492 1752 aditus,
2539 1699 2609 1738 ne
2660 1684 3058 1754 confugientes
3098 1685 3529 1755 reciperentur,
3576 1684 3879 1754 clausosque

547 1797 652 1850 per
680 1779 985 1851 opprobria
1024 1755 1257 1850 ejus,_et
1288 1755 1667 1849 turpitudines
1702 1795 1713 1832 :
1748 1778 2179 1846 consulendum,
2204 1755 2260 1826 B
2283 1783 2415 1832 ante
2439 1777 2642 1831 urbem
2669 1778 2974 1833 interfecit.
2999 1779 3157 1834 Caesa
3179 1777 3291 1832 illic
3315 1777 3622 1833 multitudo
3649 1779 3881 1835 maxime.

550 1890 624 1928 ne
651 1872 858 1944 prioris
888 1872 1024 1927 belli
1058 1873 1271 1927 famam
1305 1872 1594 1926 omitteret
1626 1871 1699 1941 (9i
1734 1888 1746 1925 :
1780 1872 1910 1926 licet
1946 1872 2186 1926 vicerint
2283 1871 2533 1942 reliquos
2573 1872 2630 1925 in
2680 1871 2861 1943 ipsam
2899 1871 3103 1926 urbem
3146 1877 3475 1942 persecutus
3510 1872 3774 1942 peremit.
3814 1872 3879 1925 Di-

553 1967 832 2022 Othonem
867 1966 1085 2022 Vitellio
1131 1982 1351 2036 parem,
1394 1966 1662 2021 adversus
1702 1982 1832 2020 eum
1868 1982 2022 2020 nunc
2062 1982 2183 2020 esse
2286 1971 2451 2036 repta
2484 1964 2701 2032 omnia,
2741 1946 2972 2037 plurimi
3008 1964 3213 2020 incola>
3251 1966 3460 2037 praedas
3499 1981 3673 2020 causa
3710 1966 3881 2023 necati.

553 2061 872 2132 negotium,
897 2059 996 2131 qui
1017 2064 1201 2115 totum
1224 2060 1423 2115 orbem
1443 2059 1751 2131 triumphis
1772 2060 1885 2113 suis
1908 2059 2179 2114 cinxerit:
2286 2059 2420 2113 dum
2474 2075 2574 2113 sua
2624 2059 2933 2115 vindicant.
2995 2060 3283 2135 Exstincta
3333 2059 3574 2131 triginta
3628 2059 3802 2114 millia
3844 2064 3883 2114 et

551 2153 1014 2226 praeveniendam
1043 2153 1229 2225 gratia
1256 2154 1679 2220 necessitatem,
1706 2157 1768 2207 ut
1792 2153 1969 2207 civem
1998 2155 2184 2225 potius
2286 2153 2515 2207 ducenti
2559 2152 2683 2220 viri,
2723 2153 2822 2225 qui
2856 2153 3095 2209 aderant
3131 2154 3201 2209 de
3242 2155 3487 2209 exercitu
3525 2153 3749 2209 Vitellii.
3796 2154 3882 2209 Pri-

553 2247 956 2319 Vespasianum
1008 2247 1255 2318 eligant,
1304 2263 1476 2319 quam
1532 2247 1750 2301 hostem
1796 2247 2182 2318 experiantur.
2286 2263 2526 2318 musque
2562 2247 2634 2315 (id
2667 2248 2823 2301 enim
2850 2247 3094 2303 Antonio
3118 2253 3569 2320 cognomentum
3599 2248 3739 2317 erat)
3767 2264 3882 2319 qua-

553 2342 821 2396 Miserum
852 2357 973 2397 esse
1006 2341 1154 2396 bello
1186 2341 1331 2395 civili
1376 2340 1623 2407 vincere,
1667 2346 1883 2412 quanto
1928 2340 2185 2395 miserius
2286 2346 2416 2396 tuor
2440 2341 2619 2396 millia
2644 2341 2992 2413 quingentos
3012 2341 3082 2397 de
3103 2342 3355 2413 Mysiacis
3383 2341 3665 2397 militibus
3690 2343 3880 2397 amisit:

552 2434 717 2502 vinci,
776 2440 841 2490 ut
893 2435 1129 2490 videaris
1191 2435 1373 2489 hostis
1429 2434 1689 2489 tuorum!
1744 2434 1951 2489 Victori
2005 2435 2185 2506 patria
2288 2434 2563 2505 quoniam
2619 2435 3015 2506 desperatione
3070 2435 3264 2490 salutis
3315 2435 3509 2491 ulcisci
3555 2452 3615 2489 se
3669 2436 3882 2490 volentes

555 2533 770 2598 manet,
816 2529 964 2584 victo
1008 2527 1154 2600 perit
1186 2546 1199 2583 :
1230 2533 1326 2583 aut
1358 2528 1400 2582 si
1442 2533 1656 2598 manet,
1687 2528 1759 2583 ad
1798 2529 2021 2584 sceleris
2050 2528 2185 2582 invi-
2287 2527 2590 2595 Vitelliani,
2644 2528 2737 2582 ubi
2788 2528 3202 2584 circumventos
3252 2546 3311 2584 se
3365 2529 3583 2596 videre,
3638 2530 3783 2585 haud
3816 2531 3877 2583 in-

553 2624 705 2678 diam
734 2622 1008 2690 manebit,
1040 2629 1099 2678 ut
1131 2622 1424 2678 videamur
1448 2622 1662 2678 civibus
1685 2622 1940 2677 intulisse
1967 2622 2185 2676 bellum
2287 2624 2585 2676 cruentam
2614 2627 2671 2677 et
2695 2622 2829 2693 ipsis
2865 2622 3196 2677 Antonianis
3232 2621 3529 2678 victoriam
3559 2640 3791 2679 cessere.
3814 2625 3880 2677 So-

555 2733 658 2788 pro
697 2721 962 2788 tyranno.
992 2716 1099 2781 Qui
1134 2716 1286 2772 enim
1324 2716 1566 2771 vincitur
1599 2732 1713 2771 non
1743 2716 1860 2787 jam
1899 2716 2054 2783 civis,
2086 2716 2185 2770 sed
2288 2716 2437 2769 lutus
2479 2715 2713 2770 vinculis
2759 2715 3044 2784 Caicinna,
3087 2716 3355 2789 dirigitur
3397 2717 3472 2771 ad
3517 2718 3879 2789 Vespasianum

554 2817 830 2882 tyrannus
860 2815 961 2866 est.
1005 2810 1152 2875 Quid
1193 2810 1547 2865 conserimus
1588 2810 1783 2865 noxias
1817 2810 2060 2865 manus?
2100 2810 2190 2864 Se-
2286 2809 2355 2863 ab
2386 2809 2661 2877 Antonio;
2708 2809 2902 2880 ibique
2942 2826 3057 2865 non
3110 2810 3296 2865 solum
3343 2811 3545 2865 salutis
3592 2812 3881 2874 securitate,

554 2906 673 2960 mel
713 2905 849 2960 satis
886 2904 1083 2959 sceleri
1122 2904 1342 2973 vicisse,
1387 2909 1448 2959 ut
1489 2904 1703 2976 pudeat
1743 2905 1832 2959 cui
1867 2904 2185 2959 vicerimus.
2287 2902 2384 2956 sed
2415 2902 2590 2957 etiam
2630 2903 2997 2974 praamiorum
3026 2904 3304 2960 solutione
3339 2904 3664 2961 consolatus
3688 2912 3766 2961 est
3788 2921 3881 2959 ma-

551 2999 879 3056 Putavimus
904 2999 991 3053 vel
1020 2998 1323 3070 imperium
1356 2998 1466 3067 (I0)
1501 2998 1753 3052 sobrium
1793 2998 1939 3066 fore,
1972 2997 2058 3052 vel
2095 3015 2184 3052 re-
2289 2996 2473 3051 culam
2506 2996 2864 3067 proditionis.

542 3109 686 3148 Tum
727 3093 975 3148 molibus
1010 3092 1505 3164 expergefactum,
1537 3107 1740 3147 somno
1778 3094 2053 3163 perpetuo
2096 3108 2184 3146 re-
2210 3130 2260 3201 (η

684 3187 718 3201 ,ο
873 3186 910 3201 Λ
962 3185 972 3195 ο
997 3186 1013 3201 ιι
1247 3189 1257 3201 ι
1465 3185 1502 3201 υ
1555 3185 1588 3201 ι·
1674 3186 1758 3201 nn
1830 3185 1840 3196 α
1922 3186 1936 3201 ι
2108 3189 2117 3201 ι
2244 3178 2260 3200 Α

555 3187 845 3241 nuntiare.
870 3185 1020 3250 Quid
1037 3189 1429 3257 exspectamus
1450 3185 1702 3240 diutius?
1719 3185 1976 3240 Pericula
1997 3189 2189 3241 nostra
2213 3178 2262 3201 υ

558 3281 782 3351 ingrata
830 3284 962 3334 sunt
1008 3279 1270 3334 omnibus
1321 3278 1806 3333 commilitonibus
1854 3296 1866 3333 :
1926 3280 2189 3334 omnibus
2359 3281 2533 3351 Cujus
2577 3281 2827 3337 victorias
2864 3282 3067 3337 nuntio
3105 3283 3284 3338 elatus
3320 3283 3595 3352 Sabinus,
3616 3287 3809 3359 ovolens
3843 3290 3885 3338 et

560 3372 784 3445 populis
821 3372 1041 3443 judicia
1085 3378 1272 3427 nostra
1316 3373 1659 3444 reprehensa
1704 3380 1763 3428 et
1806 3374 2189 3429 condemnata
2290 3375 2406 3446 ipse
2444 3375 3001 3431 commendationem
3041 3375 3149 3431 sibi
3186 3377 3339 3448 apud
3375 3377 3776 3450 imperatorem
3801 3394 3882 3449 pa-

558 3469 793 3537 propter
835 3465 994 3521 electi
1037 3465 1272 3536 ﬂagitia.
1312 3467 1505 3530 Qualis
1547 3467 1622 3521 sit
1664 3466 2041 3535 considerate,
2089 3467 2188 3539 qui
2290 3484 2436 3535 rare,
2465 3468 2508 3522 si
2543 3469 2883 3540 praeveniret
2921 3469 3321 3525 advenientem
3367 3472 3676 3527 Antonium
3711 3471 3882 3526 Vitellii

561 3559 737 3614 etiam
789 3559 964 3614 victor
1010 3560 1337 3630 repudiatus
1382 3562 1487 3615 est.
1538 3560 1987 3616 Consultandum
2038 3566 2188 3616 certe
2290 3563 2374 3617 vel
2419 3562 2609 3632 exitio,
2656 3563 2743 3617 vel
2790 3563 3123 3635 expulsione
3156 3582 3169 3617 :
3201 3568 3299 3619 aut
3326 3564 3369 3619 si
3416 3566 3704 3621 resisteret
3742 3565 3880 3620 Vitel-

560 3652 715 3727 prius
740 3653 809 3707 de
833 3653 967 3708 belli
992 3656 1220 3721 eventu,
1244 3657 1301 3708 et
1327 3654 1407 3708 sic
1437 3654 1907 3725 prailiandum.Si
1935 3655 2190 3726 pericula
2288 3656 2414 3724 lius,
2455 3657 2845 3728 superveniret
2884 3657 3181 3727 Antonius,
3214 3658 3311 3730 qui
3340 3659 3460 3731 jam
3491 3660 3725 3733 jamque
3763 3658 3877 3714 atin-

558 3747 969 3819 praavenerint,
1015 3748 1224 3802 frustra
1262 3749 1546 3814 consules;
1591 3747 1684 3802 ubi
1727 3748 2024 3803 consilium
2064 3749 2188 3820 pla-
2291 3753 2453 3805 turus
2478 3750 2836 3820 audiebatur,
2870 3757 3181 3825 congregat
3206 3752 3311 3807 sibi
3349 3753 3653 3811 militarem
3684 3769 3878 3809 manum

560 3843 758 3909 cuerit,
799 3846 947 3896 recte
989 3841 1244 3912 incipies.
1293 3841 1454 3906 Quod
1499 3841 1721 3896 solliciti
1778 3842 1939 3896 ducis
1978 3847 2127 3897 esset
2173 3859 2185 3897 :
2291 3860 2359 3898 ex
2389 3845 2481 3898 his
2505 3844 2803 3900 ordinibus
2846 3846 2945 3917 qui
2973 3847 3174 3902 Romae
3210 3848 3375 3919 positi
3411 3849 3689 3905 curabant
3719 3847 3877 3903 munia

560 3935 853 4007 explorata
878 3934 986 3989 sibi
1011 3935 1223 4001 omnia,
1253 3935 1500 4006 patuisse
1528 3935 1848 4007 Vespasiani
1876 3936 2188 3991 exercitum
2289 3938 2634 4009 vigiliarum,
2682 3942 2925 4010 occupat
2965 3945 3131 3996 nocte
3160 3944 3217 3996 et
3242 3941 3585 4013 Capitolium
3625 3960 3637 3999 :
3685 3940 3878 4014 plurimi

560 4046 682 4083 esse
710 4029 1065 4096 validiorem,
1088 4029 1262 4083 ﬁdem
1286 4045 1448 4083 suam
1481 4045 1584 4099 pro
1611 4030 1832 4084 Vitellio
1848 4030 2189 4101 jamdudum
2291 4032 2361 4087 ad
2404 4048 2538 4087 eum
2580 4031 2862 4088 nobilium
2904 4049 3007 4105 per
3043 4034 3195 4090 diem
3231 4035 3574 4107 conﬂuxere,
3601 4037 3744 4092 inter
3764 4050 3881 4108 quos

558 4122 884 4194 probatam,
942 4122 1167 4193 quando
1223 4122 1587 4193 praesumpsit
1639 4123 1707 4177 de
1767 4123 1899 4177 belli
1955 4127 2186 4189 eventu,
2291 4125 2464 4180 etiam
2503 4126 2860 4182 Domitianus
2891 4126 3222 4200 Vespasiani
3266 4146 3545 4201 germano
3584 4131 3776 4195 editus,
3799 4130 3879 4202 qui

558 4215 852 4271 victoriam
874 4218 1126 4270 secutam
1151 4215 1384 4287 quando
1408 4215 1720 4271 diftlditzin
1743 4221 2015 4289 promptu
2043 4233 2185 4287 esse,
2288 4222 2578 4288 metuens,
2624 4236 2697 4274 ne
2741 4219 2801 4274 in
2840 4237 2899 4275 se
2936 4222 3099 4291 quasi
3142 4222 3201 4276 in
3250 4224 3582 4295 Vespasiani
3628 4228 3874 4296 nepotem.

559 4309 699 4381 quid
738 4308 810 4363 sit
848 4307 1127 4363 futurum.
1174 4310 1367 4379 Neque
1409 4325 1540 4363 vero
1587 4315 1837 4364 mortem
1878 4326 2041 4365 suam
2084 4311 2189 4366 sibi
2287 4312 2583 4368 Vitelliana
2646 4313 2784 4367 ultio
2848 4314 3230 4380 derivaretur,
3288 4316 3441 4373 inter
3503 4318 3642 4374 duos
3699 4317 3875 4389 positus

560 4420 684 4458 esse
722 4402 1036 4471 formidini,
1073 4402 1173 4457 sed
1212 4402 1497 4457 exercitus
1536 4403 1780 4458 Romani
1811 4404 2129 4475 periculum
2169 4424 2183 4456 :
2286 4406 2558 4473 Vitellios,
2605 4407 2933 4479 propiorem
2970 4408 3248 4476 adoritur,
3302 4410 3498 4466 minus
3536 4412 3786 4467 sollicitus
3819 4408 3873 4462 de

556 4502 614 4552 et
655 4497 806 4570 quod
854 4498 980 4567 plus
1022 4496 1175 4552 dolet
1222 4497 1376 4564 viris,
1430 4503 1607 4567 partes
1646 4498 1767 4568 jam
1818 4498 2589 4579 dispendiumDremotiore
2638 4502 2787 4572 (plus
2836 4501 2992 4557 enim
3044 4504 3314 4575 propiora
3362 4510 3583 4562 terrent
3624 4503 3868 4579 pericula).

554 4590 761 4657 laudis,
800 4596 861 4644 ut
897 4590 1199 4645 videantur
1237 4590 1386 4660 victi,
1416 4591 1512 4663 qui
1554 4592 1738 4646 solent
1781 4592 2029 4647 vincere.
2072 4593 2189 4649 Sibi
2289 4594 2739 4666 Indignatusque
2784 4595 3042 4652 immittit
3085 4598 3402 4654 Germanos
3444 4600 3506 4655 in
3552 4600 3873 4673 Capitolium.

555 4688 710 4737 certe
752 4684 1081 4750 cavendum,
1125 4700 1196 4738 ne
1228 4684 1544 4754 judicetur;
1589 4688 1646 4740 et
1688 4685 1828 4740 illud
1871 4702 1987 4740 non
2033 4686 2189 4741 forti-
2290 4688 2387 4758 qui
2434 4688 2775 4759 praeferoces
2819 4690 3176 4747 immanitate
3197 4693 3425 4765 'gentis,
3468 4695 3637 4750 simul
3676 4705 3874 4747 numero

553 4777 784 4845 tudinis,
820 4776 918 4832 sed
945 4780 1179 4831 eventus
1209 4776 1401 4844 fuisse,
1438 4778 1595 4849 quod
1624 4778 1828 4833 vicerit
1849 4778 1997 4834 bello
2026 4796 2187 4850 supe-
2288 4781 2625 4849 validiores,
2691 4783 3191 4841 circumvenerunt
3253 4788 3663 4844 rebellatricem
3718 4781 3876 4843 Sabini

552 4872 722 4939 riora,
752 4875 809 4925 et
830 4870 979 4925 istud
1008 4869 1268 4941 ignaviae,
1301 4872 1451 4941 quod
1489 4872 1668 4927 victus
1699 4878 1895 4944 postea
1925 4874 2014 4927 sit.
2289 4880 2570 4932 catervam
2631 4895 2643 4931 :
2703 4877 2989 4934 interfecti
3050 4896 3229 4952 prope
3281 4897 3505 4938 omnes.
3566 4882 3874 4938 Domitianus

1166 4965 1392 5020 CAPUT
1429 4965 1578 5020 XXX.
2289 4972 2476 5025 tamen
2526 4986 2658 5026 cum
2698 4971 2985 5043 plerisque
3032 4974 3333 5043 nobilium,
3374 4976 3514 5031 dum
3546 4974 3790 5033 Germani
3820 4969 3871 5024 ad

621 5058 2184 5131 Hisatqneliujusmodisermonibusabduxitiusenten-
2286 5065 2577 5135 superiora
2617 5066 2875 5136 Capitolii
2924 5067 3217 5136 nituntur,
3258 5072 3315 5123 et
3358 5087 3394 5125 a
3430 5070 3635 5127 Sabino
3678 5070 3870 5139 ejusque

546 5154 683 5208 tiam
705 5170 866 5208 suam
893 5153 1122 5221 milites,
1147 5158 1207 5208 ut
1225 5168 1422 5207 secum
1443 5153 1514 5208 ad
1535 5152 1847 5207 Antonium
1872 5162 2185 5225 pergerent
2286 5158 2452 5211 sociis
2491 5158 2599 5213 loci
2639 5159 2952 5229 pelluntur,
2999 5161 3268 5232 suffragio
3308 5162 3567 5235 fugiendi
3604 5165 3774 5218 locum
3806 5172 3869 5210 m-

544 5247 869 5313 voluntarii,
908 5250 1076 5318 atque
1114 5246 1168 5301 ei
1205 5263 1264 5301 se
1301 5246 1622 5315 traderent;
1671 5246 1768 5301 sed
1811 5253 1872 5301 ut
1910 5264 1969 5300 se
2013 5248 2185 5303 habet
2286 5251 2453 5320 perit,
2500 5258 2597 5307 aut
2638 5252 2809 5318 forte,
2857 5254 2989 5324 quia
3030 5258 3086 5308 et
3132 5256 3251 5326 ipse
3293 5258 3445 5312 malo
3484 5257 3692 5329 publico
3722 5266 3864 5307 mser-

543 5341 699 5413 vulgi
741 5340 993 5397 maxime
1034 5340 1295 5396 militaris
1331 5339 1637 5407 mobilitas,
1681 5342 2013 5411 compuncti
2050 5352 2181 5398 sunt
2286 5345 2526 5399 vabatur
2568 5349 2844 5416 tyrannus
2880 5348 3108 5403 futurus
3150 5365 3163 5402 :
3202 5349 3475 5406 Sabinum
3516 5350 3742 5406 Vitellius
3779 5358 3859 5397 ex-

546 5433 805 5505 plerique
851 5452 956 5505 per
993 5438 1223 5491 noctem
1269 5434 1328 5489 in
1367 5433 1645 5488 cubilibus
1688 5433 1821 5501 suis,
1867 5434 2077 5490 deserti
2122 5443 2182 5493 ut
2283 5438 2593 5494 cruciatum
2620 5444 2804 5506 necat,
2834 5440 3186 5511 diripiuntur
3222 5446 3420 5500 omnia
3454 5459 3670 5501 munera
3701 5438 3857 5493 oblata

546 5525 751 5581 Vitellii
778 5528 1103 5597 pmnitentia
1137 5544 1149 5581 ε
1184 5543 1256 5581 ne
1285 5527 1329 5582 si
1356 5528 1617 5599 superior
1646 5527 1824 5593 ﬁeret,
1857 5528 2046 5583 nullus
2073 5529 2179 5585 sibi
2280 5532 2580 5604 Capitolio,
2606 5535 3002 5606 templumque
3027 5534 3378 5593 incenditur.

2886 3141 3106 3198 CAPUT
3142 3142 3290 3197 XXXI
3302 3184 3313 3196 .

770 5673 995 5748 diverso.
1029 5678 1204 5748 tium.
2343 5684 2443 5743 (10)
2482 5683 2570 5733 Vel
2597 5684 2654 5733 in
2680 5684 2921 5748 imperio.
2954 5685 3033 5735 In.

606 5742 677 5871 δὲ
1019 5744 1120 5859 110s.
2344 5740 2380 5817 (1
2396 5740 2437 5813 ί)
2478 5755 2731 5805 Vinctum.
2751 5740 2844 5804 Ἰο.
