  <div class='ocr_page' id='page_1' title='image "/cluster/home/n/w/nwhite01/storage/ocr_20150623/15/hvd.32044048207278/498.png"; bbox 0 0 4032 6194; ppageno 0'>
   <div class='ocr_carea' id='block_1_1' title="bbox 268 322 400 375">
    <p class='ocr_par' dir='ltr' id='par_1_1' title="bbox 268 322 400 375">
     <span class='ocr_line' id='line_1_1' title="bbox 268 322 400 375; baseline 0.023 -3"><span class='ocrx_word' id='word_1_1' title='bbox 268 322 400 375; x_wconf 79' lang='grc'>2233</span> 
     </span>
    </p>
   </div>
   <div class='ocr_carea' id='block_1_2' title="bbox 861 443 1310 499">
    <p class='ocr_par' dir='ltr' id='par_1_2' title="bbox 861 443 1310 499">
     <span class='ocr_line' id='line_1_2' title="bbox 861 443 1310 499; baseline -0.004 -2"><span class='ocrx_word' id='word_1_2' title='bbox 861 443 1081 499; x_wconf 83' lang='lat' dir='ltr'><strong>CAPUT</strong></span> <span class='ocrx_word' id='word_1_3' title='bbox 1115 443 1310 496; x_wconf 76' lang='lat' dir='ltr'><strong>XXXII.</strong></span> 
     </span>
    </p>
   </div>
   <div class='ocr_carea' id='block_1_3' title="bbox 337 535 1897 604">
    <p class='ocr_par' dir='ltr' id='par_1_3' title="bbox 337 535 1897 604">
     <span class='ocr_line' id='line_1_3' title="bbox 337 535 1897 604; baseline -0.003 -11"><span class='ocrx_word' id='word_1_4' title='bbox 337 541 468 593; x_wconf 86' lang='lat' dir='ltr'><strong>Post</strong></span> <span class='ocrx_word' id='word_1_5' title='bbox 493 537 650 594; x_wconf 87' lang='lat' dir='ltr'><strong>diem</strong></span> <span class='ocrx_word' id='word_1_6' title='bbox 690 536 966 594; x_wconf 77' lang='lat' dir='ltr'><strong>Antonius</strong></span> <span class='ocrx_word' id='word_1_7' title='bbox 1005 535 1196 602; x_wconf 80' lang='lat' dir='ltr'><strong>adest;</strong></span> <span class='ocrx_word' id='word_1_8' title='bbox 1230 553 1260 590; x_wconf 91' lang='lat' dir='ltr'><strong>e</strong></span> <span class='ocrx_word' id='word_1_9' title='bbox 1298 537 1518 591; x_wconf 87' lang='lat' dir='ltr'><strong>diverso</strong></span> <span class='ocrx_word' id='word_1_10' title='bbox 1557 536 1897 604; x_wconf 77' lang='lat' dir='ltr'><strong>occurritur,</strong></span> 
     </span>
    </p>
   </div>
   <div class='ocr_carea' id='block_1_4' title="bbox 204 621 1902 702">
    <p class='ocr_par' dir='ltr' id='par_1_4' title="bbox 204 621 1902 702">
     <span class='ocr_line' id='line_1_4' title="bbox 204 621 1902 702; baseline -0.002 -15"><span class='ocrx_word' id='word_1_11' title='bbox 204 621 217 636; x_wconf 83' lang='grc'><em>’</em></span> <span class='ocrx_word' id='word_1_12' title='bbox 268 633 415 687; x_wconf 89' lang='lat' dir='ltr'><strong>trino</strong></span> <span class='ocrx_word' id='word_1_13' title='bbox 469 632 621 686; x_wconf 90' lang='lat' dir='ltr'><strong>circa</strong></span> <span class='ocrx_word' id='word_1_14' title='bbox 669 631 823 686; x_wconf 87' lang='lat' dir='ltr'><strong>urbis</strong></span> <span class='ocrx_word' id='word_1_15' title='bbox 869 631 1076 686; x_wconf 80' lang='lat' dir='ltr'><strong>mcenia</strong></span> <span class='ocrx_word' id='word_1_16' title='bbox 1125 647 1435 702; x_wconf 91' lang='lat' dir='ltr'><strong>congressu</strong></span> <span class='ocrx_word' id='word_1_17' title='bbox 1478 631 1672 686; x_wconf 88' lang='lat' dir='ltr'><strong>habito</strong></span> <span class='ocrx_word' id='word_1_18' title='bbox 1727 648 1738 684; x_wconf 91' lang='lat'>:</span> <span class='ocrx_word' id='word_1_19' title='bbox 1790 630 1902 684; x_wconf 86' lang='lat' dir='ltr'><strong>fusi</strong></span> 
     </span>
    </p>
   </div>
   <div class='ocr_carea' id='block_1_5' title="bbox 267 724 1898 799">
    <p class='ocr_par' dir='ltr' id='par_1_5' title="bbox 267 724 1898 799">
     <span class='ocr_line' id='line_1_5' title="bbox 267 724 1898 799; baseline -0.002 -18"><span class='ocrx_word' id='word_1_20' title='bbox 267 726 516 799; x_wconf 69' lang='lat' dir='ltr'><strong>caesique</strong></span> <span class='ocrx_word' id='word_1_21' title='bbox 553 742 760 782; x_wconf 91' lang='lat' dir='ltr'><strong>omnes</strong></span> <span class='ocrx_word' id='word_1_22' title='bbox 803 725 1082 782; x_wconf 89' lang='lat' dir='ltr'><strong>Vitelliani</strong></span> <span class='ocrx_word' id='word_1_23' title='bbox 1119 746 1130 780; x_wconf 88' lang='lat'>:</span> <span class='ocrx_word' id='word_1_24' title='bbox 1162 726 1383 781; x_wconf 82' lang='lat' dir='ltr'><strong>interea</strong></span> <span class='ocrx_word' id='word_1_25' title='bbox 1422 725 1674 780; x_wconf 85' lang='lat' dir='ltr'><strong>Vitellius</strong></span> <span class='ocrx_word' id='word_1_26' title='bbox 1705 724 1898 796; x_wconf 85' lang='lat' dir='ltr'><strong>epula-</strong></span> 
     </span>
    </p>
   </div>
   <div class='ocr_carea' id='block_1_6' title="bbox 267 819 1899 891">
    <p class='ocr_par' dir='ltr' id='par_1_6' title="bbox 267 819 1899 891">
     <span class='ocr_line' id='line_1_6' title="bbox 267 819 1899 891; baseline -0.002 -15"><span class='ocrx_word' id='word_1_27' title='bbox 267 821 454 889; x_wconf 88' lang='lat' dir='ltr'><strong>batur,</strong></span> <span class='ocrx_word' id='word_1_28' title='bbox 487 836 556 876; x_wconf 91' lang='lat' dir='ltr'><strong>ne</strong></span> <span class='ocrx_word' id='word_1_29' title='bbox 581 822 874 876; x_wconf 88' lang='lat' dir='ltr'><strong>amitteret</strong></span> <span class='ocrx_word' id='word_1_30' title='bbox 905 821 1216 875; x_wconf 88' lang='lat' dir='ltr'><strong>moriturus</strong></span> <span class='ocrx_word' id='word_1_31' title='bbox 1246 819 1579 891; x_wconf 85' lang='lat' dir='ltr'><strong>prandium,</strong></span> <span class='ocrx_word' id='word_1_32' title='bbox 1611 825 1669 874; x_wconf 93' lang='lat' dir='ltr'><strong>et</strong></span> <span class='ocrx_word' id='word_1_33' title='bbox 1697 819 1899 874; x_wconf 89' lang='lat' dir='ltr'><strong>redun-</strong></span> 
     </span>
    </p>
   </div>
   <div class='ocr_carea' id='block_1_7' title="bbox 270 913 1902 984">
    <p class='ocr_par' dir='ltr' id='par_1_7' title="bbox 270 913 1902 984">
     <span class='ocr_line' id='line_1_7' title="bbox 270 913 1902 984; baseline -0.002 -14"><span class='ocrx_word' id='word_1_34' title='bbox 270 914 627 970; x_wconf 89' lang='lat' dir='ltr'><strong>dautioribus</strong></span> <span class='ocrx_word' id='word_1_35' title='bbox 652 917 731 982; x_wconf 90' lang='lat' dir='ltr'><strong>(ut</strong></span> <span class='ocrx_word' id='word_1_36' title='bbox 756 915 816 969; x_wconf 89' lang='lat' dir='ltr'><strong>in</strong></span> <span class='ocrx_word' id='word_1_37' title='bbox 844 913 1115 970; x_wconf 78' lang='lat' dir='ltr'><strong>extremis</strong></span> <span class='ocrx_word' id='word_1_38' title='bbox 1137 914 1296 984; x_wconf 84' lang='lat' dir='ltr'><strong>solet)</strong></span> <span class='ocrx_word' id='word_1_39' title='bbox 1325 930 1538 969; x_wconf 69' lang='lat' dir='ltr'><strong>mensae</strong></span> <span class='ocrx_word' id='word_1_40' title='bbox 1559 913 1662 967; x_wconf 86' lang='lat' dir='ltr'><strong>sibi</strong></span> <span class='ocrx_word' id='word_1_41' title='bbox 1687 913 1902 967; x_wconf 64' lang='lat' dir='ltr'><strong>ultimae</strong></span> 
     </span>
    </p>
   </div>
   <div class='ocr_carea' id='block_1_8' title="bbox 268 1007 1902 1082">
    <p class='ocr_par' dir='ltr' id='par_1_8' title="bbox 268 1007 1902 1082">
     <span class='ocr_line' id='line_1_8' title="bbox 268 1007 1902 1082; baseline -0.002 -17"><span class='ocrx_word' id='word_1_42' title='bbox 268 1009 508 1082; x_wconf 84' lang='lat' dir='ltr'><strong>dapibus</strong></span> <span class='ocrx_word' id='word_1_43' title='bbox 545 1008 966 1064; x_wconf 88' lang='lat' dir='ltr'><strong>refertiebatur.</strong></span> <span class='ocrx_word' id='word_1_44' title='bbox 997 1008 1289 1063; x_wconf 87' lang='lat' dir='ltr'><strong>Obruebat</strong></span> <span class='ocrx_word' id='word_1_45' title='bbox 1315 1025 1373 1063; x_wconf 90' lang='lat' dir='ltr'><strong>se</strong></span> <span class='ocrx_word' id='word_1_46' title='bbox 1402 1008 1513 1062; x_wconf 90' lang='lat' dir='ltr'><strong>vini</strong></span> <span class='ocrx_word' id='word_1_47' title='bbox 1557 1007 1769 1079; x_wconf 90' lang='lat' dir='ltr'><strong>poculis</strong></span> <span class='ocrx_word' id='word_1_48' title='bbox 1797 1007 1902 1062; x_wconf 87' lang='lat' dir='ltr'><strong>fre-</strong></span> 
     </span>
    </p>
   </div>
   <div class='ocr_carea' id='block_1_9' title="bbox 267 1102 1901 1176">
    <p class='ocr_par' dir='ltr' id='par_1_9' title="bbox 267 1102 1901 1176">
     <span class='ocr_line' id='line_1_9' title="bbox 267 1102 1901 1176; baseline -0.002 -17"><span class='ocrx_word' id='word_1_49' title='bbox 267 1103 684 1176; x_wconf 89' lang='lat' dir='ltr'><strong>quentioribus,</strong></span> <span class='ocrx_word' id='word_1_50' title='bbox 713 1107 778 1157; x_wconf 93' lang='lat' dir='ltr'><strong>ut</strong></span> <span class='ocrx_word' id='word_1_51' title='bbox 803 1119 1037 1157; x_wconf 88' lang='lat' dir='ltr'><strong>sensum</strong></span> <span class='ocrx_word' id='word_1_52' title='bbox 1065 1102 1360 1157; x_wconf 91' lang='lat' dir='ltr'><strong>amitteret</strong></span> <span class='ocrx_word' id='word_1_53' title='bbox 1387 1102 1561 1156; x_wconf 86' lang='lat' dir='ltr'><strong>futuri</strong></span> <span class='ocrx_word' id='word_1_54' title='bbox 1589 1102 1676 1156; x_wconf 88' lang='lat' dir='ltr'><strong>vel</strong></span> <span class='ocrx_word' id='word_1_55' title='bbox 1702 1117 1901 1173; x_wconf 88' lang='lat' dir='ltr'><strong>oppro-</strong></span> 
     </span>
    </p>
   </div>
   <div class='ocr_carea' id='block_1_10' title="bbox 266 1196 1904 1269">
    <p class='ocr_par' dir='ltr' id='par_1_10' title="bbox 266 1196 1904 1269">
     <span class='ocr_line' id='line_1_10' title="bbox 266 1196 1904 1269; baseline -0.002 -17"><span class='ocrx_word' id='word_1_56' title='bbox 266 1198 400 1266; x_wconf 87' lang='lat' dir='ltr'><strong>brii,</strong></span> <span class='ocrx_word' id='word_1_57' title='bbox 433 1197 522 1252; x_wconf 86' lang='lat' dir='ltr'><strong>vel</strong></span> <span class='ocrx_word' id='word_1_58' title='bbox 560 1197 836 1269; x_wconf 83' lang='lat' dir='ltr'><strong>periculi;</strong></span> <span class='ocrx_word' id='word_1_59' title='bbox 881 1196 1102 1267; x_wconf 81' lang='lat' dir='ltr'><strong>rapitur</strong></span> <span class='ocrx_word' id='word_1_60' title='bbox 1143 1213 1173 1250; x_wconf 91' lang='lat' dir='ltr'><strong>e</strong></span> <span class='ocrx_word' id='word_1_61' title='bbox 1213 1196 1489 1264; x_wconf 84' lang='lat' dir='ltr'><strong>convivio,</strong></span> <span class='ocrx_word' id='word_1_62' title='bbox 1520 1196 1767 1251; x_wconf 82' lang='lat' dir='ltr'><strong>trahitur</strong></span> <span class='ocrx_word' id='word_1_63' title='bbox 1801 1212 1904 1268; x_wconf 90' lang='lat' dir='ltr'><strong>per</strong></span> 
     </span>
    </p>
   </div>
   <div class='ocr_carea' id='block_1_11' title="bbox 271 1290 1903 1358">
    <p class='ocr_par' dir='ltr' id='par_1_11' title="bbox 271 1290 1903 1358">
     <span class='ocr_line' id='line_1_11' title="bbox 271 1290 1903 1358; baseline -0.001 -13"><span class='ocrx_word' id='word_1_64' title='bbox 271 1291 730 1357; x_wconf 83' lang='lat' dir='ltr'><strong>multitudinem,</strong></span> <span class='ocrx_word' id='word_1_65' title='bbox 772 1290 1076 1345; x_wconf 88' lang='lat' dir='ltr'><strong>insultatur</strong></span> <span class='ocrx_word' id='word_1_66' title='bbox 1117 1290 1419 1358; x_wconf 91' lang='lat' dir='ltr'><strong>morituro,</strong></span> <span class='ocrx_word' id='word_1_67' title='bbox 1462 1291 1788 1345; x_wconf 88' lang='lat' dir='ltr'><strong>inferuntur</strong></span> <span class='ocrx_word' id='word_1_68' title='bbox 1821 1290 1903 1344; x_wconf 88' lang='lat' dir='ltr'><strong>in-</strong></span> 
     </span>
    </p>
   </div>
   <div class='ocr_carea' id='block_1_12' title="bbox 264 1383 1902 1457">
    <p class='ocr_par' dir='ltr' id='par_1_12' title="bbox 264 1383 1902 1457">
     <span class='ocr_line' id='line_1_12' title="bbox 264 1383 1902 1457; baseline 0.001 -19"><span class='ocrx_word' id='word_1_69' title='bbox 264 1385 454 1456; x_wconf 73' lang='lat' dir='ltr'><strong>jurize,</strong></span> <span class='ocrx_word' id='word_1_70' title='bbox 484 1402 627 1457; x_wconf 90' lang='lat' dir='ltr'><strong>quas</strong></span> <span class='ocrx_word' id='word_1_71' title='bbox 655 1385 848 1439; x_wconf 89' lang='lat' dir='ltr'><strong>ebrius</strong></span> <span class='ocrx_word' id='word_1_72' title='bbox 878 1400 996 1439; x_wconf 89' lang='lat' dir='ltr'><strong>non</strong></span> <span class='ocrx_word' id='word_1_73' title='bbox 1035 1383 1330 1440; x_wconf 84' lang='lat' dir='ltr'><strong>sentiebat.</strong></span> <span class='ocrx_word' id='word_1_74' title='bbox 1362 1386 1421 1438; x_wconf 90' lang='lat' dir='ltr'><strong>ln</strong></span> <span class='ocrx_word' id='word_1_75' title='bbox 1451 1385 1642 1439; x_wconf 91' lang='lat' dir='ltr'><strong>media</strong></span> <span class='ocrx_word' id='word_1_76' title='bbox 1674 1383 1902 1456; x_wconf 89' lang='lat' dir='ltr'><strong>perimi-</strong></span> 
     </span>
    </p>
   </div>
   <div class='ocr_carea' id='block_1_13' title="bbox 269 1477 1904 1550">
    <p class='ocr_par' dir='ltr' id='par_1_13' title="bbox 269 1477 1904 1550">
     <span class='ocr_line' id='line_1_13' title="bbox 269 1477 1904 1550; baseline 0.001 -18"><span class='ocrx_word' id='word_1_77' title='bbox 269 1483 364 1532; x_wconf 88' lang='lat' dir='ltr'><strong>tur</strong></span> <span class='ocrx_word' id='word_1_78' title='bbox 397 1479 561 1546; x_wconf 88' lang='lat' dir='ltr'><strong>urbe,</strong></span> <span class='ocrx_word' id='word_1_79' title='bbox 602 1479 734 1534; x_wconf 91' lang='lat' dir='ltr'><strong>vina</strong></span> <span class='ocrx_word' id='word_1_80' title='bbox 777 1479 947 1534; x_wconf 88' lang='lat' dir='ltr'><strong>simul</strong></span> <span class='ocrx_word' id='word_1_81' title='bbox 987 1484 1043 1533; x_wconf 90' lang='lat' dir='ltr'><strong>et</strong></span> <span class='ocrx_word' id='word_1_82' title='bbox 1080 1477 1422 1550; x_wconf 89' lang='lat' dir='ltr'><strong>sanguinem</strong></span> <span class='ocrx_word' id='word_1_83' title='bbox 1454 1478 1720 1546; x_wconf 83' lang='lat' dir='ltr'><strong>fundens,</strong></span> <span class='ocrx_word' id='word_1_84' title='bbox 1749 1495 1904 1533; x_wconf 90' lang='lat' dir='ltr'><strong>eruc-</strong></span> 
     </span>
    </p>
   </div>
   <div class='ocr_carea' id='block_1_14' title="bbox 270 1572 1902 1645">
    <p class='ocr_par' dir='ltr' id='par_1_14' title="bbox 270 1572 1902 1645">
     <span class='ocr_line' id='line_1_14' title="bbox 270 1572 1902 1645; baseline 0 -19"><span class='ocrx_word' id='word_1_85' title='bbox 270 1580 399 1628; x_wconf 89' lang='lat' dir='ltr'><strong>tans</strong></span> <span class='ocrx_word' id='word_1_86' title='bbox 451 1575 774 1645; x_wconf 86' lang='lat' dir='ltr'><strong>crapulam,</strong></span> <span class='ocrx_word' id='word_1_87' title='bbox 828 1573 928 1645; x_wconf 91' lang='lat' dir='ltr'><strong>qui</strong></span> <span class='ocrx_word' id='word_1_88' title='bbox 980 1574 1027 1627; x_wconf 90' lang='lat' dir='ltr'><strong>si</strong></span> <span class='ocrx_word' id='word_1_89' title='bbox 1082 1572 1294 1626; x_wconf 89' lang='lat' dir='ltr'><strong>diutius</strong></span> <span class='ocrx_word' id='word_1_90' title='bbox 1358 1572 1610 1640; x_wconf 86' lang='lat' dir='ltr'><strong>vixisset,</strong></span> <span class='ocrx_word' id='word_1_91' title='bbox 1662 1573 1902 1628; x_wconf 60' lang='lat' dir='ltr'><strong>luxuriae</strong></span> 
     </span>
    </p>
   </div>
   <div class='ocr_carea' id='block_1_15' title="bbox 269 1667 1902 1740">
    <p class='ocr_par' dir='ltr' id='par_1_15' title="bbox 269 1667 1902 1740">
     <span class='ocr_line' id='line_1_15' title="bbox 269 1667 1902 1740; baseline 0 -19"><span class='ocrx_word' id='word_1_92' title='bbox 269 1668 594 1740; x_wconf 85' lang='lat' dir='ltr'><strong>sumptibus</strong></span> <span class='ocrx_word' id='word_1_93' title='bbox 645 1672 704 1722; x_wconf 87' lang='lat' dir='ltr'><strong>et</strong></span> <span class='ocrx_word' id='word_1_94' title='bbox 752 1667 936 1739; x_wconf 89' lang='lat' dir='ltr'><strong>pretio</strong></span> <span class='ocrx_word' id='word_1_95' title='bbox 990 1683 1318 1722; x_wconf 85' lang='lat' dir='ltr'><strong>mensarum</strong></span> <span class='ocrx_word' id='word_1_96' title='bbox 1369 1667 1611 1722; x_wconf 90' lang='lat' dir='ltr'><strong>Romani</strong></span> <span class='ocrx_word' id='word_1_97' title='bbox 1676 1667 1902 1738; x_wconf 90' lang='lat' dir='ltr'><strong>imperii</strong></span> 
     </span>
    </p>
   </div>
   <div class='ocr_carea' id='block_1_16' title="bbox 271 1760 1901 1833">
    <p class='ocr_par' dir='ltr' id='par_1_16' title="bbox 271 1760 1901 1833">
     <span class='ocr_line' id='line_1_16' title="bbox 271 1760 1901 1833; baseline -0.001 -17"><span class='ocrx_word' id='word_1_98' title='bbox 271 1779 412 1832; x_wconf 89' lang='lat' dir='ltr'><strong>opes</strong></span> <span class='ocrx_word' id='word_1_99' title='bbox 438 1762 820 1833; x_wconf 82' lang='lat' dir='ltr'><strong>abligurisset.</strong></span> <span class='ocrx_word' id='word_1_100' title='bbox 850 1762 1104 1833; x_wconf 84' lang='lat' dir='ltr'><strong>Denique</strong></span> <span class='ocrx_word' id='word_1_101' title='bbox 1146 1766 1274 1816; x_wconf 92' lang='lat' dir='ltr'><strong>octo</strong></span> <span class='ocrx_word' id='word_1_102' title='bbox 1313 1760 1606 1815; x_wconf 89' lang='lat' dir='ltr'><strong>mensibus</strong></span> <span class='ocrx_word' id='word_1_103' title='bbox 1636 1764 1693 1815; x_wconf 91' lang='lat' dir='ltr'><strong>et</strong></span> <span class='ocrx_word' id='word_1_104' title='bbox 1734 1763 1901 1832; x_wconf 88' lang='lat' dir='ltr'><strong>quin-</strong></span> 
     </span>
    </p>
   </div>
   <div class='ocr_carea' id='block_1_17' title="bbox 1302 317 2620 374">
    <p class='ocr_par' dir='ltr' id='par_1_17' title="bbox 1302 317 2620 374">
     <span class='ocr_line' id='line_1_17' title="bbox 1302 317 2620 374; baseline 0.002 -3"><span class='ocrx_word' id='word_1_105' title='bbox 1302 319 1387 373; x_wconf 86' lang='lat' dir='ltr'><strong>DE</strong></span> <span class='ocrx_word' id='word_1_106' title='bbox 1431 317 1700 373; x_wconf 75' lang='lat' dir='ltr'><strong>EXCIDIO</strong></span> <span class='ocrx_word' id='word_1_107' title='bbox 1741 319 1940 374; x_wconf 80' lang='lat' dir='ltr'><strong>URBIS</strong></span> <span class='ocrx_word' id='word_1_108' title='bbox 1979 319 2340 373; x_wconf 83' lang='lat' dir='ltr'><strong>HIEROSOL.</strong></span> <span class='ocrx_word' id='word_1_109' title='bbox 2386 320 2510 374; x_wconf 85' lang='lat' dir='ltr'><strong>LIB.</strong></span> <span class='ocrx_word' id='word_1_110' title='bbox 2561 323 2620 374; x_wconf 72' lang='lat' dir='ltr'><strong>V.</strong></span> 
     </span>
    </p>
   </div>
   <div class='ocr_carea' id='block_1_18' title="bbox 3494 329 3627 382">
    <p class='ocr_par' dir='ltr' id='par_1_18' title="bbox 3494 329 3627 382">
     <span class='ocr_line' id='line_1_18' title="bbox 3494 329 3627 382; baseline 0.008 -3"><span class='ocrx_word' id='word_1_111' title='bbox 3494 329 3627 382; x_wconf 76' lang='grc'><strong>2234</strong></span> 
     </span>
    </p>
   </div>
   <div class='ocr_carea' id='block_1_19' title="bbox 1924 443 3633 526">
    <p class='ocr_par' dir='ltr' id='par_1_19' title="bbox 1924 443 3633 526">
     <span class='ocr_line' id='line_1_19' title="bbox 1924 443 3633 526; baseline 0.004 -29"><span class='ocrx_word' id='word_1_112' title='bbox 1924 443 2232 526; x_wconf 72' lang='lat' dir='ltr'><strong>Afuderat</strong></span> <span class='ocrx_word' id='word_1_113' title='bbox 2269 443 2444 500; x_wconf 90' lang='lat' dir='ltr'><strong>libido</strong></span> <span class='ocrx_word' id='word_1_114' title='bbox 2490 444 2881 516; x_wconf 85' lang='lat' dir='ltr'><strong>ﬂagitiorum:</strong></span> <span class='ocrx_word' id='word_1_115' title='bbox 2925 448 3082 502; x_wconf 89' lang='lat' dir='ltr'><strong>rudis</strong></span> <span class='ocrx_word' id='word_1_116' title='bbox 3125 449 3314 504; x_wconf 88' lang='lat' dir='ltr'><strong>adhuc</strong></span> <span class='ocrx_word' id='word_1_117' title='bbox 3359 449 3527 520; x_wconf 86' lang='lat' dir='ltr'><strong>vitiis,</strong></span> <span class='ocrx_word' id='word_1_118' title='bbox 3575 455 3633 504; x_wconf 89' lang='lat' dir='ltr'><strong>et</strong></span> 
     </span>
    </p>
   </div>
   <div class='ocr_carea' id='block_1_20' title="bbox 2000 537 3630 614">
    <p class='ocr_par' dir='ltr' id='par_1_20' title="bbox 2000 537 3630 614">
     <span class='ocr_line' id='line_1_20' title="bbox 2000 537 3630 614; baseline 0.004 -22"><span class='ocrx_word' id='word_1_119' title='bbox 2000 537 2110 592; x_wconf 85' lang='lat' dir='ltr'><strong>tiro</strong></span> <span class='ocrx_word' id='word_1_120' title='bbox 2141 537 2479 592; x_wconf 90' lang='lat' dir='ltr'><strong>criminibus</strong></span> <span class='ocrx_word' id='word_1_121' title='bbox 2517 542 2580 592; x_wconf 92' lang='lat' dir='ltr'><strong>ut</strong></span> <span class='ocrx_word' id='word_1_122' title='bbox 2621 539 3010 610; x_wconf 87' lang='lat' dir='ltr'><strong>potestatibus.</strong></span> <span class='ocrx_word' id='word_1_123' title='bbox 3043 541 3413 614; x_wconf 84' lang='lat' dir='ltr'><strong>Vespasianus</strong></span> <span class='ocrx_word' id='word_1_124' title='bbox 3441 543 3630 600; x_wconf 87' lang='lat' dir='ltr'><strong>hieme</strong></span> 
     </span>
    </p>
   </div>
   <div class='ocr_carea' id='block_1_21' title="bbox 2002 633 3630 705">
    <p class='ocr_par' dir='ltr' id='par_1_21' title="bbox 2002 633 3630 705">
     <span class='ocr_line' id='line_1_21' title="bbox 2002 633 3630 705; baseline 0.004 -20"><span class='ocrx_word' id='word_1_125' title='bbox 2002 635 2277 698; x_wconf 89' lang='lat' dir='ltr'><strong>retentus,</strong></span> <span class='ocrx_word' id='word_1_126' title='bbox 2327 637 2498 704; x_wconf 90' lang='lat' dir='ltr'><strong>atque</strong></span> <span class='ocrx_word' id='word_1_127' title='bbox 2547 633 2850 690; x_wconf 89' lang='lat' dir='ltr'><strong>intercluso</strong></span> <span class='ocrx_word' id='word_1_128' title='bbox 2900 634 3078 691; x_wconf 88' lang='lat' dir='ltr'><strong>ventis</strong></span> <span class='ocrx_word' id='word_1_129' title='bbox 3122 637 3291 705; x_wconf 88' lang='lat' dir='ltr'><strong>mari,</strong></span> <span class='ocrx_word' id='word_1_130' title='bbox 3338 655 3470 694; x_wconf 91' lang='lat' dir='ltr'><strong>cum</strong></span> <span class='ocrx_word' id='word_1_131' title='bbox 3515 638 3630 693; x_wconf 87' lang='lat' dir='ltr'><strong>lilio</strong></span> 
     </span>
    </p>
   </div>
   <div class='ocr_carea' id='block_1_22' title="bbox 2002 724 3627 804">
    <p class='ocr_par' dir='ltr' id='par_1_22' title="bbox 2002 724 3627 804">
     <span class='ocr_line' id='line_1_22' title="bbox 2002 724 3627 804; baseline 0.006 -26"><span class='ocrx_word' id='word_1_132' title='bbox 2002 724 2399 780; x_wconf 74' lang='lat' dir='ltr'><strong>Alexandriam</strong></span> <span class='ocrx_word' id='word_1_133' title='bbox 2428 725 2599 780; x_wconf 90' lang='lat' dir='ltr'><strong>rediit</strong></span> <span class='ocrx_word' id='word_1_134' title='bbox 2627 744 2638 782; x_wconf 89' lang='lat'>:</span> <span class='ocrx_word' id='word_1_135' title='bbox 2677 726 2789 782; x_wconf 90' lang='lat' dir='ltr'><strong>illic</strong></span> <span class='ocrx_word' id='word_1_136' title='bbox 2821 728 3070 784; x_wconf 82' lang='lat' dir='ltr'><strong>victoriae</strong></span> <span class='ocrx_word' id='word_1_137' title='bbox 3107 731 3310 785; x_wconf 90' lang='lat' dir='ltr'><strong>nuntio</strong></span> <span class='ocrx_word' id='word_1_138' title='bbox 3335 732 3627 804; x_wconf 88' lang='lat' dir='ltr'><strong>plebisque</strong></span> 
     </span>
    </p>
   </div>
   <div class='ocr_carea' id='block_1_23' title="bbox 2004 819 3628 896">
    <p class='ocr_par' dir='ltr' id='par_1_23' title="bbox 2004 819 3628 896">
     <span class='ocr_line' id='line_1_23' title="bbox 2004 819 3628 896; baseline 0.005 -24"><span class='ocrx_word' id='word_1_139' title='bbox 2004 819 2276 873; x_wconf 81' lang='lat' dir='ltr'><strong>Romanae</strong></span> <span class='ocrx_word' id='word_1_140' title='bbox 2342 826 2638 891; x_wconf 90' lang='lat' dir='ltr'><strong>comperto</strong></span> <span class='ocrx_word' id='word_1_141' title='bbox 2697 820 2755 876; x_wconf 90' lang='lat' dir='ltr'><strong>in</strong></span> <span class='ocrx_word' id='word_1_142' title='bbox 2815 839 2872 877; x_wconf 89' lang='lat' dir='ltr'><strong>se</strong></span> <span class='ocrx_word' id='word_1_143' title='bbox 2934 823 3158 894; x_wconf 84' lang='lat' dir='ltr'><strong>favore,</strong></span> <span class='ocrx_word' id='word_1_144' title='bbox 3214 825 3628 896; x_wconf 89' lang='lat' dir='ltr'><strong>protectionem</strong></span> 
     </span>
    </p>
   </div>
   <div class='ocr_carea' id='block_1_24' title="bbox 2004 913 3631 989">
    <p class='ocr_par' dir='ltr' id='par_1_24' title="bbox 2004 913 3631 989">
     <span class='ocr_line' id='line_1_24' title="bbox 2004 913 3631 989; baseline 0.004 -22"><span class='ocrx_word' id='word_1_145' title='bbox 2004 913 2407 968; x_wconf 86' lang='lat' dir='ltr'><strong>maturandam</strong></span> <span class='ocrx_word' id='word_1_146' title='bbox 2435 915 2750 984; x_wconf 88' lang='lat' dir='ltr'><strong>constituit,</strong></span> <span class='ocrx_word' id='word_1_147' title='bbox 2780 932 2852 970; x_wconf 90' lang='lat' dir='ltr'><strong>ne</strong></span> <span class='ocrx_word' id='word_1_148' title='bbox 2882 916 3016 989; x_wconf 92' lang='lat' dir='ltr'><strong>quid</strong></span> <span class='ocrx_word' id='word_1_149' title='bbox 3045 917 3280 974; x_wconf 87' lang='lat' dir='ltr'><strong>absente</strong></span> <span class='ocrx_word' id='word_1_150' title='bbox 3312 935 3372 972; x_wconf 90' lang='lat' dir='ltr'><strong>se</strong></span> <span class='ocrx_word' id='word_1_151' title='bbox 3404 936 3631 974; x_wconf 88' lang='lat' dir='ltr'><strong>novare-</strong></span> 
     </span>
    </p>
   </div>
   <div class='ocr_carea' id='block_1_25' title="bbox 2004 1009 3628 1085">
    <p class='ocr_par' dir='ltr' id='par_1_25' title="bbox 2004 1009 3628 1085">
     <span class='ocr_line' id='line_1_25' title="bbox 2004 1009 3628 1085; baseline 0.004 -24"><span class='ocrx_word' id='word_1_152' title='bbox 2004 1013 2115 1075; x_wconf 90' lang='lat' dir='ltr'><strong>tur,</strong></span> <span class='ocrx_word' id='word_1_153' title='bbox 2152 1023 2254 1062; x_wconf 89' lang='lat' dir='ltr'><strong>nec</strong></span> <span class='ocrx_word' id='word_1_154' title='bbox 2293 1010 2490 1063; x_wconf 88' lang='lat' dir='ltr'><strong>tamen</strong></span> <span class='ocrx_word' id='word_1_155' title='bbox 2531 1009 2854 1065; x_wconf 88' lang='lat' dir='ltr'><strong>incuratum</strong></span> <span class='ocrx_word' id='word_1_156' title='bbox 2886 1011 3099 1067; x_wconf 65' lang='lat' dir='ltr'><strong>Iudaeas</strong></span> <span class='ocrx_word' id='word_1_157' title='bbox 3136 1012 3350 1067; x_wconf 88' lang='lat' dir='ltr'><strong>bellum</strong></span> <span class='ocrx_word' id='word_1_158' title='bbox 3380 1013 3628 1085; x_wconf 87' lang='lat' dir='ltr'><strong>reliquit,</strong></span> 
     </span>
    </p>
   </div>
   <div class='ocr_carea' id='block_1_26' title="bbox 2005 1101 3632 1178">
    <p class='ocr_par' dir='ltr' id='par_1_26' title="bbox 2005 1101 3632 1178">
     <span class='ocr_line' id='line_1_26' title="bbox 2005 1101 3632 1178; baseline 0.004 -21"><span class='ocrx_word' id='word_1_159' title='bbox 2005 1102 2159 1174; x_wconf 89' lang='lat' dir='ltr'><strong>quod</strong></span> <span class='ocrx_word' id='word_1_160' title='bbox 2200 1101 2332 1171; x_wconf 78' lang='lat' dir='ltr'><strong>filio,</strong></span> <span class='ocrx_word' id='word_1_161' title='bbox 2372 1103 2529 1174; x_wconf 89' lang='lat' dir='ltr'><strong>quasi</strong></span> <span class='ocrx_word' id='word_1_162' title='bbox 2571 1105 2820 1159; x_wconf 88' lang='lat' dir='ltr'><strong>consorti</strong></span> <span class='ocrx_word' id='word_1_163' title='bbox 2865 1122 3099 1160; x_wconf 90' lang='lat' dir='ltr'><strong>suorum</strong></span> <span class='ocrx_word' id='word_1_164' title='bbox 3140 1123 3385 1178; x_wconf 90' lang='lat' dir='ltr'><strong>operum</strong></span> <span class='ocrx_word' id='word_1_165' title='bbox 3421 1124 3486 1162; x_wconf 88' lang='lat' dir='ltr'><strong>ac</strong></span> <span class='ocrx_word' id='word_1_166' title='bbox 3513 1124 3632 1163; x_wconf 90' lang='lat' dir='ltr'><strong>suc-</strong></span> 
     </span>
    </p>
   </div>
   <div class='ocr_carea' id='block_1_27' title="bbox 2004 1198 3632 1274">
    <p class='ocr_par' dir='ltr' id='par_1_27' title="bbox 2004 1198 3632 1274">
     <span class='ocr_line' id='line_1_27' title="bbox 2004 1198 3632 1274; baseline 0.003 -23"><span class='ocrx_word' id='word_1_167' title='bbox 2004 1198 2209 1251; x_wconf 90' lang='lat' dir='ltr'><strong>cessori</strong></span> <span class='ocrx_word' id='word_1_168' title='bbox 2238 1198 2715 1254; x_wconf 89' lang='lat' dir='ltr'><strong>committendum</strong></span> <span class='ocrx_word' id='word_1_169' title='bbox 2748 1200 2966 1270; x_wconf 88' lang='lat' dir='ltr'><strong>putavit</strong></span> <span class='ocrx_word' id='word_1_170' title='bbox 2996 1220 3008 1256; x_wconf 88' lang='lat'><strong>:</strong></span> <span class='ocrx_word' id='word_1_171' title='bbox 3042 1207 3105 1256; x_wconf 93' lang='lat' dir='ltr'><strong>ut</strong></span> <span class='ocrx_word' id='word_1_172' title='bbox 3132 1218 3322 1274; x_wconf 87' lang='lat' dir='ltr'><strong>neque</strong></span> <span class='ocrx_word' id='word_1_173' title='bbox 3361 1201 3632 1256; x_wconf 82' lang='lat' dir='ltr'><strong>Romanis</strong></span> 
     </span>
    </p>
   </div>
   <div class='ocr_carea' id='block_1_28' title="bbox 2003 1291 3629 1368">
    <p class='ocr_par' dir='ltr' id='par_1_28' title="bbox 2003 1291 3629 1368">
     <span class='ocr_line' id='line_1_28' title="bbox 2003 1291 3629 1368; baseline 0.002 -23"><span class='ocrx_word' id='word_1_174' title='bbox 2003 1291 2123 1362; x_wconf 91' lang='lat' dir='ltr'><strong>ipse</strong></span> <span class='ocrx_word' id='word_1_175' title='bbox 2177 1292 2425 1360; x_wconf 87' lang='lat' dir='ltr'><strong>deesset,</strong></span> <span class='ocrx_word' id='word_1_176' title='bbox 2482 1309 2671 1364; x_wconf 89' lang='lat' dir='ltr'><strong>neque</strong></span> <span class='ocrx_word' id='word_1_177' title='bbox 2725 1294 2936 1348; x_wconf 85' lang='lat' dir='ltr'><strong>Judaeis</strong></span> <span class='ocrx_word' id='word_1_178' title='bbox 2991 1296 3399 1366; x_wconf 85' lang='lat' dir='ltr'><strong>Vespasianus,</strong></span> <span class='ocrx_word' id='word_1_179' title='bbox 3456 1312 3629 1368; x_wconf 88' lang='lat' dir='ltr'><strong>quem</strong></span> 
     </span>
    </p>
   </div>
   <div class='ocr_carea' id='block_1_29' title="bbox 2005 1385 3631 1461">
    <p class='ocr_par' dir='ltr' id='par_1_29' title="bbox 2005 1385 3631 1461">
     <span class='ocr_line' id='line_1_29' title="bbox 2005 1385 3631 1461; baseline 0.002 -21"><span class='ocrx_word' id='word_1_180' title='bbox 2005 1385 2155 1442; x_wconf 87' lang='lat' dir='ltr'><strong>filius</strong></span> <span class='ocrx_word' id='word_1_181' title='bbox 2191 1391 2649 1458; x_wconf 81' lang='lat' dir='ltr'><strong>repraesentaret.</strong></span> <span class='ocrx_word' id='word_1_182' title='bbox 2684 1388 2992 1443; x_wconf 85' lang='lat' dir='ltr'><strong>Exsecutor</strong></span> <span class='ocrx_word' id='word_1_183' title='bbox 3018 1389 3200 1460; x_wconf 82' lang='lat' dir='ltr'><strong>igitur</strong></span> <span class='ocrx_word' id='word_1_184' title='bbox 3227 1390 3451 1461; x_wconf 88' lang='lat' dir='ltr'><strong>paterni</strong></span> <span class='ocrx_word' id='word_1_185' title='bbox 3491 1391 3631 1444; x_wconf 90' lang='lat' dir='ltr'><strong>elec-</strong></span> 
     </span>
    </p>
   </div>
   <div class='ocr_carea' id='block_1_30' title="bbox 2005 1481 3628 1555">
    <p class='ocr_par' dir='ltr' id='par_1_30' title="bbox 2005 1481 3628 1555">
     <span class='ocr_line' id='line_1_30' title="bbox 2005 1481 3628 1555; baseline 0.002 -21"><span class='ocrx_word' id='word_1_186' title='bbox 2005 1485 2094 1535; x_wconf 89' lang='lat' dir='ltr'><strong>tus</strong></span> <span class='ocrx_word' id='word_1_187' title='bbox 2147 1481 2456 1552; x_wconf 90' lang='lat' dir='ltr'><strong>triumphi,</strong></span> <span class='ocrx_word' id='word_1_188' title='bbox 2505 1498 2634 1536; x_wconf 89' lang='lat' dir='ltr'><strong>cum</strong></span> <span class='ocrx_word' id='word_1_189' title='bbox 2680 1482 2855 1537; x_wconf 87' lang='lat' dir='ltr'><strong>electa</strong></span> <span class='ocrx_word' id='word_1_190' title='bbox 2911 1499 3085 1538; x_wconf 90' lang='lat' dir='ltr'><strong>manu</strong></span> <span class='ocrx_word' id='word_1_191' title='bbox 3140 1483 3408 1555; x_wconf 84' lang='lat' dir='ltr'><strong>dirigitur</strong></span> <span class='ocrx_word' id='word_1_192' title='bbox 3455 1484 3628 1550; x_wconf 85' lang='lat' dir='ltr'><strong>Titus,</strong></span> 
     </span>
    </p>
   </div>
   <div class='ocr_carea' id='block_1_31' title="bbox 2005 1575 3632 1648">
    <p class='ocr_par' dir='ltr' id='par_1_31' title="bbox 2005 1575 3632 1648">
     <span class='ocr_line' id='line_1_31' title="bbox 2005 1575 3632 1648; baseline 0.002 -19"><span class='ocrx_word' id='word_1_193' title='bbox 2005 1575 2178 1647; x_wconf 91' lang='lat' dir='ltr'><strong>pedes</strong></span> <span class='ocrx_word' id='word_1_194' title='bbox 2218 1576 2534 1646; x_wconf 88' lang='lat' dir='ltr'><strong>egreditur,</strong></span> <span class='ocrx_word' id='word_1_195' title='bbox 2568 1575 2881 1647; x_wconf 90' lang='lat' dir='ltr'><strong>Nicopolim</strong></span> <span class='ocrx_word' id='word_1_196' title='bbox 2921 1577 3083 1648; x_wconf 88' lang='lat' dir='ltr'><strong>petit.</strong></span> <span class='ocrx_word' id='word_1_197' title='bbox 3121 1577 3296 1633; x_wconf 82' lang='lat' dir='ltr'><strong>Abest</strong></span> <span class='ocrx_word' id='word_1_198' title='bbox 3332 1595 3398 1632; x_wconf 90' lang='lat' dir='ltr'><strong>ea</strong></span> <span class='ocrx_word' id='word_1_199' title='bbox 3436 1578 3632 1632; x_wconf 88' lang='lat' dir='ltr'><strong>civitas</strong></span> 
     </span>
    </p>
   </div>
   <div class='ocr_carea' id='block_1_32' title="bbox 2004 1669 3634 1742">
    <p class='ocr_par' dir='ltr' id='par_1_32' title="bbox 2004 1669 3634 1742">
     <span class='ocr_line' id='line_1_32' title="bbox 2004 1669 3634 1742; baseline 0.003 -19"><span class='ocrx_word' id='word_1_200' title='bbox 2004 1669 2073 1724; x_wconf 89' lang='lat' dir='ltr'><strong>ab</strong></span> <span class='ocrx_word' id='word_1_201' title='bbox 2112 1671 2452 1725; x_wconf 84' lang='lat' dir='ltr'><strong>Alexandria</strong></span> <span class='ocrx_word' id='word_1_202' title='bbox 2495 1670 2700 1741; x_wconf 84' lang='lat' dir='ltr'><strong>viginti</strong></span> <span class='ocrx_word' id='word_1_203' title='bbox 2739 1675 2981 1742; x_wconf 90' lang='lat' dir='ltr'><strong>quatuor</strong></span> <span class='ocrx_word' id='word_1_204' title='bbox 3018 1672 3210 1728; x_wconf 89' lang='lat' dir='ltr'><strong>stadiis</strong></span> <span class='ocrx_word' id='word_1_205' title='bbox 3239 1689 3252 1728; x_wconf 90' lang='lat'><strong>:</strong></span> <span class='ocrx_word' id='word_1_206' title='bbox 3283 1672 3415 1728; x_wconf 90' lang='lat' dir='ltr'><strong>inde</strong></span> <span class='ocrx_word' id='word_1_207' title='bbox 3444 1671 3634 1728; x_wconf 88' lang='lat' dir='ltr'><strong>militi-</strong></span> 
     </span>
    </p>
   </div>
   <div class='ocr_carea' id='block_1_33' title="bbox 2003 1764 3634 1837">
    <p class='ocr_par' dir='ltr' id='par_1_33' title="bbox 2003 1764 3634 1837">
     <span class='ocr_line' id='line_1_33' title="bbox 2003 1764 3634 1837; baseline 0.001 -19"><span class='ocrx_word' id='word_1_208' title='bbox 2003 1765 2111 1818; x_wconf 91' lang='lat' dir='ltr'><strong>bus</strong></span> <span class='ocrx_word' id='word_1_209' title='bbox 2136 1765 2300 1818; x_wconf 90' lang='lat' dir='ltr'><strong>classi</strong></span> <span class='ocrx_word' id='word_1_210' title='bbox 2326 1764 2553 1819; x_wconf 87' lang='lat' dir='ltr'><strong>navium</strong></span> <span class='ocrx_word' id='word_1_211' title='bbox 2582 1765 2868 1836; x_wconf 87' lang='lat' dir='ltr'><strong>majorum</strong></span> <span class='ocrx_word' id='word_1_212' title='bbox 2901 1765 3200 1837; x_wconf 89' lang='lat' dir='ltr'><strong>impositis,</strong></span> <span class='ocrx_word' id='word_1_213' title='bbox 3230 1766 3351 1820; x_wconf 86' lang='lat' dir='ltr'><strong>Nilo</strong></span> <span class='ocrx_word' id='word_1_214' title='bbox 3381 1765 3634 1821; x_wconf 85' lang='lat' dir='ltr'><strong>decurrit</strong></span> 
     </span>
    </p>
   </div>
   <div class='ocr_carea' id='block_1_34' title="bbox 270 1830 3630 1931">
    <p class='ocr_par' dir='ltr' id='par_1_34' title="bbox 270 1830 3630 1931">
     <span class='ocr_line' id='line_1_34' title="bbox 270 1830 3630 1931; baseline 0.001 -22"><span class='ocrx_word' id='word_1_215' title='bbox 270 1830 383 1928; x_wconf 75' lang='lat' dir='ltr'><strong>que</strong></span> <span class='ocrx_word' id='word_1_216' title='bbox 416 1830 614 1911; x_wconf 79' lang='lat' dir='ltr'><strong>diebus</strong></span> <span class='ocrx_word' id='word_1_217' title='bbox 644 1830 1103 1928; x_wconf 44' lang='lat' dir='ltr'><strong>imperitavit.-Et</strong></span> <span class='ocrx_word' id='word_1_218' title='bbox 1121 1855 1246 1926; x_wconf 91' lang='lat' dir='ltr'><strong>jam</strong></span> <span class='ocrx_word' id='word_1_219' title='bbox 1273 1856 1449 1910; x_wconf 88' lang='lat' dir='ltr'><strong>Roma</strong></span> <span class='ocrx_word' id='word_1_220' title='bbox 1476 1830 1904 1926; x_wconf 42' lang='lat' dir='ltr'><strong>edacitate—ejus</strong></span> <span class='ocrx_word' id='word_1_221' title='bbox 1924 1830 1980 1901; x_wconf 85' lang='lat' dir='ltr'><strong>B</strong></span> <span class='ocrx_word' id='word_1_222' title='bbox 2008 1875 2185 1931; x_wconf 89' lang='lat' dir='ltr'><strong>usque</strong></span> <span class='ocrx_word' id='word_1_223' title='bbox 2214 1858 2284 1913; x_wconf 91' lang='lat' dir='ltr'><strong>ad</strong></span> <span class='ocrx_word' id='word_1_224' title='bbox 2316 1858 2512 1914; x_wconf 81' lang='lat' dir='ltr'><strong>urbem</strong></span> <span class='ocrx_word' id='word_1_225' title='bbox 2547 1830 2726 1914; x_wconf 77' lang='lat' dir='ltr'><strong>Thoni</strong></span> <span class='ocrx_word' id='word_1_226' title='bbox 2755 1860 2885 1928; x_wconf 84' lang='grc'><strong>(14).</strong></span> <span class='ocrx_word' id='word_1_227' title='bbox 2922 1830 3075 1915; x_wconf 75' lang='lat' dir='ltr'><strong>Unde</strong></span> <span class='ocrx_word' id='word_1_228' title='bbox 3112 1830 3448 1931; x_wconf 85' lang='lat' dir='ltr'><strong>progressus</strong></span> <span class='ocrx_word' id='word_1_229' title='bbox 3474 1860 3630 1915; x_wconf 89' lang='lat' dir='ltr'><strong>habi-</strong></span> 
     </span>
    </p>
   </div>
   <div class='ocr_carea' id='block_1_35' title="bbox 269 1949 1904 2019">
    <p class='ocr_par' dir='ltr' id='par_1_35' title="bbox 269 1949 1904 2019">
     <span class='ocr_line' id='line_1_35' title="bbox 269 1949 1904 2019; baseline 0 -15"><span class='ocrx_word' id='word_1_230' title='bbox 269 1951 579 2005; x_wconf 77' lang='lat' dir='ltr'><strong>det&#39;ecerat.</strong></span> <span class='ocrx_word' id='word_1_231' title='bbox 644 1951 957 2006; x_wconf 84' lang='lat' dir='ltr'><strong>Numerata</strong></span> <span class='ocrx_word' id='word_1_232' title='bbox 1019 1954 1152 2005; x_wconf 90' lang='lat' dir='ltr'><strong>sunt</strong></span> <span class='ocrx_word' id='word_1_233' title='bbox 1213 1949 1321 2004; x_wconf 89' lang='lat' dir='ltr'><strong>alia</strong></span> <span class='ocrx_word' id='word_1_234' title='bbox 1386 1965 1664 2005; x_wconf 83' lang='lat' dir='ltr'><strong>caesorum</strong></span> <span class='ocrx_word' id='word_1_235' title='bbox 1729 1965 1904 2019; x_wconf 90' lang='lat' dir='ltr'><strong>supra</strong></span> 
     </span>
    </p>
   </div>
   <div class='ocr_carea' id='block_1_36' title="bbox 268 2044 971 2116">
    <p class='ocr_par' dir='ltr' id='par_1_36' title="bbox 268 2044 971 2116">
     <span class='ocr_line' id='line_1_36' title="bbox 268 2044 971 2116; baseline 0.001 -20"><span class='ocrx_word' id='word_1_236' title='bbox 268 2045 592 2116; x_wconf 86' lang='lat' dir='ltr'><strong>quingenta</strong></span> <span class='ocrx_word' id='word_1_237' title='bbox 623 2044 800 2099; x_wconf 87' lang='lat' dir='ltr'><strong>millia</strong></span> <span class='ocrx_word' id='word_1_238' title='bbox 837 2044 971 2115; x_wconf 73' lang='grc'><strong>(12).</strong></span> 
     </span>
    </p>
   </div>
   <div class='ocr_carea' id='block_1_37' title="bbox 853 2189 1320 2244">
    <p class='ocr_par' dir='ltr' id='par_1_37' title="bbox 853 2189 1320 2244">
     <span class='ocr_line' id='line_1_37' title="bbox 853 2189 1320 2244; baseline 0.002 -3"><span class='ocrx_word' id='word_1_239' title='bbox 853 2189 1068 2244; x_wconf 82' lang='lat' dir='ltr'>CAPUT</span> <span class='ocrx_word' id='word_1_240' title='bbox 1106 2189 1320 2243; x_wconf 82' lang='lat' dir='ltr'><strong>XXXIII.</strong></span> 
     </span>
    </p>
   </div>
   <div class='ocr_carea' id='block_1_38' title="bbox 343 2327 1902 2400">
    <p class='ocr_par' dir='ltr' id='par_1_38' title="bbox 343 2327 1902 2400">
     <span class='ocr_line' id='line_1_38' title="bbox 343 2327 1902 2400; baseline -0.002 -16"><span class='ocrx_word' id='word_1_241' title='bbox 343 2330 616 2400; x_wconf 83' lang='lat' dir='ltr'><strong>Sequenti</strong></span> <span class='ocrx_word' id='word_1_242' title='bbox 659 2333 851 2382; x_wconf 90' lang='lat' dir='ltr'><strong>autem</strong></span> <span class='ocrx_word' id='word_1_243' title='bbox 893 2328 986 2382; x_wconf 90' lang='lat' dir='ltr'><strong>die</strong></span> <span class='ocrx_word' id='word_1_244' title='bbox 1026 2327 1308 2383; x_wconf 85' lang='lat' dir='ltr'><strong>Mutianus</strong></span> <span class='ocrx_word' id='word_1_245' title='bbox 1351 2334 1407 2384; x_wconf 90' lang='lat' dir='ltr'><strong>et</strong></span> <span class='ocrx_word' id='word_1_246' title='bbox 1455 2328 1738 2383; x_wconf 72' lang='lat' dir='ltr'><strong>Antonius</strong></span> <span class='ocrx_word' id='word_1_247' title='bbox 1774 2344 1902 2382; x_wconf 92' lang='lat' dir='ltr'><strong>cum</strong></span> 
     </span>
    </p>
   </div>
   <div class='ocr_carea' id='block_1_39' title="bbox 272 2421 1901 2494">
    <p class='ocr_par' dir='ltr' id='par_1_39' title="bbox 272 2421 1901 2494">
     <span class='ocr_line' id='line_1_39' title="bbox 272 2421 1901 2494; baseline -0.002 -16"><span class='ocrx_word' id='word_1_248' title='bbox 272 2423 523 2478; x_wconf 81' lang='lat' dir='ltr'><strong>exercitu</strong></span> <span class='ocrx_word' id='word_1_249' title='bbox 561 2422 770 2494; x_wconf 87' lang='lat' dir='ltr'><strong>pariter</strong></span> <span class='ocrx_word' id='word_1_250' title='bbox 803 2421 1062 2493; x_wconf 90' lang='lat' dir='ltr'><strong>ingressi,</strong></span> <span class='ocrx_word' id='word_1_251' title='bbox 1099 2422 1183 2475; x_wconf 83' lang='lat' dir='ltr'><strong>vix</strong></span> <span class='ocrx_word' id='word_1_252' title='bbox 1225 2421 1399 2476; x_wconf 84' lang='lat' dir='ltr'><strong>tinem</strong></span> <span class='ocrx_word' id='word_1_253' title='bbox 1437 2421 1674 2476; x_wconf 86' lang='lat' dir='ltr'><strong>necandi</strong></span> <span class='ocrx_word' id='word_1_254' title='bbox 1706 2421 1901 2476; x_wconf 87' lang='lat' dir='ltr'><strong>furen-</strong></span> 
     </span>
    </p>
   </div>
   <div class='ocr_carea' id='block_1_40' title="bbox 275 2516 1905 2587">
    <p class='ocr_par' dir='ltr' id='par_1_40' title="bbox 275 2516 1905 2587">
     <span class='ocr_line' id='line_1_40' title="bbox 275 2516 1905 2587; baseline -0.002 -15"><span class='ocrx_word' id='word_1_255' title='bbox 275 2518 426 2572; x_wconf 87' lang='lat' dir='ltr'><strong>tibus</strong></span> <span class='ocrx_word' id='word_1_256' title='bbox 463 2517 740 2572; x_wconf 89' lang='lat' dir='ltr'><strong>militibus</strong></span> <span class='ocrx_word' id='word_1_257' title='bbox 780 2517 1127 2587; x_wconf 86' lang='lat' dir='ltr'><strong>imposuere,</strong></span> <span class='ocrx_word' id='word_1_258' title='bbox 1170 2533 1236 2570; x_wconf 89' lang='lat' dir='ltr'><strong>eo</strong></span> <span class='ocrx_word' id='word_1_259' title='bbox 1273 2516 1424 2586; x_wconf 88' lang='lat' dir='ltr'><strong>quod</strong></span> <span class='ocrx_word' id='word_1_260' title='bbox 1467 2520 1905 2587; x_wconf 68' lang='lat' dir='ltr'><strong>praesumptores</strong></span> 
     </span>
    </p>
   </div>
   <div class='ocr_carea' id='block_1_41' title="bbox 272 2609 1901 2682">
    <p class='ocr_par' dir='ltr' id='par_1_41' title="bbox 272 2609 1901 2682">
     <span class='ocr_line' id='line_1_41' title="bbox 272 2609 1901 2682; baseline -0.002 -15"><span class='ocrx_word' id='word_1_261' title='bbox 272 2611 659 2667; x_wconf 89' lang='lat' dir='ltr'><strong>constituendi</strong></span> <span class='ocrx_word' id='word_1_262' title='bbox 716 2610 947 2682; x_wconf 91' lang='lat' dir='ltr'><strong>imperii</strong></span> <span class='ocrx_word' id='word_1_263' title='bbox 1000 2609 1320 2665; x_wconf 86' lang='lat' dir='ltr'><strong>Vitellianos</strong></span> <span class='ocrx_word' id='word_1_264' title='bbox 1381 2609 1901 2681; x_wconf 87' lang='lat' dir='ltr'><strong>persequebantur,</strong></span> 
     </span>
    </p>
   </div>
   <div class='ocr_carea' id='block_1_42' title="bbox 270 2703 1905 2784">
    <p class='ocr_par' dir='ltr' id='par_1_42' title="bbox 270 2703 1905 2784">
     <span class='ocr_line' id='line_1_42' title="bbox 270 2703 1905 2784; baseline -0.002 -23"><span class='ocrx_word' id='word_1_265' title='bbox 270 2712 329 2762; x_wconf 90' lang='lat' dir='ltr'><strong>et</strong></span> <span class='ocrx_word' id='word_1_266' title='bbox 380 2706 762 2778; x_wconf 85' lang='lat' dir='ltr'><strong>explorabant</strong></span> <span class='ocrx_word' id='word_1_267' title='bbox 816 2705 1167 2776; x_wconf 87' lang='lat' dir='ltr'><strong>privatorum</strong></span> <span class='ocrx_word' id='word_1_268' title='bbox 1222 2705 1453 2771; x_wconf 90' lang='lat' dir='ltr'><strong>domos,</strong></span> <span class='ocrx_word' id='word_1_269' title='bbox 1504 2707 1661 2758; x_wconf 89' lang='lat' dir='ltr'><strong>tanta</strong></span> <span class='ocrx_word' id='word_1_270' title='bbox 1705 2703 1905 2784; x_wconf 86' lang='lat' dir='ltr'><strong>perciti</strong></span> 
     </span>
    </p>
   </div>
   <div class='ocr_carea' id='block_1_43' title="bbox 270 2797 1900 2872">
    <p class='ocr_par' dir='ltr' id='par_1_43' title="bbox 270 2797 1900 2872">
     <span class='ocr_line' id='line_1_43' title="bbox 270 2797 1900 2872; baseline -0.003 -17"><span class='ocrx_word' id='word_1_271' title='bbox 270 2800 686 2872; x_wconf 88' lang='lat' dir='ltr'><strong>indignatione,</strong></span> <span class='ocrx_word' id='word_1_272' title='bbox 723 2802 789 2854; x_wconf 91' lang='lat' dir='ltr'><strong>ut</strong></span> <span class='ocrx_word' id='word_1_273' title='bbox 826 2816 957 2854; x_wconf 91' lang='lat' dir='ltr'><strong>cum</strong></span> <span class='ocrx_word' id='word_1_274' title='bbox 997 2799 1066 2854; x_wconf 88' lang='lat' dir='ltr'><strong>de</strong></span> <span class='ocrx_word' id='word_1_275' title='bbox 1106 2799 1316 2870; x_wconf 87' lang='lat' dir='ltr'><strong>populo</strong></span> <span class='ocrx_word' id='word_1_276' title='bbox 1355 2797 1576 2869; x_wconf 90' lang='lat' dir='ltr'><strong>aliquos</strong></span> <span class='ocrx_word' id='word_1_277' title='bbox 1619 2801 1775 2852; x_wconf 90' lang='lat' dir='ltr'><strong>metu</strong></span> <span class='ocrx_word' id='word_1_278' title='bbox 1823 2799 1900 2850; x_wconf 88' lang='lat' dir='ltr'><strong>la-</strong></span> 
     </span>
    </p>
   </div>
   <div class='ocr_carea' id='block_1_44' title="bbox 270 2891 1904 2965">
    <p class='ocr_par' dir='ltr' id='par_1_44' title="bbox 270 2891 1904 2965">
     <span class='ocr_line' id='line_1_44' title="bbox 270 2891 1904 2965; baseline -0.002 -16"><span class='ocrx_word' id='word_1_279' title='bbox 270 2900 459 2950; x_wconf 87' lang='lat' dir='ltr'><strong>tentes</strong></span> <span class='ocrx_word' id='word_1_280' title='bbox 505 2894 956 2965; x_wconf 89' lang='lat' dir='ltr'><strong>investigassent,</strong></span> <span class='ocrx_word' id='word_1_281' title='bbox 996 2893 1153 2964; x_wconf 88' lang='lat' dir='ltr'><strong>prius</strong></span> <span class='ocrx_word' id='word_1_282' title='bbox 1194 2892 1356 2964; x_wconf 89' lang='lat' dir='ltr'><strong>quasi</strong></span> <span class='ocrx_word' id='word_1_283' title='bbox 1398 2891 1733 2946; x_wconf 90' lang='lat' dir='ltr'><strong>Vitellianos</strong></span> <span class='ocrx_word' id='word_1_284' title='bbox 1778 2891 1904 2945; x_wconf 86' lang='lat' dir='ltr'><strong>feri-</strong></span> 
     </span>
    </p>
   </div>
   <div class='ocr_carea' id='block_1_45' title="bbox 271 2986 1907 3060">
    <p class='ocr_par' dir='ltr' id='par_1_45' title="bbox 271 2986 1907 3060">
     <span class='ocr_line' id='line_1_45' title="bbox 271 2986 1907 3060; baseline -0.003 -16"><span class='ocrx_word' id='word_1_285' title='bbox 271 2992 428 3059; x_wconf 88' lang='lat' dir='ltr'><strong>rent,</strong></span> <span class='ocrx_word' id='word_1_286' title='bbox 483 3004 658 3060; x_wconf 89' lang='lat' dir='ltr'><strong>quam</strong></span> <span class='ocrx_word' id='word_1_287' title='bbox 712 2987 964 3059; x_wconf 88' lang='lat' dir='ltr'><strong>cognitio</strong></span> <span class='ocrx_word' id='word_1_288' title='bbox 1024 2986 1317 3041; x_wconf 84' lang='lat' dir='ltr'><strong>veritatem</strong></span> <span class='ocrx_word' id='word_1_289' title='bbox 1374 2986 1784 3054; x_wconf 82' lang='lat' dir='ltr'><strong>manifestaret,</strong></span> <span class='ocrx_word' id='word_1_290' title='bbox 1846 2988 1907 3039; x_wconf 92' lang='lat' dir='ltr'><strong>ut</strong></span> 
     </span>
    </p>
   </div>
   <div class='ocr_carea' id='block_1_46' title="bbox 268 3079 1905 3156">
    <p class='ocr_par' dir='ltr' id='par_1_46' title="bbox 268 3079 1905 3156">
     <span class='ocr_line' id='line_1_46' title="bbox 268 3079 1905 3156; baseline -0.003 -18"><span class='ocrx_word' id='word_1_291' title='bbox 268 3085 480 3156; x_wconf 66' lang='lat' dir='ltr'><strong>saepius</strong></span> <span class='ocrx_word' id='word_1_292' title='bbox 508 3083 857 3139; x_wconf 86' lang='lat' dir='ltr'><strong>vincentium</strong></span> <span class='ocrx_word' id='word_1_293' title='bbox 899 3082 1059 3136; x_wconf 87' lang='lat' dir='ltr'><strong>furor</strong></span> <span class='ocrx_word' id='word_1_294' title='bbox 1087 3080 1602 3151; x_wconf 88' lang='lat' dir='ltr'><strong>interrogationem</strong></span> <span class='ocrx_word' id='word_1_295' title='bbox 1631 3079 1905 3151; x_wconf 77' lang='lat' dir='ltr'><strong>praeveni-</strong></span> 
     </span>
    </p>
   </div>
   <div class='ocr_carea' id='block_1_47' title="bbox 2004 1952 3631 2023">
    <p class='ocr_par' dir='ltr' id='par_1_47' title="bbox 2004 1952 3631 2023">
     <span class='ocr_line' id='line_1_47' title="bbox 2004 1952 3631 2023; baseline 0.001 -16"><span class='ocrx_word' id='word_1_296' title='bbox 2004 1953 2146 2007; x_wconf 89' lang='lat' dir='ltr'><strong>tavit</strong></span> <span class='ocrx_word' id='word_1_297' title='bbox 2181 1952 2239 2006; x_wconf 91' lang='lat' dir='ltr'><strong>in</strong></span> <span class='ocrx_word' id='word_1_298' title='bbox 2281 1953 2506 2008; x_wconf 86' lang='lat' dir='ltr'><strong>civitate</strong></span> <span class='ocrx_word' id='word_1_299' title='bbox 2545 1953 2635 2007; x_wconf 91' lang='lat' dir='ltr'><strong>cui</strong></span> <span class='ocrx_word' id='word_1_300' title='bbox 2674 1969 2886 2007; x_wconf 92' lang='lat' dir='ltr'><strong>nomen</strong></span> <span class='ocrx_word' id='word_1_301' title='bbox 2927 1954 3182 2008; x_wconf 82' lang='lat' dir='ltr'><strong>&#39;I‘hamna</strong></span> <span class='ocrx_word' id='word_1_302' title='bbox 3213 1954 3339 2023; x_wconf 81' lang='lat' dir='ltr'><strong>(l5).</strong></span> <span class='ocrx_word' id='word_1_303' title='bbox 3371 1954 3631 2010; x_wconf 89' lang='lat' dir='ltr'><strong>Secunda</strong></span> 
     </span>
    </p>
   </div>
   <div class='ocr_carea' id='block_1_48' title="bbox 2004 2045 3626 2113">
    <p class='ocr_par' dir='ltr' id='par_1_48' title="bbox 2004 2045 3626 2113">
     <span class='ocr_line' id='line_1_48' title="bbox 2004 2045 3626 2113; baseline 0.001 -13"><span class='ocrx_word' id='word_1_304' title='bbox 2004 2045 2222 2100; x_wconf 90' lang='lat' dir='ltr'><strong>mansio</strong></span> <span class='ocrx_word' id='word_1_305' title='bbox 2250 2046 2532 2101; x_wconf 88' lang='lat' dir='ltr'><strong>viantibus</strong></span> <span class='ocrx_word' id='word_1_306' title='bbox 2563 2045 2758 2102; x_wconf 86' lang='lat' dir='ltr'><strong>civitas</strong></span> <span class='ocrx_word' id='word_1_307' title='bbox 2780 2048 3068 2113; x_wconf 86' lang='lat' dir='ltr'><strong>Heraclea,</strong></span> <span class='ocrx_word' id='word_1_308' title='bbox 3098 2048 3266 2102; x_wconf 87' lang='lat' dir='ltr'><strong>tertia</strong></span> <span class='ocrx_word' id='word_1_309' title='bbox 3296 2047 3578 2103; x_wconf 86' lang='lat' dir='ltr'><strong>Pelusium</strong></span> <span class='ocrx_word' id='word_1_310' title='bbox 3614 2064 3626 2100; x_wconf 87' lang='lat'><strong>:</strong></span> 
     </span>
    </p>
   </div>
   <div class='ocr_carea' id='block_1_49' title="bbox 2007 2140 3630 2213">
    <p class='ocr_par' dir='ltr' id='par_1_49' title="bbox 2007 2140 3630 2213">
     <span class='ocr_line' id='line_1_49' title="bbox 2007 2140 3630 2213; baseline 0.002 -20"><span class='ocrx_word' id='word_1_311' title='bbox 2007 2140 2228 2196; x_wconf 89' lang='lat' dir='ltr'><strong>duobus</strong></span> <span class='ocrx_word' id='word_1_312' title='bbox 2255 2140 2455 2196; x_wconf 91' lang='lat' dir='ltr'><strong>diebus</strong></span> <span class='ocrx_word' id='word_1_313' title='bbox 2491 2141 2822 2196; x_wconf 86' lang='lat' dir='ltr'><strong>stativorum</strong></span> <span class='ocrx_word' id='word_1_314' title='bbox 2867 2141 3051 2213; x_wconf 88' lang='lat' dir='ltr'><strong>gratia</strong></span> <span class='ocrx_word' id='word_1_315' title='bbox 3077 2141 3285 2196; x_wconf 91' lang='lat' dir='ltr'><strong>Pelusii</strong></span> <span class='ocrx_word' id='word_1_316' title='bbox 3316 2143 3630 2208; x_wconf 87' lang='lat' dir='ltr'><strong>transactis,</strong></span> 
     </span>
    </p>
   </div>
   <div class='ocr_carea' id='block_1_50' title="bbox 2005 2234 3634 2307">
    <p class='ocr_par' dir='ltr' id='par_1_50' title="bbox 2005 2234 3634 2307">
     <span class='ocr_line' id='line_1_50' title="bbox 2005 2234 3634 2307; baseline 0.001 -18"><span class='ocrx_word' id='word_1_317' title='bbox 2005 2251 2109 2306; x_wconf 89' lang='lat' dir='ltr'><strong>per</strong></span> <span class='ocrx_word' id='word_1_318' title='bbox 2149 2234 2439 2290; x_wconf 89' lang='lat' dir='ltr'><strong>desertum</strong></span> <span class='ocrx_word' id='word_1_319' title='bbox 2475 2251 2652 2306; x_wconf 86' lang='lat' dir='ltr'><strong>agens</strong></span> <span class='ocrx_word' id='word_1_320' title='bbox 2692 2235 2819 2305; x_wconf 88' lang='lat' dir='ltr'><strong>iter,</strong></span> <span class='ocrx_word' id='word_1_321' title='bbox 2861 2236 3120 2306; x_wconf 89' lang='lat' dir='ltr'><strong>pervenit</strong></span> <span class='ocrx_word' id='word_1_322' title='bbox 3165 2253 3341 2307; x_wconf 89' lang='lat' dir='ltr'><strong>usque</strong></span> <span class='ocrx_word' id='word_1_323' title='bbox 3372 2235 3442 2291; x_wconf 90' lang='lat' dir='ltr'><strong>ad</strong></span> <span class='ocrx_word' id='word_1_324' title='bbox 3485 2235 3634 2291; x_wconf 88' lang='lat' dir='ltr'><strong>Casii</strong></span> 
     </span>
    </p>
   </div>
   <div class='ocr_carea' id='block_1_51' title="bbox 2003 2327 3632 2400">
    <p class='ocr_par' dir='ltr' id='par_1_51' title="bbox 2003 2327 3632 2400">
     <span class='ocr_line' id='line_1_51' title="bbox 2003 2327 3632 2400; baseline 0.001 -18"><span class='ocrx_word' id='word_1_325' title='bbox 2003 2328 2150 2382; x_wconf 88' lang='lat' dir='ltr'><strong>Jovis</strong></span> <span class='ocrx_word' id='word_1_326' title='bbox 2182 2327 2467 2399; x_wconf 89' lang='lat' dir='ltr'><strong>templum</strong></span> <span class='ocrx_word' id='word_1_327' title='bbox 2505 2345 2516 2382; x_wconf 92' lang='lat'>:</span> <span class='ocrx_word' id='word_1_328' title='bbox 2547 2328 2802 2382; x_wconf 91' lang='lat' dir='ltr'><strong>succedit</strong></span> <span class='ocrx_word' id='word_1_329' title='bbox 2831 2328 2886 2382; x_wconf 91' lang='lat' dir='ltr'><strong>ei</strong></span> <span class='ocrx_word' id='word_1_330' title='bbox 2922 2328 3212 2383; x_wconf 85' lang='lat' dir='ltr'><strong>Ostracine</strong></span> <span class='ocrx_word' id='word_1_331' title='bbox 3242 2329 3460 2384; x_wconf 90' lang='lat' dir='ltr'><strong>mansio</strong></span> <span class='ocrx_word' id='word_1_332' title='bbox 3488 2346 3632 2400; x_wconf 90' lang='lat' dir='ltr'><strong>aqua</strong></span> 
     </span>
    </p>
   </div>
   <div class='ocr_carea' id='block_1_52' title="bbox 2006 2421 3633 2492">
    <p class='ocr_par' dir='ltr' id='par_1_52' title="bbox 2006 2421 3633 2492">
     <span class='ocr_line' id='line_1_52' title="bbox 2006 2421 3633 2492; baseline 0.002 -18"><span class='ocrx_word' id='word_1_333' title='bbox 2006 2423 2160 2476; x_wconf 91' lang='lat' dir='ltr'><strong>locus</strong></span> <span class='ocrx_word' id='word_1_334' title='bbox 2183 2421 2481 2492; x_wconf 89' lang='lat' dir='ltr'><strong>indigens;</strong></span> <span class='ocrx_word' id='word_1_335' title='bbox 2525 2424 2722 2476; x_wconf 91' lang='lat' dir='ltr'><strong>tamen</strong></span> <span class='ocrx_word' id='word_1_336' title='bbox 2761 2421 3064 2492; x_wconf 88' lang='lat' dir='ltr'><strong>diligentia</strong></span> <span class='ocrx_word' id='word_1_337' title='bbox 3089 2421 3290 2477; x_wconf 78' lang='lat' dir='ltr'><strong>incolae</strong></span> <span class='ocrx_word' id='word_1_338' title='bbox 3325 2423 3430 2477; x_wconf 89' lang='lat' dir='ltr'><strong>sibi</strong></span> <span class='ocrx_word' id='word_1_339' title='bbox 3458 2422 3633 2478; x_wconf 89' lang='lat' dir='ltr'><strong>subsi-</strong></span> 
     </span>
    </p>
   </div>
   <div class='ocr_carea' id='block_1_53' title="bbox 2006 2515 3629 2588">
    <p class='ocr_par' dir='ltr' id='par_1_53' title="bbox 2006 2515 3629 2588">
     <span class='ocr_line' id='line_1_53' title="bbox 2006 2515 3629 2588; baseline 0 -17"><span class='ocrx_word' id='word_1_340' title='bbox 2006 2517 2162 2571; x_wconf 91' lang='lat' dir='ltr'><strong>dium</strong></span> <span class='ocrx_word' id='word_1_341' title='bbox 2201 2520 2558 2587; x_wconf 86' lang='lat' dir='ltr'><strong>paraverant,</strong></span> <span class='ocrx_word' id='word_1_342' title='bbox 2587 2521 2652 2570; x_wconf 91' lang='lat' dir='ltr'><strong>ut</strong></span> <span class='ocrx_word' id='word_1_343' title='bbox 2697 2515 3055 2571; x_wconf 87' lang='lat' dir='ltr'><strong>instituerent</strong></span> <span class='ocrx_word' id='word_1_344' title='bbox 3091 2515 3292 2571; x_wconf 90' lang='lat' dir='ltr'><strong>ductus</strong></span> <span class='ocrx_word' id='word_1_345' title='bbox 3331 2533 3629 2588; x_wconf 87' lang='lat' dir='ltr'><strong>aquarum.</strong></span> 
     </span>
    </p>
   </div>
   <div class='ocr_carea' id='block_1_54' title="bbox 2005 2609 3634 2682">
    <p class='ocr_par' dir='ltr' id='par_1_54' title="bbox 2005 2609 3634 2682">
     <span class='ocr_line' id='line_1_54' title="bbox 2005 2609 3634 2682; baseline 0 -18"><span class='ocrx_word' id='word_1_346' title='bbox 2005 2611 2366 2681; x_wconf 83' lang='lat' dir='ltr'><strong>Exceperunt</strong></span> <span class='ocrx_word' id='word_1_347' title='bbox 2389 2609 2760 2665; x_wconf 86' lang='lat' dir='ltr'><strong>Rhinocoluri</strong></span> <span class='ocrx_word' id='word_1_348' title='bbox 2789 2609 2895 2678; x_wconf 85' lang='grc'><strong>(16)</strong></span> <span class='ocrx_word' id='word_1_349' title='bbox 2927 2609 3238 2665; x_wconf 84' lang='lat' dir='ltr'><strong>exercitum</strong></span> <span class='ocrx_word' id='word_1_350' title='bbox 3268 2610 3634 2682; x_wconf 88' lang='lat' dir='ltr'><strong>progredien-</strong></span> 
     </span>
    </p>
   </div>
   <div class='ocr_carea' id='block_1_55' title="bbox 2007 2703 3632 2773">
    <p class='ocr_par' dir='ltr' id='par_1_55' title="bbox 2007 2703 3632 2773">
     <span class='ocr_line' id='line_1_55' title="bbox 2007 2703 3632 2773; baseline 0.001 -16"><span class='ocrx_word' id='word_1_351' title='bbox 2007 2706 2144 2770; x_wconf 89' lang='lat' dir='ltr'><strong>tem,</strong></span> <span class='ocrx_word' id='word_1_352' title='bbox 2175 2720 2293 2758; x_wconf 92' lang='lat' dir='ltr'><strong>uon</strong></span> <span class='ocrx_word' id='word_1_353' title='bbox 2329 2703 2451 2758; x_wconf 90' lang='lat' dir='ltr'><strong>sine</strong></span> <span class='ocrx_word' id='word_1_354' title='bbox 2494 2707 2660 2773; x_wconf 90' lang='lat' dir='ltr'><strong>grata</strong></span> <span class='ocrx_word' id='word_1_355' title='bbox 2699 2703 3035 2758; x_wconf 84' lang='lat' dir='ltr'><strong>refectione.</strong></span> <span class='ocrx_word' id='word_1_356' title='bbox 3083 2703 3339 2758; x_wconf 89' lang='lat' dir='ltr'><strong>Occurrit</strong></span> <span class='ocrx_word' id='word_1_357' title='bbox 3365 2704 3500 2759; x_wconf 89' lang='lat' dir='ltr'><strong>urbs</strong></span> <span class='ocrx_word' id='word_1_358' title='bbox 3528 2706 3632 2760; x_wconf 86' lang='lat' dir='ltr'><strong>Ra-</strong></span> 
     </span>
    </p>
   </div>
   <div class='ocr_carea' id='block_1_56' title="bbox 2004 2797 3632 2870">
    <p class='ocr_par' dir='ltr' id='par_1_56' title="bbox 2004 2797 3632 2870">
     <span class='ocr_line' id='line_1_56' title="bbox 2004 2797 3632 2870; baseline 0.003 -22"><span class='ocrx_word' id='word_1_359' title='bbox 2004 2798 2173 2869; x_wconf 73' lang='lat' dir='ltr'><strong>phzea</strong></span> <span class='ocrx_word' id='word_1_360' title='bbox 2219 2797 2348 2868; x_wconf 86' lang='lat' dir='ltr'><strong>(t7),</strong></span> <span class='ocrx_word' id='word_1_361' title='bbox 2397 2814 2523 2869; x_wconf 66' lang='lat' dir='ltr'><strong>quae</strong></span> <span class='ocrx_word' id='word_1_362' title='bbox 2566 2797 2764 2852; x_wconf 88' lang='lat' dir='ltr'><strong>civitas</strong></span> <span class='ocrx_word' id='word_1_363' title='bbox 2806 2798 2980 2869; x_wconf 67' lang='lat' dir='ltr'><strong>Syriae</strong></span> <span class='ocrx_word' id='word_1_364' title='bbox 3027 2797 3371 2870; x_wconf 90' lang='lat' dir='ltr'><strong>principium</strong></span> <span class='ocrx_word' id='word_1_365' title='bbox 3413 2804 3516 2865; x_wconf 89' lang='lat' dir='ltr'><strong>est,</strong></span> <span class='ocrx_word' id='word_1_366' title='bbox 3561 2816 3632 2853; x_wconf 76' lang='lat' dir='ltr'><strong>ex</strong></span> 
     </span>
    </p>
   </div>
   <div class='ocr_carea' id='block_1_57' title="bbox 2006 2892 3633 2964">
    <p class='ocr_par' dir='ltr' id='par_1_57' title="bbox 2006 2892 3633 2964">
     <span class='ocr_line' id='line_1_57' title="bbox 2006 2892 3633 2964; baseline 0.001 -18"><span class='ocrx_word' id='word_1_367' title='bbox 2006 2893 2247 2964; x_wconf 67' lang='lat' dir='ltr'><strong>Egypto</strong></span> <span class='ocrx_word' id='word_1_368' title='bbox 2277 2892 2746 2947; x_wconf 89' lang='lat' dir='ltr'><strong>commeantibus.</strong></span> <span class='ocrx_word' id='word_1_369' title='bbox 2777 2894 3021 2947; x_wconf 89' lang='lat' dir='ltr'><strong>Ventum</strong></span> <span class='ocrx_word' id='word_1_370' title='bbox 3050 2895 3134 2946; x_wconf 89' lang='lat' dir='ltr'><strong>est</strong></span> <span class='ocrx_word' id='word_1_371' title='bbox 3163 2893 3386 2960; x_wconf 86' lang='lat' dir='ltr'><strong>Gazam,</strong></span> <span class='ocrx_word' id='word_1_372' title='bbox 3416 2909 3481 2946; x_wconf 91' lang='lat' dir='ltr'><strong>ea</strong></span> <span class='ocrx_word' id='word_1_373' title='bbox 3511 2899 3633 2948; x_wconf 87' lang='lat' dir='ltr'><strong>erat</strong></span> 
     </span>
    </p>
   </div>
   <div class='ocr_carea' id='block_1_58' title="bbox 2005 2986 3630 3058">
    <p class='ocr_par' dir='ltr' id='par_1_58' title="bbox 2005 2986 3630 3058">
     <span class='ocr_line' id='line_1_58' title="bbox 2005 2986 3630 3058; baseline 0.001 -19"><span class='ocrx_word' id='word_1_374' title='bbox 2005 2986 2206 3058; x_wconf 88' lang='lat' dir='ltr'><strong>quinta</strong></span> <span class='ocrx_word' id='word_1_375' title='bbox 2247 2986 2444 3040; x_wconf 84' lang='lat' dir='ltr'><strong>civitas</strong></span> <span class='ocrx_word' id='word_1_376' title='bbox 2486 2986 2941 3041; x_wconf 88' lang='lat' dir='ltr'><strong>advenientibus.</strong></span> <span class='ocrx_word' id='word_1_377' title='bbox 2991 2986 3122 3041; x_wconf 88' lang='lat' dir='ltr'><strong>Inde</strong></span> <span class='ocrx_word' id='word_1_378' title='bbox 3169 2987 3227 3041; x_wconf 88' lang='lat' dir='ltr'><strong>in</strong></span> <span class='ocrx_word' id='word_1_379' title='bbox 3267 2987 3630 3053; x_wconf 83' lang='lat' dir='ltr'><strong>Ascalonem,</strong></span> 
     </span>
    </p>
   </div>
   <div class='ocr_carea' id='block_1_59' title="bbox 2008 3079 3630 3153">
    <p class='ocr_par' dir='ltr' id='par_1_59' title="bbox 2008 3079 3630 3153">
     <span class='ocr_line' id='line_1_59' title="bbox 2008 3079 3630 3153; baseline 0 -19"><span class='ocrx_word' id='word_1_380' title='bbox 2008 3079 2216 3136; x_wconf 86' lang='lat' dir='ltr'><strong>deinde</strong></span> <span class='ocrx_word' id='word_1_381' title='bbox 2241 3081 2525 3136; x_wconf 85' lang='lat' dir='ltr'><strong>Jamniam</strong></span> <span class='ocrx_word' id='word_1_382' title='bbox 2554 3083 2687 3153; x_wconf 86' lang='lat' dir='ltr'><strong>(l8),</strong></span> <span class='ocrx_word' id='word_1_383' title='bbox 2719 3097 2788 3136; x_wconf 82' lang='lat' dir='ltr'><strong>ex</strong></span> <span class='ocrx_word' id='word_1_384' title='bbox 2818 3098 2927 3152; x_wconf 88' lang='lat' dir='ltr'><strong>qua</strong></span> <span class='ocrx_word' id='word_1_385' title='bbox 2959 3080 3265 3136; x_wconf 89' lang='lat' dir='ltr'><strong>transitum</strong></span> <span class='ocrx_word' id='word_1_386' title='bbox 3298 3081 3357 3135; x_wconf 90' lang='lat' dir='ltr'><strong>in</strong></span> <span class='ocrx_word' id='word_1_387' title='bbox 3386 3083 3630 3152; x_wconf 82' lang='lat' dir='ltr'><strong>JOppeu,</strong></span> 
     </span>
    </p>
   </div>
   <div class='ocr_carea' id='block_1_60' title="bbox 270 3173 3634 3274">
    <p class='ocr_par' dir='ltr' id='par_1_60' title="bbox 270 3173 3634 3274">
     <span class='ocr_line' id='line_1_60' title="bbox 270 3173 3634 3274; baseline -0.001 -42"><span class='ocrx_word' id='word_1_388' title='bbox 270 3182 380 3233; x_wconf 91' lang='lat' dir='ltr'><strong>ret.</strong></span> <span class='ocrx_word' id='word_1_389' title='bbox 414 3179 482 3233; x_wconf 87' lang='lat' dir='ltr'><strong>Et</strong></span> <span class='ocrx_word' id='word_1_390' title='bbox 512 3177 648 3250; x_wconf 91' lang='lat' dir='ltr'><strong>quia</strong></span> <span class='ocrx_word' id='word_1_391' title='bbox 667 3177 870 3232; x_wconf 88' lang='lat' dir='ltr'><strong>absens</strong></span> <span class='ocrx_word' id='word_1_392' title='bbox 894 3181 1012 3232; x_wconf 89' lang='lat' dir='ltr'><strong>erat</strong></span> <span class='ocrx_word' id='word_1_393' title='bbox 1038 3175 1428 3247; x_wconf 89' lang='lat' dir='ltr'><strong>Vespasianus,</strong></span> <span class='ocrx_word' id='word_1_394' title='bbox 1452 3175 1608 3245; x_wconf 89' lang='lat' dir='ltr'><strong>quasi</strong></span> <span class='ocrx_word' id='word_1_395' title='bbox 1637 3174 1705 3229; x_wconf 87' lang='lat' dir='ltr'><strong>ad</strong></span> <span class='ocrx_word' id='word_1_396' title='bbox 1738 3173 1906 3228; x_wconf 84' lang='lat' dir='ltr'><strong>inter-</strong></span> <span class='ocrx_word' id='word_1_397' title='bbox 1926 3202 1980 3274; x_wconf 68' lang='grc' dir='ltr'>Ο</span> <span class='ocrx_word' id='word_1_398' title='bbox 2006 3181 2340 3247; x_wconf 75' lang='lat' dir='ltr'><strong>perventum</strong></span> <span class='ocrx_word' id='word_1_399' title='bbox 2374 3177 2432 3230; x_wconf 89' lang='lat' dir='ltr'><strong>in</strong></span> <span class='ocrx_word' id='word_1_400' title='bbox 2459 3176 2798 3243; x_wconf 81' lang='lat' dir='ltr'><strong>Caesaream,</strong></span> <span class='ocrx_word' id='word_1_401' title='bbox 2823 3175 2918 3229; x_wconf 90' lang='lat' dir='ltr'><strong>ubi</strong></span> <span class='ocrx_word' id='word_1_402' title='bbox 2949 3191 3174 3231; x_wconf 90' lang='lat' dir='ltr'><strong>necesse</strong></span> <span class='ocrx_word' id='word_1_403' title='bbox 3202 3179 3325 3231; x_wconf 89' lang='lat' dir='ltr'><strong>erat</strong></span> <span class='ocrx_word' id='word_1_404' title='bbox 3341 3175 3634 3247; x_wconf 89' lang='lat' dir='ltr'><strong>paulisper</strong></span> 
     </span>
    </p>
   </div>
   <div class='ocr_carea' id='block_1_61' title="bbox 270 3267 1906 3344">
    <p class='ocr_par' dir='ltr' id='par_1_61' title="bbox 270 3267 1906 3344">
     <span class='ocr_line' id='line_1_61' title="bbox 270 3267 1906 3344; baseline -0.004 -16"><span class='ocrx_word' id='word_1_405' title='bbox 270 3273 436 3344; x_wconf 88' lang='lat' dir='ltr'><strong>regni</strong></span> <span class='ocrx_word' id='word_1_406' title='bbox 476 3272 656 3327; x_wconf 89' lang='lat' dir='ltr'><strong>vicem</strong></span> <span class='ocrx_word' id='word_1_407' title='bbox 689 3271 1072 3326; x_wconf 89' lang='lat' dir='ltr'><strong>Domitianum</strong></span> <span class='ocrx_word' id='word_1_408' title='bbox 1110 3268 1353 3340; x_wconf 87' lang='lat' dir='ltr'><strong>publicis</strong></span> <span class='ocrx_word' id='word_1_409' title='bbox 1394 3268 1673 3324; x_wconf 85' lang='lat' dir='ltr'><strong>Mutianus</strong></span> <span class='ocrx_word' id='word_1_410' title='bbox 1712 3267 1906 3338; x_wconf 54' lang='lat' dir='ltr'><strong>praefe-</strong></span> 
     </span>
    </p>
   </div>
   <div class='ocr_carea' id='block_1_62' title="bbox 269 3361 1906 3438">
    <p class='ocr_par' dir='ltr' id='par_1_62' title="bbox 269 3361 1906 3438">
     <span class='ocr_line' id='line_1_62' title="bbox 269 3361 1906 3438; baseline -0.003 -17"><span class='ocrx_word' id='word_1_411' title='bbox 269 3368 350 3421; x_wconf 90' lang='lat' dir='ltr'><strong>cit</strong></span> <span class='ocrx_word' id='word_1_412' title='bbox 396 3365 659 3438; x_wconf 88' lang='lat' dir='ltr'><strong>negotiis,</strong></span> <span class='ocrx_word' id='word_1_413' title='bbox 706 3382 777 3421; x_wconf 90' lang='lat' dir='ltr'><strong>ne</strong></span> <span class='ocrx_word' id='word_1_414' title='bbox 829 3364 964 3436; x_wconf 91' lang='lat' dir='ltr'><strong>quid</strong></span> <span class='ocrx_word' id='word_1_415' title='bbox 1013 3364 1133 3434; x_wconf 91' lang='lat' dir='ltr'><strong>ejus</strong></span> <span class='ocrx_word' id='word_1_416' title='bbox 1183 3362 1292 3432; x_wconf 85' lang='grc'><strong>(13)</strong></span> <span class='ocrx_word' id='word_1_417' title='bbox 1345 3362 1569 3417; x_wconf 86' lang='lat' dir='ltr'><strong>deesset</strong></span> <span class='ocrx_word' id='word_1_418' title='bbox 1615 3361 1784 3416; x_wconf 90' lang='lat' dir='ltr'><strong>rebus</strong></span> <span class='ocrx_word' id='word_1_419' title='bbox 1827 3377 1906 3416; x_wconf 86' lang='lat' dir='ltr'><strong>se-</strong></span> 
     </span>
    </p>
   </div>
   <div class='ocr_carea' id='block_1_63' title="bbox 269 3454 1908 3528">
    <p class='ocr_par' dir='ltr' id='par_1_63' title="bbox 269 3454 1908 3528">
     <span class='ocr_line' id='line_1_63' title="bbox 269 3454 1908 3528; baseline -0.004 -14"><span class='ocrx_word' id='word_1_420' title='bbox 269 3461 496 3516; x_wconf 88' lang='lat' dir='ltr'><strong>cundis.</strong></span> <span class='ocrx_word' id='word_1_421' title='bbox 536 3459 798 3515; x_wconf 89' lang='lat' dir='ltr'><strong>Nondum</strong></span> <span class='ocrx_word' id='word_1_422' title='bbox 852 3465 1042 3512; x_wconf 88' lang='lat' dir='ltr'><strong>tamen</strong></span> <span class='ocrx_word' id='word_1_423' title='bbox 1089 3455 1410 3511; x_wconf 89' lang='lat' dir='ltr'><strong>Domitiano</strong></span> <span class='ocrx_word' id='word_1_424' title='bbox 1449 3472 1508 3511; x_wconf 91' lang='lat' dir='ltr'><strong>se</strong></span> <span class='ocrx_word' id='word_1_425' title='bbox 1550 3454 1781 3528; x_wconf 90' lang='lat' dir='ltr'><strong>penitus</strong></span> <span class='ocrx_word' id='word_1_426' title='bbox 1825 3455 1908 3509; x_wconf 92' lang='lat' dir='ltr'><strong>in-</strong></span> 
     </span>
    </p>
   </div>
   <div class='ocr_carea' id='block_1_64' title="bbox 331 3625 1901 3694">
    <p class='ocr_par' dir='ltr' id='par_1_64' title="bbox 331 3625 1901 3694">
     <span class='ocr_line' id='line_1_64' title="bbox 331 3625 1901 3694; baseline -0.005 -14"><span class='ocrx_word' id='word_1_427' title='bbox 331 3630 431 3694; x_wconf 71' lang='lat' dir='ltr'><strong>(t2)</strong></span> <span class='ocrx_word' id='word_1_428' title='bbox 460 3628 858 3693; x_wconf 77' lang='lat' dir='ltr'><strong>Quinquaginta</strong></span> <span class='ocrx_word' id='word_1_429' title='bbox 885 3626 1075 3683; x_wconf 76' lang='lat' dir='ltr'><strong>millia,</strong></span> <span class='ocrx_word' id='word_1_430' title='bbox 1103 3625 1310 3677; x_wconf 88' lang='lat' dir='ltr'><strong>rectius</strong></span> <span class='ocrx_word' id='word_1_431' title='bbox 1344 3637 1411 3674; x_wconf 82' lang='lat' dir='ltr'><strong>ex</strong></span> <span class='ocrx_word' id='word_1_432' title='bbox 1435 3625 1694 3688; x_wconf 87' lang='lat' dir='ltr'><strong>Josepho.</strong></span> <span class='ocrx_word' id='word_1_433' title='bbox 1727 3625 1901 3674; x_wconf 61' lang='grc' dir='ltr'><strong>ΒΑΜ.</strong></span> 
     </span>
    </p>
   </div>
   <div class='ocr_carea' id='block_1_65' title="bbox 334 3699 1025 3764">
    <p class='ocr_par' dir='ltr' id='par_1_65' title="bbox 334 3699 1025 3764">
     <span class='ocr_line' id='line_1_65' title="bbox 334 3699 1025 3764; baseline -0.006 -14"><span class='ocrx_word' id='word_1_434' title='bbox 334 3701 434 3763; x_wconf 84' lang='grc'><strong>(13)</strong></span> <span class='ocrx_word' id='word_1_435' title='bbox 462 3702 538 3751; x_wconf 79' lang='lat' dir='ltr'><strong>Na</strong></span> <span class='ocrx_word' id='word_1_436' title='bbox 567 3700 688 3764; x_wconf 83' lang='lat' dir='ltr'><strong>quis</strong></span> <span class='ocrx_word' id='word_1_437' title='bbox 712 3712 910 3748; x_wconf 63' lang='lat' dir='ltr'><strong>naevus.</strong></span> <span class='ocrx_word' id='word_1_438' title='bbox 943 3699 1025 3747; x_wconf 89' lang='lat' dir='ltr'><strong>ID.</strong></span> 
     </span>
    </p>
   </div>
   <div class='ocr_carea' id='block_1_66' title="bbox 331 3767 1577 3835">
    <p class='ocr_par' dir='ltr' id='par_1_66' title="bbox 331 3767 1577 3835">
     <span class='ocr_line' id='line_1_66' title="bbox 331 3767 1577 3835; baseline -0.006 -12"><span class='ocrx_word' id='word_1_439' title='bbox 331 3774 434 3834; x_wconf 73' lang='grc'><strong>(14)</strong></span> <span class='ocrx_word' id='word_1_440' title='bbox 465 3772 549 3822; x_wconf 83' lang='lat' dir='ltr'><strong>Ex</strong></span> <span class='ocrx_word' id='word_1_441' title='bbox 577 3772 822 3835; x_wconf 87' lang='lat' dir='ltr'><strong>Josepho</strong></span> <span class='ocrx_word' id='word_1_442' title='bbox 848 3769 1203 3821; x_wconf 87' lang='lat' dir='ltr'><strong>scribendum</strong></span> <span class='ocrx_word' id='word_1_443' title='bbox 1235 3769 1475 3820; x_wconf 66' lang='lat' dir='ltr'><strong>Thmui&quot;.</strong></span> <span class='ocrx_word' id='word_1_444' title='bbox 1503 3767 1577 3817; x_wconf 83' lang='lat' dir='ltr'><strong>In.</strong></span> 
     </span>
    </p>
   </div>
   <div class='ocr_carea' id='block_1_67' title="bbox 332 3839 1904 3906">
    <p class='ocr_par' dir='ltr' id='par_1_67' title="bbox 332 3839 1904 3906">
     <span class='ocr_line' id='line_1_67' title="bbox 332 3839 1904 3906; baseline -0.003 -13"><span class='ocrx_word' id='word_1_445' title='bbox 332 3845 433 3906; x_wconf 78' lang='grc'><strong>(15)</strong></span> <span class='ocrx_word' id='word_1_446' title='bbox 463 3843 588 3894; x_wconf 88' lang='lat' dir='ltr'><strong>Vet.</strong></span> <span class='ocrx_word' id='word_1_447' title='bbox 621 3842 769 3905; x_wconf 91' lang='lat' dir='ltr'><strong>cod.,</strong></span> <span class='ocrx_word' id='word_1_448' title='bbox 801 3843 979 3901; x_wconf 79' lang='lat' dir='ltr'><strong>Tanis,</strong></span> <span class='ocrx_word' id='word_1_449' title='bbox 1009 3840 1157 3906; x_wconf 86' lang='lat' dir='ltr'><strong>quod</strong></span> <span class='ocrx_word' id='word_1_450' title='bbox 1185 3841 1465 3892; x_wconf 88' lang='lat' dir='ltr'><strong>consentit</strong></span> <span class='ocrx_word' id='word_1_451' title='bbox 1490 3853 1618 3891; x_wconf 90' lang='lat' dir='ltr'><strong>cum</strong></span> <span class='ocrx_word' id='word_1_452' title='bbox 1645 3839 1904 3903; x_wconf 86' lang='lat' dir='ltr'><strong>Josepho.</strong></span> 
     </span>
    </p>
   </div>
   <div class='ocr_carea' id='block_1_68' title="bbox 270 3916 356 3964">
    <p class='ocr_par' dir='ltr' id='par_1_68' title="bbox 270 3916 356 3964">
     <span class='ocr_line' id='line_1_68' title="bbox 270 3916 356 3964; baseline 0 0"><span class='ocrx_word' id='word_1_453' title='bbox 270 3916 356 3964; x_wconf 86' lang='lat' dir='ltr'><strong>ID.</strong></span> 
     </span>
    </p>
   </div>
   <div class='ocr_carea' id='block_1_69' title="bbox 937 4110 2740 4119">
    <p class='ocr_par' dir='ltr' id='par_1_69' title="bbox 937 4110 2740 4119">
     <span class='ocr_line' id='line_1_69' title="bbox 937 4110 2740 4119; baseline -0.001 -1"><span class='ocrx_word' id='word_1_454' title='bbox 937 4113 960 4118; x_wconf 81' lang='grc'><strong>.-</strong></span> <span class='ocrx_word' id='word_1_455' title='bbox 977 4112 1272 4119; x_wconf 71' lang='lat'><strong>__.___.———_—_._</strong></span> <span class='ocrx_word' id='word_1_456' title='bbox 1279 4113 1386 4118; x_wconf 66' lang='lat'><strong>—.———-</strong></span> <span class='ocrx_word' id='word_1_457' title='bbox 1393 4112 1456 4117; x_wconf 79' lang='lat'><strong>.___</strong></span> <span class='ocrx_word' id='word_1_458' title='bbox 1467 4112 1482 4117; x_wconf 49' lang='lat'><strong><em>&gt;</em></strong></span> <span class='ocrx_word' id='word_1_459' title='bbox 1493 4111 1646 4118; x_wconf 46' lang='grc' dir='ltr'><strong>-φο</strong></span> <span class='ocrx_word' id='word_1_460' title='bbox 1657 4110 2152 4118; x_wconf 46' lang='grc' dir='ltr'><strong>,ψ-ν-ιῴ-</strong></span> <span class='ocrx_word' id='word_1_461' title='bbox 2167 4111 2370 4117; x_wconf 70' lang='lat'><strong>—._._.-.-.._</strong></span> <span class='ocrx_word' id='word_1_462' title='bbox 2379 4111 2474 4117; x_wconf 82' lang='lat'><strong>———</strong></span> <span class='ocrx_word' id='word_1_463' title='bbox 2487 4111 2576 4116; x_wconf 53' lang='grc' dir='ltr'><strong>...α--</strong></span> <span class='ocrx_word' id='word_1_464' title='bbox 2601 4111 2708 4117; x_wconf 53' lang='lat'><strong>—_»._...</strong></span> <span class='ocrx_word' id='word_1_465' title='bbox 2719 4113 2740 4116; x_wconf 75' lang='lat'><strong>-</strong></span> 
     </span>
    </p>
   </div>
   <div class='ocr_carea' id='block_1_70' title="bbox 2007 3270 3634 3344">
    <p class='ocr_par' dir='ltr' id='par_1_70' title="bbox 2007 3270 3634 3344">
     <span class='ocr_line' id='line_1_70' title="bbox 2007 3270 3634 3344; baseline -0.001 -20"><span class='ocrx_word' id='word_1_466' title='bbox 2007 3270 2236 3337; x_wconf 86' lang='lat' dir='ltr'><strong>morari,</strong></span> <span class='ocrx_word' id='word_1_467' title='bbox 2269 3286 2621 3341; x_wconf 79' lang='lat' dir='ltr'><strong>congregare</strong></span> <span class='ocrx_word' id='word_1_468' title='bbox 2663 3285 2892 3342; x_wconf 86' lang='lat' dir='ltr'><strong>quoque</strong></span> <span class='ocrx_word' id='word_1_469' title='bbox 2931 3270 3180 3324; x_wconf 89' lang='lat' dir='ltr'><strong>militum</strong></span> <span class='ocrx_word' id='word_1_470' title='bbox 3220 3285 3475 3344; x_wconf 86' lang='lat' dir='ltr'><strong>manum,</strong></span> <span class='ocrx_word' id='word_1_471' title='bbox 3505 3286 3634 3340; x_wconf 67' lang='lat' dir='ltr'><strong>quin</strong></span> 
     </span>
    </p>
   </div>
   <div class='ocr_carea' id='block_1_71' title="bbox 2007 3363 3634 3436">
    <p class='ocr_par' dir='ltr' id='par_1_71' title="bbox 2007 3363 3634 3436">
     <span class='ocr_line' id='line_1_71' title="bbox 2007 3363 3634 3436; baseline -0.002 -17"><span class='ocrx_word' id='word_1_472' title='bbox 2007 3364 2194 3419; x_wconf 90' lang='lat' dir='ltr'><strong>adhuc</strong></span> <span class='ocrx_word' id='word_1_473' title='bbox 2231 3364 2289 3419; x_wconf 92' lang='lat' dir='ltr'><strong>in</strong></span> <span class='ocrx_word' id='word_1_474' title='bbox 2329 3364 2584 3420; x_wconf 87' lang='lat' dir='ltr'><strong>hibernis</strong></span> <span class='ocrx_word' id='word_1_475' title='bbox 2623 3364 2852 3436; x_wconf 89' lang='lat' dir='ltr'><strong>agebat,</strong></span> <span class='ocrx_word' id='word_1_476' title='bbox 2882 3367 2938 3419; x_wconf 84' lang='lat' dir='ltr'><strong>et</strong></span> <span class='ocrx_word' id='word_1_477' title='bbox 2958 3363 3082 3435; x_wconf 84' lang='lat' dir='ltr'><strong>jam</strong></span> <span class='ocrx_word' id='word_1_478' title='bbox 3125 3364 3336 3420; x_wconf 85' lang='lat' dir='ltr'><strong>hiemis</strong></span> <span class='ocrx_word' id='word_1_479' title='bbox 3365 3363 3634 3435; x_wconf 87' lang='lat' dir='ltr'><strong>asperitas</strong></span> 
     </span>
    </p>
   </div>
   <div class='ocr_carea' id='block_1_72' title="bbox 2007 3458 2322 3514">
    <p class='ocr_par' dir='ltr' id='par_1_72' title="bbox 2007 3458 2322 3514">
     <span class='ocr_line' id='line_1_72' title="bbox 2007 3458 2322 3514; baseline 0 -1"><span class='ocrx_word' id='word_1_480' title='bbox 2007 3458 2322 3514; x_wconf 86' lang='lat' dir='ltr'><strong>deﬁciebat.</strong></span> 
     </span>
    </p>
   </div>
   <div class='ocr_carea' id='block_1_73' title="bbox 2069 3625 2602 3686">
    <p class='ocr_par' dir='ltr' id='par_1_73' title="bbox 2069 3625 2602 3686">
     <span class='ocr_line' id='line_1_73' title="bbox 2069 3625 2602 3686; baseline -0.008 -8"><span class='ocrx_word' id='word_1_481' title='bbox 2069 3629 2083 3678; x_wconf 85' lang='lat'><strong><em>(</em></strong></span> <span class='ocrx_word' id='word_1_482' title='bbox 2090 3625 2167 3686; x_wconf 89' lang='grc'><strong>16)</strong></span> <span class='ocrx_word' id='word_1_483' title='bbox 2195 3625 2488 3676; x_wconf 77' lang='lat' dir='ltr'><strong>Rinochori.</strong></span> <span class='ocrx_word' id='word_1_484' title='bbox 2523 3627 2602 3676; x_wconf 86' lang='lat' dir='ltr'><strong>ID.</strong></span> 
     </span>
    </p>
   </div>
   <div class='ocr_carea' id='block_1_74' title="bbox 2072 3695 2827 3760">
    <p class='ocr_par' dir='ltr' id='par_1_74' title="bbox 2072 3695 2827 3760">
     <span class='ocr_line' id='line_1_74' title="bbox 2072 3695 2827 3760; baseline -0.003 -14"><span class='ocrx_word' id='word_1_485' title='bbox 2072 3698 2169 3758; x_wconf 88' lang='grc'><strong>(17)</strong></span> <span class='ocrx_word' id='word_1_486' title='bbox 2194 3695 2468 3760; x_wconf 85' lang='lat' dir='ltr'><strong>Josephus</strong></span> <span class='ocrx_word' id='word_1_487' title='bbox 2493 3696 2713 3759; x_wconf 82' lang='lat' dir='ltr'><strong>Raphia.</strong></span> <span class='ocrx_word' id='word_1_488' title='bbox 2747 3697 2827 3746; x_wconf 86' lang='lat' dir='ltr'><strong>In.</strong></span> 
     </span>
    </p>
   </div>
   <div class='ocr_carea' id='block_1_75' title="bbox 2009 3767 3632 3890">
    <p class='ocr_par' dir='ltr' id='par_1_75' title="bbox 2009 3767 3632 3890">
     <span class='ocr_line' id='line_1_75' title="bbox 2009 3767 3632 3890; baseline -0.001 -73"><span class='ocrx_word' id='word_1_489' title='bbox 2009 3767 2168 3890; x_wconf 72' lang='lat' dir='ltr'><strong>Gr(t8)</strong></span> <span class='ocrx_word' id='word_1_490' title='bbox 2213 3767 2295 3818; x_wconf 90' lang='lat' dir='ltr'><strong>Ita</strong></span> <span class='ocrx_word' id='word_1_491' title='bbox 2345 3767 2748 3832; x_wconf 86' lang='lat' dir='ltr'><strong>rescripsimus.</strong></span> <span class='ocrx_word' id='word_1_492' title='bbox 2802 3769 2952 3819; x_wconf 89' lang='lat' dir='ltr'><strong>Editi</strong></span> <span class='ocrx_word' id='word_1_493' title='bbox 2995 3782 3285 3832; x_wconf 87' lang='lat' dir='ltr'><strong>perperam</strong></span> <span class='ocrx_word' id='word_1_494' title='bbox 3329 3770 3632 3820; x_wconf 81' lang='lat' dir='ltr'><strong>Gamm‘am.</strong></span> 
     </span>
     <span class='ocr_line' id='line_1_76' title="bbox 2061 3851 2306 3890; baseline -0.004 0"><span class='ocrx_word' id='word_1_495' title='bbox 2061 3851 2306 3890; x_wconf 76' lang='lat' dir='ltr'><strong>ALLAND.</strong></span> 
     </span>
    </p>
   </div>
   <div class='ocr_carea' id='block_1_76' title="bbox 2767 4111 3609 4118">
    <p class='ocr_par' dir='ltr' id='par_1_76' title="bbox 2767 4111 3609 4118">
     <span class='ocr_line' id='line_1_77' title="bbox 2767 4111 3609 4118; baseline 0.004 -3"><span class='ocrx_word' id='word_1_496' title='bbox 2767 4113 2776 4115; x_wconf 97' lang='lat'>_</span> <span class='ocrx_word' id='word_1_497' title='bbox 2801 4111 3266 4118; x_wconf 56' lang='lat'><strong>-_..&#39;._—_._.._.._.</strong></span> <span class='ocrx_word' id='word_1_498' title='bbox 3297 4112 3302 4115; x_wconf 88' lang='lat'><strong>—</strong></span> <span class='ocrx_word' id='word_1_499' title='bbox 3319 4111 3609 4118; x_wconf 72' lang='lat'><strong>———-—.—-—</strong></span> 
     </span>
    </p>
   </div>
   <div class='ocr_carea' id='block_1_77' title="bbox 1475 4335 2391 4444">
    <p class='ocr_par' dir='ltr' id='par_1_77' title="bbox 1475 4335 2391 4444">
     <span class='ocr_line' id='line_1_78' title="bbox 1475 4335 2391 4444; baseline 0.001 -17"><span class='ocrx_word' id='word_1_500' title='bbox 1475 4335 1810 4428; x_wconf 81' lang='lat' dir='ltr'><strong>LIBER</strong></span> <span class='ocrx_word' id='word_1_501' title='bbox 1879 4335 2391 4444; x_wconf 86' lang='lat' dir='ltr'><strong>QUINTUS.</strong></span> 
     </span>
    </p>
   </div>
   <div class='ocr_carea' id='block_1_78' title="bbox 821 4762 1414 4817">
    <p class='ocr_par' dir='ltr' id='par_1_78' title="bbox 821 4762 1414 4817">
     <span class='ocr_line' id='line_1_79' title="bbox 821 4762 1414 4817; baseline 0 -1"><span class='ocrx_word' id='word_1_502' title='bbox 821 4762 1043 4817; x_wconf 83' lang='lat' dir='ltr'><strong>CAPUT</strong></span> <span class='ocrx_word' id='word_1_503' title='bbox 1082 4763 1364 4817; x_wconf 83' lang='lat' dir='ltr'><strong>PRIMUM.</strong></span> <span class='ocrx_word' id='word_1_504' title='bbox 1410 4790 1414 4794; x_wconf 86' lang='lat'><strong><em>-</em></strong></span> 
     </span>
    </p>
   </div>
   <div class='ocr_carea' id='block_1_79' title="bbox 346 4855 1907 4927">
    <p class='ocr_par' dir='ltr' id='par_1_79' title="bbox 346 4855 1907 4927">
     <span class='ocr_line' id='line_1_80' title="bbox 346 4855 1907 4927; baseline -0.001 -17"><span class='ocrx_word' id='word_1_505' title='bbox 346 4860 510 4911; x_wconf 83' lang='lat' dir='ltr'><strong>Anno</strong></span> <span class='ocrx_word' id='word_1_506' title='bbox 573 4856 760 4926; x_wconf 90' lang='lat' dir='ltr'><strong>primo</strong></span> <span class='ocrx_word' id='word_1_507' title='bbox 818 4856 990 4910; x_wconf 87' lang='lat' dir='ltr'><strong>delati</strong></span> <span class='ocrx_word' id='word_1_508' title='bbox 1042 4856 1268 4927; x_wconf 87' lang='lat' dir='ltr'><strong>imperii</strong></span> <span class='ocrx_word' id='word_1_509' title='bbox 1325 4856 1693 4927; x_wconf 89' lang='lat' dir='ltr'><strong>Vespasiano,</strong></span> <span class='ocrx_word' id='word_1_510' title='bbox 1742 4855 1907 4910; x_wconf 90' lang='lat' dir='ltr'><strong>bellis</strong></span> 
     </span>
    </p>
   </div>
   <div class='ocr_carea' id='block_1_80' title="bbox 273 4949 1905 5022">
    <p class='ocr_par' dir='ltr' id='par_1_80' title="bbox 273 4949 1905 5022">
     <span class='ocr_line' id='line_1_81' title="bbox 273 4949 1905 5022; baseline -0.001 -17"><span class='ocrx_word' id='word_1_511' title='bbox 273 4951 494 5022; x_wconf 88' lang='lat' dir='ltr'><strong>asperis</strong></span> <span class='ocrx_word' id='word_1_512' title='bbox 523 4949 720 5005; x_wconf 71' lang='lat' dir='ltr'><strong>Iudaea</strong></span> <span class='ocrx_word' id='word_1_513' title='bbox 754 4955 812 5004; x_wconf 90' lang='lat' dir='ltr'><strong>et</strong></span> <span class='ocrx_word' id='word_1_514' title='bbox 845 4949 1218 5005; x_wconf 91' lang='lat' dir='ltr'><strong>seditionibus</strong></span> <span class='ocrx_word' id='word_1_515' title='bbox 1259 4949 1592 5004; x_wconf 89' lang='lat' dir='ltr'><strong>domesticis</strong></span> <span class='ocrx_word' id='word_1_516' title='bbox 1624 4949 1905 5004; x_wconf 86' lang='lat' dir='ltr'><strong>laceraba-</strong></span> 
     </span>
    </p>
   </div>
   <div class='ocr_carea' id='block_1_81' title="bbox 273 5043 1900 5115">
    <p class='ocr_par' dir='ltr' id='par_1_81' title="bbox 273 5043 1900 5115">
     <span class='ocr_line' id='line_1_82' title="bbox 273 5043 1900 5115; baseline -0.001 -16"><span class='ocrx_word' id='word_1_517' title='bbox 273 5051 384 5111; x_wconf 88' lang='lat' dir='ltr'><strong>tur,</strong></span> <span class='ocrx_word' id='word_1_518' title='bbox 441 5061 544 5099; x_wconf 92' lang='lat' dir='ltr'><strong>nec</strong></span> <span class='ocrx_word' id='word_1_519' title='bbox 594 5060 696 5115; x_wconf 91' lang='lat' dir='ltr'><strong>per</strong></span> <span class='ocrx_word' id='word_1_520' title='bbox 741 5044 992 5098; x_wconf 90' lang='lat' dir='ltr'><strong>hiemem</strong></span> <span class='ocrx_word' id='word_1_521' title='bbox 1041 5043 1299 5098; x_wconf 89' lang='lat' dir='ltr'><strong>inducias</strong></span> <span class='ocrx_word' id='word_1_522' title='bbox 1350 5044 1632 5098; x_wconf 86' lang='lat' dir='ltr'><strong>malorum</strong></span> <span class='ocrx_word' id='word_1_523' title='bbox 1684 5047 1900 5115; x_wconf 88' lang='lat' dir='ltr'><strong>egerat,</strong></span> 
     </span>
    </p>
   </div>
   <div class='ocr_carea' id='block_1_82' title="bbox 272 5138 1903 5210">
    <p class='ocr_par' dir='ltr' id='par_1_82' title="bbox 272 5138 1903 5210">
     <span class='ocr_line' id='line_1_83' title="bbox 272 5138 1903 5210; baseline 0 -18"><span class='ocrx_word' id='word_1_524' title='bbox 272 5139 505 5210; x_wconf 88' lang='lat' dir='ltr'><strong>quando</strong></span> <span class='ocrx_word' id='word_1_525' title='bbox 550 5139 733 5194; x_wconf 89' lang='lat' dir='ltr'><strong>solent</strong></span> <span class='ocrx_word' id='word_1_526' title='bbox 773 5138 1051 5192; x_wconf 90' lang='lat' dir='ltr'><strong>bellorum</strong></span> <span class='ocrx_word' id='word_1_527' title='bbox 1101 5154 1247 5192; x_wconf 72' lang='lat' dir='ltr'><strong>saeva</strong></span> <span class='ocrx_word' id='word_1_528' title='bbox 1294 5138 1654 5210; x_wconf 89' lang='lat' dir='ltr'><strong>requiescere</strong></span> <span class='ocrx_word' id='word_1_529' title='bbox 1706 5155 1718 5192; x_wconf 91' lang='lat'><strong>:</strong></span> <span class='ocrx_word' id='word_1_530' title='bbox 1765 5139 1903 5210; x_wconf 89' lang='lat' dir='ltr'><strong>quin</strong></span> 
     </span>
    </p>
   </div>
   <div class='ocr_carea' id='block_1_83' title="bbox 273 5232 1907 5304">
    <p class='ocr_par' dir='ltr' id='par_1_83' title="bbox 273 5232 1907 5304">
     <span class='ocr_line' id='line_1_84' title="bbox 273 5232 1907 5304; baseline -0.001 -16"><span class='ocrx_word' id='word_1_531' title='bbox 273 5234 443 5288; x_wconf 88' lang='lat' dir='ltr'><strong>etiam</strong></span> <span class='ocrx_word' id='word_1_532' title='bbox 475 5233 675 5287; x_wconf 88' lang='lat' dir='ltr'><strong>tertius</strong></span> <span class='ocrx_word' id='word_1_533' title='bbox 697 5232 747 5287; x_wconf 92' lang='lat' dir='ltr'><strong>ei</strong></span> <span class='ocrx_word' id='word_1_534' title='bbox 773 5235 1050 5304; x_wconf 75' lang='lat' dir='ltr'><strong>tyrannus</strong></span> <span class='ocrx_word' id='word_1_535' title='bbox 1074 5233 1370 5286; x_wconf 88' lang='lat' dir='ltr'><strong>Eleazarus</strong></span> <span class='ocrx_word' id='word_1_536' title='bbox 1393 5237 1721 5299; x_wconf 89' lang='lat' dir='ltr'><strong>accesserat,</strong></span> <span class='ocrx_word' id='word_1_537' title='bbox 1745 5233 1907 5304; x_wconf 88' lang='lat' dir='ltr'><strong>quasi</strong></span> 
     </span>
    </p>
   </div>
   <div class='ocr_carea' id='block_1_84' title="bbox 272 5325 1905 5398">
    <p class='ocr_par' dir='ltr' id='par_1_84' title="bbox 272 5325 1905 5398">
     <span class='ocr_line' id='line_1_85' title="bbox 272 5325 1905 5398; baseline -0.002 -16"><span class='ocrx_word' id='word_1_538' title='bbox 272 5327 678 5382; x_wconf 86' lang='lat' dir='ltr'><strong>emendaturus</strong></span> <span class='ocrx_word' id='word_1_539' title='bbox 726 5327 858 5382; x_wconf 87' lang='lat' dir='ltr'><strong>vitia</strong></span> <span class='ocrx_word' id='word_1_540' title='bbox 902 5325 1284 5398; x_wconf 89' lang='lat' dir='ltr'><strong>superiorum,</strong></span> <span class='ocrx_word' id='word_1_541' title='bbox 1331 5326 1428 5396; x_wconf 86' lang='lat' dir='ltr'><strong>qui</strong></span> <span class='ocrx_word' id='word_1_542' title='bbox 1473 5326 1905 5396; x_wconf 89' lang='lat' dir='ltr'><strong>conjurantibus</strong></span> 
     </span>
    </p>
   </div>
   <div class='ocr_carea' id='block_1_85' title="bbox 271 5419 1903 5490">
    <p class='ocr_par' dir='ltr' id='par_1_85' title="bbox 271 5419 1903 5490">
     <span class='ocr_line' id='line_1_86' title="bbox 271 5419 1903 5490; baseline -0.001 -14"><span class='ocrx_word' id='word_1_543' title='bbox 271 5437 463 5476; x_wconf 88' lang='lat' dir='ltr'><strong>secum</strong></span> <span class='ocrx_word' id='word_1_544' title='bbox 507 5421 672 5490; x_wconf 80' lang='lat' dir='ltr'><strong>Juda,</strong></span> <span class='ocrx_word' id='word_1_545' title='bbox 720 5425 778 5476; x_wconf 89' lang='lat' dir='ltr'><strong>et</strong></span> <span class='ocrx_word' id='word_1_546' title='bbox 813 5419 1052 5476; x_wconf 90' lang='lat' dir='ltr'><strong>Zenonis</strong></span> <span class='ocrx_word' id='word_1_547' title='bbox 1094 5419 1351 5486; x_wconf 87' lang='lat' dir='ltr'><strong>Simone,</strong></span> <span class='ocrx_word' id='word_1_548' title='bbox 1394 5423 1452 5474; x_wconf 89' lang='lat' dir='ltr'><strong>et</strong></span> <span class='ocrx_word' id='word_1_549' title='bbox 1504 5421 1741 5474; x_wconf 82' lang='lat' dir='ltr'><strong>Ezechia</strong></span> <span class='ocrx_word' id='word_1_550' title='bbox 1788 5438 1903 5475; x_wconf 91' lang='lat' dir='ltr'><strong>non</strong></span> 
     </span>
    </p>
   </div>
   <div class='ocr_carea' id='block_1_86' title="bbox 273 5512 1901 5586">
    <p class='ocr_par' dir='ltr' id='par_1_86' title="bbox 273 5512 1901 5586">
     <span class='ocr_line' id='line_1_87' title="bbox 273 5512 1901 5586; baseline -0.001 -17"><span class='ocrx_word' id='word_1_551' title='bbox 273 5513 508 5586; x_wconf 89' lang='lat' dir='ltr'><strong>ignobili</strong></span> <span class='ocrx_word' id='word_1_552' title='bbox 553 5515 784 5586; x_wconf 90' lang='lat' dir='ltr'><strong>juvene,</strong></span> <span class='ocrx_word' id='word_1_553' title='bbox 834 5530 977 5585; x_wconf 91' lang='lat' dir='ltr'><strong>quos</strong></span> <span class='ocrx_word' id='word_1_554' title='bbox 1027 5512 1261 5586; x_wconf 89' lang='lat' dir='ltr'><strong>plurimi</strong></span> <span class='ocrx_word' id='word_1_555' title='bbox 1307 5513 1400 5568; x_wconf 86' lang='lat' dir='ltr'><strong>alii</strong></span> <span class='ocrx_word' id='word_1_556' title='bbox 1455 5513 1901 5582; x_wconf 86' lang='lat' dir='ltr'><strong>comitabantur,</strong></span> 
     </span>
    </p>
   </div>
   <div class='ocr_carea' id='block_1_87' title="bbox 274 5606 1901 5681">
    <p class='ocr_par' dir='ltr' id='par_1_87' title="bbox 274 5606 1901 5681">
     <span class='ocr_line' id='line_1_88' title="bbox 274 5606 1901 5681; baseline -0.002 -16"><span class='ocrx_word' id='word_1_557' title='bbox 274 5616 328 5665; x_wconf 86' lang='lat' dir='ltr'><strong>et</strong></span> <span class='ocrx_word' id='word_1_558' title='bbox 364 5609 654 5681; x_wconf 89' lang='lat' dir='ltr'><strong>occupatis</strong></span> <span class='ocrx_word' id='word_1_559' title='bbox 683 5608 887 5680; x_wconf 90' lang='lat' dir='ltr'><strong>templi</strong></span> <span class='ocrx_word' id='word_1_560' title='bbox 929 5606 1301 5663; x_wconf 89' lang='lat' dir='ltr'><strong>interioribus</strong></span> <span class='ocrx_word' id='word_1_561' title='bbox 1346 5610 1404 5661; x_wconf 92' lang='lat' dir='ltr'><strong>et</strong></span> <span class='ocrx_word' id='word_1_562' title='bbox 1442 5607 1681 5663; x_wconf 90' lang='lat' dir='ltr'><strong>circuitu</strong></span> <span class='ocrx_word' id='word_1_563' title='bbox 1719 5609 1901 5679; x_wconf 92' lang='lat' dir='ltr'><strong>omni,</strong></span> 
     </span>
    </p>
   </div>
   <div class='ocr_carea' id='block_1_88' title="bbox 273 5701 1902 5775">
    <p class='ocr_par' dir='ltr' id='par_1_88' title="bbox 273 5701 1902 5775">
     <span class='ocr_line' id='line_1_89' title="bbox 273 5701 1902 5775; baseline -0.001 -18"><span class='ocrx_word' id='word_1_564' title='bbox 273 5720 441 5775; x_wconf 89' lang='lat' dir='ltr'><strong>supra</strong></span> <span class='ocrx_word' id='word_1_565' title='bbox 465 5703 618 5759; x_wconf 83' lang='lat' dir='ltr'><strong>fores</strong></span> <span class='ocrx_word' id='word_1_566' title='bbox 655 5703 714 5757; x_wconf 91' lang='lat' dir='ltr'><strong>in</strong></span> <span class='ocrx_word' id='word_1_567' title='bbox 750 5701 1013 5758; x_wconf 89' lang='lat' dir='ltr'><strong>vestibuli</strong></span> <span class='ocrx_word' id='word_1_568' title='bbox 1054 5701 1228 5772; x_wconf 91' lang='lat' dir='ltr'><strong>ipsius</strong></span> <span class='ocrx_word' id='word_1_569' title='bbox 1267 5701 1473 5769; x_wconf 85' lang='lat' dir='ltr'><strong>fronte,</strong></span> <span class='ocrx_word' id='word_1_570' title='bbox 1506 5719 1669 5756; x_wconf 88' lang='lat' dir='ltr'><strong>arma</strong></span> <span class='ocrx_word' id='word_1_571' title='bbox 1703 5703 1902 5756; x_wconf 89' lang='lat' dir='ltr'><strong>consti-</strong></span> 
     </span>
    </p>
   </div>
   <div class='ocr_carea' id='block_1_89' title="bbox 275 5795 1903 5868">
    <p class='ocr_par' dir='ltr' id='par_1_89' title="bbox 275 5795 1903 5868">
     <span class='ocr_line' id='line_1_90' title="bbox 275 5795 1903 5868; baseline 0 -17"><span class='ocrx_word' id='word_1_572' title='bbox 275 5802 450 5852; x_wconf 79' lang='lat' dir='ltr'><strong>tuere.</strong></span> <span class='ocrx_word' id='word_1_573' title='bbox 477 5801 726 5852; x_wconf 78' lang='lat' dir='ltr'><strong>Joannes</strong></span> <span class='ocrx_word' id='word_1_574' title='bbox 757 5801 950 5852; x_wconf 88' lang='lat' dir='ltr'><strong>tamen</strong></span> <span class='ocrx_word' id='word_1_575' title='bbox 990 5795 1443 5868; x_wconf 86' lang='lat' dir='ltr'><strong>conspirantium</strong></span> <span class='ocrx_word' id='word_1_576' title='bbox 1485 5813 1728 5851; x_wconf 89' lang='lat' dir='ltr'><strong>numero</strong></span> <span class='ocrx_word' id='word_1_577' title='bbox 1760 5813 1903 5868; x_wconf 70' lang='lat' dir='ltr'><strong>prie-</strong></span> 
     </span>
    </p>
   </div>
   <div class='ocr_carea' id='block_1_90' title="bbox 274 5889 1896 5957">
    <p class='ocr_par' dir='ltr' id='par_1_90' title="bbox 274 5889 1896 5957">
     <span class='ocr_line' id='line_1_91' title="bbox 274 5889 1896 5957; baseline -0.002 -11"><span class='ocrx_word' id='word_1_578' title='bbox 274 5892 456 5948; x_wconf 86' lang='lat' dir='ltr'><strong>stabat</strong></span> <span class='ocrx_word' id='word_1_579' title='bbox 494 5897 549 5946; x_wconf 87' lang='lat' dir='ltr'><strong>et</strong></span> <span class='ocrx_word' id='word_1_580' title='bbox 590 5892 854 5947; x_wconf 89' lang='lat' dir='ltr'><strong>factionis</strong></span> <span class='ocrx_word' id='word_1_581' title='bbox 887 5889 1282 5957; x_wconf 90' lang='lat' dir='ltr'><strong>multitudine,</strong></span> <span class='ocrx_word' id='word_1_582' title='bbox 1323 5889 1421 5946; x_wconf 91' lang='lat' dir='ltr'><strong>sed</strong></span> <span class='ocrx_word' id='word_1_583' title='bbox 1458 5892 1578 5945; x_wconf 81' lang='lat' dir='ltr'><strong>loco</strong></span> <span class='ocrx_word' id='word_1_584' title='bbox 1620 5889 1851 5948; x_wconf 86' lang='lat' dir='ltr'><strong>inferior</strong></span> <span class='ocrx_word' id='word_1_585' title='bbox 1885 5907 1896 5943; x_wconf 89' lang='lat'><strong>:</strong></span> 
     </span>
    </p>
   </div>
   <div class='ocr_carea' id='block_1_91' title="bbox 1927 4760 3628 4846">
    <p class='ocr_par' dir='ltr' id='par_1_91' title="bbox 1927 4760 3628 4846">
     <span class='ocr_line' id='line_1_92' title="bbox 1927 4760 3628 4846; baseline -0.001 -30"><span class='ocrx_word' id='word_1_586' title='bbox 1927 4775 1986 4846; x_wconf 86' lang='lat' dir='ltr'><strong>D</strong></span> <span class='ocrx_word' id='word_1_587' title='bbox 2010 4761 2266 4833; x_wconf 89' lang='lat' dir='ltr'><strong>quamvis</strong></span> <span class='ocrx_word' id='word_1_588' title='bbox 2295 4776 2657 4832; x_wconf 88' lang='lat' dir='ltr'><strong>nequaquam</strong></span> <span class='ocrx_word' id='word_1_589' title='bbox 2686 4760 3010 4828; x_wconf 88' lang='lat' dir='ltr'><strong>feriaretur,</strong></span> <span class='ocrx_word' id='word_1_590' title='bbox 3043 4760 3140 4816; x_wconf 90' lang='lat' dir='ltr'><strong>sed</strong></span> <span class='ocrx_word' id='word_1_591' title='bbox 3177 4764 3522 4834; x_wconf 90' lang='lat' dir='ltr'><strong>repugnaret</strong></span> <span class='ocrx_word' id='word_1_592' title='bbox 3549 4777 3628 4814; x_wconf 85' lang='lat' dir='ltr'><strong>su-</strong></span> 
     </span>
    </p>
   </div>
   <div class='ocr_carea' id='block_1_92' title="bbox 2006 4853 3635 4927">
    <p class='ocr_par' dir='ltr' id='par_1_92' title="bbox 2006 4853 3635 4927">
     <span class='ocr_line' id='line_1_93' title="bbox 2006 4853 3635 4927; baseline -0.001 -18"><span class='ocrx_word' id='word_1_593' title='bbox 2006 4854 2345 4927; x_wconf 90' lang='lat' dir='ltr'><strong>perioribus,</strong></span> <span class='ocrx_word' id='word_1_594' title='bbox 2374 4853 2719 4925; x_wconf 89' lang='lat' dir='ltr'><strong>gravabatur</strong></span> <span class='ocrx_word' id='word_1_595' title='bbox 2739 4858 2956 4922; x_wconf 89' lang='lat' dir='ltr'><strong>tamen,</strong></span> <span class='ocrx_word' id='word_1_596' title='bbox 2984 4853 3135 4926; x_wconf 87' lang='lat' dir='ltr'><strong>quod</strong></span> <span class='ocrx_word' id='word_1_597' title='bbox 3164 4871 3336 4926; x_wconf 88' lang='lat' dir='ltr'><strong>supra</strong></span> <span class='ocrx_word' id='word_1_598' title='bbox 3365 4853 3635 4908; x_wconf 89' lang='lat' dir='ltr'><strong>verticem</strong></span> 
     </span>
    </p>
   </div>
   <div class='ocr_carea' id='block_1_93' title="bbox 2006 4947 3634 5020">
    <p class='ocr_par' dir='ltr' id='par_1_93' title="bbox 2006 4947 3634 5020">
     <span class='ocr_line' id='line_1_94' title="bbox 2006 4947 3634 5020; baseline -0.002 -16"><span class='ocrx_word' id='word_1_599' title='bbox 2006 4948 2244 5004; x_wconf 90' lang='lat' dir='ltr'><strong>haberet</strong></span> <span class='ocrx_word' id='word_1_600' title='bbox 2288 4949 2499 5004; x_wconf 88' lang='lat' dir='ltr'><strong>hostes.</strong></span> <span class='ocrx_word' id='word_1_601' title='bbox 2545 4947 2742 5003; x_wconf 91' lang='lat' dir='ltr'><strong>Simon</strong></span> <span class='ocrx_word' id='word_1_602' title='bbox 2791 4965 2924 5003; x_wconf 90' lang='lat' dir='ltr'><strong>vero</strong></span> <span class='ocrx_word' id='word_1_603' title='bbox 2967 4965 3139 5020; x_wconf 91' lang='lat' dir='ltr'><strong>quem</strong></span> <span class='ocrx_word' id='word_1_604' title='bbox 3178 4947 3282 5002; x_wconf 87' lang='lat' dir='ltr'><strong>sibi</strong></span> <span class='ocrx_word' id='word_1_605' title='bbox 3326 4952 3634 5020; x_wconf 82' lang='lat' dir='ltr'><strong>tyrannum</strong></span> 
     </span>
    </p>
   </div>
   <div class='ocr_carea' id='block_1_94' title="bbox 2007 5040 3632 5116">
    <p class='ocr_par' dir='ltr' id='par_1_94' title="bbox 2007 5040 3632 5116">
     <span class='ocr_line' id='line_1_95' title="bbox 2007 5040 3632 5116; baseline -0.002 -18"><span class='ocrx_word' id='word_1_606' title='bbox 2007 5043 2248 5116; x_wconf 90' lang='lat' dir='ltr'><strong>populus</strong></span> <span class='ocrx_word' id='word_1_607' title='bbox 2296 5042 2728 5111; x_wconf 80' lang='lat' dir='ltr'><strong>introduxerat,</strong></span> <span class='ocrx_word' id='word_1_608' title='bbox 2785 5042 3078 5114; x_wconf 86' lang='lat' dir='ltr'><strong>superiora</strong></span> <span class='ocrx_word' id='word_1_609' title='bbox 3134 5040 3287 5097; x_wconf 88' lang='lat' dir='ltr'><strong>urbis</strong></span> <span class='ocrx_word' id='word_1_610' title='bbox 3340 5041 3570 5097; x_wconf 87' lang='lat' dir='ltr'><strong>tenebat</strong></span> <span class='ocrx_word' id='word_1_611' title='bbox 3621 5058 3632 5095; x_wconf 95' lang='lat'>:</span> 
     </span>
    </p>
   </div>
   <div class='ocr_carea' id='block_1_95' title="bbox 2008 5135 3635 5210">
    <p class='ocr_par' dir='ltr' id='par_1_95' title="bbox 2008 5135 3635 5210">
     <span class='ocr_line' id='line_1_96' title="bbox 2008 5135 3635 5210; baseline -0.002 -18"><span class='ocrx_word' id='word_1_612' title='bbox 2008 5137 2278 5192; x_wconf 83' lang='lat' dir='ltr'><strong>inferiora</strong></span> <span class='ocrx_word' id='word_1_613' title='bbox 2315 5153 2538 5210; x_wconf 90' lang='lat' dir='ltr'><strong>quoque</strong></span> <span class='ocrx_word' id='word_1_614' title='bbox 2575 5137 2784 5209; x_wconf 91' lang='lat' dir='ltr'><strong>populo</strong></span> <span class='ocrx_word' id='word_1_615' title='bbox 2821 5137 2997 5208; x_wconf 86' lang='lat' dir='ltr'><strong>ipsius</strong></span> <span class='ocrx_word' id='word_1_616' title='bbox 3037 5135 3423 5207; x_wconf 90' lang='lat' dir='ltr'><strong>replebantur.</strong></span> <span class='ocrx_word' id='word_1_617' title='bbox 3467 5135 3635 5191; x_wconf 87' lang='lat' dir='ltr'><strong>Trino</strong></span> 
     </span>
    </p>
   </div>
   <div class='ocr_carea' id='block_1_96' title="bbox 2005 5229 3638 5303">
    <p class='ocr_par' dir='ltr' id='par_1_96' title="bbox 2005 5229 3638 5303">
     <span class='ocr_line' id='line_1_97' title="bbox 2005 5229 3638 5303; baseline -0.001 -17"><span class='ocrx_word' id='word_1_618' title='bbox 2005 5231 2204 5303; x_wconf 77' lang='lat' dir='ltr'><strong>proelio</strong></span> <span class='ocrx_word' id='word_1_619' title='bbox 2241 5231 2538 5286; x_wconf 87' lang='lat' dir='ltr'><strong>laborabat</strong></span> <span class='ocrx_word' id='word_1_620' title='bbox 2577 5231 2725 5286; x_wconf 87' lang='lat' dir='ltr'><strong>intra</strong></span> <span class='ocrx_word' id='word_1_621' title='bbox 2765 5248 2822 5286; x_wconf 91' lang='lat' dir='ltr'><strong>se</strong></span> <span class='ocrx_word' id='word_1_622' title='bbox 2870 5229 3060 5285; x_wconf 86' lang='lat' dir='ltr'><strong>civitas</strong></span> <span class='ocrx_word' id='word_1_623' title='bbox 3100 5247 3113 5284; x_wconf 92' lang='lat'>:</span> <span class='ocrx_word' id='word_1_624' title='bbox 3159 5230 3315 5284; x_wconf 92' lang='lat' dir='ltr'><strong>nulla</strong></span> <span class='ocrx_word' id='word_1_625' title='bbox 3360 5230 3638 5285; x_wconf 89' lang='lat' dir='ltr'><strong>intermis-</strong></span> 
     </span>
    </p>
   </div>
   <div class='ocr_carea' id='block_1_97' title="bbox 2007 5323 3635 5397">
    <p class='ocr_par' dir='ltr' id='par_1_97' title="bbox 2007 5323 3635 5397">
     <span class='ocr_line' id='line_1_98' title="bbox 2007 5323 3635 5397; baseline 0 -19"><span class='ocrx_word' id='word_1_626' title='bbox 2007 5325 2108 5395; x_wconf 91' lang='lat' dir='ltr'><strong>sio,</strong></span> <span class='ocrx_word' id='word_1_627' title='bbox 2148 5326 2307 5380; x_wconf 89' lang='lat' dir='ltr'><strong>nulla</strong></span> <span class='ocrx_word' id='word_1_628' title='bbox 2351 5325 2596 5397; x_wconf 87' lang='lat' dir='ltr'><strong>requies,</strong></span> <span class='ocrx_word' id='word_1_629' title='bbox 2644 5325 2816 5378; x_wconf 71' lang='lat' dir='ltr'><strong>nulla:</strong></span> <span class='ocrx_word' id='word_1_630' title='bbox 2858 5323 3124 5391; x_wconf 73' lang='lat' dir='ltr'><strong>inducim,</strong></span> <span class='ocrx_word' id='word_1_631' title='bbox 3170 5323 3478 5378; x_wconf 90' lang='lat' dir='ltr'><strong>momentis</strong></span> <span class='ocrx_word' id='word_1_632' title='bbox 3518 5341 3635 5379; x_wconf 92' lang='lat' dir='ltr'><strong>om-</strong></span> 
     </span>
    </p>
   </div>
   <div class='ocr_carea' id='block_1_98' title="bbox 2007 5417 3633 5490">
    <p class='ocr_par' dir='ltr' id='par_1_98' title="bbox 2007 5417 3633 5490">
     <span class='ocr_line' id='line_1_99' title="bbox 2007 5417 3633 5490; baseline -0.002 -16"><span class='ocrx_word' id='word_1_633' title='bbox 2007 5420 2173 5475; x_wconf 91' lang='lat' dir='ltr'><strong>nibus</strong></span> <span class='ocrx_word' id='word_1_634' title='bbox 2210 5419 2611 5474; x_wconf 87' lang='lat' dir='ltr'><strong>dimicabatur.</strong></span> <span class='ocrx_word' id='word_1_635' title='bbox 2647 5417 2801 5474; x_wconf 82' lang='lat' dir='ltr'><strong>Multi</strong></span> <span class='ocrx_word' id='word_1_636' title='bbox 2839 5418 3101 5485; x_wconf 90' lang='lat' dir='ltr'><strong>ruebant,</strong></span> <span class='ocrx_word' id='word_1_637' title='bbox 3132 5417 3419 5472; x_wconf 89' lang='lat' dir='ltr'><strong>innumeri</strong></span> <span class='ocrx_word' id='word_1_638' title='bbox 3453 5419 3633 5490; x_wconf 85' lang='lat' dir='ltr'><strong>jugu-</strong></span> 
     </span>
    </p>
   </div>
   <div class='ocr_carea' id='block_1_99' title="bbox 2006 5511 3637 5585">
    <p class='ocr_par' dir='ltr' id='par_1_99' title="bbox 2006 5511 3637 5585">
     <span class='ocr_line' id='line_1_100' title="bbox 2006 5511 3637 5585; baseline 0 -17"><span class='ocrx_word' id='word_1_639' title='bbox 2006 5515 2294 5582; x_wconf 89' lang='lat' dir='ltr'><strong>labantur,</strong></span> <span class='ocrx_word' id='word_1_640' title='bbox 2325 5513 2587 5568; x_wconf 88' lang='lat' dir='ltr'><strong>manabat</strong></span> <span class='ocrx_word' id='word_1_641' title='bbox 2617 5513 2867 5583; x_wconf 91' lang='lat' dir='ltr'><strong>sanguis,</strong></span> <span class='ocrx_word' id='word_1_642' title='bbox 2900 5511 3153 5566; x_wconf 86' lang='lat' dir='ltr'><strong>foedabat</strong></span> <span class='ocrx_word' id='word_1_643' title='bbox 3193 5511 3481 5580; x_wconf 87' lang='lat' dir='ltr'><strong>universa,</strong></span> <span class='ocrx_word' id='word_1_644' title='bbox 3513 5513 3637 5585; x_wconf 86' lang='lat' dir='ltr'><strong>ipsa</strong></span> 
     </span>
    </p>
   </div>
   <div class='ocr_carea' id='block_1_100' title="bbox 2006 5605 3634 5680">
    <p class='ocr_par' dir='ltr' id='par_1_100' title="bbox 2006 5605 3634 5680">
     <span class='ocr_line' id='line_1_101' title="bbox 2006 5605 3634 5680; baseline -0.001 -18"><span class='ocrx_word' id='word_1_645' title='bbox 2006 5608 2258 5680; x_wconf 88' lang='lat' dir='ltr'><strong>replebat</strong></span> <span class='ocrx_word' id='word_1_646' title='bbox 2289 5608 2482 5679; x_wconf 86' lang='lat' dir='ltr'><strong>templi</strong></span> <span class='ocrx_word' id='word_1_647' title='bbox 2515 5606 2735 5674; x_wconf 92' lang='lat' dir='ltr'><strong>limina,</strong></span> <span class='ocrx_word' id='word_1_648' title='bbox 2777 5606 2989 5677; x_wconf 87' lang='lat' dir='ltr'><strong>passim</strong></span> <span class='ocrx_word' id='word_1_649' title='bbox 3032 5605 3279 5660; x_wconf 87' lang='lat' dir='ltr'><strong>ruebant</strong></span> <span class='ocrx_word' id='word_1_650' title='bbox 3318 5605 3592 5660; x_wconf 83' lang='lat' dir='ltr'><strong>cadavera</strong></span> <span class='ocrx_word' id='word_1_651' title='bbox 3622 5625 3634 5660; x_wconf 89' lang='lat'>:</span> 
     </span>
    </p>
   </div>
   <div class='ocr_carea' id='block_1_101' title="bbox 2007 5700 3637 5774">
    <p class='ocr_par' dir='ltr' id='par_1_101' title="bbox 2007 5700 3637 5774">
     <span class='ocr_line' id='line_1_102' title="bbox 2007 5700 3637 5774; baseline -0.002 -19"><span class='ocrx_word' id='word_1_652' title='bbox 2007 5702 2224 5774; x_wconf 86' lang='lat' dir='ltr'><strong>sagittis</strong></span> <span class='ocrx_word' id='word_1_653' title='bbox 2266 5702 2386 5766; x_wconf 86' lang='lat' dir='ltr'><strong>alii,</strong></span> <span class='ocrx_word' id='word_1_654' title='bbox 2433 5701 2528 5756; x_wconf 79' lang='lat' dir='ltr'><strong>alii</strong></span> <span class='ocrx_word' id='word_1_655' title='bbox 2574 5700 2875 5756; x_wconf 91' lang='lat' dir='ltr'><strong>missilibus</strong></span> <span class='ocrx_word' id='word_1_656' title='bbox 2918 5700 3290 5754; x_wconf 86' lang='lat' dir='ltr'><strong>feriebantur.</strong></span> <span class='ocrx_word' id='word_1_657' title='bbox 3336 5702 3484 5755; x_wconf 90' lang='lat' dir='ltr'><strong>Inter</strong></span> <span class='ocrx_word' id='word_1_658' title='bbox 3527 5709 3637 5755; x_wconf 80' lang='lat' dir='ltr'><strong>tres</strong></span> 
     </span>
    </p>
   </div>
   <div class='ocr_carea' id='block_1_102' title="bbox 2005 5796 3637 5865">
    <p class='ocr_par' dir='ltr' id='par_1_102' title="bbox 2005 5796 3637 5865">
     <span class='ocr_line' id='line_1_103' title="bbox 2005 5796 3637 5865; baseline -0.002 -15"><span class='ocrx_word' id='word_1_659' title='bbox 2005 5798 2227 5850; x_wconf 83' lang='lat' dir='ltr'><strong>medius</strong></span> <span class='ocrx_word' id='word_1_660' title='bbox 2281 5801 2399 5850; x_wconf 84' lang='lat' dir='ltr'><strong>erat</strong></span> <span class='ocrx_word' id='word_1_661' title='bbox 2444 5799 2703 5856; x_wconf 78' lang='lat' dir='ltr'><strong>Joannes,</strong></span> <span class='ocrx_word' id='word_1_662' title='bbox 2761 5796 2998 5850; x_wconf 80' lang='lat' dir='ltr'><strong>inferior</strong></span> <span class='ocrx_word' id='word_1_663' title='bbox 3043 5797 3325 5861; x_wconf 81' lang='lat' dir='ltr'><strong>Eleazaro,</strong></span> <span class='ocrx_word' id='word_1_664' title='bbox 3375 5796 3637 5865; x_wconf 82' lang='lat' dir='ltr'><strong>superior</strong></span> 
     </span>
    </p>
   </div>
   <div class='ocr_carea' id='block_1_103' title="bbox 2003 5888 3635 5969">
    <p class='ocr_par' dir='ltr' id='par_1_103' title="bbox 2003 5888 3635 5969">
     <span class='ocr_line' id='line_1_104' title="bbox 2003 5888 3635 5969; baseline -0.002 -23"><span class='ocrx_word' id='word_1_665' title='bbox 2003 5891 2234 5946; x_wconf 87' lang='lat' dir='ltr'><strong>Simone</strong></span> <span class='ocrx_word' id='word_1_666' title='bbox 2283 5907 2294 5943; x_wconf 73' lang='grc' dir='ltr'>ε</span> <span class='ocrx_word' id='word_1_667' title='bbox 2345 5906 2458 5969; x_wconf 85' lang='lat' dir='ltr'><strong>quo</strong></span> <span class='ocrx_word' id='word_1_668' title='bbox 2510 5891 2892 5969; x_wconf 86' lang='lat' dir='ltr'><strong>superabatur</strong></span> <span class='ocrx_word' id='word_1_669' title='bbox 2940 5889 3009 5946; x_wconf 85' lang='lat' dir='ltr'><strong>ab</strong></span> <span class='ocrx_word' id='word_1_670' title='bbox 3060 5891 3343 5957; x_wconf 85' lang='lat' dir='ltr'><strong>Eleazaro,</strong></span> <span class='ocrx_word' id='word_1_671' title='bbox 3395 5905 3459 5943; x_wconf 83' lang='lat' dir='ltr'><strong>eo</strong></span> <span class='ocrx_word' id='word_1_672' title='bbox 3514 5888 3635 5956; x_wconf 89' lang='lat' dir='ltr'><strong>ipso</strong></span> 
     </span>
    </p>
   </div>
  </div>
