4072 6192
494 289 634 342 2235
1969 289 2022 343 S.
2065 288 2385 344 AMBROSII
3684 296 3795 351 2236

493 410 794 480 superabat
819 410 1109 467 Simonem
1144 430 1157 465 :
1192 412 1410 467 medius
1449 413 1602 467 enim
1639 413 1789 469 inter
1819 415 2123 483 utrumque
2145 411 2336 497 Atuis
2363 413 2559 483 armis,
2594 416 2765 485 atque
2797 413 2854 467 in
2890 414 2949 467 te
2991 428 3273 468 conversas
3318 428 3509 468 manus
3540 417 3640 469 tua:
3670 422 3794 483 sunt,

492 520 625 560 eum
654 504 842 561 locum
876 504 1125 575 tenebat,
1155 510 1220 561 ut
1244 522 1359 577 quo
1387 506 1498 579 (19)
1527 506 1657 579 plus
1691 511 2028 579 gravaretur
2052 506 2123 560 ab

488 598 690 665 altero,
721 604 779 654 et
807 600 929 672 ipse
957 599 1083 671 plus
1106 605 1336 655 noceret
1363 600 1548 667 alteri,
1577 600 1905 656 instructior
1930 603 2122 655 tamen

491 692 715 748 cieteris
752 693 1018 749 subsidiis
1059 693 1477 761 machinarum,
1522 698 1579 749 et
1621 711 1830 767 genere
1875 696 2122 750 telorum

491 784 706 840 bellum
735 786 997 857 aequabat
1026 803 1039 841 :
1069 786 1145 841 ita
1176 791 1387 855 tamen,
1420 791 1485 842 ut
1521 792 1729 859 praeter
1754 803 1852 842 eos
1878 788 1974 859 qui
2004 788 2120 843 bel-

492 877 612 932 lum
653 885 968 950 moverent,
1006 880 1266 952 plerique
1308 881 1475 936 etiam
1514 881 1876 937 sacerdotum
1903 881 2120 936 interti-

493 976 780 1041 cerentur,
809 979 981 1046 atque
1018 974 1170 1030 inter
1207 974 1358 1046 ipsas
1394 991 1535 1047 quas
1576 979 1967 1031 mactaverant
1992 976 2120 1031 hos-

495 1066 616 1136 tias,
649 1067 1113 1124 immolarentur.
1151 1068 1419 1133 Quamvis
1448 1069 1603 1124 enim
1643 1071 1915 1142 frequens
1952 1087 2125 1142 super

494 1160 785 1216 universos
831 1166 1021 1217 rueret
1066 1162 1309 1217 telorum
1353 1179 1537 1234 seges,
1587 1168 1646 1218 et
1687 1164 1896 1236 ubique
1936 1164 2118 1219 ferve-

491 1259 623 1310 rent
660 1256 885 1325 praelia,
926 1261 1121 1311 tamen
1163 1256 1483 1311 sacerdotes
1524 1257 1878 1313 sacriﬁcandi
1923 1257 2118 1312 minis-

490 1348 701 1403 terium
740 1349 1076 1404 solemniter
1120 1349 1388 1415 obibant;
1435 1366 1537 1405 nec
1574 1351 1931 1406 feriebantur
1968 1368 2119 1408 com-

494 1441 664 1496 misso
716 1442 819 1496 sibi
869 1459 1131 1511 munere,
1177 1447 1234 1498 et
1282 1461 1395 1516 quo
1444 1445 1504 1499 in
1550 1446 1915 1501 interioribus
1960 1452 2124 1501 erant

492 1536 712 1606 templi,
755 1553 822 1590 eo
862 1537 1091 1608 gravius
1131 1538 1568 1609 perimebantur
1604 1558 1615 1593 :
1658 1540 1795 1611 quia
1838 1543 2121 1615 tormento

493 1628 602 1683 acti
637 1629 1090 1686 vehementiores
1128 1631 1272 1686 ictus
1310 1632 1617 1688 habebant.
1646 1633 1912 1705 Plerique
1950 1634 2119 1688 etiam

492 1722 591 1794 qui
635 1722 703 1778 de
747 1723 951 1779 ultimo
987 1724 1123 1780 orbe
1161 1731 1457 1796 precatum
1498 1731 1790 1794 venerant,
1834 1731 2122 1799 sperantes

2224 522 2352 577 quae
2377 506 2596 562 solebas
2632 507 2757 562 sine
2790 507 2963 561 armis
3000 506 3248 573 vincere,
3277 511 3335 561 et
3362 505 3476 561 sine
3507 507 3611 562 ullo
3634 510 3798 580 prelio

2226 600 2450 655 hostem
2489 600 2680 669 ferire,
2722 617 2853 655 cum
2898 616 3002 672 pro
3047 603 3103 654 te
3151 599 3343 671 angeli
3382 600 3718 669 dimicarent,
3753 608 3800 658 et

2224 695 2534 750 militarent
2589 694 2691 750 tibi
2739 695 2945 749 fluctus
3003 694 3194 763 maris,
3249 699 3414 749 terra:
3462 694 3656 765 hiatus,
3699 697 3801 752 coeli

2223 788 2521 859 fragores?
2568 789 2824 859 Exsurge
2868 804 3045 858 nunc,
3092 788 3287 857 Moses,
3337 793 3394 842 et
3435 788 3557 842 vide
3606 795 3799 860 gentem

2223 887 2379 937 tuam
2409 885 2468 937 et
2492 881 2891 937 haereditatem
2925 882 3120 953 populi
3145 881 3252 937 tibi
3288 881 3481 937 crediti
3507 882 3679 953 perire
3702 899 3800 938 ma-

2225 976 2393 1032 nibus
2422 976 2553 1031 suis.
2581 976 2783 1048 Aspice
2813 977 3095 1049 populum
3126 975 3287 1030 illum
3321 976 3440 1041 Dei,
3467 976 3553 1030 cui
3578 978 3802 1047 pervium

2226 1069 2512 1142 gradienti
2550 1086 2709 1125 mare
2745 1071 2991 1141 patebat,
3032 1069 3124 1124 cui
3161 1068 3433 1125 esurienti
3469 1086 3612 1125 escas
3634 1070 3805 1128 calum

2223 1146 2709 1233 subministrabat,
2742 1164 2864 1219 sine
2902 1163 3048 1218 mari
3090 1163 3365 1233 clausum,
3405 1164 3522 1219 sine
3555 1164 3806 1220 Pharaone

2224 1259 2531 1325 obsessum,
2579 1259 2701 1313 sine
2744 1263 3030 1313 terrarum
3076 1257 3372 1313 sterilitate
3415 1257 3681 1329 jejunum.
3724 1259 3804 1312 Ex—

2224 1369 2412 1423 surge,
2455 1356 2660 1420 Aaron,
2710 1352 2809 1423 qui
2847 1351 3178 1423 aliquando,
3221 1368 3352 1405 cum
3396 1354 3622 1423 propter
3654 1352 3804 1406 offen-

2223 1463 2341 1499 sam
2388 1445 2485 1502 Dei
2530 1445 2941 1517 omnipotentis
2982 1462 3132 1500 mors
3177 1444 3458 1517 plurimos
3502 1445 3687 1517 populi
3727 1445 3807 1499 de.

2222 1545 2573 1613 pasceretur,
2620 1538 2824 1594 stetisti
2870 1539 3020 1594 inter
3065 1538 3317 1594 viventes
3361 1554 3429 1594 ac
3482 1542 3731 1606 mortuos,
3768 1544 3813 1592 et

2221 1650 2378 1688 mors
2402 1632 2574 1700 stetit,
2608 1637 2779 1705 atque
2828 1632 3053 1704 objectu
3092 1632 3346 1704 corporis
3392 1632 3475 1686 tui
3512 1632 3666 1686 haesit
3695 1632 3809 1699 lues,

2222 1743 2328 1781 nec
2351 1726 2591 1782 transire
2618 1726 2805 1798 potuit
2832 1726 2905 1781 ad
2932 1725 3336 1798 contagionem
3366 1725 3687 1781 viventium.
3707 1726 3812 1781 Sus-

489 1816 747 1871 remedia
783 1818 1000 1886 salutis,
1034 1835 1149 1890 quo
1187 1820 1376 1892 magis
1415 1822 1627 1893 templo
1660 1821 2022 1889 inhaeserant,
2052 1799 2198 1877 eoB
2223 1820 2396 1875 citare
2425 1823 2484 1874 et
2512 1824 2591 1889 tu,
2628 1822 2762 1875 Jesu
2798 1821 2966 1887 Nave,
3010 1820 3111 1891 qui
3147 1835 3340 1877 muros
3380 1818 3813 1890 inexpugnabiles

488 1909 799 1981 majoribus
828 1913 1097 1983 periculis
1142 1914 1602 1970 involvebantur.
1635 1917 1908 1971 Cerneres
1935 1922 2115 1971 exter-

490 2020 597 2059 nos
635 2022 765 2059 cum
801 2005 1035 2075 civibus,
1064 2008 1385 2063 sacerdotes
1418 2009 1588 2063 simul
1631 2013 1688 2063 et
1734 2010 1999 2081 profanos
2030 2012 2117 2082 ja-

490 2114 638 2167 cere,
681 2115 880 2170 graves
921 2116 1055 2157 cum
1098 2101 1376 2173 turpibus,
1423 2102 1735 2158 luxuriosos
1778 2121 1906 2158 cum
1949 2105 2117 2160 absti-

492 2191 774 2260 nentibus,
798 2194 1153 2266 confusoque
1181 2195 1441 2250 omnium
1466 2196 1790 2268 promiscue
1816 2198 2118 2269 sanguine,

489 2289 546 2339 et
606 2286 766 2356 quasi
831 2288 1106 2359 profluvio
1172 2289 1541 2357 decurrente,
1610 2290 1908 2347 interiores
1974 2292 2120 2363 ipsos

487 2382 756 2451 stagnare
784 2398 1035 2437 secessus
1066 2383 1282 2454 templi,
1315 2382 1371 2437 in
1413 2384 1650 2439 circuitu
1689 2386 1881 2440 omnia
1916 2402 2119 2441 cruore

488 2476 825 2545 tumescere,
863 2481 923 2531 ut
950 2477 1232 2548 plerique,
1275 2479 1412 2533 dum
1445 2480 1687 2535 invicem
1726 2484 2115 2552 propugnato-

488 2584 580 2622 res
628 2568 874 2639 partium
919 2575 1139 2642 petunt,
1184 2572 1403 2627 lubrico
1447 2573 1667 2643 offensi,
1713 2574 1963 2645 quassati
2009 2575 2118 2646 (20)

485 2662 701 2732 furore,
730 2662 792 2717 in
820 2664 1103 2734 sanguine
1135 2665 1643 2737 demergerentur;
1679 2683 1781 2722 nec
1819 2667 1895 2722 sic
1923 2672 2115 2722 tanien

484 2756 755 2828 periculis
795 2758 977 2813 territi
1020 2759 1382 2815 abstinebant
1423 2779 1457 2815 a
1499 2761 1697 2832 praelio
1744 2767 2114 2832 tyrannorum

486 2851 760 2905 satellites
803 2868 816 2906 :
866 2855 925 2907 et
972 2869 1085 2925 quo
1136 2854 1321 2925 majus
1366 2856 1710 2927 periculum,
1758 2873 1824 2909 eo
1871 2857 2117 2928 amplius

488 2943 826 3001 dcsmviebat
859 2952 1171 3019 tempestas
1209 2949 1438 3004 furoris.
1474 2949 1531 3005 Si
1575 2950 1642 3004 iis
1685 2951 1911 3021 gravius
1951 2950 2113 3005 incn-

484 3037 689 3094 buerat
712 3040 968 3109 exitium,
991 3042 1087 3096 alii
1115 3043 1277 3113 quasi
1306 3042 1374 3097 ad
1404 3043 1698 3099 victoriam
1722 3044 2116 3100 vehementius

487 3130 902 3202 invitabantur,
958 3137 1023 3189 ut
1076 3136 1332 3190 turbatos
1383 3136 1688 3193 deferrent.
1745 3140 1810 3194 Et
1853 3139 2192 3239 Eleazaroc

484 3226 714 3297 quidem
755 3228 841 3282 vel
876 3228 1091 3283 Simoni
1125 3228 1360 3285 sedendi
1403 3233 1648 3301 potestas
1686 3235 1830 3301 erat,
1864 3236 1924 3286 ut
1956 3233 2116 3302 quasi

488 3304 826 3391 quibusdam
870 3322 959 3375 vel
1009 3322 1283 3378 horarum
1330 3340 1390 3377 se
1439 3329 1771 3395 repararent
1813 3324 2054 3381 induciis
2102 3343 2113 3380 :

482 3414 727 3468 Joannes
767 3430 896 3470 vero
931 3432 1161 3488 semper
1194 3417 1252 3471 in
1301 3418 1618 3490 procinctu,
1650 3419 1957 3474 momentis
1994 3436 2113 3474 om-

485 3507 655 3561 nibus
697 3508 752 3563 in
792 3509 1105 3565 certamine
1136 3528 1148 3565 :
1194 3512 1239 3566 si
1275 3511 1596 3584 superiores
1634 3512 1984 3585 quieverant,
2019 3526 2113 3569 ur-

486 3601 695 3671 gebant
739 3602 1040 3657 inferiores
1084 3620 1152 3658 ex
1195 3610 1357 3676 parte
1402 3606 1648 3662 Simonis
1693 3622 1704 3660 :
1752 3607 1795 3659 si
1840 3607 1943 3661 bos
1985 3624 2113 3679 per-

483 3697 876 3766 turbaverant,
909 3697 1207 3753 Eleazarus
1251 3699 1582 3770 infestabat,
1619 3717 1723 3756 nec
1763 3701 1885 3773 ipse
1922 3706 2115 3757 tamen

482 3788 605 3843 illos
645 3790 867 3861 quietos
903 3807 1023 3847 esse
1070 3792 1395 3864 patiebatur
1436 3794 1572 3849 :ubi
1619 3794 1757 3849 alios
1796 3796 2113 3867 depulerat,

485 3884 544 3937 in
585 3884 721 3939 alios
750 3884 1104 3958 prosiliebat,
1142 3886 1383 3959 pervigil
1419 3888 1477 3943 in
1519 3889 1855 3960 certamine,
1899 3895 1957 3945 et
1995 3890 2117 3963 ipsa

484 3978 734 4049 impiger
765 3978 1102 4036 crudelitate
1142 3997 1154 4035 :
1195 3980 1291 4035 ubi
1327 3981 1639 4054 parcebant
1667 3983 1810 4051 telis,
1844 3984 2006 4056 ignes
2024 3984 2111 4056 ja-

484 4070 854 4141 culabantur,
902 4073 1001 4144 qui
1053 4074 1484 4145 comprehensis
1538 4081 1818 4132 tectorum
1877 4078 2116 4150 fastigiis

485 4165 946 4236 depascebantur
980 4167 1204 4236 domos,
1236 4185 1363 4241 qum
1403 4170 1628 4226 referta:
1659 4172 1918 4243 frugibus
1944 4178 2112 4240 caste-

483 4259 672 4330 risque
712 4258 979 4314 subsidiis
1017 4261 1448 4329 alimentorum,
1483 4264 1554 4318 ad
1596 4263 1727 4318 belli
1762 4266 2115 4321 tolerantiam

481 4350 820 4424 prolixioris,
852 4353 1064 4425 pariter
1100 4356 1489 4411 exurebantur
1518 4374 1530 4412 :
1561 4357 1879 4432 majorique
1906 4359 2115 4432 pabula

482 4446 749 4502 incendio
792 4447 1095 4513 dabantur,
1136 4450 1380 4506 ruebant
1423 4451 1686 4507 ambusta
1726 4454 2111 4521 materiarum,

2219 1914 2443 1969 Jericho
2513 1913 2904 1969 sacerdotibus
2981 1914 3114 1969 tuba
3187 1912 3523 1968 canentibus
3595 1912 3811 1983 compla-

2220 2008 2395 2074 uasti;
2424 2013 2480 2063 et
2505 2007 2633 2062 vide
2667 2009 2938 2079 populum
2975 2008 3066 2062 cui
3105 2013 3332 2062 exteros
3364 2006 3666 2078 subjecisti,
3690 2020 3814 2059 nunc

2223 2102 2485 2157 eumdem
2549 2101 2871 2173 subjectum
2938 2101 3206 2174 opprimi.
3264 2099 3585 2168 Suscitare,
3634 2099 3812 2165 David,

2222 2202 2658 2267 exasperantem
2717 2196 2979 2268 Spiritum
3033 2196 3265 2250 citharae
3327 2195 3600 2249 suavitate
3648 2192 3816 2248 solitus

2221 2290 2552 2357 excludere;
2591 2295 2649 2345 et
2684 2290 2829 2358 vide,
2863 2289 3347 2362 quemadmodum
3395 2288 3715 2344 dominetur
3745 2287 3815 2340 fu-

2218 2400 2336 2451 ror,
2393 2389 2562 2456 atque
2615 2399 2848 2439 omnem
2907 2383 3247 2438 suavitatem
3300 2381 3656 2437 Psalmorum
3710 2386 3815 2435 tuo-

2221 2494 2348 2533 rum
2394 2493 2465 2534 ex
2500 2478 2860 2549 perditorum
2911 2477 3169 2533 sensibus
3208 2476 3541 2543 obsoluerit,
3581 2478 3638 2530 et
3676 2490 3819 2529 unus-

2219 2571 2461 2644 quisque
2513 2573 2584 2627 de
2637 2571 2989 2644 principibus
3043 2571 3320 2642 populum
3389 2569 3705 2625 universum
3758 2566 3818 2622 ad

2218 2668 2464 2720 mortem
2535 2665 2769 2733 offerat,
2825 2671 2889 2719 ut
2952 2665 3277 2719 libertatem
3346 2666 3692 2735 extorqueat,
3737 2678 3819 2732 pro

2218 2775 2332 2831 quo
2384 2762 2436 2813 te
2482 2759 2669 2832 ipsum
2717 2760 2885 2813 morti
2930 2757 3233 2813 offerebas.
3280 2758 3590 2826 Suscitare,
3631 2756 3817 2821 Elisaze,

2218 2854 2316 2925 qui
2373 2853 2596 2908 hostem
2653 2852 3020 2908 introduxisti
3073 2852 3130 2906 in
3183 2852 3542 2917 Samariam,
3598 2856 3651 2905 et
3697 2850 3816 2905 ami-

2218 2964 2350 3002 cum
2396 2947 2585 3002 fecisti
2628 2965 2643 3002 :
2693 2962 2799 3018 per
2845 2950 2901 3001 te
2956 2947 3015 3001 in
3065 2947 3267 3001 castris
3316 2945 3499 3016 Syris:
3545 2943 3817 3017 quadriga-

2218 3059 2344 3097 rum
2379 3040 2662 3114 increpuit
2705 3041 2902 3112 fragor
2940 3043 2999 3095 et
3043 3057 3144 3096 vox
3187 3041 3454 3112 equitum
3498 3046 3553 3095 et
3594 3055 3690 3093 vox
3725 3038 3817 3091 vir-

2219 3138 2387 3207 tutis;
2416 3136 2567 3207 fngit
2607 3135 2802 3204 hostis,
2844 3134 3022 3189 evasit
3062 3134 3424 3190 obsidionem
3465 3133 3707 3191 Iudaeus.
3734 3130 3821 3187 Ubi

2220 3247 2374 3286 nunc
2404 3230 2511 3286 ista
2538 3228 2773 3296 merita,
2799 3228 3069 3284 ubinunc
3097 3228 3216 3284 ista
3245 3229 3613 3301 operationes
3632 3229 3822 3281 sancto-

2217 3325 2386 3380 rum?
2406 3326 2516 3380 Nec
2538 3323 2775 3393 mirum,
2800 3324 2847 3377 si
2874 3323 3194 3379 amiserunt
3218 3323 3635 3395 prophetarum
3654 3336 3819 3393 Opera,

2219 3419 2318 3490 qui
2359 3420 2719 3491 negaverunt
2763 3416 3180 3489 prophetarum
3228 3415 3515 3473 arbitrum
3557 3433 3569 3471 :
3611 3415 3818 3485 ideoque

2216 3512 2276 3567 in
2308 3515 2361 3568 te
2385 3512 2582 3568 Iudaea
2622 3527 2788 3566 arma
2828 3514 3134 3567 vertuntur
3167 3516 3287 3578 tua,
3326 3514 3381 3585 et
3423 3510 3700 3567 orationes
3726 3510 3819 3562 tua:

2216 3606 2359 3661 nihil
2400 3606 2499 3661 tibi
2540 3609 2799 3678 prosunt,
2844 3605 2979 3676 quia
3020 3605 3157 3660 tides
3197 3608 3298 3659 tua
3345 3604 3495 3660 nihil
3533 3608 3814 3676 operatur:

2216 3701 2345 3756 ideo
2382 3700 2687 3755 adversum
2726 3704 2779 3755 te
2815 3699 2994 3755 factus
3032 3702 3118 3754 est
3154 3699 3408 3772 populus
3440 3704 3595 3769 tuus,
3626 3692 3818 3770 quiain

2217 3799 2273 3850 te
2305 3811 2580 3850 conversa
2604 3797 2694 3849 est
2719 3792 2961 3865 perfidia
2987 3796 3102 3848 tua.
3133 3792 3298 3858 Quod
3328 3792 3651 3850 remedium
3681 3806 3817 3862 qua:-

2216 3890 2382 3957 ritur,
2419 3888 2520 3943 ubi
2557 3893 2759 3943 auctor
2797 3887 3031 3943 remedii
3070 3903 3185 3942 non
3228 3886 3669 3943 reconciliatur?
3699 3880 3819 3949 Quid

2216 3982 2462 4055 putabas
2503 3982 2783 4049 futurum,
2832 3997 2963 4035 cum
3013 3980 3454 4051 tuis.manibus
3503 3980 3817 4036 Salvatorem

2216 4082 2377 4133 tuum
2414 4075 2807 4147 cruciﬁgeres;
2849 4091 2980 4130 cum
3024 4074 3134 4129 tuis
3175 4074 3447 4129 manibus
3486 4075 3657 4130 vitam
3682 4077 3818 4128 tuam

2217 4170 2625 4243 exstingueres,
2675 4185 2806 4224 cum
2846 4168 2958 4223 tuis
3010 4168 3243 4223 vocibus
3296 4168 3636 4224 advocatum
3679 4170 3817 4220 tuum

2217 4264 2667 4331 exterminares;
2726 4262 2836 4325 tuis
2906 4261 3373 4317 intestationibus
3447 4260 3817 4317 auxiliatorem

2215 4363 2379 4415 tuum
2420 4356 2809 4413 interficeres?
2845 4357 2959 4411 Nisi
3000 4359 3064 4411 ut
3095 4356 3153 4411 in
3198 4360 3252 4411 te
3289 4372 3522 4428 quoque
3561 4360 3680 4411 tuas
3712 4350 3816 4422 inji-

2216 4470 2375 4509 ceres
2417 4468 2642 4507 manus.
2697 4450 2882 4506 Habes
2931 4450 3085 4522 quod
3135 4451 3327 4522 petisti
3366 4468 3379 4505 :
3430 4447 3688 4522 eripuisti
3730 4443 3816 4527 tibi

484 4539 932 4596 devolvebantur
958 4542 1293 4599 sublimium
1336 4544 1705 4601 aediﬁciorum
1734 4547 2003 4602 culmina.
2035 4549 2114 4602 Ita
2132 4540 2192 4612 D
2217 4547 2520 4620 praesulem
2546 4545 2723 4618 pacis,
2754 4544 2946 4616 petisti
2988 4544 3178 4599 necari
3220 4545 3350 4599 vitae
3379 4543 3672 4610 arbitrum,
3699 4554 3812 4595 con-

481 4634 780 4706 sanguine,
810 4635 1097 4707 incendio,
1134 4639 1317 4707 ruina,
1357 4640 1530 4708 fame,
1572 4639 1742 4695 totius
1775 4640 1929 4696 urbis
1963 4642 2117 4697 nervi

482 4728 937 4786 succidebantur.
978 4732 1174 4787 Nullus
1202 4733 1361 4789 locus
1406 4734 1661 4807 periculo
1700 4735 1949 4806 vacabat,
1989 4737 2112 4791 nul-

479 4822 601 4877 lum
633 4823 870 4879 consilio
909 4829 1138 4897 tempus
1175 4827 1593 4900 reperiebatur,
1626 4829 1786 4885 nulla
1826 4847 1951 4902 spes
1980 4846 2114 4885 con-

480 4917 779 4986 versionis,
812 4918 969 4975 nulla
1006 4920 1261 4993 fugiendi
1291 4922 1451 4994 copia
1491 4929 1631 4979 erat.
1670 4925 1859 4980 Maasta
1897 4924 2112 4993 omnia,

479 5011 652 5083 plena
690 5012 968 5085 horroris,
1011 5014 1181 5087 plena
1227 5016 1619 5085 immanitatis,
1652 5018 1865 5091 ubique
1906 5019 2111 5088 luctus,

482 5104 693 5177 ubique
743 5124 935 5178 pavor,
984 5108 1193 5181 ubique
1244 5110 1458 5166 clamor
1501 5111 1833 5181 mulierum,
1874 5112 2115 5184 ejulatus

477 5216 700 5272 senum,
729 5202 1099 5258 morientium
1128 5205 1396 5276 gemitus,
1428 5205 1737 5261 viventium
1765 5205 2111 5278 desperatio,

476 5298 543 5347 ut
572 5294 921 5353 miserabiles
952 5314 1047 5353 eos
1078 5298 1298 5354 diceres
1327 5299 1423 5371 qui
1468 5304 1890 5365 remanserant,
1918 5300 2115 5355 beatos

482 5387 579 5457 qui
607 5389 887 5446 obierant.

1138 5464 1359 5519 CAPUT
1397 5465 1463 5519 ll.

550 5575 839 5637 Quomodo
893 5579 1161 5651 decepta,‘
1194 5580 1412 5648 civitas,
1458 5581 1683 5653 populis
1732 5582 1862 5651 tuis,
1910 5582 2113 5655 quibus

480 5667 767 5739 quondam
808 5671 1086 5726 videbaris
1126 5675 1326 5731 beata?
1361 5676 1654 5744 Quomodo
1688 5682 2014 5748 expugnata
2058 5694 2114 5729 es

552 5852 648 5913 (l9)
689 5853 745 5900 In
775 5865 895 5915 quo.
930 5854 1103 5908 Baga.

2216 4641 2340 4696 cedi
2365 4639 2469 4695 tibi
2487 4639 2815 4708 Barrabam,
2844 4659 2870 4686 «
2894 4639 2992 4710 qui
3012 4641 3245 4710 propter
3265 4636 3610 4719 seditionem
3634 4636 3815 4691 factam

2214 4736 2273 4790 in
2305 4733 2530 4789 civitate
2566 4738 2625 4789 et
2657 4732 3056 4802 homicidium,
3085 4732 3293 4787 missus
3326 4732 3520 4788 fuerat
3552 4732 3610 4785 in
3645 4742 3813 4783 carce-

2217 4845 2340 4884 rem
2370 4831 2543 4899 (Luc.,
2575 4843 2728 4892 XXIII,
2776 4828 2877 4897 t9).
2915 4850 2942 4878 »
2986 4826 3123 4883 Ideo
3162 4827 3316 4881 salus
3354 4826 3456 4882 abs
3494 4830 3551 4881 te
3592 4819 3814 4883 recessit.

2215 4941 2325 4996 pax
2364 4922 2524 4989 abiit,
2563 4921 2729 4993 quies
2771 4920 3007 4988 destitit,
3046 4920 3179 4975 data
3216 4923 3301 4975 est
3339 4920 3441 4975 tibi
3482 4918 3702 4982 seditio,
3729 4913 3812 4968 da-

2218 5024 2341 5072 tum
2366 5016 2646 5073 excidium
2672 5010 2685 5070 ὲ
2716 5030 2960 5086 agnosce
2989 5013 3090 5069 tibi
3109 5014 3280 5070 hodie
3307 5013 3609 5070 Barrabam
3634 5011 3814 5067 vivere.

2215 5114 2407 5168 Jesum
2459 5112 2781 5166 mortuum.
2829 5109 2958 5164 Ideo
3000 5108 3060 5163 in
3104 5111 3162 5163 te
3209 5111 3417 5181 regnat
3462 5106 3680 5171 seditio,
3721 5116 3813 5172 pax

2215 5206 2441 5278 sepulta
2465 5206 2569 5272 est,
2600 5208 2663 5259 ut
2701 5202 2991 5259 crudelius
3031 5219 3065 5258 a
3098 5202 3213 5258 tuis
3237 5218 3455 5275 pereas,
3485 5215 3656 5274 quam
3691 5196 3734 5252 si
3756 5194 3815 5248 ab

2214 5300 2416 5356 alienis
2439 5298 2674 5372 perires.
2701 5297 2849 5362 Quid
2871 5300 3095 5353 tantum
3113 5296 3240 5365 tibi,
3262 5295 3600 5354 miserabilis
3623 5292 3812 5348 civitas.

2215 5396 2507 5450 Romanus
2531 5392 2647 5448 suis
2670 5392 2867 5459 armis,
2898 5395 3180 5464 quantum
3217 5390 3463 5463 pepulus
3492 5394 3623 5445 tuus
3658 5384 3812 5441 malo-

2217 5504 2345 5543 rum
2390 5486 2643 5542 invexit?
2689 5487 2759 5541 Ut
2807 5501 2939 5541 cum
2999 5484 3273 5541 Romanis
3321 5484 3705 5556 impugnares,
3744 5474 3813 5529 tui

2216 5583 2524 5637 fecerunt:
2564 5595 2761 5651 pacem
2804 5579 3069 5634 volebant
3110 5578 3364 5645 Romani,
3404 5580 3466 5632 tu
3502 5573 3710 5629 bellum
3744 5568 3814 5623 in-

2216 5675 2423 5732 dixisti.
2477 5673 2622 5739 Quid
2665 5689 2853 5729 censae
2898 5677 3041 5740 erat,
3088 5676 3149 5727 ut
3196 5672 3456 5727 fortiores
3500 5660 3813 5724 lacesseres?

2276 5864 2372 5930 (20)
2400 5862 2565 5926 Quasi
2592 5862 2794 5915 satiati".
2828 5841 2933 5913 Ιοῗ
