4032 6194
298 313 433 365 2237

1308 286 1410 367 ΒΕ
1448 312 1729 369 EXCIDIO
1771 313 1970 369 URBIS
2012 312 2369 367 illEROSUL.
2414 311 2541 368 LIB.
2588 314 2645 365 v.

3522 310 3659 366 2238

297 433 517 487 Durum
554 450 712 503 sane,
746 433 902 506 quod
939 440 1136 490 contra
1173 436 1360 506 legem
1398 451 1620 491 sacram
1648 436 1928 507 templum
1952 434 2300 522 Acronibus
2342 435 2567 492 foderes
2606 436 2819 490 viscera
2857 441 2987 506 tua;
3018 436 3094 491 ita
3127 440 3188 492 ut
3224 436 3403 491 hostis
3427 422 3662 491 misere-

296 526 524 598 gentilis
564 527 835 597 intravit;
872 528 972 584 sed
1006 520 1128 600 jan‘l
1170 546 1285 584 non
1320 546 1444 584 eras
1482 528 1582 585 Dei
1623 529 1927 601 templum,

296 636 412 675 non
455 637 581 675 eras
623 621 723 677 Dei
765 622 981 689 civitas,
1029 638 1133 676 nec
1179 639 1299 678 esse
1347 629 1595 695 poteras,
1639 624 1769 696 quia
1810 640 1931 678 eras

294 718 653 770 mortuorum
684 716 1033 787 sepulcrum,
1063 721 1121 771 et
1162 717 1482 789 praesertim
1520 721 1748 772 tuorum
1790 733 1929 789 quos

290 808 414 879 ipsa
454 808 760 878 occideras,
793 825 906 864 non
954 826 1098 882 quos
1141 811 1212 865 ab
1252 812 1414 866 hoste
1452 811 1745 866 amiseras.
1786 812 1929 875 Quo-

291 901 464 957 modo
490 903 647 957 enim
677 904 804 958 vitae
831 919 955 958 esse
987 903 1344 959 domicilium
1372 910 1618 976 poteras,
1650 922 1778 977 quae
1808 922 1928 961 eras

291 994 497 1051 mortis
532 996 951 1066 habitaculum,
987 998 1367 1054 diversorium
1407 999 1705 1067 scelerum,
1750 1001 1923 1055 latro-

290 1106 429 1145 num
477 1091 796 1162 spelteum?
836 1093 1148 1149 iacuerunt
1186 1092 1246 1147 in
1287 1098 1342 1149 te
1388 1098 1619 1150 Ananus
1670 1101 1727 1149 et
1766 1096 1927 1169 Jesus

290 1183 561 1256 insepulti
604 1185 967 1241 sacerdotum
1006 1187 1317 1259 principes,
1358 1193 1415 1242 et
1459 1187 1540 1243 illi
1587 1188 1804 1243 dudum
1844 1206 1926 1243 sa-

286 1274 679 1333 cerdotalibus
727 1278 922 1334 amicti
976 1280 1149 1348 stolis,
1199 1282 1295 1352 qui
1351 1283 1703 1338 venerationi
1754 1284 1923 1339 etiam

286 1371 502 1426 exteris
538 1373 790 1440 fuerant,
832 1373 1074 1428 deformi
1106 1374 1415 1444 jacuerunt
1453 1377 1747 1446 cadavere,
1784 1394 1924 1433 esca:

285 1466 625 1534 volatilium,
673 1466 974 1522 devoratio
1010 1484 1240 1535 canum,
1283 1470 1542 1525 membra
1586 1471 1763 1526 laceri
1807 1475 1923 1527 tota

286 1559 549 1631 dispersa
591 1560 697 1630 (21)
730 1561 892 1631 urbe,
925 1566 990 1616 ut
1032 1562 1333 1634 deplorare
1372 1564 1577 1619 veteris
1618 1565 1922 1621 sanctitatis

282 1656 504 1726 species
541 1654 850 1721 videretur,
891 1660 1112 1711 tantam
1154 1656 1300 1710 sacri
1347 1640 1595 1712 nominis
1630 1642 1922 1715 contume-

283 1746 447 1817 liam,
480 1753 537 1802 et
563 1748 808 1819 speciosi
835 1749 1130 1821 quondam
1159 1750 1420 1806 muneris
1449 1750 1873 1807 deformitatem
1905 1770 1917 1820 ;

284 1841 389 1896 sed
436 1841 559 1913 ipsa
600 1841 699 1897 tibi
748 1842 920 1914 hujus
963 1843 1333 1915 indignitatis
1376 1845 1672 1901 exordium
1709 1845 1916 1917 fecisti,
1942 1824 1996 1896 Β

282 1952 418 2006 qua:
454 1936 512 1989 in
556 1936 746 1991 medio
786 1936 918 1991 sinu
960 1940 1054 1992 tuo
1092 1937 1395 1993 occidebas
1431 1939 1758 2011 prephetas,
1792 1958 1920 2012 quae

280 2029 587 2100 lapidabas
636 2036 860 2086 sanctos
909 2031 1159 2087 Domini.
1214 2035 1356 2088 Ante
1408 2034 1690 2106 templum
1741 2035 1921 2106 jacuit

280 2124 589 2179 Zacharias
638 2125 948 2193 exanimis;
988 2126 1173 2197 jacuit
1217 2126 1597 2182 inhumatus:
1643 2129 1737 2183 hic
1778 2146 1919 2202 ergo

278 2219 521 2290 sanguis
546 2218 709 2274 illum
730 2220 897 2274 lavat.
921 2220 1056 2285 Quae
1078 2237 1247 2276 causa
1263 2224 1458 2277 autem
1480 2223 1676 2277 mortis
1696 2227 1916 2295 Anano,

277 2311 393 2366 nisi
448 2313 603 2383 quod
656 2314 971 2386 increpavit
1027 2314 1305 2386 populum
1358 2320 1544 2385 tuum,
1596 2318 1745 2388 quod
1802 2334 1917 2373 non

279 2407 611 2478 insurgeret
637 2424 741 2480 pro
766 2409 965 2480 templi
993 2408 1344 2479 defensione,
1369 2410 1499 2481 quia
1523 2411 1920 2481 expostulabat

277 2499 608 2556 libertatem
652 2502 962 2573 proditam,
1011 2502 1279 2558 virtutem
1325 2504 1631 2571 desertam,
1674 2506 1917 2561 calcatus

275 2599 544 2650 veterum
576 2613 864 2651 sacrorum
897 2596 1190 2669 reliquias,
1214 2598 1635 2655 commaculata
1665 2599 1868 2655 altaria
1899 2616 1912 2655 :

274 2689 726 2762 relinquendum
747 2691 1039 2746 asserebat
1054 2691 1332 2764 pepulum
1355 2709 1455 2747 usu
1478 2693 1913 2749 simulacrorum

275 2783 706 2839 insensibilium
734 2788 793 2839 et
828 2789 1144 2840 statuarum
1174 2786 1243 2840 de
1273 2803 1585 2856 marmore,
1620 2787 1766 2842 nihil
1793 2786 1911 2859 jam

274 2878 647 2933 sentientem.
675 2879 845 2934 Multa
871 2880 982 2951 (22)
1010 2879 1167 2935 enim
1196 2880 1471 2936 animalia
1497 2881 1709 2937 referre
1735 2882 1915 2937 solent

272 2971 369 3026 vel
404 2971 668 3027 vindictae
694 2972 1168 3042 vicissitudinem,
1199 2973 1414 3030 sentire
1442 2975 1736 3046 injuriam,
1768 2975 1909 3031 inci-

272 3066 392 3122 tari
418 3066 639 3134 aculeo,
678 3067 967 3123 declinare
999 3067 1241 3123 verbera
1270 3085 1283 3123 :
1315 3068 1410 3141 qui
1455 3085 1593 3141 ergo
1628 3086 1730 3125 nec
1768 3069 1912 3126 exci-

275 3165 458 3229 tatur,
489 3177 593 3217 nec
633 3162 920 3217 declinare
957 3163 1115 3218 novit
1155 3163 1306 3234 quod
1346 3167 1567 3230 noceat,
1599 3163 1798 3219 similis
1829 3167 1914 3218 est
1934 3190 1988 3264 C

271 3272 397 3310 non
444 3256 840 3331 sentientibus.
890 3258 959 3311 Et
1002 3273 1063 3312 re
1111 3273 1245 3312 vera
1291 3256 1386 3322 ubi
1425 3263 1509 3312 est
1546 3257 1784 3313 libertas
1816 3259 1914 3313 illa

273 3356 413 3419 tua,
471 3350 632 3422 cujus
674 3351 865 3406 studio
919 3350 1207 3423 quondam
1261 3367 1380 3406 non
1430 3352 1741 3424 Egyptiis,
1798 3369 1912 3407 non

272 3445 618 3514 Palasstinis,
659 3462 774 3500 non
815 3445 1075 3517 Assyriis,
1118 3451 1315 3516 postea
1350 3461 1464 3501 non
1498 3446 1673 3501 Medis
1710 3446 1911 3502 ceden—

268 3539 418 3593 dum
446 3538 831 3594 aestimavisti?
861 3539 963 3595 Ubi
1002 3545 1085 3595 est
1120 3539 1218 3593 illa
1257 3539 1709 3595 Machabaeorum
1744 3540 1907 3609 ﬁdes,

268 3649 407 3704 quae
449 3633 745 3705 quondam
781 3633 841 3686 in
888 3633 1087 3705 paucis
1126 3633 1274 3688 fudit
1314 3632 1671 3705 Babylonios,
1715 3636 1910 3690 Persas

266 3726 523 3799 fugavit,
579 3727 941 3782 Demetrium
987 3728 1265 3799 perculit;
1318 3727 1388 3782 ad
1442 3732 1795 3799 postremum
1853 3729 1908 3783 in

267 3820 524 3893 parvulis
561 3824 619 3877 et
658 3820 994 3877 mulieribus
1032 3822 1297 3877 Antiochi
1339 3837 1521 3890 arma,
1555 3821 1779 3893 gladios
1819 3823 1905 3876 in-

264 3914 597 3988 cendiaque
646 3915 951 3987 superavit,
1000 3922 1057 3970 et
1107 3932 1212 3987 pro
1269 3915 1661 3972 observatione
1706 3916 1909 3988 patriai

265 4010 419 4081 legis
449 4009 558 4079 (23)
588 4009 738 4064 mori
767 4009 989 4077 maluit,
1019 4026 1192 4082 quam
1222 4010 1378 4082 regis
1406 4009 1661 4081 imperiis
1690 4009 1910 4066 obtem-

264 4104 517 4175 perare?
566 4103 667 4158 Ubi
712 4109 798 4158 est
832 4103 928 4158 illa
970 4103 1198 4160 devotio
1245 4107 1473 4175 patrum
1520 4104 1908 4176 pulcherrima

263 4198 601 4270 passionum
643 4198 924 4266 omnium,
975 4214 1089 4270 qua
1129 4214 1188 4253 se
1233 4215 1350 4253 non
1389 4214 1494 4269 pro
1539 4198 1753 4267 liberis,
1791 4215 1906 4254 non

264 4308 378 4364 pro
406 4291 750 4364 conjugibus
778 4293 982 4364 magis,
1012 4308 1190 4363 quam
1216 4308 1320 4363 pro
1343 4291 1563 4364 templo
1602 4293 1704 4347 Dei
1733 4293 1907 4348 morti

266 4384 630 4441 offerebant?
676 4388 816 4440 Ante
859 4388 918 4439 et
957 4386 1118 4457 virga
1163 4390 1347 4442 Aaron
1397 4386 1501 4456 (24)
1543 4385 1907 4441 sacerdotalis

265 4480 491 4545 floruit,
537 4479 716 4535 recisa
754 4480 825 4535 de
870 4478 1111 4535 silvestri
1158 4479 1353 4534 radice
1407 4496 1421 4534 :
1468 4495 1620 4534 nunc
1664 4485 1723 4536 et
1765 4479 1905 4535 ﬁdes

2030 534 2212 599 retur,
2249 531 2309 584 et
2353 532 2416 584 tu
2453 529 2768 598 occideres;
2801 534 2864 583 ut
2905 528 3002 584 ille
3045 532 3324 601 parceret,
3366 532 3423 585 et
3459 533 3522 584 tu
3558 545 3659 584 sa:-

2029 623 2195 679 vires.
2252 624 2490 679 Videbas
2556 622 2748 692 enim,
2807 623 2961 696 quod
3027 624 3172 679 Deus
3236 624 3531 679 adversum
3603 628 3655 679 te

2029 722 2335 790 pugnaret,
2372 722 2429 773 et
2468 718 2859 773 Romanorum
2904 717 3161 788 partibus
3198 718 3554 788 fungeretur,
3596 721 3657 772 ut

2026 813 2152 885 ipsa
2176 812 2278 867 tibi
2307 811 2546 868 inferres
2570 811 2958 867 voluntariam
2986 811 3395 883 proditionem.
3424 813 3492 867 Et
3520 810 3652 866 ideo

2029 911 2373 979 spectatores
2402 906 2689 962 malebant
2716 922 2839 961 esse
2868 905 3135 973 Romani,
3165 921 3337 978 quam
3365 920 3653 977 percusse-

2027 1016 2148 1069 res,
2198 1016 2269 1056 ne
2314 1000 2662 1056 ferventibus
2701 1000 2805 1071 (25)
2852 999 2962 1055 tuis
3003 1000 3155 1055 inter
3207 1016 3269 1061 se
3318 998 3650 1066 visceribus,

2029 1111 2268 1149 manum
2298 1094 2601 1150 admovere
2625 1093 2980 1165 contagionis
3016 1093 3204 1165 magis
3228 1109 3405 1165 quam
3428 1091 3648 1149 fortitu-

2027 1188 2177 1243 dinis
2221 1188 2662 1244 aestimarentur.
2709 1188 2793 1243 Ad
2834 1188 2954 1243 haec
3004 1187 3275 1243 nefandas
3319 1186 3487 1242 credis
3524 1202 3651 1259 sup-

2026 1282 2191 1354 plicia
2221 1282 2531 1337 accedebat
2568 1282 2761 1354 impiae
2801 1282 3131 1337 immanitas
3175 1280 3550 1349 crudelitatis,
3590 1284 3654 1335 ut

2024 1376 2377 1448 sepulturam
2404 1376 2671 1431 omnibus
2696 1377 2795 1448 qui
2820 1376 2907 1431 vel
2946 1375 3005 1431 in
3046 1376 3267 1447 templo
3310 1374 3498 1430 necati
3528 1374 3647 1429 fue-

2024 1476 2151 1525 rant
2193 1471 2279 1526 vel
2329 1471 2480 1526 circa
2524 1470 2679 1526 urbis
2727 1471 2964 1542 plateas,
3010 1474 3289 1542 negarent
3337 1491 3347 1522 :
3397 1484 3500 1523 nec
3542 1468 3648 1523 hu-

2022 1581 2183 1620 mare
2209 1565 2473 1636 cuiquam
2504 1564 2762 1634 vacabat,
2797 1565 2934 1619 dum
2967 1563 3118 1619 bello
3143 1562 3296 1619 inter
3324 1580 3383 1618 se
3410 1578 3649 1633 occupa-

2021 1666 2250 1725 rentur,
2300 1659 2664 1730 feriendique
2717 1658 2903 1731 magis
2955 1674 3127 1729 quam
3180 1655 3462 1713 humandi
3512 1672 3649 1711 cura

2023 1751 2314 1808 universos
2367 1752 2616 1808 tenebat.
2662 1754 2743 1807 Ita
2787 1752 3041 1823 quodam
3083 1752 3275 1807 furore
3321 1750 3652 1807 occiderant

2020 1846 2252 1919 pietatis
2280 1846 2489 1917 ofﬁcia,
2520 1847 2937 1902 crudescebant
2962 1845 3275 1917 impietatis
3311 1843 3645 1910 ministeria,

2020 1940 2280 2013 nihilque
2332 1941 2520 2013 magis
2572 1942 2629 1996 in
2686 1941 2856 1996 tantis
2905 1939 3324 1997 calamitatibus
3378 1937 3645 2010 perierat,

2020 2052 2193 2107 quam
2234 2035 2643 2102 misericordia,
2684 2051 2811 2106 quae
2852 2035 2976 2089 sola
3015 2035 3161 2089 solet
3201 2033 3443 2089 allevare
3484 2030 3651 2086 mise-

2020 2129 2152 2196 rias,
2175 2128 2345 2185 solari
2377 2144 2685 2183 aerumnas.
2714 2130 2855 2182 Nam
2881 2133 2937 2183 et
2965 2127 3024 2182 hi
3043 2127 3143 2198 qui
3160 2126 3475 2182 amiserant
3493 2140 3651 2201 suos,

2020 2238 2136 2277 non
2188 2222 2482 2278 audebant
2518 2223 2758 2278 humare
2809 2226 3043 2294 propter
3085 2219 3478 2288 formidinem,
3518 2235 3646 2274 cum

2019 2315 2207 2387 gravis
2238 2319 2422 2371 terror
2462 2317 2764 2388 ingrueret
2800 2333 2833 2369 a
2862 2315 3099 2371 diversas
3143 2313 3406 2370 factionis
3443 2313 3653 2385 princi-

2017 2409 2206 2481 pibus,
2256 2416 2313 2465 et
2354 2410 2414 2464 hi
2462 2409 2559 2480 qui
2601 2414 2943 2464 necaverant
2983 2408 3214 2478 alienos,
3255 2407 3533 2463 cavebant
3577 2423 3648 2462 ne

2018 2504 2148 2577 quis
2178 2503 2674 2575 illos-praeriperet
2700 2504 2772 2559 ad
2799 2504 3173 2574 sepulturam.
3195 2504 3393 2573 Itaque
3417 2516 3646 2557 necesse

2018 2603 2141 2654 erat
2169 2614 2367 2652 omnes
2395 2597 2622 2667 timere,
2649 2614 2719 2652 ne
2754 2597 2908 2669 quod
2947 2596 3113 2651 alteri
3155 2595 3368 2650 donare
3406 2595 3642 2661 vellent,

2018 2691 2072 2747 id
2103 2692 2211 2746 sibi
2249 2695 2577 2760 sumerent;
2610 2691 2697 2746 vel
2738 2691 2888 2762 quod
2932 2690 3095 2762 pejus
3134 2695 3237 2758 est,
3269 2705 3443 2761 quem
3472 2703 3643 2760 para-

2015 2792 2218 2841 verant
2255 2785 2382 2839 aliis
2421 2802 2583 2840 usum
2621 2785 2885 2857 sepulcri,
2925 2800 3054 2840 eum
3095 2783 3203 2855 ipsi
3241 2798 3354 2838 non
3380 2781 3646 2853 impetra-

2016 2883 2161 2934 rent.
2190 2882 2248 2935 ln
2272 2879 2485 2951 templo
2505 2880 2686 2951 igitur
2710 2880 2836 2951 ipso
2863 2895 2967 2950 pro
2985 2875 3301 2950 unguentis
3325 2877 3470 2933 bene
3490 2876 3646 2931 olen-

2015 2973 2187 3043 tibus,
2214 2990 2319 3046 pro
2348 2973 2738 3045 thymiamatis
2764 2972 2908 3027 bene
2936 2971 3307 3044 spirantibus,
3332 2986 3439 3042 pro
3466 2969 3645 3024 diver-

2013 3084 2205 3123 sorum
2246 3069 2456 3123 florum
2498 3067 2792 3135 odoribus,
2835 3067 3018 3139 gravis
3061 3071 3187 3122 erat
3228 3065 3644 3137 insepultorum

2014 3162 2361 3219 cadaverum
2411 3163 2595 3229 fetor,
2648 3179 2793 3234 quos
2846 3161 3033 3234 pluvia
3091 3160 3453 3229 dissolveret,
3503 3175 3642 3230 quos

2014 3258 2249 3312 ﬂamma
2280 3257 2685 3324 combusserat,
2724 3272 2865 3328 quos
2906 3255 2990 3310 sol
3032 3255 3401 3321 calefecerat;
3443 3270 3643 3309 omnes

2012 3358 2168 3408 artus
2208 3368 2490 3408 caesorum
2531 3351 2739 3405 civium
2780 3350 2903 3405 diro
2949 3341 3129 3406 odore
3170 3348 3469 3405 fetebant:
3512 3347 3644 3401 hinc

2012 3448 2403 3503 resolutorum
2452 3444 2705 3516 putredo
2760 3444 3073 3512 viscerum,
3119 3443 3256 3498 inde
3312 3446 3640 3497 exustorum

2013 3540 2203 3609 nidor,
2231 3556 2428 3595 sensus
2466 3555 2665 3594 omnes
2703 3543 2874 3611 atque
2904 3554 3003 3592 ora
3039 3536 3407 3608 complebant
3446 3535 3639 3590 viven-

2011 3636 2178 3702 tium,
2209 3636 2276 3689 ut
2300 3632 2409 3704 ipsi
2439 3649 2554 3687 non
2592 3632 2775 3688 multo
2817 3636 2946 3704 post
2982 3631 3242 3703 graviore
3273 3630 3471 3685 morbo
3500 3646 3635 3684 cun-

2011 3732 2397 3794 sumerentur,
2438 3743 2501 3781 ac
2544 3743 2603 3781 se
2654 3724 2984 3797 superstites
3027 3724 3491 3795 ingemiscerent,
3529 3739 3641 3794 quo

2010 3821 2237 3877 duriore
2267 3836 2430 3893 pcena
2465 3818 2742 3891 perirent,
2774 3834 2954 3890 eoque
2985 3821 3261 3886 servatos,
3297 3821 3358 3871 ut
3384 3815 3641 3872 viderent

2009 3932 2141 3972 cum
2181 3914 2364 3988 patria
2388 3913 2579 3981 simul,
2609 3913 2748 3968 solvi
2783 3912 2955 3968 etiam
2982 3912 3139 3983 leges
3168 3916 3412 3978 naturae,
3443 3909 3640 3982 negari

2001 4011 2097 4083 jus
2137 4008 2470 4077 viventibus,
2500 4023 2705 4079 pacem
2748 4006 2982 4075 civibus,
3020 4005 3378 4077 sepulturam
3410 4004 3641 4060 defunc-

2007 4104 2111 4173 tis,
2166 4104 2420 4159 humana
2484 4101 2701 4174 pariter
2762 4104 2932 4173 atque
2999 4100 3190 4156 divina
3239 4097 3520 4155 maculari
3574 4114 3638 4153 ac

2006 4198 2207 4272 pollui,
2254 4197 2527 4270 permista
2573 4196 2790 4265 omnia,
2830 4195 3201 4251 criminosam
3248 4210 3370 4250 esse
3414 4192 3636 4248 miseri-

2006 4293 2283 4359 cordiam,
2317 4291 2613 4364 religionis
2651 4290 2775 4346 loco
2810 4290 3008 4346 haberi
3053 4289 3468 4346 crudelitatem.
3502 4289 3635 4345 Cas-

2007 4391 2161 4443 trum
2199 4387 2257 4441 in
2302 4386 2542 4457 templo,
2573 4385 2789 4441 bellum
2828 4384 2888 4439 in
2916 4384 3145 4451 limine,
3174 4383 3368 4439 fumus
3413 4383 3471 4438 in
3496 4381 3634 4437 alta-

2009 4482 2198 4551 ribus;
2264 4496 2331 4536 ea
2403 4497 2461 4534 se
2528 4484 2785 4551 spectare
2863 4478 3076 4545 oculis,
3142 4492 3270 4548 quae
3345 4475 3639 4547 prephetis

268 4577 425 4643 aret,
458 4577 515 4629 et
549 4575 771 4645 sepulta
810 4579 898 4628 est
938 4573 1140 4645 pietas,
1182 4579 1238 4629 et
1278 4573 1420 4628 abiit
1460 4573 1646 4628 omnis
1685 4566 1988 4639 virtutisD
2011 4574 2471 4633 denuntiantibus
2505 4589 2619 4627 non
2665 4572 3046 4628 credidissent
3084 4571 3297 4626 futura.
3326 4571 3523 4625 Nonne
3565 4569 3637 4623 de

266 4668 589 4723 aemulatio.
633 4668 744 4723 Nec
788 4666 1023 4735 mirum,
1069 4667 1114 4721 si
1144 4667 1391 4739 pOpulus
1430 4685 1462 4721 a
1501 4668 1612 4723 Deo
1650 4668 1906 4736 recessit,

267 4769 334 4817 et
390 4760 719 4834 improbum
773 4760 1243 4817 contradictionis
1299 4760 1565 4833 spiritum
1619 4762 1904 4832 sequitur,

265 4856 329 4910 in
388 4854 642 4927 seipsum
695 4854 907 4909 divisus
970 4860 1076 4909 est.
1129 4855 1427 4918 Quomodo
1487 4855 1643 4910 enim
1706 4871 1906 4926 pacem

264 4966 437 5005 suam
482 4953 684 5005 tenere
733 4952 978 5020 poterat,
1022 4948 1119 5020 qui
1164 4964 1363 5020 pacem
1412 4948 1503 5003 Dei
1545 4948 1908 5021 repudiavit?

265 5067 291 5091 «ι
342 5046 458 5099 Pax
499 5043 598 5099 Dei
643 5042 902 5101 Christus
947 5047 1050 5112 est,
1104 5043 1201 5114 qui
1254 5041 1386 5098 fecit
1437 5047 1675 5115 utraque
1722 5060 1904 5097 unum

261 5140 510 5209 (Ephes.,
546 5154 604 5205 ιι,
636 5139 739 5209 14).
771 5159 798 5187 ››
825 5137 1024 5192 Merito
1057 5153 1197 5209 ergo
1225 5153 1295 5192 ex
1320 5153 1437 5191 uno
1466 5138 1681 5209 populo
1710 5137 1906 5210 plures

263 5233 544 5288 adversus
583 5248 642 5287 se
676 5231 813 5286 facti
848 5236 998 5299 sunt,
1030 5232 1163 5303 quia
1204 5232 1517 5286 noluerunt
1547 5230 1704 5303 sequi
1740 5231 1903 5287 divisi

264 5325 700 5383 consociantem
751 5328 967 5393 Jesum,
1029 5325 1126 5380 sed
1188 5326 1366 5380 secuti
1431 5330 1563 5381 sunt
1619 5326 1905 5397 conjuncti

264 5420 625 5476 dividentem
666 5419 879 5475 furoris
919 5419 1204 5491 spiritum.
1249 5419 1518 5475 Solvebas
1566 5420 1763 5491 igitur,
1812 5422 1903 5475 Je-

261 5515 536 5582 rusalem,
580 5512 909 5569 mercedem
957 5511 1214 5585 perfidiae
1260 5518 1392 5579 tute,
1445 5529 1575 5568 cum
1622 5513 1743 5585 ipsa
1793 5513 1906 5569 tuis

261 5608 530 5664 manibus
568 5607 892 5664 destrueres
936 5606 1254 5662 munimina
1295 5608 1408 5671 tua,
1452 5622 1581 5661 cum
1622 5606 1733 5662 tuis
1775 5624 1901 5663 mu-

335 5749 432 5811 (21)
466 5749 719 5814 Dispersi.
750 5750 927 5800 ΒΑΜ.

332 5822 426 5881 (22)
454 5823 624 5872 Muta.
660 5822 737 5872 In.

334 5893 428 5956 (23}
478 5893 745 5958 Suppleta
784 5893 873 5944 hic
919 5905 1025 5944 vox
1071 5893 1216 5957 tegis,
1257 5906 1382 5958 qua:
1424 5892 1576 5945 deest
1620 5892 1676 5943 in
1723 5892 1897 5944 editis.

2007 4669 2145 4742 ipsis
2169 4667 2388 4723 dixerat
2415 4666 2589 4722 David
2619 4684 2630 4721 :
2661 4690 2686 4715 α
2709 4666 3042 4721 Polluerth
3070 4664 3354 4737 templum
3380 4668 3636 4719 sanctum

2008 4766 2195 4831 tuum,
2217 4766 2531 4834 posuerunt
2549 4761 2853 4817 morticina
2874 4776 3170 4817 servorum
3194 4763 3425 4815 tuorum
3447 4774 3635 4813 escam

2007 4856 2331 4911 volatilibus
2358 4855 2515 4923 caeli;
2545 4854 2871 4911 effuderunt
2896 4854 3237 4926 sanguinem
3263 4868 3462 4908 eorum
3488 4851 3642 4905 velut

2008 4966 2219 5023 aquam
2273 4950 2332 5005 in
2382 4948 2620 5004 circuitu
2674 4948 3023 5016 Jerusalem,
3085 4951 3145 5003 et
3197 4963 3310 5002 non
3367 4949 3488 5001 erat
3539 4946 3638 5017 qui

2008 5044 2276 5115 sepeliret
2320 5044 2489 5115 (Psal.
2544 5060 2770 5113 Lxxvni,
2827 5047 2876 5111 l,
2928 5047 2983 5112 2,
3029 5042 3126 5113 3)?
3170 5065 3198 5092 ν
3255 5041 3433 5097 Simul
3485 5040 3637 5095 enim

2009 5143 2145 5195 tunc
2175 5142 2232 5194 et
2271 5142 2471 5211 gentes
2512 5142 2798 5194 venerunt
2838 5137 2899 5192 in
2934 5136 3333 5193 hereditatem
3373 5135 3473 5189 Dei
3509 5150 3636 5206 quae

2008 5234 2303 5289 auferrent
2329 5232 2543 5299 omnia,
2574 5236 2632 5287 et
2669 5232 2952 5305 templum
2985 5230 3268 5302 pollutum
3297 5233 3383 5286 est
3406 5244 3636 5284 suorum

2005 5327 2323 5396 funeribus,
2364 5333 2421 5382 et
2464 5327 2752 5399 insepulta
2793 5328 3101 5398 jacuerunt
3145 5324 3421 5380 cadavera
3455 5323 3635 5379 inter-

2004 5422 2287 5477 fectorum
2336 5421 2410 5477 ad
2446 5438 2634 5477 escam
2672 5420 2864 5475 avium
2902 5419 3330 5491 bestiarumque
3373 5418 3639 5473 voracita-

2006 5518 2162 5582 tem;
2220 5514 2432 5570 effusus
2484 5514 2752 5587 sanguis,
2812 5517 2873 5568 ut
2928 5518 3225 5585 stagnaret
3275 5512 3335 5567 in
3384 5512 3635 5583 templo,

2008 5609 2231 5666 deesset
2275 5609 2371 5681 qui
2420 5609 2704 5680 sepeliret,
2760 5608 2893 5679 quia
2935 5626 2965 5662 a
3012 5606 3330 5663 viventibus
3377 5607 3436 5662 in
3478 5623 3635 5662 mor-

2005 5750 2301 5799 GALLAND-

2070 5823 2162 5883 (24)
2191 5822 2359 5871 Deest
2379 5821 2502 5873 haec
2531 5836 2632 5872 vox
2666 5823 2719 5872 in
2750 5836 2877 5873 mss.
2913 5824 3087 5874 ΒΑΜ.

2064 5893 2164 5957 (25)
2191 5892 2525 5944 Furontibus.
2566 5894 2642 5943 In.
