  <div class='ocr_page' id='page_1' title='image "/cluster/home/n/w/nwhite01/storage/ocr_20150623/15/hvd.32044048207278/501.png"; bbox 0 0 4032 6194; ppageno 0'>
   <div class='ocr_carea' id='block_1_1' title="bbox 459 289 594 341">
    <p class='ocr_par' dir='ltr' id='par_1_1' title="bbox 459 289 594 341">
     <span class='ocr_line' id='line_1_1' title="bbox 459 289 594 341; baseline -0.022 0"><span class='ocrx_word' id='word_1_1' title='bbox 459 289 594 341; x_wconf 76' lang='lat'><strong>2239</strong></span> 
     </span>
    </p>
   </div>
   <div class='ocr_carea' id='block_1_2' title="bbox 1926 281 2353 336">
    <p class='ocr_par' dir='ltr' id='par_1_2' title="bbox 1926 281 2353 336">
     <span class='ocr_line' id='line_1_2' title="bbox 1926 281 2353 336; baseline 0.005 -3"><span class='ocrx_word' id='word_1_2' title='bbox 1926 285 1981 335; x_wconf 81' lang='lat' dir='ltr'><strong>S.</strong></span> <span class='ocrx_word' id='word_1_3' title='bbox 2045 281 2353 336; x_wconf 80' lang='lat' dir='ltr'><strong>AMBllOSll</strong></span> 
     </span>
    </p>
   </div>
   <div class='ocr_carea' id='block_1_3' title="bbox 3628 289 3741 343">
    <p class='ocr_par' dir='ltr' id='par_1_3' title="bbox 3628 289 3741 343">
     <span class='ocr_line' id='line_1_3' title="bbox 3628 289 3741 343; baseline 0.027 -3"><span class='ocrx_word' id='word_1_4' title='bbox 3628 289 3741 343; x_wconf 60' lang='lat'><strong>2240</strong></span> 
     </span>
    </p>
   </div>
   <div class='ocr_carea' id='block_1_4' title="bbox 455 404 3745 488">
    <p class='ocr_par' dir='ltr' id='par_1_4' title="bbox 455 404 3745 488">
     <span class='ocr_line' id='line_1_4' title="bbox 455 404 3745 488; baseline 0.001 -26"><span class='ocrx_word' id='word_1_5' title='bbox 455 413 600 474; x_wconf 88' lang='lat' dir='ltr'><strong>tuos,</strong></span> <span class='ocrx_word' id='word_1_6' title='bbox 643 424 673 460; x_wconf 89' lang='lat' dir='ltr'><strong>a</strong></span> <span class='ocrx_word' id='word_1_7' title='bbox 715 405 954 461; x_wconf 90' lang='lat' dir='ltr'><strong>mortuis</strong></span> <span class='ocrx_word' id='word_1_8' title='bbox 999 406 1056 459; x_wconf 90' lang='lat' dir='ltr'><strong>in</strong></span> <span class='ocrx_word' id='word_1_9' title='bbox 1100 422 1193 460; x_wconf 88' lang='lat' dir='ltr'><strong>eos</strong></span> <span class='ocrx_word' id='word_1_10' title='bbox 1239 406 1348 478; x_wconf 84' lang='lat' dir='ltr'><strong>qui</strong></span> <span class='ocrx_word' id='word_1_11' title='bbox 1385 407 1570 462; x_wconf 90' lang='lat' dir='ltr'><strong>adhuc</strong></span> <span class='ocrx_word' id='word_1_12' title='bbox 1619 407 1889 472; x_wconf 88' lang='lat' dir='ltr'><strong>viverent,</strong></span> <span class='ocrx_word' id='word_1_13' title='bbox 1928 405 2085 458; x_wconf 88' lang='lat' dir='ltr'><strong>furor</strong></span> <span class='ocrx_word' id='word_1_14' title='bbox 2107 415 2398 488; x_wconf 75' lang='lat' dir='ltr'><strong>Aequum</strong></span> <span class='ocrx_word' id='word_1_15' title='bbox 2449 404 2507 459; x_wconf 91' lang='lat' dir='ltr'><strong>in</strong></span> <span class='ocrx_word' id='word_1_16' title='bbox 2555 406 2728 471; x_wconf 90' lang='lat' dir='ltr'><strong>latus,</strong></span> <span class='ocrx_word' id='word_1_17' title='bbox 2777 421 2906 460; x_wconf 90' lang='lat' dir='ltr'><strong>cum</strong></span> <span class='ocrx_word' id='word_1_18' title='bbox 2963 409 3167 460; x_wconf 66' lang='lat' dir='ltr'><strong>cratera</strong></span> <span class='ocrx_word' id='word_1_19' title='bbox 3219 405 3376 460; x_wconf 90' lang='lat' dir='ltr'><strong>turba</strong></span> <span class='ocrx_word' id='word_1_20' title='bbox 3433 412 3530 478; x_wconf 55' lang='lat'><strong>(&#39;27,:</strong></span> <span class='ocrx_word' id='word_1_21' title='bbox 3580 409 3745 466; x_wconf 86' lang='lat' dir='ltr'><strong>ducem</strong></span> 
     </span>
    </p>
   </div>
   <div class='ocr_carea' id='block_1_5' title="bbox 448 499 2084 572">
    <p class='ocr_par' dir='ltr' id='par_1_5' title="bbox 448 499 2084 572">
     <span class='ocr_line' id='line_1_5' title="bbox 448 499 2084 572; baseline -0.002 -16"><span class='ocrx_word' id='word_1_22' title='bbox 448 499 920 556; x_wconf 77' lang='lat' dir='ltr'><strong>transferebatur.</strong></span> <span class='ocrx_word' id='word_1_23' title='bbox 947 499 1178 555; x_wconf 81' lang='lat' dir='ltr'><strong>Volebat</strong></span> <span class='ocrx_word' id='word_1_24' title='bbox 1203 499 1410 572; x_wconf 84' lang='lat' dir='ltr'><strong>aliquis</strong></span> <span class='ocrx_word' id='word_1_25' title='bbox 1438 501 1774 556; x_wconf 89' lang='lat' dir='ltr'><strong>defunctum</strong></span> <span class='ocrx_word' id='word_1_26' title='bbox 1805 499 2084 554; x_wconf 87' lang='lat' dir='ltr'><strong>humare?</strong></span> 
     </span>
    </p>
   </div>
   <div class='ocr_carea' id='block_1_6' title="bbox 450 593 2082 666">
    <p class='ocr_par' dir='ltr' id='par_1_6' title="bbox 450 593 2082 666">
     <span class='ocr_line' id='line_1_6' title="bbox 450 593 2082 666; baseline -0.001 -18"><span class='ocrx_word' id='word_1_27' title='bbox 450 595 570 666; x_wconf 89' lang='lat' dir='ltr'><strong>ipse</strong></span> <span class='ocrx_word' id='word_1_28' title='bbox 619 593 1119 663; x_wconf 88' lang='lat' dir='ltr'><strong>exstinguebatur;</strong></span> <span class='ocrx_word' id='word_1_29' title='bbox 1155 599 1212 648; x_wconf 91' lang='lat' dir='ltr'><strong>et</strong></span> <span class='ocrx_word' id='word_1_30' title='bbox 1253 594 1352 666; x_wconf 85' lang='lat' dir='ltr'><strong>qui</strong></span> <span class='ocrx_word' id='word_1_31' title='bbox 1400 593 1734 649; x_wconf 90' lang='lat' dir='ltr'><strong>defunctum</strong></span> <span class='ocrx_word' id='word_1_32' title='bbox 1781 593 2082 659; x_wconf 85' lang='lat' dir='ltr'><strong>occiderat,</strong></span> 
     </span>
    </p>
   </div>
   <div class='ocr_carea' id='block_1_7' title="bbox 451 687 2080 758">
    <p class='ocr_par' dir='ltr' id='par_1_7' title="bbox 451 687 2080 758">
     <span class='ocr_line' id='line_1_7' title="bbox 451 687 2080 758; baseline -0.001 -17"><span class='ocrx_word' id='word_1_33' title='bbox 451 688 509 742; x_wconf 93' lang='lat' dir='ltr'><strong>in</strong></span> <span class='ocrx_word' id='word_1_34' title='bbox 548 687 908 758; x_wconf 91' lang='lat' dir='ltr'><strong>sepultorem</strong></span> <span class='ocrx_word' id='word_1_35' title='bbox 950 687 1323 742; x_wconf 79' lang='lat' dir='ltr'><strong>transferebat</strong></span> <span class='ocrx_word' id='word_1_36' title='bbox 1364 687 1733 756; x_wconf 80' lang='lat' dir='ltr'><strong>iracundiam,</strong></span> <span class='ocrx_word' id='word_1_37' title='bbox 1772 695 1832 742; x_wconf 91' lang='lat' dir='ltr'><strong>ut</strong></span> <span class='ocrx_word' id='word_1_38' title='bbox 1875 687 1955 741; x_wconf 85' lang='lat' dir='ltr'>illi</span> <span class='ocrx_word' id='word_1_39' title='bbox 1996 704 2080 740; x_wconf 89' lang='lat' dir='ltr'><strong>se-</strong></span> 
     </span>
    </p>
   </div>
   <div class='ocr_carea' id='block_1_8' title="bbox 452 781 2085 853">
    <p class='ocr_par' dir='ltr' id='par_1_8' title="bbox 452 781 2085 853">
     <span class='ocr_line' id='line_1_8' title="bbox 452 781 2085 853; baseline -0.001 -17"><span class='ocrx_word' id='word_1_40' title='bbox 452 782 745 852; x_wconf 86' lang='lat' dir='ltr'><strong>pulturam</strong></span> <span class='ocrx_word' id='word_1_41' title='bbox 787 787 1046 853; x_wconf 80' lang='lat' dir='ltr'><strong>negaret,</strong></span> <span class='ocrx_word' id='word_1_42' title='bbox 1079 782 1229 836; x_wconf 91' lang='lat' dir='ltr'><strong>hunc</strong></span> <span class='ocrx_word' id='word_1_43' title='bbox 1273 781 1677 852; x_wconf 89' lang='lat' dir='ltr'><strong>exstinguebat</strong></span> <span class='ocrx_word' id='word_1_44' title='bbox 1710 799 1722 836; x_wconf 86' lang='grc'>;</span> <span class='ocrx_word' id='word_1_45' title='bbox 1769 799 1958 836; x_wconf 88' lang='lat' dir='ltr'><strong>rursus</strong></span> <span class='ocrx_word' id='word_1_46' title='bbox 1987 781 2085 852; x_wconf 88' lang='lat' dir='ltr'><strong>qui</strong></span> 
     </span>
    </p>
   </div>
   <div class='ocr_carea' id='block_1_9' title="bbox 453 875 2086 947">
    <p class='ocr_par' dir='ltr' id='par_1_9' title="bbox 453 875 2086 947">
     <span class='ocr_line' id='line_1_9' title="bbox 453 875 2086 947; baseline 0.001 -19"><span class='ocrx_word' id='word_1_47' title='bbox 453 875 804 947; x_wconf 87' lang='lat' dir='ltr'><strong>sepultorem</strong></span> <span class='ocrx_word' id='word_1_48' title='bbox 846 875 1147 945; x_wconf 90' lang='lat' dir='ltr'><strong>occiderat,</strong></span> <span class='ocrx_word' id='word_1_49' title='bbox 1181 876 1460 946; x_wconf 81' lang='lat' dir='ltr'><strong>majorem</strong></span> <span class='ocrx_word' id='word_1_50' title='bbox 1504 876 1900 930; x_wconf 81' lang='lat' dir='ltr'><strong>crudelitatem</strong></span> <span class='ocrx_word' id='word_1_51' title='bbox 1938 877 2086 930; x_wconf 89' lang='lat' dir='ltr'><strong>circa</strong></span> 
     </span>
    </p>
   </div>
   <div class='ocr_carea' id='block_1_10' title="bbox 455 968 2082 1040">
    <p class='ocr_par' dir='ltr' id='par_1_10' title="bbox 455 968 2082 1040">
     <span class='ocr_line' id='line_1_10' title="bbox 455 968 2082 1040; baseline 0 -17"><span class='ocrx_word' id='word_1_52' title='bbox 455 969 791 1024; x_wconf 89' lang='lat' dir='ltr'><strong>defunctum</strong></span> <span class='ocrx_word' id='word_1_53' title='bbox 822 968 1140 1036; x_wconf 85' lang='lat' dir='ltr'><strong>exercebat,</strong></span> <span class='ocrx_word' id='word_1_54' title='bbox 1185 974 1242 1024; x_wconf 93' lang='lat' dir='ltr'><strong>ut</strong></span> <span class='ocrx_word' id='word_1_55' title='bbox 1270 970 1390 1040; x_wconf 87' lang='lat' dir='ltr'><strong>jam</strong></span> <span class='ocrx_word' id='word_1_56' title='bbox 1427 969 1572 1024; x_wconf 88' lang='lat' dir='ltr'>nihil</span> <span class='ocrx_word' id='word_1_57' title='bbox 1604 969 1905 1024; x_wconf 80' lang='lat' dir='ltr'><strong>debentem</strong></span> <span class='ocrx_word' id='word_1_58' title='bbox 1934 970 2082 1036; x_wconf 92' lang='lat' dir='ltr'><strong>odio,</strong></span> 
     </span>
    </p>
   </div>
   <div class='ocr_carea' id='block_1_11' title="bbox 455 1063 2086 1135">
    <p class='ocr_par' dir='ltr' id='par_1_11' title="bbox 455 1063 2086 1135">
     <span class='ocr_line' id='line_1_11' title="bbox 455 1063 2086 1135; baseline 0.001 -19"><span class='ocrx_word' id='word_1_59' title='bbox 455 1080 572 1118; x_wconf 88' lang='lat' dir='ltr'><strong>non</strong></span> <span class='ocrx_word' id='word_1_60' title='bbox 601 1064 947 1118; x_wconf 88' lang='lat' dir='ltr'><strong>sentientem</strong></span> <span class='ocrx_word' id='word_1_61' title='bbox 969 1063 1264 1135; x_wconf 90' lang='lat' dir='ltr'><strong>supplicia,</strong></span> <span class='ocrx_word' id='word_1_62' title='bbox 1289 1063 1554 1134; x_wconf 86' lang='lat' dir='ltr'><strong>spoliaret</strong></span> <span class='ocrx_word' id='word_1_63' title='bbox 1580 1081 1641 1118; x_wconf 91' lang='lat' dir='ltr'><strong>su</strong></span> <span class='ocrx_word' id='word_1_64' title='bbox 1650 1080 1847 1134; x_wconf 90' lang='lat' dir='ltr'><strong>premo</strong></span> <span class='ocrx_word' id='word_1_65' title='bbox 1867 1069 2086 1118; x_wconf 55' lang='lat' dir='ltr'><strong>natura}</strong></span> 
     </span>
    </p>
   </div>
   <div class='ocr_carea' id='block_1_12' title="bbox 453 1156 2087 1228">
    <p class='ocr_par' dir='ltr' id='par_1_12' title="bbox 453 1156 2087 1228">
     <span class='ocr_line' id='line_1_12' title="bbox 453 1156 2087 1228; baseline 0.001 -17"><span class='ocrx_word' id='word_1_66' title='bbox 453 1156 666 1211; x_wconf 90' lang='lat' dir='ltr'><strong>debito.</strong></span> <span class='ocrx_word' id='word_1_67' title='bbox 702 1157 845 1221; x_wconf 88' lang='lat' dir='ltr'><strong>Quid</strong></span> <span class='ocrx_word' id='word_1_68' title='bbox 878 1157 988 1211; x_wconf 90' lang='lat' dir='ltr'><strong>illis</strong></span> <span class='ocrx_word' id='word_1_69' title='bbox 1015 1157 1170 1211; x_wconf 90' lang='lat' dir='ltr'><strong>aliud</strong></span> <span class='ocrx_word' id='word_1_70' title='bbox 1208 1157 1463 1212; x_wconf 90' lang='lat' dir='ltr'><strong>accidere</strong></span> <span class='ocrx_word' id='word_1_71' title='bbox 1494 1161 1741 1228; x_wconf 87' lang='lat' dir='ltr'><strong>poterat,</strong></span> <span class='ocrx_word' id='word_1_72' title='bbox 1772 1158 1867 1228; x_wconf 85' lang='lat' dir='ltr'><strong>qui</strong></span> <span class='ocrx_word' id='word_1_73' title='bbox 1897 1158 2087 1212; x_wconf 90' lang='lat' dir='ltr'><strong>divina</strong></span> 
     </span>
    </p>
   </div>
   <div class='ocr_carea' id='block_1_13' title="bbox 456 1251 2086 1324">
    <p class='ocr_par' dir='ltr' id='par_1_13' title="bbox 456 1251 2086 1324">
     <span class='ocr_line' id='line_1_13' title="bbox 456 1251 2086 1324; baseline 0.001 -20"><span class='ocrx_word' id='word_1_74' title='bbox 456 1269 569 1305; x_wconf 90' lang='lat' dir='ltr'><strong>non</strong></span> <span class='ocrx_word' id='word_1_75' title='bbox 612 1251 965 1322; x_wconf 83' lang='lat' dir='ltr'><strong>recipiebant</strong></span> <span class='ocrx_word' id='word_1_76' title='bbox 1004 1251 1275 1306; x_wconf 85' lang='lat' dir='ltr'><strong>oracula?</strong></span> <span class='ocrx_word' id='word_1_77' title='bbox 1312 1251 1630 1307; x_wconf 90' lang='lat' dir='ltr'><strong>lrridebant</strong></span> <span class='ocrx_word' id='word_1_78' title='bbox 1674 1252 2086 1324; x_wconf 88' lang='lat' dir='ltr'><strong>prophetarum</strong></span> 
     </span>
    </p>
   </div>
   <div class='ocr_carea' id='block_1_14' title="bbox 453 1345 2090 1414">
    <p class='ocr_par' dir='ltr' id='par_1_14' title="bbox 453 1345 2090 1414">
     <span class='ocr_line' id='line_1_14' title="bbox 453 1345 2090 1414; baseline 0.001 -16"><span class='ocrx_word' id='word_1_79' title='bbox 453 1345 934 1410; x_wconf 89' lang='lat' dir='ltr'><strong>annuutiationes,</strong></span> <span class='ocrx_word' id='word_1_80' title='bbox 968 1345 1049 1399; x_wconf 90' lang='lat' dir='ltr'><strong>fas</strong></span> <span class='ocrx_word' id='word_1_81' title='bbox 1091 1361 1258 1400; x_wconf 91' lang='lat' dir='ltr'><strong>omne</strong></span> <span class='ocrx_word' id='word_1_82' title='bbox 1298 1347 1606 1414; x_wconf 89' lang='lat' dir='ltr'><strong>calcabant,</strong></span> <span class='ocrx_word' id='word_1_83' title='bbox 1641 1363 1753 1400; x_wconf 91' lang='lat' dir='ltr'><strong>non</strong></span> <span class='ocrx_word' id='word_1_84' title='bbox 1781 1346 2090 1400; x_wconf 87' lang='lat' dir='ltr'><strong>credebant</strong></span> 
     </span>
    </p>
   </div>
   <div class='ocr_carea' id='block_1_15' title="bbox 454 1437 2091 1510">
    <p class='ocr_par' dir='ltr' id='par_1_15' title="bbox 454 1437 2091 1510">
     <span class='ocr_line' id='line_1_15' title="bbox 454 1437 2091 1510; baseline 0.001 -18"><span class='ocrx_word' id='word_1_85' title='bbox 454 1439 671 1507; x_wconf 89' lang='lat' dir='ltr'><strong>futura,</strong></span> <span class='ocrx_word' id='word_1_86' title='bbox 718 1455 846 1510; x_wconf 76' lang='lat' dir='ltr'><strong>quae</strong></span> <span class='ocrx_word' id='word_1_87' title='bbox 894 1444 953 1492; x_wconf 92' lang='lat' dir='ltr'><strong>ut</strong></span> <span class='ocrx_word' id='word_1_88' title='bbox 996 1437 1222 1507; x_wconf 85' lang='lat' dir='ltr'><strong>tierent,</strong></span> <span class='ocrx_word' id='word_1_89' title='bbox 1277 1439 1382 1510; x_wconf 88' lang='lat' dir='ltr'><strong>ipsi</strong></span> <span class='ocrx_word' id='word_1_90' title='bbox 1428 1441 1911 1495; x_wconf 80' lang='lat' dir='ltr'><strong>acceleraverunt.</strong></span> <span class='ocrx_word' id='word_1_91' title='bbox 1958 1441 2091 1496; x_wconf 85' lang='lat' dir='ltr'><strong>Erat</strong></span> 
     </span>
    </p>
   </div>
   <div class='ocr_carea' id='block_1_16' title="bbox 457 1532 2088 1605">
    <p class='ocr_par' dir='ltr' id='par_1_16' title="bbox 457 1532 2088 1605">
     <span class='ocr_line' id='line_1_16' title="bbox 457 1532 2088 1605; baseline 0.001 -20"><span class='ocrx_word' id='word_1_92' title='bbox 457 1532 615 1586; x_wconf 90' lang='lat' dir='ltr'><strong>enim</strong></span> <span class='ocrx_word' id='word_1_93' title='bbox 668 1548 860 1586; x_wconf 90' lang='lat' dir='ltr'><strong>sermo</strong></span> <span class='ocrx_word' id='word_1_94' title='bbox 917 1535 1075 1587; x_wconf 90' lang='lat' dir='ltr'><strong>vetus</strong></span> <span class='ocrx_word' id='word_1_95' title='bbox 1127 1539 1182 1586; x_wconf 92' lang='lat' dir='ltr'><strong>et</strong></span> <span class='ocrx_word' id='word_1_96' title='bbox 1237 1533 1537 1605; x_wconf 80' lang='lat' dir='ltr'><strong>frequens,</strong></span> <span class='ocrx_word' id='word_1_97' title='bbox 1585 1540 1720 1589; x_wconf 90' lang='lat' dir='ltr'><strong>tunc</strong></span> <span class='ocrx_word' id='word_1_98' title='bbox 1775 1533 2088 1605; x_wconf 86' lang='lat' dir='ltr'><strong>perituram</strong></span> 
     </span>
    </p>
   </div>
   <div class='ocr_carea' id='block_1_17' title="bbox 453 1625 2086 1699">
    <p class='ocr_par' dir='ltr' id='par_1_17' title="bbox 453 1625 2086 1699">
     <span class='ocr_line' id='line_1_17' title="bbox 453 1625 2086 1699; baseline 0.002 -19"><span class='ocrx_word' id='word_1_99' title='bbox 453 1625 655 1681; x_wconf 86' lang='lat' dir='ltr'><strong>urbem</strong></span> <span class='ocrx_word' id='word_1_100' title='bbox 703 1625 1190 1696; x_wconf 77' lang='lat' dir='ltr'><strong>Hierosolymam,</strong></span> <span class='ocrx_word' id='word_1_101' title='bbox 1247 1632 1304 1680; x_wconf 84' lang='lat' dir='ltr'><strong>et</strong></span> <span class='ocrx_word' id='word_1_102' title='bbox 1359 1631 1551 1682; x_wconf 87' lang='lat' dir='ltr'><strong>sancta</strong></span> <span class='ocrx_word' id='word_1_103' title='bbox 1606 1629 1726 1699; x_wconf 82' lang='lat' dir='ltr'><strong>ejus</strong></span> <span class='ocrx_word' id='word_1_104' title='bbox 1781 1629 2086 1694; x_wconf 90' lang='lat' dir='ltr'><strong>exurenda,</strong></span> 
     </span>
    </p>
   </div>
   <div class='ocr_carea' id='block_1_18' title="bbox 455 1719 2090 1793">
    <p class='ocr_par' dir='ltr' id='par_1_18' title="bbox 455 1719 2090 1793">
     <span class='ocr_line' id='line_1_18' title="bbox 455 1719 2090 1793; baseline 0.002 -20"><span class='ocrx_word' id='word_1_105' title='bbox 455 1736 586 1774; x_wconf 92' lang='lat' dir='ltr'><strong>cum</strong></span> <span class='ocrx_word' id='word_1_106' title='bbox 629 1719 830 1775; x_wconf 87' lang='lat' dir='ltr'><strong>seditio</strong></span> <span class='ocrx_word' id='word_1_107' title='bbox 885 1721 1021 1776; x_wconf 90' lang='lat' dir='ltr'><strong>belli</strong></span> <span class='ocrx_word' id='word_1_108' title='bbox 1063 1722 1251 1793; x_wconf 80' lang='lat' dir='ltr'><strong>legem</strong></span> <span class='ocrx_word' id='word_1_109' title='bbox 1302 1723 1628 1788; x_wconf 90' lang='lat' dir='ltr'><strong>incesseret,</strong></span> <span class='ocrx_word' id='word_1_110' title='bbox 1673 1727 1730 1776; x_wconf 90' lang='lat' dir='ltr'><strong>et</strong></span> <span class='ocrx_word' id='word_1_111' title='bbox 1766 1721 2090 1776; x_wconf 75' lang='lat' dir='ltr'><strong>domestica:</strong></span> 
     </span>
    </p>
   </div>
   <div class='ocr_carea' id='block_1_19' title="bbox 457 1814 2090 1886">
    <p class='ocr_par' dir='ltr' id='par_1_19' title="bbox 457 1814 2090 1886">
     <span class='ocr_line' id='line_1_19' title="bbox 457 1814 2090 1886; baseline 0.002 -19"><span class='ocrx_word' id='word_1_112' title='bbox 457 1830 664 1868; x_wconf 87' lang='lat' dir='ltr'><strong>manus</strong></span> <span class='ocrx_word' id='word_1_113' title='bbox 715 1814 995 1886; x_wconf 84' lang='lat' dir='ltr'><strong>templum</strong></span> <span class='ocrx_word' id='word_1_114' title='bbox 1043 1814 1138 1870; x_wconf 90' lang='lat' dir='ltr'><strong>Dei</strong></span> <span class='ocrx_word' id='word_1_115' title='bbox 1183 1816 1676 1882; x_wconf 86' lang='lat' dir='ltr'><strong>contaminarent;</strong></span> <span class='ocrx_word' id='word_1_116' title='bbox 1721 1815 1819 1870; x_wconf 90' lang='lat' dir='ltr'><strong>sed</strong></span> <span class='ocrx_word' id='word_1_117' title='bbox 1866 1833 1936 1871; x_wconf 91' lang='lat' dir='ltr'><strong>ne</strong></span> <span class='ocrx_word' id='word_1_118' title='bbox 1981 1817 2090 1870; x_wconf 88' lang='lat' dir='ltr'><strong>hoc</strong></span> 
     </span>
    </p>
   </div>
   <div class='ocr_carea' id='block_1_20' title="bbox 457 1906 2090 1977">
    <p class='ocr_par' dir='ltr' id='par_1_20' title="bbox 457 1906 2090 1977">
     <span class='ocr_line' id='line_1_20' title="bbox 457 1906 2090 1977; baseline 0.002 -17"><span class='ocrx_word' id='word_1_119' title='bbox 457 1906 694 1977; x_wconf 89' lang='lat' dir='ltr'><strong>quidem</strong></span> <span class='ocrx_word' id='word_1_120' title='bbox 737 1907 1163 1963; x_wconf 88' lang='lat' dir='ltr'><strong>intellexerunt.</strong></span> <span class='ocrx_word' id='word_1_121' title='bbox 1202 1909 1430 1972; x_wconf 86' lang='lat' dir='ltr'><strong>Quoties</strong></span> <span class='ocrx_word' id='word_1_122' title='bbox 1473 1909 1624 1963; x_wconf 90' lang='lat' dir='ltr'><strong>enim</strong></span> <span class='ocrx_word' id='word_1_123' title='bbox 1669 1909 1851 1963; x_wconf 88' lang='lat' dir='ltr'><strong>excisa</strong></span> <span class='ocrx_word' id='word_1_124' title='bbox 1893 1909 2090 1964; x_wconf 88' lang='lat' dir='ltr'><strong>domus</strong></span> 
     </span>
    </p>
   </div>
   <div class='ocr_carea' id='block_1_21' title="bbox 458 1999 2090 2074">
    <p class='ocr_par' dir='ltr' id='par_1_21' title="bbox 458 1999 2090 2074">
     <span class='ocr_line' id='line_1_21' title="bbox 458 1999 2090 2074; baseline 0.002 -20"><span class='ocrx_word' id='word_1_125' title='bbox 458 1999 577 2067; x_wconf 91' lang='lat' dir='ltr'><strong>Dei,</strong></span> <span class='ocrx_word' id='word_1_126' title='bbox 603 2002 826 2070; x_wconf 88' lang='lat' dir='ltr'><strong>quoties</strong></span> <span class='ocrx_word' id='word_1_127' title='bbox 848 2000 1073 2070; x_wconf 88' lang='lat' dir='ltr'><strong>seditio,</strong></span> <span class='ocrx_word' id='word_1_128' title='bbox 1097 2002 1321 2074; x_wconf 89' lang='lat' dir='ltr'><strong>quoties</strong></span> <span class='ocrx_word' id='word_1_129' title='bbox 1341 2002 1574 2069; x_wconf 89' lang='lat' dir='ltr'><strong>obsidio,</strong></span> <span class='ocrx_word' id='word_1_130' title='bbox 1597 2003 1815 2074; x_wconf 90' lang='lat' dir='ltr'><strong>quoties</strong></span> <span class='ocrx_word' id='word_1_131' title='bbox 1841 2003 2090 2058; x_wconf 88' lang='lat' dir='ltr'><strong>bellum?</strong></span> 
     </span>
    </p>
   </div>
   <div class='ocr_carea' id='block_1_22' title="bbox 458 2095 2088 2168">
    <p class='ocr_par' dir='ltr' id='par_1_22' title="bbox 458 2095 2088 2168">
     <span class='ocr_line' id='line_1_22' title="bbox 458 2095 2088 2168; baseline 0.002 -21"><span class='ocrx_word' id='word_1_132' title='bbox 458 2099 515 2148; x_wconf 91' lang='lat' dir='ltr'><strong>et</strong></span> <span class='ocrx_word' id='word_1_133' title='bbox 561 2111 855 2166; x_wconf 88' lang='lat' dir='ltr'><strong>nunquam</strong></span> <span class='ocrx_word' id='word_1_134' title='bbox 904 2096 1005 2150; x_wconf 89' lang='lat' dir='ltr'><strong>illa</strong></span> <span class='ocrx_word' id='word_1_135' title='bbox 1045 2095 1182 2150; x_wconf 90' lang='lat' dir='ltr'><strong>urbs</strong></span> <span class='ocrx_word' id='word_1_136' title='bbox 1229 2096 1418 2167; x_wconf 89' lang='lat' dir='ltr'><strong>periit,</strong></span> <span class='ocrx_word' id='word_1_137' title='bbox 1466 2097 1571 2150; x_wconf 91' lang='lat' dir='ltr'><strong>nisi</strong></span> <span class='ocrx_word' id='word_1_138' title='bbox 1614 2096 1842 2168; x_wconf 89' lang='lat' dir='ltr'><strong>quando</strong></span> <span class='ocrx_word' id='word_1_139' title='bbox 1893 2115 2088 2152; x_wconf 81' lang='lat' dir='ltr'><strong>verum</strong></span> 
     </span>
    </p>
   </div>
   <div class='ocr_carea' id='block_1_23' title="bbox 460 2188 2092 2258">
    <p class='ocr_par' dir='ltr' id='par_1_23' title="bbox 460 2188 2092 2258">
     <span class='ocr_line' id='line_1_23' title="bbox 460 2188 2092 2258; baseline 0.004 -18"><span class='ocrx_word' id='word_1_140' title='bbox 460 2188 737 2258; x_wconf 87' lang='lat' dir='ltr'><strong>templum</strong></span> <span class='ocrx_word' id='word_1_141' title='bbox 781 2188 878 2242; x_wconf 90' lang='lat' dir='ltr'><strong>Dei</strong></span> <span class='ocrx_word' id='word_1_142' title='bbox 912 2188 1238 2244; x_wconf 88' lang='lat' dir='ltr'><strong>domesticis</strong></span> <span class='ocrx_word' id='word_1_143' title='bbox 1263 2190 1528 2244; x_wconf 89' lang='lat' dir='ltr'><strong>manibus</strong></span> <span class='ocrx_word' id='word_1_144' title='bbox 1567 2189 1992 2246; x_wconf 85' lang='lat' dir='ltr'><strong>cruciﬁxeruut.</strong></span> <span class='ocrx_word' id='word_1_145' title='bbox 2027 2193 2092 2246; x_wconf 84' lang='lat' dir='ltr'><strong>Et</strong></span> 
     </span>
    </p>
   </div>
   <div class='ocr_carea' id='block_1_24' title="bbox 461 2281 2088 2356">
    <p class='ocr_par' dir='ltr' id='par_1_24' title="bbox 461 2281 2088 2356">
     <span class='ocr_line' id='line_1_24' title="bbox 461 2281 2088 2356; baseline 0.003 -22"><span class='ocrx_word' id='word_1_146' title='bbox 461 2281 613 2351; x_wconf 88' lang='lat' dir='ltr'><strong>quod</strong></span> <span class='ocrx_word' id='word_1_147' title='bbox 645 2281 782 2335; x_wconf 93' lang='lat' dir='ltr'><strong>illud</strong></span> <span class='ocrx_word' id='word_1_148' title='bbox 819 2283 1145 2353; x_wconf 86' lang='lat' dir='ltr'><strong>templum?</strong></span> <span class='ocrx_word' id='word_1_149' title='bbox 1175 2283 1462 2340; x_wconf 78' lang='lat' dir='ltr'><strong>Audiant:</strong></span> <span class='ocrx_word' id='word_1_150' title='bbox 1505 2307 1529 2331; x_wconf 79' lang='grc' dir='ltr'><strong>α</strong></span> <span class='ocrx_word' id='word_1_151' title='bbox 1562 2283 1774 2339; x_wconf 92' lang='lat' dir='ltr'><strong>Solvite</strong></span> <span class='ocrx_word' id='word_1_152' title='bbox 1811 2285 2088 2356; x_wconf 88' lang='lat' dir='ltr'><strong>templum</strong></span> 
     </span>
    </p>
   </div>
   <div class='ocr_carea' id='block_1_25' title="bbox 459 2375 2083 2451">
    <p class='ocr_par' dir='ltr' id='par_1_25' title="bbox 459 2375 2083 2451">
     <span class='ocr_line' id='line_1_25' title="bbox 459 2375 2083 2451; baseline 0.004 -23"><span class='ocrx_word' id='word_1_153' title='bbox 459 2375 586 2442; x_wconf 91' lang='lat' dir='ltr'><strong>hoc,</strong></span> <span class='ocrx_word' id='word_1_154' title='bbox 618 2382 672 2429; x_wconf 91' lang='lat' dir='ltr'><strong>et</strong></span> <span class='ocrx_word' id='word_1_155' title='bbox 711 2377 764 2430; x_wconf 90' lang='lat' dir='ltr'><strong>in</strong></span> <span class='ocrx_word' id='word_1_156' title='bbox 811 2376 998 2431; x_wconf 89' lang='lat' dir='ltr'><strong>triduo</strong></span> <span class='ocrx_word' id='word_1_157' title='bbox 1036 2377 1380 2432; x_wconf 89' lang='lat' dir='ltr'><strong>resuscitabo</strong></span> <span class='ocrx_word' id='word_1_158' title='bbox 1415 2377 1555 2432; x_wconf 92' lang='lat' dir='ltr'><strong>illud</strong></span> <span class='ocrx_word' id='word_1_159' title='bbox 1597 2380 1796 2448; x_wconf 61' lang='lat' dir='ltr'><strong>(Jama,</strong></span> <span class='ocrx_word' id='word_1_160' title='bbox 1828 2396 1882 2446; x_wconf 85' lang='grc' dir='ltr'>ιι,</span> <span class='ocrx_word' id='word_1_161' title='bbox 1921 2380 2026 2451; x_wconf 84' lang='grc'><strong>19).</strong></span> <span class='ocrx_word' id='word_1_162' title='bbox 2059 2405 2083 2428; x_wconf 86' lang='grc'><strong>››</strong></span> 
     </span>
    </p>
   </div>
   <div class='ocr_carea' id='block_1_26' title="bbox 459 2469 2090 2545">
    <p class='ocr_par' dir='ltr' id='par_1_26' title="bbox 459 2469 2090 2545">
     <span class='ocr_line' id='line_1_26' title="bbox 459 2469 2090 2545; baseline 0.004 -23"><span class='ocrx_word' id='word_1_163' title='bbox 459 2469 602 2535; x_wconf 85' lang='lat' dir='ltr'><strong>Quid</strong></span> <span class='ocrx_word' id='word_1_164' title='bbox 641 2469 792 2524; x_wconf 89' lang='lat' dir='ltr'><strong>enim</strong></span> <span class='ocrx_word' id='word_1_165' title='bbox 826 2470 976 2525; x_wconf 93' lang='lat' dir='ltr'><strong>aliud</strong></span> <span class='ocrx_word' id='word_1_166' title='bbox 1013 2472 1117 2526; x_wconf 83' lang='lat' dir='ltr'><strong>uisi</strong></span> <span class='ocrx_word' id='word_1_167' title='bbox 1159 2471 1525 2542; x_wconf 86' lang='lat' dir='ltr'><strong>sacrilegium</strong></span> <span class='ocrx_word' id='word_1_168' title='bbox 1557 2472 1683 2539; x_wconf 85' lang='lat' dir='ltr'><strong>fuit,</strong></span> <span class='ocrx_word' id='word_1_169' title='bbox 1725 2489 1855 2528; x_wconf 91' lang='lat' dir='ltr'><strong>cum</strong></span> <span class='ocrx_word' id='word_1_170' title='bbox 1889 2473 2090 2545; x_wconf 89' lang='lat' dir='ltr'><strong>impias</strong></span> 
     </span>
    </p>
   </div>
   <div class='ocr_carea' id='block_1_27' title="bbox 461 2564 2084 2639">
    <p class='ocr_par' dir='ltr' id='par_1_27' title="bbox 461 2564 2084 2639">
     <span class='ocr_line' id='line_1_27' title="bbox 461 2564 2084 2639; baseline 0.004 -23"><span class='ocrx_word' id='word_1_171' title='bbox 461 2579 662 2618; x_wconf 88' lang='lat' dir='ltr'><strong>manus</strong></span> <span class='ocrx_word' id='word_1_172' title='bbox 699 2564 1078 2619; x_wconf 77' lang='lat' dir='ltr'><strong>extenderent</strong></span> <span class='ocrx_word' id='word_1_173' title='bbox 1119 2566 1173 2619; x_wconf 93' lang='lat' dir='ltr'><strong>iu</strong></span> <span class='ocrx_word' id='word_1_174' title='bbox 1213 2571 1499 2621; x_wconf 88' lang='lat' dir='ltr'><strong>auctorem</strong></span> <span class='ocrx_word' id='word_1_175' title='bbox 1541 2567 1752 2636; x_wconf 82' lang='lat' dir='ltr'><strong>salutis,</strong></span> <span class='ocrx_word' id='word_1_176' title='bbox 1782 2584 1908 2622; x_wconf 90' lang='lat' dir='ltr'><strong>cum</strong></span> <span class='ocrx_word' id='word_1_177' title='bbox 1948 2568 2084 2639; x_wconf 88' lang='lat' dir='ltr'><strong>lapi-</strong></span> 
     </span>
    </p>
   </div>
   <div class='ocr_carea' id='block_1_28' title="bbox 459 2657 2086 2732">
    <p class='ocr_par' dir='ltr' id='par_1_28' title="bbox 459 2657 2086 2732">
     <span class='ocr_line' id='line_1_28' title="bbox 459 2657 2086 2732; baseline 0.003 -22"><span class='ocrx_word' id='word_1_178' title='bbox 459 2657 678 2724; x_wconf 88' lang='lat' dir='ltr'><strong>dareut,</strong></span> <span class='ocrx_word' id='word_1_179' title='bbox 731 2675 860 2712; x_wconf 93' lang='lat' dir='ltr'><strong>cum</strong></span> <span class='ocrx_word' id='word_1_180' title='bbox 916 2659 1304 2725; x_wconf 89' lang='lat' dir='ltr'><strong>verberarent,</strong></span> <span class='ocrx_word' id='word_1_181' title='bbox 1357 2677 1486 2714; x_wconf 89' lang='lat' dir='ltr'><strong>cum</strong></span> <span class='ocrx_word' id='word_1_182' title='bbox 1537 2662 1908 2732; x_wconf 85' lang='lat' dir='ltr'><strong>corriperent,</strong></span> <span class='ocrx_word' id='word_1_183' title='bbox 1959 2679 2086 2715; x_wconf 91' lang='lat' dir='ltr'><strong>cum</strong></span> 
     </span>
    </p>
   </div>
   <div class='ocr_carea' id='block_1_29' title="bbox 460 2750 2090 2828">
    <p class='ocr_par' dir='ltr' id='par_1_29' title="bbox 460 2750 2090 2828">
     <span class='ocr_line' id='line_1_29' title="bbox 460 2750 2090 2828; baseline 0.004 -24"><span class='ocrx_word' id='word_1_184' title='bbox 460 2750 829 2807; x_wconf 85' lang='lat' dir='ltr'><strong>occiderent?</strong></span> <span class='ocrx_word' id='word_1_185' title='bbox 884 2754 1037 2807; x_wconf 90' lang='lat' dir='ltr'><strong>Tunc</strong></span> <span class='ocrx_word' id='word_1_186' title='bbox 1091 2769 1221 2808; x_wconf 82' lang='lat' dir='ltr'><strong>vere</strong></span> <span class='ocrx_word' id='word_1_187' title='bbox 1273 2761 1464 2808; x_wconf 89' lang='lat' dir='ltr'><strong>sancta</strong></span> <span class='ocrx_word' id='word_1_188' title='bbox 1515 2771 1710 2809; x_wconf 90' lang='lat' dir='ltr'><strong>eorum</strong></span> <span class='ocrx_word' id='word_1_189' title='bbox 1777 2755 2090 2828; x_wconf 84' lang='lat' dir='ltr'><strong>absumpsit</strong></span> 
     </span>
    </p>
   </div>
   <div class='ocr_carea' id='block_1_30' title="bbox 458 2843 2089 2921">
    <p class='ocr_par' dir='ltr' id='par_1_30' title="bbox 458 2843 2089 2921">
     <span class='ocr_line' id='line_1_30' title="bbox 458 2843 2089 2921; baseline 0.004 -23"><span class='ocrx_word' id='word_1_190' title='bbox 458 2843 608 2915; x_wconf 83' lang='lat' dir='ltr'><strong>ignis</strong></span> <span class='ocrx_word' id='word_1_191' title='bbox 641 2845 894 2915; x_wconf 85' lang='lat' dir='ltr'><strong>divinus;</strong></span> <span class='ocrx_word' id='word_1_192' title='bbox 920 2863 1051 2900; x_wconf 88' lang='lat' dir='ltr'><strong>nam</strong></span> <span class='ocrx_word' id='word_1_193' title='bbox 1075 2853 1129 2901; x_wconf 86' lang='lat' dir='ltr'><strong>et</strong></span> <span class='ocrx_word' id='word_1_194' title='bbox 1158 2852 1353 2902; x_wconf 78' lang='lat' dir='ltr'><strong>exusta</strong></span> <span class='ocrx_word' id='word_1_195' title='bbox 1387 2865 1419 2902; x_wconf 90' lang='lat' dir='ltr'><strong>a</strong></span> <span class='ocrx_word' id='word_1_196' title='bbox 1449 2848 1791 2919; x_wconf 80' lang='lat' dir='ltr'><strong>Babyloniis,</strong></span> <span class='ocrx_word' id='word_1_197' title='bbox 1823 2855 2089 2921; x_wconf 89' lang='lat' dir='ltr'><strong>reparata</strong></span> 
     </span>
    </p>
   </div>
   <div class='ocr_carea' id='block_1_31' title="bbox 461 2939 2084 3013">
    <p class='ocr_par' dir='ltr' id='par_1_31' title="bbox 461 2939 2084 3013">
     <span class='ocr_line' id='line_1_31' title="bbox 461 2939 2084 3013; baseline 0.004 -21"><span class='ocrx_word' id='word_1_198' title='bbox 461 2942 689 3009; x_wconf 87' lang='lat' dir='ltr'><strong>postea;</strong></span> <span class='ocrx_word' id='word_1_199' title='bbox 739 2939 1026 2994; x_wconf 88' lang='lat' dir='ltr'><strong>destructa</strong></span> <span class='ocrx_word' id='word_1_200' title='bbox 1069 2958 1101 2995; x_wconf 90' lang='lat' dir='ltr'><strong>a</strong></span> <span class='ocrx_word' id='word_1_201' title='bbox 1146 2942 1441 3013; x_wconf 88' lang='lat' dir='ltr'><strong>Pompeio,</strong></span> <span class='ocrx_word' id='word_1_202' title='bbox 1487 2944 1791 2998; x_wconf 88' lang='lat' dir='ltr'><strong>reformata</strong></span> <span class='ocrx_word' id='word_1_203' title='bbox 1842 2944 2084 3008; x_wconf 87' lang='lat' dir='ltr'><strong>iterum;</strong></span> 
     </span>
    </p>
   </div>
   <div class='ocr_carea' id='block_1_32' title="bbox 460 3032 2088 3108">
    <p class='ocr_par' dir='ltr' id='par_1_32' title="bbox 460 3032 2088 3108">
     <span class='ocr_line' id='line_1_32' title="bbox 460 3032 2088 3108; baseline 0.004 -23"><span class='ocrx_word' id='word_1_204' title='bbox 460 3032 558 3086; x_wconf 88' lang='lat' dir='ltr'><strong>sed</strong></span> <span class='ocrx_word' id='word_1_205' title='bbox 610 3033 833 3104; x_wconf 87' lang='lat' dir='ltr'><strong>penitus</strong></span> <span class='ocrx_word' id='word_1_206' title='bbox 888 3040 1098 3103; x_wconf 85' lang='lat' dir='ltr'><strong>exusta,</strong></span> <span class='ocrx_word' id='word_1_207' title='bbox 1157 3033 1250 3089; x_wconf 87' lang='lat' dir='ltr'><strong>ubi</strong></span> <span class='ocrx_word' id='word_1_208' title='bbox 1301 3037 1460 3090; x_wconf 83' lang='lat' dir='ltr'><strong>Jesus</strong></span> <span class='ocrx_word' id='word_1_209' title='bbox 1516 3037 1688 3103; x_wconf 86' lang='lat' dir='ltr'><strong>venit,</strong></span> <span class='ocrx_word' id='word_1_210' title='bbox 1745 3041 1800 3092; x_wconf 87' lang='lat' dir='ltr'><strong>et</strong></span> <span class='ocrx_word' id='word_1_211' title='bbox 1851 3037 2088 3108; x_wconf 85' lang='lat' dir='ltr'><strong>Spiritus</strong></span> 
     </span>
    </p>
   </div>
   <div class='ocr_carea' id='block_1_33' title="bbox 460 3126 2087 3201">
    <p class='ocr_par' dir='ltr' id='par_1_33' title="bbox 460 3126 2087 3201">
     <span class='ocr_line' id='line_1_33' title="bbox 460 3126 2087 3201; baseline 0.003 -20"><span class='ocrx_word' id='word_1_212' title='bbox 460 3126 630 3181; x_wconf 90' lang='lat' dir='ltr'><strong>divini</strong></span> <span class='ocrx_word' id='word_1_213' title='bbox 675 3128 855 3182; x_wconf 91' lang='lat' dir='ltr'><strong>calore</strong></span> <span class='ocrx_word' id='word_1_214' title='bbox 897 3129 1081 3182; x_wconf 88' lang='lat' dir='ltr'><strong>soluta</strong></span> <span class='ocrx_word' id='word_1_215' title='bbox 1113 3133 1488 3184; x_wconf 89' lang='lat' dir='ltr'><strong>evanuerunt.</strong></span> <span class='ocrx_word' id='word_1_216' title='bbox 1527 3130 1792 3201; x_wconf 89' lang='lat' dir='ltr'><strong>Oportuit</strong></span> <span class='ocrx_word' id='word_1_217' title='bbox 1821 3131 2087 3186; x_wconf 90' lang='lat' dir='ltr'><strong>uberiore</strong></span> 
     </span>
    </p>
   </div>
   <div class='ocr_carea' id='block_1_34' title="bbox 459 3220 2088 3296">
    <p class='ocr_par' dir='ltr' id='par_1_34' title="bbox 459 3220 2088 3296">
     <span class='ocr_line' id='line_1_34' title="bbox 459 3220 2088 3296; baseline 0.004 -23"><span class='ocrx_word' id='word_1_218' title='bbox 459 3220 711 3290; x_wconf 90' lang='lat' dir='ltr'><strong>quadam</strong></span> <span class='ocrx_word' id='word_1_219' title='bbox 759 3221 1149 3292; x_wconf 86' lang='lat' dir='ltr'><strong>deploratione</strong></span> <span class='ocrx_word' id='word_1_220' title='bbox 1193 3223 1397 3294; x_wconf 69' lang='lat' dir='ltr'><strong>prteire</strong></span> <span class='ocrx_word' id='word_1_221' title='bbox 1437 3240 1538 3278; x_wconf 90' lang='lat' dir='ltr'><strong>nos</strong></span> <span class='ocrx_word' id='word_1_222' title='bbox 1585 3225 1756 3279; x_wconf 91' lang='lat' dir='ltr'><strong>funus</strong></span> <span class='ocrx_word' id='word_1_223' title='bbox 1800 3225 2088 3296; x_wconf 87' lang='lat' dir='ltr'><strong>quoddam</strong></span> 
     </span>
    </p>
   </div>
   <div class='ocr_carea' id='block_1_35' title="bbox 459 3314 2089 3390">
    <p class='ocr_par' dir='ltr' id='par_1_35' title="bbox 459 3314 2089 3390">
     <span class='ocr_line' id='line_1_35' title="bbox 459 3314 2089 3390; baseline 0.005 -25"><span class='ocrx_word' id='word_1_224' title='bbox 459 3319 715 3383; x_wconf 71' lang='lat' dir='ltr'><strong>paterna:</strong></span> <span class='ocrx_word' id='word_1_225' title='bbox 762 3314 1154 3384; x_wconf 88' lang='lat' dir='ltr'><strong>solemnitatis,</strong></span> <span class='ocrx_word' id='word_1_226' title='bbox 1195 3320 1253 3370; x_wconf 90' lang='lat' dir='ltr'><strong>et</strong></span> <span class='ocrx_word' id='word_1_227' title='bbox 1297 3318 1446 3371; x_wconf 92' lang='lat' dir='ltr'><strong>velut</strong></span> <span class='ocrx_word' id='word_1_228' title='bbox 1479 3318 1766 3389; x_wconf 84' lang='lat' dir='ltr'><strong>exsequias</strong></span> <span class='ocrx_word' id='word_1_229' title='bbox 1809 3319 2089 3390; x_wconf 88' lang='lat' dir='ltr'><strong>quasdam</strong></span> 
     </span>
    </p>
   </div>
   <div class='ocr_carea' id='block_1_36' title="bbox 461 3407 2088 3483">
    <p class='ocr_par' dir='ltr' id='par_1_36' title="bbox 461 3407 2088 3483">
     <span class='ocr_line' id='line_1_36' title="bbox 461 3407 2088 3483; baseline 0.006 -25"><span class='ocrx_word' id='word_1_230' title='bbox 461 3407 752 3477; x_wconf 84' lang='lat' dir='ltr'><strong>prosequi,</strong></span> <span class='ocrx_word' id='word_1_231' title='bbox 786 3424 850 3461; x_wconf 92' lang='lat' dir='ltr'><strong>ac</strong></span> <span class='ocrx_word' id='word_1_232' title='bbox 893 3408 1106 3463; x_wconf 88' lang='lat' dir='ltr'><strong>solvere</strong></span> <span class='ocrx_word' id='word_1_233' title='bbox 1141 3410 1302 3480; x_wconf 80' lang='lat' dir='ltr'><strong>juxta</strong></span> <span class='ocrx_word' id='word_1_234' title='bbox 1347 3411 1632 3483; x_wconf 89' lang='lat' dir='ltr'><strong>majorum</strong></span> <span class='ocrx_word' id='word_1_235' title='bbox 1677 3412 1956 3480; x_wconf 87' lang='lat' dir='ltr'><strong>instituta,</strong></span> <span class='ocrx_word' id='word_1_236' title='bbox 1990 3413 2088 3468; x_wconf 90' lang='lat' dir='ltr'><strong>sed</strong></span> 
     </span>
    </p>
   </div>
   <div class='ocr_carea' id='block_1_37' title="bbox 460 3500 1871 3562">
    <p class='ocr_par' dir='ltr' id='par_1_37' title="bbox 460 3500 1871 3562">
     <span class='ocr_line' id='line_1_37' title="bbox 460 3500 1871 3562; baseline 0.006 -9"><span class='ocrx_word' id='word_1_237' title='bbox 460 3500 752 3555; x_wconf 89' lang='lat' dir='ltr'><strong>veniamus</strong></span> <span class='ocrx_word' id='word_1_238' title='bbox 777 3502 847 3557; x_wconf 89' lang='lat' dir='ltr'><strong>ad</strong></span> <span class='ocrx_word' id='word_1_239' title='bbox 877 3503 1174 3558; x_wconf 79' lang='lat' dir='ltr'><strong>exordium</strong></span> <span class='ocrx_word' id='word_1_240' title='bbox 1206 3504 1514 3561; x_wconf 88' lang='lat' dir='ltr'><strong>obsidionis</strong></span> <span class='ocrx_word' id='word_1_241' title='bbox 1538 3507 1871 3562; x_wconf 81' lang='lat' dir='ltr'><strong>Jerusalem.</strong></span> 
     </span>
    </p>
   </div>
   <div class='ocr_carea' id='block_1_38' title="bbox 1101 3599 1448 3655">
    <p class='ocr_par' dir='ltr' id='par_1_38' title="bbox 1101 3599 1448 3655">
     <span class='ocr_line' id='line_1_38' title="bbox 1101 3599 1448 3655; baseline 0.006 -3"><span class='ocrx_word' id='word_1_242' title='bbox 1101 3599 1322 3653; x_wconf 87' lang='lat' dir='ltr'><strong>CAPUT</strong></span> <span class='ocrx_word' id='word_1_243' title='bbox 1361 3600 1448 3655; x_wconf 85' lang='grc' dir='ltr'><strong>ΙΙΙ.</strong></span> 
     </span>
    </p>
   </div>
   <div class='ocr_carea' id='block_1_39' title="bbox 529 3689 2090 3767">
    <p class='ocr_par' dir='ltr' id='par_1_39' title="bbox 529 3689 2090 3767">
     <span class='ocr_line' id='line_1_39' title="bbox 529 3689 2090 3767; baseline 0.007 -26"><span class='ocrx_word' id='word_1_244' title='bbox 529 3689 853 3745; x_wconf 84' lang='lat' dir='ltr'><strong>Reverterat</strong></span> <span class='ocrx_word' id='word_1_245' title='bbox 900 3691 955 3745; x_wconf 91' lang='lat' dir='ltr'><strong>in</strong></span> <span class='ocrx_word' id='word_1_246' title='bbox 999 3692 1259 3748; x_wconf 72' lang='lat' dir='ltr'><strong>Judeeam</strong></span> <span class='ocrx_word' id='word_1_247' title='bbox 1303 3693 1478 3760; x_wconf 86' lang='lat' dir='ltr'><strong>Titus,</strong></span> <span class='ocrx_word' id='word_1_248' title='bbox 1532 3698 1588 3748; x_wconf 92' lang='lat' dir='ltr'><strong>et</strong></span> <span class='ocrx_word' id='word_1_249' title='bbox 1639 3697 1838 3767; x_wconf 88' lang='lat' dir='ltr'><strong>paucis</strong></span> <span class='ocrx_word' id='word_1_250' title='bbox 1891 3696 2090 3752; x_wconf 91' lang='lat' dir='ltr'><strong>diebus</strong></span> 
     </span>
    </p>
   </div>
   <div class='ocr_carea' id='block_1_40' title="bbox 458 3782 2086 3857">
    <p class='ocr_par' dir='ltr' id='par_1_40' title="bbox 458 3782 2086 3857">
     <span class='ocr_line' id='line_1_40' title="bbox 458 3782 2086 3857; baseline 0.006 -21"><span class='ocrx_word' id='word_1_251' title='bbox 458 3782 829 3854; x_wconf 88' lang='lat' dir='ltr'><strong>interpositis,</strong></span> <span class='ocrx_word' id='word_1_252' title='bbox 868 3791 926 3839; x_wconf 91' lang='lat' dir='ltr'><strong>ut</strong></span> <span class='ocrx_word' id='word_1_253' title='bbox 954 3787 1313 3857; x_wconf 87' lang='lat' dir='ltr'><strong>replerentur</strong></span> <span class='ocrx_word' id='word_1_254' title='bbox 1347 3787 1576 3844; x_wconf 89' lang='lat' dir='ltr'><strong>ordines</strong></span> <span class='ocrx_word' id='word_1_255' title='bbox 1604 3789 1936 3844; x_wconf 88' lang='lat' dir='ltr'><strong>militarium</strong></span> <span class='ocrx_word' id='word_1_256' title='bbox 1981 3808 2086 3846; x_wconf 89' lang='lat' dir='ltr'><strong>nu-</strong></span> 
     </span>
    </p>
   </div>
   <div class='ocr_carea' id='block_1_41' title="bbox 458 3879 2089 3951">
    <p class='ocr_par' dir='ltr' id='par_1_41' title="bbox 458 3879 2089 3951">
     <span class='ocr_line' id='line_1_41' title="bbox 458 3879 2089 3951; baseline 0.004 -20"><span class='ocrx_word' id='word_1_257' title='bbox 458 3893 752 3932; x_wconf 89' lang='lat' dir='ltr'><strong>merorum</strong></span> <span class='ocrx_word' id='word_1_258' title='bbox 793 3879 862 3934; x_wconf 91' lang='lat' dir='ltr'><strong>de</strong></span> <span class='ocrx_word' id='word_1_259' title='bbox 901 3880 1108 3951; x_wconf 91' lang='lat' dir='ltr'><strong>quibus</strong></span> <span class='ocrx_word' id='word_1_260' title='bbox 1150 3880 1296 3937; x_wconf 90' lang='lat' dir='ltr'><strong>lecta</strong></span> <span class='ocrx_word' id='word_1_261' title='bbox 1342 3899 1549 3937; x_wconf 89' lang='lat' dir='ltr'><strong>manus</strong></span> <span class='ocrx_word' id='word_1_262' title='bbox 1589 3882 1763 3938; x_wconf 90' lang='lat' dir='ltr'><strong>missa</strong></span> <span class='ocrx_word' id='word_1_263' title='bbox 1801 3883 1985 3940; x_wconf 85' lang='lat' dir='ltr'><strong>fuerat</strong></span> <span class='ocrx_word' id='word_1_264' title='bbox 2032 3885 2089 3939; x_wconf 87' lang='lat' dir='ltr'><strong>in</strong></span> 
     </span>
    </p>
   </div>
   <div class='ocr_carea' id='block_1_42' title="bbox 458 3970 2088 4049">
    <p class='ocr_par' dir='ltr' id='par_1_42' title="bbox 458 3970 2088 4049">
     <span class='ocr_line' id='line_1_42' title="bbox 458 3970 2088 4049; baseline 0.006 -25"><span class='ocrx_word' id='word_1_265' title='bbox 458 3970 701 4039; x_wconf 87' lang='lat' dir='ltr'><strong>Italiam,</strong></span> <span class='ocrx_word' id='word_1_266' title='bbox 734 3971 952 4028; x_wconf 90' lang='lat' dir='ltr'><strong>bellum</strong></span> <span class='ocrx_word' id='word_1_267' title='bbox 983 3975 1242 4030; x_wconf 88' lang='lat' dir='ltr'><strong>adolebat</strong></span> <span class='ocrx_word' id='word_1_268' title='bbox 1259 3976 1532 4032; x_wconf 83' lang='lat' dir='ltr'><strong>festinans</strong></span> <span class='ocrx_word' id='word_1_269' title='bbox 1556 3977 1810 4032; x_wconf 90' lang='lat' dir='ltr'><strong>comitari</strong></span> <span class='ocrx_word' id='word_1_270' title='bbox 1840 3981 2088 4049; x_wconf 90' lang='lat' dir='ltr'><strong>patrem,</strong></span> 
     </span>
    </p>
   </div>
   <div class='ocr_carea' id='block_1_43' title="bbox 458 4065 2089 4138">
    <p class='ocr_par' dir='ltr' id='par_1_43' title="bbox 458 4065 2089 4138">
     <span class='ocr_line' id='line_1_43' title="bbox 458 4065 2089 4138; baseline 0.006 -20"><span class='ocrx_word' id='word_1_271' title='bbox 458 4082 529 4119; x_wconf 88' lang='lat' dir='ltr'><strong>ne</strong></span> <span class='ocrx_word' id='word_1_272' title='bbox 555 4065 612 4120; x_wconf 91' lang='lat' dir='ltr'><strong>in</strong></span> <span class='ocrx_word' id='word_1_273' title='bbox 646 4066 890 4136; x_wconf 91' lang='lat' dir='ltr'><strong>pericula</strong></span> <span class='ocrx_word' id='word_1_274' title='bbox 914 4070 1096 4124; x_wconf 90' lang='lat' dir='ltr'><strong>solum</strong></span> <span class='ocrx_word' id='word_1_275' title='bbox 1127 4069 1462 4138; x_wconf 90' lang='lat' dir='ltr'><strong>dimitteret,</strong></span> <span class='ocrx_word' id='word_1_276' title='bbox 1491 4071 1764 4126; x_wconf 89' lang='lat' dir='ltr'><strong>adversus</strong></span> <span class='ocrx_word' id='word_1_277' title='bbox 1787 4073 2089 4128; x_wconf 90' lang='lat' dir='ltr'><strong>Vitelliana</strong></span> 
     </span>
    </p>
   </div>
   <div class='ocr_carea' id='block_1_44' title="bbox 461 4161 2091 4237">
    <p class='ocr_par' dir='ltr' id='par_1_44' title="bbox 461 4161 2091 4237">
     <span class='ocr_line' id='line_1_44' title="bbox 461 4161 2091 4237; baseline 0.007 -25"><span class='ocrx_word' id='word_1_278' title='bbox 461 4175 623 4214; x_wconf 87' lang='lat' dir='ltr'><strong>arma</strong></span> <span class='ocrx_word' id='word_1_279' title='bbox 650 4161 1067 4218; x_wconf 88' lang='lat' dir='ltr'><strong>conﬂicturum.</strong></span> <span class='ocrx_word' id='word_1_280' title='bbox 1095 4164 1261 4219; x_wconf 80' lang='lat' dir='ltr'><strong>Movit</strong></span> <span class='ocrx_word' id='word_1_281' title='bbox 1292 4164 1486 4236; x_wconf 91' lang='lat' dir='ltr'><strong>itaque</strong></span> <span class='ocrx_word' id='word_1_282' title='bbox 1513 4167 1618 4221; x_wconf 89' lang='lat' dir='ltr'><strong>iter</strong></span> <span class='ocrx_word' id='word_1_283' title='bbox 1640 4182 1852 4237; x_wconf 90' lang='lat' dir='ltr'><strong>magno</strong></span> <span class='ocrx_word' id='word_1_284' title='bbox 1883 4166 2091 4224; x_wconf 89' lang='lat' dir='ltr'><strong>decore</strong></span> 
     </span>
    </p>
   </div>
   <div class='ocr_carea' id='block_1_45' title="bbox 458 4253 2087 4331">
    <p class='ocr_par' dir='ltr' id='par_1_45' title="bbox 458 4253 2087 4331">
     <span class='ocr_line' id='line_1_45' title="bbox 458 4253 2087 4331; baseline 0.006 -25"><span class='ocrx_word' id='word_1_285' title='bbox 458 4253 758 4322; x_wconf 84' lang='lat' dir='ltr'><strong>exercitus,</strong></span> <span class='ocrx_word' id='word_1_286' title='bbox 806 4255 1051 4311; x_wconf 87' lang='lat' dir='ltr'><strong>solitudo</strong></span> <span class='ocrx_word' id='word_1_287' title='bbox 1099 4258 1330 4328; x_wconf 88' lang='lat' dir='ltr'><strong>ubique,</strong></span> <span class='ocrx_word' id='word_1_288' title='bbox 1379 4264 1434 4313; x_wconf 92' lang='lat' dir='ltr'><strong>et</strong></span> <span class='ocrx_word' id='word_1_289' title='bbox 1480 4265 1676 4330; x_wconf 90' lang='lat' dir='ltr'><strong>parato</strong></span> <span class='ocrx_word' id='word_1_290' title='bbox 1724 4261 1953 4331; x_wconf 82' lang='lat' dir='ltr'><strong>agmine</strong></span> <span class='ocrx_word' id='word_1_291' title='bbox 1997 4280 2087 4316; x_wconf 86' lang='lat' dir='ltr'><strong>su-</strong></span> 
     </span>
    </p>
   </div>
   <div class='ocr_carea' id='block_1_46' title="bbox 458 4348 2086 4424">
    <p class='ocr_par' dir='ltr' id='par_1_46' title="bbox 458 4348 2086 4424">
     <span class='ocr_line' id='line_1_46' title="bbox 458 4348 2086 4424; baseline 0.006 -23"><span class='ocrx_word' id='word_1_292' title='bbox 458 4351 717 4419; x_wconf 88' lang='lat' dir='ltr'><strong>spectans</strong></span> <span class='ocrx_word' id='word_1_293' title='bbox 752 4348 1006 4418; x_wconf 90' lang='lat' dir='ltr'><strong>insidias,</strong></span> <span class='ocrx_word' id='word_1_294' title='bbox 1035 4351 1167 4422; x_wconf 86' lang='lat' dir='ltr'><strong>quia</strong></span> <span class='ocrx_word' id='word_1_295' title='bbox 1208 4351 1412 4407; x_wconf 91' lang='lat' dir='ltr'><strong>virtute</strong></span> <span class='ocrx_word' id='word_1_296' title='bbox 1454 4369 1512 4407; x_wconf 92' lang='lat' dir='ltr'><strong>se</strong></span> <span class='ocrx_word' id='word_1_297' title='bbox 1552 4353 1902 4424; x_wconf 88' lang='lat' dir='ltr'><strong>superiorem</strong></span> <span class='ocrx_word' id='word_1_298' title='bbox 1934 4354 2086 4410; x_wconf 82' lang='lat' dir='ltr'><strong>vide-</strong></span> 
     </span>
    </p>
   </div>
   <div class='ocr_carea' id='block_1_47' title="bbox 455 4442 2091 4520">
    <p class='ocr_par' dir='ltr' id='par_1_47' title="bbox 455 4442 2091 4520">
     <span class='ocr_line' id='line_1_47' title="bbox 455 4442 2091 4520; baseline 0.004 -24"><span class='ocrx_word' id='word_1_299' title='bbox 455 4442 572 4496; x_wconf 89' lang='lat' dir='ltr'><strong>bat.</strong></span> <span class='ocrx_word' id='word_1_300' title='bbox 619 4443 782 4497; x_wconf 89' lang='lat' dir='ltr'><strong>Venit</strong></span> <span class='ocrx_word' id='word_1_301' title='bbox 827 4459 931 4514; x_wconf 81' lang='lat' dir='ltr'><strong>per</strong></span> <span class='ocrx_word' id='word_1_302' title='bbox 971 4444 1241 4500; x_wconf 74' lang='lat' dir='ltr'><strong>Samaria:</strong></span> <span class='ocrx_word' id='word_1_303' title='bbox 1276 4445 1418 4513; x_wconf 89' lang='lat' dir='ltr'><strong>loca,</strong></span> <span class='ocrx_word' id='word_1_304' title='bbox 1450 4447 1700 4520; x_wconf 89' lang='lat' dir='ltr'><strong>suscepit</strong></span> <span class='ocrx_word' id='word_1_305' title='bbox 1739 4464 1872 4502; x_wconf 90' lang='lat' dir='ltr'><strong>eum</strong></span> <span class='ocrx_word' id='word_1_306' title='bbox 1914 4450 2091 4504; x_wconf 88' lang='lat' dir='ltr'><strong>Cosna</strong></span> 
     </span>
    </p>
   </div>
   <div class='ocr_carea' id='block_1_48' title="bbox 2187 499 3749 574">
    <p class='ocr_par' dir='ltr' id='par_1_48' title="bbox 2187 499 3749 574">
     <span class='ocr_line' id='line_1_48' title="bbox 2187 499 3749 574; baseline 0.004 -23"><span class='ocrx_word' id='word_1_307' title='bbox 2187 501 2538 571; x_wconf 86' lang='lat' dir='ltr'><strong>sequeretur,</strong></span> <span class='ocrx_word' id='word_1_308' title='bbox 2593 515 2834 570; x_wconf 89' lang='lat' dir='ltr'><strong>erupere</strong></span> <span class='ocrx_word' id='word_1_309' title='bbox 2887 499 3075 554; x_wconf 84' lang='lat' dir='ltr'><strong>sub&#39;ito</strong></span> <span class='ocrx_word' id='word_1_310' title='bbox 3123 500 3376 572; x_wconf 86' lang='lat' dir='ltr'><strong>plerique</strong></span> <span class='ocrx_word' id='word_1_311' title='bbox 3421 501 3485 556; x_wconf 88' lang='lat' dir='ltr'><strong>de</strong></span> <span class='ocrx_word' id='word_1_312' title='bbox 3528 503 3634 557; x_wconf 90' lang='lat' dir='ltr'><strong>loco</strong></span> <span class='ocrx_word' id='word_1_313' title='bbox 3671 505 3749 574; x_wconf 89' lang='lat' dir='ltr'><strong>qui</strong></span> 
     </span>
    </p>
   </div>
   <div class='ocr_carea' id='block_1_49' title="bbox 2187 593 3752 665">
    <p class='ocr_par' dir='ltr' id='par_1_49' title="bbox 2187 593 3752 665">
     <span class='ocr_line' id='line_1_49' title="bbox 2187 593 3752 665; baseline 0.003 -18"><span class='ocrx_word' id='word_1_314' title='bbox 2187 593 2581 664; x_wconf 88' lang='lat' dir='ltr'><strong>appellabatur</strong></span> <span class='ocrx_word' id='word_1_315' title='bbox 2605 598 2805 648; x_wconf 89' lang='lat' dir='ltr'><strong>contra</strong></span> <span class='ocrx_word' id='word_1_316' title='bbox 2832 594 3060 649; x_wconf 63' lang='lat' dir='ltr'><strong>Helenae</strong></span> <span class='ocrx_word' id='word_1_317' title='bbox 3087 594 3429 665; x_wconf 90' lang='lat' dir='ltr'><strong>sepulcrum,</strong></span> <span class='ocrx_word' id='word_1_318' title='bbox 3459 600 3511 650; x_wconf 89' lang='lat' dir='ltr'><strong>et</strong></span> <span class='ocrx_word' id='word_1_319' title='bbox 3539 597 3752 652; x_wconf 85' lang='lat' dir='ltr'><strong>exsilien-</strong></span> 
     </span>
    </p>
   </div>
   <div class='ocr_carea' id='block_1_50' title="bbox 2186 687 3754 760">
    <p class='ocr_par' dir='ltr' id='par_1_50' title="bbox 2186 687 3754 760">
     <span class='ocr_line' id='line_1_50' title="bbox 2186 687 3754 760; baseline 0.003 -19"><span class='ocrx_word' id='word_1_320' title='bbox 2186 693 2270 741; x_wconf 88' lang='lat' dir='ltr'><strong>tes</strong></span> <span class='ocrx_word' id='word_1_321' title='bbox 2331 694 2752 758; x_wconf 86' lang='lat' dir='ltr'><strong>occupaverunt</strong></span> <span class='ocrx_word' id='word_1_322' title='bbox 2811 689 2943 756; x_wconf 90' lang='lat' dir='ltr'><strong>iter,</strong></span> <span class='ocrx_word' id='word_1_323' title='bbox 2996 693 3059 742; x_wconf 93' lang='lat' dir='ltr'><strong>ut</strong></span> <span class='ocrx_word' id='word_1_324' title='bbox 3121 687 3470 743; x_wconf 90' lang='lat' dir='ltr'><strong>includerent</strong></span> <span class='ocrx_word' id='word_1_325' title='bbox 3526 691 3754 760; x_wconf 80' lang='lat' dir='ltr'><strong>majorem</strong></span> 
     </span>
    </p>
   </div>
   <div class='ocr_carea' id='block_1_51' title="bbox 2187 781 3757 855">
    <p class='ocr_par' dir='ltr' id='par_1_51' title="bbox 2187 781 3757 855">
     <span class='ocr_line' id='line_1_51' title="bbox 2187 781 3757 855; baseline 0.003 -21"><span class='ocrx_word' id='word_1_326' title='bbox 2187 781 2443 853; x_wconf 87' lang='lat' dir='ltr'><strong>equitum</strong></span> <span class='ocrx_word' id='word_1_327' title='bbox 2513 786 2731 852; x_wconf 90' lang='lat' dir='ltr'><strong>partem</strong></span> <span class='ocrx_word' id='word_1_328' title='bbox 2793 799 2922 853; x_wconf 68' lang='lat' dir='ltr'><strong>qua:</strong></span> <span class='ocrx_word' id='word_1_329' title='bbox 2988 781 3175 836; x_wconf 89' lang='lat' dir='ltr'><strong>Titum</strong></span> <span class='ocrx_word' id='word_1_330' title='bbox 3251 783 3609 853; x_wconf 83' lang='lat' dir='ltr'><strong>sequebatur;</strong></span> <span class='ocrx_word' id='word_1_331' title='bbox 3663 784 3757 855; x_wconf 88' lang='lat' dir='ltr'><strong>ipse</strong></span> 
     </span>
    </p>
   </div>
   <div class='ocr_carea' id='block_1_52' title="bbox 2187 874 3760 946">
    <p class='ocr_par' dir='ltr' id='par_1_52' title="bbox 2187 874 3760 946">
     <span class='ocr_line' id='line_1_52' title="bbox 2187 874 3760 946; baseline 0.002 -18"><span class='ocrx_word' id='word_1_332' title='bbox 2187 891 2316 928; x_wconf 93' lang='lat' dir='ltr'><strong>cum</strong></span> <span class='ocrx_word' id='word_1_333' title='bbox 2363 874 2556 946; x_wconf 88' lang='lat' dir='ltr'><strong>paucis</strong></span> <span class='ocrx_word' id='word_1_334' title='bbox 2601 875 2949 945; x_wconf 72' lang='lat' dir='ltr'><strong>praeterierat</strong></span> <span class='ocrx_word' id='word_1_335' title='bbox 2994 874 3250 931; x_wconf 91' lang='lat' dir='ltr'><strong>consulto</strong></span> <span class='ocrx_word' id='word_1_336' title='bbox 3297 875 3677 942; x_wconf 88' lang='lat' dir='ltr'><strong>insidiantium,</strong></span> <span class='ocrx_word' id='word_1_337' title='bbox 3711 883 3760 931; x_wconf 90' lang='lat' dir='ltr'><strong>ut</strong></span> 
     </span>
    </p>
   </div>
   <div class='ocr_carea' id='block_1_53' title="bbox 2187 968 3762 1042">
    <p class='ocr_par' dir='ltr' id='par_1_53' title="bbox 2187 968 3762 1042">
     <span class='ocr_line' id='line_1_53' title="bbox 2187 968 3762 1042; baseline 0.001 -19"><span class='ocrx_word' id='word_1_338' title='bbox 2187 969 2488 1024; x_wconf 87' lang='lat' dir='ltr'><strong>destitutus</strong></span> <span class='ocrx_word' id='word_1_339' title='bbox 2543 986 2572 1021; x_wconf 88' lang='lat' dir='ltr'><strong>a</strong></span> <span class='ocrx_word' id='word_1_340' title='bbox 2636 969 2854 1024; x_wconf 78' lang='lat' dir='ltr'><strong>caeteris</strong></span> <span class='ocrx_word' id='word_1_341' title='bbox 2905 969 3130 1024; x_wconf 87' lang='lat' dir='ltr'><strong>facilius</strong></span> <span class='ocrx_word' id='word_1_342' title='bbox 3174 968 3610 1041; x_wconf 84' lang='lat' dir='ltr'><strong>opprimeretur;</strong></span> <span class='ocrx_word' id='word_1_343' title='bbox 3656 971 3762 1042; x_wconf 82' lang='lat' dir='ltr'><strong>quia</strong></span> 
     </span>
    </p>
   </div>
   <div class='ocr_carea' id='block_1_54' title="bbox 2189 1062 3763 1137">
    <p class='ocr_par' dir='ltr' id='par_1_54' title="bbox 2189 1062 3763 1137">
     <span class='ocr_line' id='line_1_54' title="bbox 2189 1062 3763 1137; baseline 0 -21"><span class='ocrx_word' id='word_1_344' title='bbox 2189 1079 2375 1137; x_wconf 90' lang='lat' dir='ltr'><strong>neque</strong></span> <span class='ocrx_word' id='word_1_345' title='bbox 2415 1062 2486 1116; x_wconf 90' lang='lat' dir='ltr'><strong>ad</strong></span> <span class='ocrx_word' id='word_1_346' title='bbox 2526 1079 2656 1118; x_wconf 90' lang='lat' dir='ltr'><strong>suos</strong></span> <span class='ocrx_word' id='word_1_347' title='bbox 2695 1063 2920 1134; x_wconf 89' lang='lat' dir='ltr'><strong>regredi</strong></span> <span class='ocrx_word' id='word_1_348' title='bbox 2959 1063 3122 1117; x_wconf 89' lang='lat' dir='ltr'><strong>facile</strong></span> <span class='ocrx_word' id='word_1_349' title='bbox 3164 1067 3304 1129; x_wconf 88' lang='lat' dir='ltr'><strong>erat,</strong></span> <span class='ocrx_word' id='word_1_350' title='bbox 3343 1068 3566 1133; x_wconf 89' lang='lat' dir='ltr'><strong>propter</strong></span> <span class='ocrx_word' id='word_1_351' title='bbox 3593 1063 3763 1118; x_wconf 83' lang='lat' dir='ltr'><strong>instan-</strong></span> 
     </span>
    </p>
   </div>
   <div class='ocr_carea' id='block_1_55' title="bbox 2191 1156 3762 1228">
    <p class='ocr_par' dir='ltr' id='par_1_55' title="bbox 2191 1156 3762 1228">
     <span class='ocr_line' id='line_1_55' title="bbox 2191 1156 3762 1228; baseline 0.001 -18"><span class='ocrx_word' id='word_1_352' title='bbox 2191 1162 2302 1210; x_wconf 88' lang='lat' dir='ltr'><strong>tem</strong></span> <span class='ocrx_word' id='word_1_353' title='bbox 2350 1157 2598 1212; x_wconf 89' lang='lat' dir='ltr'><strong>hostium</strong></span> <span class='ocrx_word' id='word_1_354' title='bbox 2645 1157 3092 1225; x_wconf 90' lang='lat' dir='ltr'><strong>multitudinem,</strong></span> <span class='ocrx_word' id='word_1_355' title='bbox 3131 1173 3317 1228; x_wconf 91' lang='lat' dir='ltr'><strong>neque</strong></span> <span class='ocrx_word' id='word_1_356' title='bbox 3369 1156 3616 1228; x_wconf 87' lang='lat' dir='ltr'><strong>progredi</strong></span> <span class='ocrx_word' id='word_1_357' title='bbox 3649 1157 3762 1212; x_wconf 86' lang='lat' dir='ltr'><strong>ulte-</strong></span> 
     </span>
    </p>
   </div>
   <div class='ocr_carea' id='block_1_56' title="bbox 2191 1251 3764 1322">
    <p class='ocr_par' dir='ltr' id='par_1_56' title="bbox 2191 1251 3764 1322">
     <span class='ocr_line' id='line_1_56' title="bbox 2191 1251 3764 1322; baseline 0 -17"><span class='ocrx_word' id='word_1_358' title='bbox 2191 1252 2304 1304; x_wconf 86' lang='lat' dir='ltr'><strong>rius</strong></span> <span class='ocrx_word' id='word_1_359' title='bbox 2342 1252 2487 1306; x_wconf 89' lang='lat' dir='ltr'><strong>fossa</strong></span> <span class='ocrx_word' id='word_1_360' title='bbox 2530 1256 2629 1306; x_wconf 92' lang='lat' dir='ltr'><strong>aut</strong></span> <span class='ocrx_word' id='word_1_361' title='bbox 2661 1252 2868 1306; x_wconf 90' lang='lat' dir='ltr'><strong>vallum</strong></span> <span class='ocrx_word' id='word_1_362' title='bbox 2905 1252 3190 1319; x_wconf 89' lang='lat' dir='ltr'><strong>sinebant,</strong></span> <span class='ocrx_word' id='word_1_363' title='bbox 3222 1257 3528 1322; x_wconf 57' lang='lat' dir='ltr'><strong>casteraque</strong></span> <span class='ocrx_word' id='word_1_364' title='bbox 3553 1251 3764 1305; x_wconf 88' lang='lat' dir='ltr'><strong>locorum</strong></span> 
     </span>
    </p>
   </div>
   <div class='ocr_carea' id='block_1_57' title="bbox 2191 1344 3768 1416">
    <p class='ocr_par' dir='ltr' id='par_1_57' title="bbox 2191 1344 3768 1416">
     <span class='ocr_line' id='line_1_57' title="bbox 2191 1344 3768 1416; baseline 0.001 -19"><span class='ocrx_word' id='word_1_365' title='bbox 2191 1344 2619 1415; x_wconf 88' lang='lat' dir='ltr'><strong>impedimenta,</strong></span> <span class='ocrx_word' id='word_1_366' title='bbox 2672 1345 2876 1416; x_wconf 89' lang='lat' dir='ltr'><strong>quibus</strong></span> <span class='ocrx_word' id='word_1_367' title='bbox 2922 1361 3130 1416; x_wconf 88' lang='lat' dir='ltr'><strong>anceps</strong></span> <span class='ocrx_word' id='word_1_368' title='bbox 3175 1344 3492 1416; x_wconf 87' lang='lat' dir='ltr'><strong>periculum</strong></span> <span class='ocrx_word' id='word_1_369' title='bbox 3534 1344 3768 1399; x_wconf 83' lang='lat' dir='ltr'><strong>infereba-</strong></span> 
     </span>
    </p>
   </div>
   <div class='ocr_carea' id='block_1_58' title="bbox 2220 1457 2302 1492">
    <p class='ocr_par' dir='ltr' id='par_1_58' title="bbox 2220 1457 2302 1492">
     <span class='ocr_line' id='line_1_58' title="bbox 2220 1457 2302 1492; baseline 0.024 -2"><span class='ocrx_word' id='word_1_370' title='bbox 2220 1457 2302 1492; x_wconf 79' lang='grc' dir='ltr'><strong>ιη’.</strong></span> 
     </span>
    </p>
   </div>
   <div class='ocr_carea' id='block_1_59' title="bbox 2191 1442 3173 1565">
    <p class='ocr_par' dir='ltr' id='par_1_59' title="bbox 2191 1442 3173 1565">
     <span class='ocr_line' id='line_1_59' title="bbox 2191 1442 2302 1492; baseline 0 0"><span class='ocrx_word' id='word_1_371' title='bbox 2191 1442 2302 1492; x_wconf 89' lang='lat' dir='ltr'><strong>tur.</strong></span> 
     </span>
     <span class='ocr_line' id='line_1_60' title="bbox 2830 1511 3173 1565; baseline -0.003 -1"><span class='ocrx_word' id='word_1_372' title='bbox 2830 1512 3047 1565; x_wconf 72' lang='lat' dir='ltr'><strong>CAPUT</strong></span> <span class='ocrx_word' id='word_1_373' title='bbox 3087 1511 3173 1564; x_wconf 92' lang='lat' dir='ltr'><strong>IV.</strong></span> 
     </span>
    </p>
   </div>
   <div class='ocr_carea' id='block_1_60' title="bbox 2265 1626 3772 1698">
    <p class='ocr_par' dir='ltr' id='par_1_60' title="bbox 2265 1626 3772 1698">
     <span class='ocr_line' id='line_1_61' title="bbox 2265 1626 3772 1698; baseline -0.001 -18"><span class='ocrx_word' id='word_1_374' title='bbox 2265 1626 2472 1681; x_wconf 84' lang='lat' dir='ltr'><strong>Videns</strong></span> <span class='ocrx_word' id='word_1_375' title='bbox 2515 1628 2706 1698; x_wconf 87' lang='lat' dir='ltr'><strong>itaque</strong></span> <span class='ocrx_word' id='word_1_376' title='bbox 2746 1628 2897 1682; x_wconf 87' lang='lat' dir='ltr'><strong>Titus</strong></span> <span class='ocrx_word' id='word_1_377' title='bbox 2939 1627 2996 1680; x_wconf 89' lang='lat' dir='ltr'><strong>in</strong></span> <span class='ocrx_word' id='word_1_378' title='bbox 3037 1627 3242 1682; x_wconf 88' lang='lat' dir='ltr'><strong>virtute</strong></span> <span class='ocrx_word' id='word_1_379' title='bbox 3279 1642 3378 1681; x_wconf 88' lang='lat' dir='ltr'><strong>sua</strong></span> <span class='ocrx_word' id='word_1_380' title='bbox 3424 1630 3524 1694; x_wconf 76' lang='lat'><strong>(28)</strong></span> <span class='ocrx_word' id='word_1_381' title='bbox 3562 1628 3772 1696; x_wconf 88' lang='lat' dir='ltr'><strong>positum</strong></span> 
     </span>
    </p>
   </div>
   <div class='ocr_carea' id='block_1_61' title="bbox 2193 1719 3773 1786">
    <p class='ocr_par' dir='ltr' id='par_1_61' title="bbox 2193 1719 3773 1786">
     <span class='ocr_line' id='line_1_62' title="bbox 2193 1719 3773 1786; baseline -0.001 -12"><span class='ocrx_word' id='word_1_382' title='bbox 2193 1720 2298 1774; x_wconf 89' lang='lat' dir='ltr'><strong>sibi</strong></span> <span class='ocrx_word' id='word_1_383' title='bbox 2351 1721 2670 1776; x_wconf 90' lang='lat' dir='ltr'><strong>remedium</strong></span> <span class='ocrx_word' id='word_1_384' title='bbox 2725 1721 2944 1786; x_wconf 86' lang='lat' dir='ltr'><strong>salutis,</strong></span> <span class='ocrx_word' id='word_1_385' title='bbox 2999 1738 3106 1776; x_wconf 91' lang='lat' dir='ltr'><strong>nec</strong></span> <span class='ocrx_word' id='word_1_386' title='bbox 3149 1721 3318 1775; x_wconf 89' lang='lat' dir='ltr'><strong>aliter</strong></span> <span class='ocrx_word' id='word_1_387' title='bbox 3366 1720 3475 1775; x_wconf 92' lang='lat' dir='ltr'><strong>nisi</strong></span> <span class='ocrx_word' id='word_1_388' title='bbox 3514 1721 3651 1775; x_wconf 88' lang='lat' dir='ltr'><strong>ferro</strong></span> <span class='ocrx_word' id='word_1_389' title='bbox 3690 1719 3773 1773; x_wconf 81' lang='lat' dir='ltr'><strong>iter</strong></span> 
     </span>
    </p>
   </div>
   <div class='ocr_carea' id='block_1_62' title="bbox 2191 1813 3773 1886">
    <p class='ocr_par' dir='ltr' id='par_1_62' title="bbox 2191 1813 3773 1886">
     <span class='ocr_line' id='line_1_63' title="bbox 2191 1813 3773 1886; baseline -0.001 -18"><span class='ocrx_word' id='word_1_390' title='bbox 2191 1813 2562 1884; x_wconf 89' lang='lat' dir='ltr'><strong>aperiendum</strong></span> <span class='ocrx_word' id='word_1_391' title='bbox 2594 1832 2606 1868; x_wconf 91' lang='lat'>:</span> <span class='ocrx_word' id='word_1_392' title='bbox 2634 1816 2754 1886; x_wconf 88' lang='lat' dir='ltr'><strong>jam</strong></span> <span class='ocrx_word' id='word_1_393' title='bbox 2784 1816 2935 1870; x_wconf 91' lang='lat' dir='ltr'><strong>enim</strong></span> <span class='ocrx_word' id='word_1_394' title='bbox 2971 1815 3063 1869; x_wconf 88' lang='lat' dir='ltr'><strong>alii</strong></span> <span class='ocrx_word' id='word_1_395' title='bbox 3092 1814 3319 1869; x_wconf 81' lang='lat' dir='ltr'><strong>reflexis</strong></span> <span class='ocrx_word' id='word_1_396' title='bbox 3350 1815 3510 1886; x_wconf 90' lang='lat' dir='ltr'><strong>equis</strong></span> <span class='ocrx_word' id='word_1_397' title='bbox 3545 1814 3773 1867; x_wconf 81' lang='lat' dir='ltr'><strong>discesse-</strong></span> 
     </span>
    </p>
   </div>
   <div class='ocr_carea' id='block_1_63' title="bbox 2192 1908 3776 1981">
    <p class='ocr_par' dir='ltr' id='par_1_63' title="bbox 2192 1908 3776 1981">
     <span class='ocr_line' id='line_1_64' title="bbox 2192 1908 3776 1981; baseline -0.002 -19"><span class='ocrx_word' id='word_1_398' title='bbox 2192 1911 2342 1975; x_wconf 88' lang='lat' dir='ltr'><strong>rant,</strong></span> <span class='ocrx_word' id='word_1_399' title='bbox 2386 1908 2521 1964; x_wconf 90' lang='lat' dir='ltr'><strong>dum</strong></span> <span class='ocrx_word' id='word_1_400' title='bbox 2575 1914 2631 1964; x_wconf 90' lang='lat' dir='ltr'><strong>et</strong></span> <span class='ocrx_word' id='word_1_401' title='bbox 2679 1910 2784 1980; x_wconf 86' lang='lat' dir='ltr'><strong>ipsi</strong></span> <span class='ocrx_word' id='word_1_402' title='bbox 2841 1910 3208 1981; x_wconf 88' lang='lat' dir='ltr'><strong>imperatoris</strong></span> <span class='ocrx_word' id='word_1_403' title='bbox 3256 1908 3438 1962; x_wconf 87' lang='lat' dir='ltr'><strong>ﬁlium</strong></span> <span class='ocrx_word' id='word_1_404' title='bbox 3488 1910 3776 1962; x_wconf 87' lang='lat' dir='ltr'><strong>secuturum</strong></span> 
     </span>
    </p>
   </div>
   <div class='ocr_carea' id='block_1_64' title="bbox 2191 2001 3778 2075">
    <p class='ocr_par' dir='ltr' id='par_1_64' title="bbox 2191 2001 3778 2075">
     <span class='ocr_line' id='line_1_65' title="bbox 2191 2001 3778 2075; baseline -0.001 -20"><span class='ocrx_word' id='word_1_405' title='bbox 2191 2009 2508 2073; x_wconf 88' lang='lat' dir='ltr'><strong>sperarent,</strong></span> <span class='ocrx_word' id='word_1_406' title='bbox 2565 2003 2839 2058; x_wconf 86' lang='lat' dir='ltr'><strong>convertit</strong></span> <span class='ocrx_word' id='word_1_407' title='bbox 2883 2019 3096 2075; x_wconf 87' lang='lat' dir='ltr'><strong>equum</strong></span> <span class='ocrx_word' id='word_1_408' title='bbox 3150 2004 3524 2073; x_wconf 82' lang='lat' dir='ltr'><strong>hortatusque</strong></span> <span class='ocrx_word' id='word_1_409' title='bbox 3572 2001 3778 2055; x_wconf 87' lang='lat' dir='ltr'><strong>clamore</strong></span> 
     </span>
    </p>
   </div>
   <div class='ocr_carea' id='block_1_65' title="bbox 2191 2095 3777 2168">
    <p class='ocr_par' dir='ltr' id='par_1_65' title="bbox 2191 2095 3777 2168">
     <span class='ocr_line' id='line_1_66' title="bbox 2191 2095 3777 2168; baseline -0.003 -18"><span class='ocrx_word' id='word_1_410' title='bbox 2191 2103 2424 2151; x_wconf 64' lang='lat' dir='ltr'><strong>caeteros</strong></span> <span class='ocrx_word' id='word_1_411' title='bbox 2471 2099 2530 2151; x_wconf 91' lang='lat' dir='ltr'><strong>ut</strong></span> <span class='ocrx_word' id='word_1_412' title='bbox 2571 2102 2964 2168; x_wconf 88' lang='lat' dir='ltr'><strong>sequerentur,</strong></span> <span class='ocrx_word' id='word_1_413' title='bbox 2995 2114 3164 2168; x_wconf 88' lang='lat' dir='ltr'><strong>supra</strong></span> <span class='ocrx_word' id='word_1_414' title='bbox 3208 2097 3432 2152; x_wconf 89' lang='lat' dir='ltr'><strong>hostem</strong></span> <span class='ocrx_word' id='word_1_415' title='bbox 3474 2095 3660 2162; x_wconf 84' lang='lat' dir='ltr'><strong>irruit;</strong></span> <span class='ocrx_word' id='word_1_416' title='bbox 3692 2096 3777 2147; x_wconf 87' lang='lat' dir='ltr'><strong>im-</strong></span> 
     </span>
    </p>
   </div>
   <div class='ocr_carea' id='block_1_66' title="bbox 2190 2189 3779 2262">
    <p class='ocr_par' dir='ltr' id='par_1_66' title="bbox 2190 2189 3779 2262">
     <span class='ocr_line' id='line_1_67' title="bbox 2190 2189 3779 2262; baseline -0.002 -19"><span class='ocrx_word' id='word_1_417' title='bbox 2190 2191 2456 2262; x_wconf 88' lang='lat' dir='ltr'><strong>possibile</strong></span> <span class='ocrx_word' id='word_1_418' title='bbox 2494 2191 2601 2246; x_wconf 92' lang='lat' dir='ltr'><strong>hoc</strong></span> <span class='ocrx_word' id='word_1_419' title='bbox 2645 2191 2955 2259; x_wconf 88' lang='lat' dir='ltr'><strong>videretur,</strong></span> <span class='ocrx_word' id='word_1_420' title='bbox 2997 2191 3287 2262; x_wconf 86' lang='lat' dir='ltr'><strong>quomodo</strong></span> <span class='ocrx_word' id='word_1_421' title='bbox 3333 2190 3524 2262; x_wconf 90' lang='lat' dir='ltr'><strong>potuit</strong></span> <span class='ocrx_word' id='word_1_422' title='bbox 3558 2189 3779 2253; x_wconf 86' lang='lat' dir='ltr'><strong>evadere,</strong></span> 
     </span>
    </p>
   </div>
   <div class='ocr_carea' id='block_1_67' title="bbox 2192 2282 3780 2355">
    <p class='ocr_par' dir='ltr' id='par_1_67' title="bbox 2192 2282 3780 2355">
     <span class='ocr_line' id='line_1_68' title="bbox 2192 2282 3780 2355; baseline -0.003 -16"><span class='ocrx_word' id='word_1_423' title='bbox 2192 2284 2299 2339; x_wconf 91' lang='lat' dir='ltr'><strong>nisi</strong></span> <span class='ocrx_word' id='word_1_424' title='bbox 2356 2288 2560 2340; x_wconf 89' lang='lat' dir='ltr'><strong>notum</strong></span> <span class='ocrx_word' id='word_1_425' title='bbox 2613 2295 2779 2353; x_wconf 86' lang='lat' dir='ltr'><strong>esset,</strong></span> <span class='ocrx_word' id='word_1_426' title='bbox 2840 2285 2895 2338; x_wconf 90' lang='lat' dir='ltr'><strong>in</strong></span> <span class='ocrx_word' id='word_1_427' title='bbox 2956 2285 3104 2339; x_wconf 89' lang='lat' dir='ltr'><strong>bello</strong></span> <span class='ocrx_word' id='word_1_428' title='bbox 3155 2285 3473 2355; x_wconf 90' lang='lat' dir='ltr'><strong>plurimum</strong></span> <span class='ocrx_word' id='word_1_429' title='bbox 3519 2282 3780 2337; x_wconf 85' lang='lat' dir='ltr'><strong>audaciam</strong></span> 
     </span>
    </p>
   </div>
   <div class='ocr_carea' id='block_1_68' title="bbox 2190 2376 3784 2450">
    <p class='ocr_par' dir='ltr' id='par_1_68' title="bbox 2190 2376 3784 2450">
     <span class='ocr_line' id='line_1_69' title="bbox 2190 2376 3784 2450; baseline -0.004 -16"><span class='ocrx_word' id='word_1_430' title='bbox 2190 2395 2378 2449; x_wconf 88' lang='lat' dir='ltr'><strong>posse,</strong></span> <span class='ocrx_word' id='word_1_431' title='bbox 2407 2395 2532 2450; x_wconf 73' lang='lat' dir='ltr'><strong>quas</strong></span> <span class='ocrx_word' id='word_1_432' title='bbox 2559 2379 2645 2434; x_wconf 92' lang='lat' dir='ltr'><strong>vel</strong></span> <span class='ocrx_word' id='word_1_433' title='bbox 2669 2379 2790 2433; x_wconf 89' lang='lat' dir='ltr'><strong>sola</strong></span> <span class='ocrx_word' id='word_1_434' title='bbox 2810 2378 2914 2433; x_wconf 91' lang='lat' dir='ltr'><strong>sibi</strong></span> <span class='ocrx_word' id='word_1_435' title='bbox 2940 2395 3135 2433; x_wconf 89' lang='lat' dir='ltr'><strong>murus</strong></span> <span class='ocrx_word' id='word_1_436' title='bbox 3163 2384 3247 2433; x_wconf 89' lang='lat' dir='ltr'><strong>est</strong></span> <span class='ocrx_word' id='word_1_437' title='bbox 3263 2395 3279 2447; x_wconf 87' lang='lat'><strong>;</strong></span> <span class='ocrx_word' id='word_1_438' title='bbox 3304 2377 3519 2433; x_wconf 88' lang='lat' dir='ltr'><strong>deinde</strong></span> <span class='ocrx_word' id='word_1_439' title='bbox 3545 2377 3668 2448; x_wconf 88' lang='lat' dir='ltr'><strong>quia</strong></span> <span class='ocrx_word' id='word_1_440' title='bbox 3686 2376 3784 2429; x_wconf 84' lang='lat' dir='ltr'><strong>aliis</strong></span> 
     </span>
    </p>
   </div>
   <div class='ocr_carea' id='block_1_69' title="bbox 2189 2468 3783 2545">
    <p class='ocr_par' dir='ltr' id='par_1_69' title="bbox 2189 2468 3783 2545">
     <span class='ocr_line' id='line_1_70' title="bbox 2189 2468 3783 2545; baseline -0.004 -18"><span class='ocrx_word' id='word_1_441' title='bbox 2189 2489 2337 2545; x_wconf 92' lang='lat' dir='ltr'><strong>pone</strong></span> <span class='ocrx_word' id='word_1_442' title='bbox 2364 2471 2750 2544; x_wconf 88' lang='lat' dir='ltr'><strong>sequentibus,</strong></span> <span class='ocrx_word' id='word_1_443' title='bbox 2778 2473 2886 2527; x_wconf 91' lang='lat' dir='ltr'><strong>vile</strong></span> <span class='ocrx_word' id='word_1_444' title='bbox 2909 2473 3110 2543; x_wconf 88' lang='lat' dir='ltr'><strong>vulgus</strong></span> <span class='ocrx_word' id='word_1_445' title='bbox 3135 2472 3237 2527; x_wconf 89' lang='lat' dir='ltr'><strong>sibi</strong></span> <span class='ocrx_word' id='word_1_446' title='bbox 3263 2472 3450 2542; x_wconf 88' lang='lat' dir='ltr'><strong>magis</strong></span> <span class='ocrx_word' id='word_1_447' title='bbox 3479 2472 3534 2524; x_wconf 91' lang='lat' dir='ltr'><strong>in</strong></span> <span class='ocrx_word' id='word_1_448' title='bbox 3566 2468 3783 2540; x_wconf 89' lang='lat' dir='ltr'><strong>periculo</strong></span> 
     </span>
    </p>
   </div>
   <div class='ocr_carea' id='block_1_70' title="bbox 2189 2565 3785 2638">
    <p class='ocr_par' dir='ltr' id='par_1_70' title="bbox 2189 2565 3785 2638">
     <span class='ocr_line' id='line_1_71' title="bbox 2189 2565 3785 2638; baseline -0.003 -18"><span class='ocrx_word' id='word_1_449' title='bbox 2189 2566 2603 2621; x_wconf 90' lang='lat' dir='ltr'><strong>consulendum</strong></span> <span class='ocrx_word' id='word_1_450' title='bbox 2662 2565 2922 2638; x_wconf 86' lang='lat' dir='ltr'><strong>putabat,</strong></span> <span class='ocrx_word' id='word_1_451' title='bbox 2963 2583 3137 2638; x_wconf 90' lang='lat' dir='ltr'><strong>quam</strong></span> <span class='ocrx_word' id='word_1_452' title='bbox 3186 2567 3418 2621; x_wconf 89' lang='lat' dir='ltr'><strong>hostem</strong></span> <span class='ocrx_word' id='word_1_453' title='bbox 3474 2580 3785 2636; x_wconf 88' lang='lat' dir='ltr'><strong>persequen-</strong></span> 
     </span>
    </p>
   </div>
   <div class='ocr_carea' id='block_1_71' title="bbox 2189 2660 3786 2731">
    <p class='ocr_par' dir='ltr' id='par_1_71' title="bbox 2189 2660 3786 2731">
     <span class='ocr_line' id='line_1_72' title="bbox 2189 2660 3786 2731; baseline -0.004 -16"><span class='ocrx_word' id='word_1_454' title='bbox 2189 2661 2326 2716; x_wconf 90' lang='lat' dir='ltr'><strong>dum</strong></span> <span class='ocrx_word' id='word_1_455' title='bbox 2359 2678 2370 2714; x_wconf 94' lang='lat'>:</span> <span class='ocrx_word' id='word_1_456' title='bbox 2402 2665 2460 2715; x_wconf 90' lang='lat' dir='ltr'><strong>at</strong></span> <span class='ocrx_word' id='word_1_457' title='bbox 2498 2660 2542 2714; x_wconf 91' lang='lat' dir='ltr'><strong>si</strong></span> <span class='ocrx_word' id='word_1_458' title='bbox 2583 2661 2678 2731; x_wconf 89' lang='lat' dir='ltr'><strong>qui</strong></span> <span class='ocrx_word' id='word_1_459' title='bbox 2708 2661 2815 2731; x_wconf 80' lang='lat'><strong>(29)</strong></span> <span class='ocrx_word' id='word_1_460' title='bbox 2850 2677 3081 2714; x_wconf 90' lang='lat' dir='ltr'><strong>manum</strong></span> <span class='ocrx_word' id='word_1_461' title='bbox 3109 2660 3475 2726; x_wconf 81' lang='lat' dir='ltr'><strong>extenderat,</strong></span> <span class='ocrx_word' id='word_1_462' title='bbox 3512 2664 3568 2712; x_wconf 94' lang='lat' dir='ltr'><strong>ut</strong></span> <span class='ocrx_word' id='word_1_463' title='bbox 3606 2673 3786 2728; x_wconf 85' lang='lat' dir='ltr'><strong>equum</strong></span> 
     </span>
    </p>
   </div>
   <div class='ocr_carea' id='block_1_72' title="bbox 2189 2749 3789 2826">
    <p class='ocr_par' dir='ltr' id='par_1_72' title="bbox 2189 2749 3789 2826">
     <span class='ocr_line' id='line_1_73' title="bbox 2189 2749 3789 2826; baseline -0.004 -17"><span class='ocrx_word' id='word_1_464' title='bbox 2189 2759 2432 2821; x_wconf 89' lang='lat' dir='ltr'><strong>teneret,</strong></span> <span class='ocrx_word' id='word_1_465' title='bbox 2478 2754 2806 2809; x_wconf 88' lang='lat' dir='ltr'><strong>feriebatur.</strong></span> <span class='ocrx_word' id='word_1_466' title='bbox 2855 2755 3106 2826; x_wconf 89' lang='lat' dir='ltr'><strong>Denique</strong></span> <span class='ocrx_word' id='word_1_467' title='bbox 3155 2753 3270 2808; x_wconf 92' lang='lat' dir='ltr'><strong>duo</strong></span> <span class='ocrx_word' id='word_1_468' title='bbox 3328 2757 3552 2808; x_wconf 78' lang='lat' dir='ltr'><strong>tantum</strong></span> <span class='ocrx_word' id='word_1_469' title='bbox 3601 2769 3665 2805; x_wconf 87' lang='lat' dir='ltr'><strong>ex</strong></span> <span class='ocrx_word' id='word_1_470' title='bbox 3703 2749 3789 2804; x_wconf 87' lang='lat' dir='ltr'><strong>Titi</strong></span> 
     </span>
    </p>
   </div>
   <div class='ocr_carea' id='block_1_73' title="bbox 2191 2844 3789 2920">
    <p class='ocr_par' dir='ltr' id='par_1_73' title="bbox 2191 2844 3789 2920">
     <span class='ocr_line' id='line_1_74' title="bbox 2191 2844 3789 2920; baseline -0.004 -18"><span class='ocrx_word' id='word_1_471' title='bbox 2191 2848 2352 2903; x_wconf 88' lang='lat' dir='ltr'><strong>sociis</strong></span> <span class='ocrx_word' id='word_1_472' title='bbox 2405 2847 2721 2914; x_wconf 89' lang='lat' dir='ltr'><strong>interfecti,</strong></span> <span class='ocrx_word' id='word_1_473' title='bbox 2773 2865 2902 2902; x_wconf 91' lang='lat' dir='ltr'><strong>cum</strong></span> <span class='ocrx_word' id='word_1_474' title='bbox 2961 2848 3193 2920; x_wconf 90' lang='lat' dir='ltr'><strong>reliquis</strong></span> <span class='ocrx_word' id='word_1_475' title='bbox 3248 2846 3610 2918; x_wconf 88' lang='lat' dir='ltr'><strong>imperatoris</strong></span> <span class='ocrx_word' id='word_1_476' title='bbox 3666 2844 3789 2898; x_wconf 81' lang='lat' dir='ltr'><strong>filias</strong></span> 
     </span>
    </p>
   </div>
   <div class='ocr_carea' id='block_1_74' title="bbox 2191 2938 3788 3014">
    <p class='ocr_par' dir='ltr' id='par_1_74' title="bbox 2191 2938 3788 3014">
     <span class='ocr_line' id='line_1_75' title="bbox 2191 2938 3788 3014; baseline -0.004 -17"><span class='ocrx_word' id='word_1_477' title='bbox 2191 2943 2262 2997; x_wconf 92' lang='lat' dir='ltr'><strong>ad</strong></span> <span class='ocrx_word' id='word_1_478' title='bbox 2291 2959 2422 2997; x_wconf 91' lang='lat' dir='ltr'><strong>suos</strong></span> <span class='ocrx_word' id='word_1_479' title='bbox 2460 2942 2710 2997; x_wconf 88' lang='lat' dir='ltr'><strong>revertit.</strong></span> <span class='ocrx_word' id='word_1_480' title='bbox 2742 2943 2940 3014; x_wconf 87' lang='lat' dir='ltr'><strong>Neque</strong></span> <span class='ocrx_word' id='word_1_481' title='bbox 2981 2959 3118 2996; x_wconf 89' lang='lat' dir='ltr'><strong>sane</strong></span> <span class='ocrx_word' id='word_1_482' title='bbox 3160 2941 3548 2997; x_wconf 87' lang='lat' dir='ltr'><strong>dubitandum</strong></span> <span class='ocrx_word' id='word_1_483' title='bbox 3577 2938 3788 3001; x_wconf 89' lang='lat' dir='ltr'><strong>videtur,</strong></span> 
     </span>
    </p>
   </div>
   <div class='ocr_carea' id='block_1_75' title="bbox 2189 3031 3790 3108">
    <p class='ocr_par' dir='ltr' id='par_1_75' title="bbox 2189 3031 3790 3108">
     <span class='ocr_line' id='line_1_76' title="bbox 2189 3031 3790 3108; baseline -0.004 -18"><span class='ocrx_word' id='word_1_484' title='bbox 2189 3035 2343 3108; x_wconf 90' lang='lat' dir='ltr'><strong>quod</strong></span> <span class='ocrx_word' id='word_1_485' title='bbox 2385 3036 2596 3091; x_wconf 89' lang='lat' dir='ltr'><strong>intecto</strong></span> <span class='ocrx_word' id='word_1_486' title='bbox 2639 3035 2839 3107; x_wconf 90' lang='lat' dir='ltr'><strong>capite,</strong></span> <span class='ocrx_word' id='word_1_487' title='bbox 2888 3035 3073 3090; x_wconf 90' lang='lat' dir='ltr'><strong>nudus</strong></span> <span class='ocrx_word' id='word_1_488' title='bbox 3118 3041 3354 3103; x_wconf 73' lang='lat' dir='ltr'><strong>caetera;</strong></span> <span class='ocrx_word' id='word_1_489' title='bbox 3394 3037 3590 3106; x_wconf 88' lang='lat' dir='ltr'><strong>utpote</strong></span> <span class='ocrx_word' id='word_1_490' title='bbox 3628 3034 3713 3104; x_wconf 89' lang='lat' dir='ltr'><strong>qui</strong></span> <span class='ocrx_word' id='word_1_491' title='bbox 3746 3031 3790 3084; x_wconf 85' lang='lat' dir='ltr'><strong>iu</strong></span> 
     </span>
    </p>
   </div>
   <div class='ocr_carea' id='block_1_76' title="bbox 2111 3128 3792 3233">
    <p class='ocr_par' dir='ltr' id='par_1_76' title="bbox 2111 3128 3792 3233">
     <span class='ocr_line' id='line_1_77' title="bbox 2111 3128 3792 3233; baseline -0.004 -49"><span class='ocrx_word' id='word_1_492' title='bbox 2111 3162 2164 3233; x_wconf 64' lang='grc' dir='ltr'><strong>Ο</strong></span> <span class='ocrx_word' id='word_1_493' title='bbox 2193 3146 2432 3184; x_wconf 87' lang='lat' dir='ltr'><strong>excursu</strong></span> <span class='ocrx_word' id='word_1_494' title='bbox 2469 3133 2840 3201; x_wconf 88' lang='lat' dir='ltr'><strong>processerat,</strong></span> <span class='ocrx_word' id='word_1_495' title='bbox 2883 3147 2995 3183; x_wconf 91' lang='lat' dir='ltr'><strong>non</strong></span> <span class='ocrx_word' id='word_1_496' title='bbox 3045 3129 3119 3183; x_wconf 90' lang='lat' dir='ltr'><strong>ad</strong></span> <span class='ocrx_word' id='word_1_497' title='bbox 3157 3128 3378 3183; x_wconf 86' lang='lat' dir='ltr'><strong>bellum</strong></span> <span class='ocrx_word' id='word_1_498' title='bbox 3427 3131 3670 3199; x_wconf 89' lang='lat' dir='ltr'><strong>paratus,</strong></span> <span class='ocrx_word' id='word_1_499' title='bbox 3710 3141 3792 3178; x_wconf 88' lang='lat' dir='ltr'><strong>nec</strong></span> 
     </span>
    </p>
   </div>
   <div class='ocr_carea' id='block_1_77' title="bbox 2193 3218 3793 3296">
    <p class='ocr_par' dir='ltr' id='par_1_77' title="bbox 2193 3218 3793 3296">
     <span class='ocr_line' id='line_1_78' title="bbox 2193 3218 3793 3296; baseline -0.006 -18"><span class='ocrx_word' id='word_1_500' title='bbox 2193 3225 2412 3296; x_wconf 88' lang='lat' dir='ltr'><strong>galeam</strong></span> <span class='ocrx_word' id='word_1_501' title='bbox 2461 3240 2564 3278; x_wconf 90' lang='lat' dir='ltr'><strong>nec</strong></span> <span class='ocrx_word' id='word_1_502' title='bbox 2613 3223 2846 3278; x_wconf 89' lang='lat' dir='ltr'><strong>loricam</strong></span> <span class='ocrx_word' id='word_1_503' title='bbox 2900 3223 3182 3288; x_wconf 88' lang='lat' dir='ltr'><strong>induerat,</strong></span> <span class='ocrx_word' id='word_1_504' title='bbox 3231 3240 3297 3276; x_wconf 91' lang='lat' dir='ltr'><strong>eo</strong></span> <span class='ocrx_word' id='word_1_505' title='bbox 3352 3222 3496 3277; x_wconf 80' lang='lat' dir='ltr'><strong>nihil</strong></span> <span class='ocrx_word' id='word_1_506' title='bbox 3547 3218 3793 3289; x_wconf 84' lang='lat' dir='ltr'><strong>exceperit</strong></span> 
     </span>
    </p>
   </div>
   <div class='ocr_carea' id='block_1_78' title="bbox 2191 3316 3792 3388">
    <p class='ocr_par' dir='ltr' id='par_1_78' title="bbox 2191 3316 3792 3388">
     <span class='ocr_line' id='line_1_79' title="bbox 2191 3316 3792 3388; baseline -0.005 -16"><span class='ocrx_word' id='word_1_507' title='bbox 2191 3319 2456 3388; x_wconf 88' lang='lat' dir='ltr'><strong>vulneris,</strong></span> <span class='ocrx_word' id='word_1_508' title='bbox 2507 3334 2635 3373; x_wconf 91' lang='lat' dir='ltr'><strong>cum</strong></span> <span class='ocrx_word' id='word_1_509' title='bbox 2681 3317 2932 3372; x_wconf 87' lang='lat' dir='ltr'><strong>maxime</strong></span> <span class='ocrx_word' id='word_1_510' title='bbox 2981 3317 3037 3371; x_wconf 92' lang='lat' dir='ltr'><strong>in</strong></span> <span class='ocrx_word' id='word_1_511' title='bbox 3080 3318 3267 3388; x_wconf 90' lang='lat' dir='ltr'><strong>ipsum</strong></span> <span class='ocrx_word' id='word_1_512' title='bbox 3315 3317 3432 3372; x_wconf 89' lang='lat' dir='ltr'><strong>tela</strong></span> <span class='ocrx_word' id='word_1_513' title='bbox 3472 3316 3792 3386; x_wconf 88' lang='lat' dir='ltr'><strong>jacerentur,</strong></span> 
     </span>
    </p>
   </div>
   <div class='ocr_carea' id='block_1_79' title="bbox 2193 3411 3796 3484">
    <p class='ocr_par' dir='ltr' id='par_1_79' title="bbox 2193 3411 3796 3484">
     <span class='ocr_line' id='line_1_80' title="bbox 2193 3411 3796 3484; baseline -0.006 -16"><span class='ocrx_word' id='word_1_514' title='bbox 2193 3413 2344 3484; x_wconf 88' lang='lat' dir='ltr'><strong>quod</strong></span> <span class='ocrx_word' id='word_1_515' title='bbox 2391 3412 2462 3467; x_wconf 90' lang='lat' dir='ltr'><strong>ad</strong></span> <span class='ocrx_word' id='word_1_516' title='bbox 2500 3411 2789 3467; x_wconf 90' lang='lat' dir='ltr'><strong>excidium</strong></span> <span class='ocrx_word' id='word_1_517' title='bbox 2837 3412 2988 3467; x_wconf 87' lang='lat' dir='ltr'><strong>urbis</strong></span> <span class='ocrx_word' id='word_1_518' title='bbox 3026 3411 3176 3466; x_wconf 90' lang='lat' dir='ltr'><strong>illius</strong></span> <span class='ocrx_word' id='word_1_519' title='bbox 3221 3411 3307 3465; x_wconf 87' lang='lat' dir='ltr'><strong>vir</strong></span> <span class='ocrx_word' id='word_1_520' title='bbox 3351 3413 3551 3465; x_wconf 87' lang='lat' dir='ltr'><strong>tantus</strong></span> <span class='ocrx_word' id='word_1_521' title='bbox 3585 3422 3796 3463; x_wconf 85' lang='lat' dir='ltr'><strong>reserva-</strong></span> 
     </span>
    </p>
   </div>
   <div class='ocr_carea' id='block_1_80' title="bbox 2191 3503 3793 3578">
    <p class='ocr_par' dir='ltr' id='par_1_80' title="bbox 2191 3503 3793 3578">
     <span class='ocr_line' id='line_1_81' title="bbox 2191 3503 3793 3578; baseline 0.001 -16"><span class='ocrx_word' id='word_1_522' title='bbox 2191 3511 2369 3562; x_wconf 90' lang='lat' dir='ltr'><strong>retur.</strong></span> <span class='ocrx_word' id='word_1_523' title='bbox 2405 3508 2517 3574; x_wconf 87' lang='lat' dir='ltr'><strong>Est,</strong></span> <span class='ocrx_word' id='word_1_524' title='bbox 2548 3513 2621 3562; x_wconf 83' lang='lat' dir='ltr'><strong>est</strong></span> <span class='ocrx_word' id='word_1_525' title='bbox 2645 3505 2897 3578; x_wconf 90' lang='lat' dir='ltr'><strong>profecto</strong></span> <span class='ocrx_word' id='word_1_526' title='bbox 2924 3521 3014 3561; x_wconf 83' lang='lat' dir='ltr'><strong>cor</strong></span> <span class='ocrx_word' id='word_1_527' title='bbox 3039 3509 3182 3577; x_wconf 77' lang='lat' dir='ltr'><strong>regis</strong></span> <span class='ocrx_word' id='word_1_528' title='bbox 3210 3508 3268 3560; x_wconf 78' lang='lat' dir='ltr'><strong>in</strong></span> <span class='ocrx_word' id='word_1_529' title='bbox 3293 3521 3472 3560; x_wconf 82' lang='lat' dir='ltr'><strong>manu</strong></span> <span class='ocrx_word' id='word_1_530' title='bbox 3495 3506 3592 3560; x_wconf 76' lang='lat' dir='ltr'><strong>Dei</strong></span> <span class='ocrx_word' id='word_1_531' title='bbox 3621 3503 3793 3573; x_wconf 58' lang='lat' dir='ltr'><strong>(Protu.</strong></span> 
     </span>
    </p>
   </div>
   <div class='ocr_carea' id='block_1_81' title="bbox 2191 3597 3796 3672">
    <p class='ocr_par' dir='ltr' id='par_1_81' title="bbox 2191 3597 3796 3672">
     <span class='ocr_line' id='line_1_82' title="bbox 2191 3597 3796 3672; baseline -0.006 -16"><span class='ocrx_word' id='word_1_532' title='bbox 2191 3619 2304 3670; x_wconf 80' lang='lat' dir='ltr'><strong>xxi,</strong></span> <span class='ocrx_word' id='word_1_533' title='bbox 2346 3604 2413 3672; x_wconf 86' lang='lat' dir='ltr'><strong>l).</strong></span> <span class='ocrx_word' id='word_1_534' title='bbox 2447 3603 2634 3671; x_wconf 87' lang='lat' dir='ltr'><strong>Itaque</strong></span> <span class='ocrx_word' id='word_1_535' title='bbox 2674 3617 2747 3654; x_wconf 90' lang='lat' dir='ltr'><strong>ne</strong></span> <span class='ocrx_word' id='word_1_536' title='bbox 2786 3605 3069 3655; x_wconf 88' lang='lat' dir='ltr'><strong>cresceret</strong></span> <span class='ocrx_word' id='word_1_537' title='bbox 3105 3599 3347 3655; x_wconf 89' lang='lat' dir='ltr'><strong>audacia</strong></span> <span class='ocrx_word' id='word_1_538' title='bbox 3377 3598 3588 3654; x_wconf 80' lang='lat' dir='ltr'><strong>Judaeis</strong></span> <span class='ocrx_word' id='word_1_539' title='bbox 3619 3597 3796 3651; x_wconf 89' lang='lat' dir='ltr'><strong>eventu</strong></span> 
     </span>
    </p>
   </div>
   <div class='ocr_carea' id='block_1_82' title="bbox 2191 3688 3795 3765">
    <p class='ocr_par' dir='ltr' id='par_1_82' title="bbox 2191 3688 3795 3765">
     <span class='ocr_line' id='line_1_83' title="bbox 2191 3688 3795 3765; baseline -0.006 -14"><span class='ocrx_word' id='word_1_540' title='bbox 2191 3695 2406 3751; x_wconf 88' lang='lat' dir='ltr'><strong>fraudis</strong></span> <span class='ocrx_word' id='word_1_541' title='bbox 2441 3699 2498 3749; x_wconf 89' lang='lat' dir='ltr'><strong>et</strong></span> <span class='ocrx_word' id='word_1_542' title='bbox 2543 3694 2674 3761; x_wconf 91' lang='lat' dir='ltr'><strong>doli,</strong></span> <span class='ocrx_word' id='word_1_543' title='bbox 2713 3695 3002 3765; x_wconf 89' lang='lat' dir='ltr'><strong>profectus</strong></span> <span class='ocrx_word' id='word_1_544' title='bbox 3038 3693 3108 3748; x_wconf 87' lang='lat' dir='ltr'><strong>ad</strong></span> <span class='ocrx_word' id='word_1_545' title='bbox 3151 3693 3351 3749; x_wconf 88' lang='lat' dir='ltr'><strong>urbem</strong></span> <span class='ocrx_word' id='word_1_546' title='bbox 3393 3709 3526 3748; x_wconf 91' lang='lat' dir='ltr'><strong>cum</strong></span> <span class='ocrx_word' id='word_1_547' title='bbox 3558 3688 3795 3752; x_wconf 89' lang='lat' dir='ltr'><strong>exercitu,</strong></span> 
     </span>
    </p>
   </div>
   <div class='ocr_carea' id='block_1_83' title="bbox 2193 3781 3799 3862">
    <p class='ocr_par' dir='ltr' id='par_1_83' title="bbox 2193 3781 3799 3862">
     <span class='ocr_line' id='line_1_84' title="bbox 2193 3781 3799 3862; baseline -0.006 -17"><span class='ocrx_word' id='word_1_548' title='bbox 2193 3793 2318 3862; x_wconf 90' lang='lat' dir='ltr'><strong>post</strong></span> <span class='ocrx_word' id='word_1_549' title='bbox 2347 3794 2570 3844; x_wconf 90' lang='lat' dir='ltr'><strong>noctem</strong></span> <span class='ocrx_word' id='word_1_550' title='bbox 2601 3787 2768 3855; x_wconf 88' lang='lat' dir='ltr'><strong>redit,</strong></span> <span class='ocrx_word' id='word_1_551' title='bbox 2793 3793 2848 3843; x_wconf 92' lang='lat' dir='ltr'><strong>et</strong></span> <span class='ocrx_word' id='word_1_552' title='bbox 2876 3787 2946 3842; x_wconf 91' lang='lat' dir='ltr'><strong>de</strong></span> <span class='ocrx_word' id='word_1_553' title='bbox 2974 3789 3209 3860; x_wconf 91' lang='lat' dir='ltr'><strong>specula</strong></span> <span class='ocrx_word' id='word_1_554' title='bbox 3240 3787 3498 3859; x_wconf 88' lang='lat' dir='ltr'><strong>quadam</strong></span> <span class='ocrx_word' id='word_1_555' title='bbox 3527 3785 3674 3840; x_wconf 90' lang='lat' dir='ltr'><strong>unde</strong></span> <span class='ocrx_word' id='word_1_556' title='bbox 3691 3781 3799 3837; x_wconf 86' lang='lat' dir='ltr'><strong>civi-</strong></span> 
     </span>
    </p>
   </div>
   <div class='ocr_carea' id='block_1_84' title="bbox 2193 3878 3796 3955">
    <p class='ocr_par' dir='ltr' id='par_1_84' title="bbox 2193 3878 3796 3955">
     <span class='ocr_line' id='line_1_85' title="bbox 2193 3878 3796 3955; baseline -0.004 -17"><span class='ocrx_word' id='word_1_557' title='bbox 2193 3888 2276 3938; x_wconf 88' lang='lat' dir='ltr'><strong>tas</strong></span> <span class='ocrx_word' id='word_1_558' title='bbox 2297 3886 2756 3955; x_wconf 90' lang='lat' dir='ltr'><strong>prospectaretur</strong></span> <span class='ocrx_word' id='word_1_559' title='bbox 2776 3887 2834 3937; x_wconf 91' lang='lat' dir='ltr'><strong>et</strong></span> <span class='ocrx_word' id='word_1_560' title='bbox 2853 3881 3054 3953; x_wconf 90' lang='lat' dir='ltr'><strong>templi</strong></span> <span class='ocrx_word' id='word_1_561' title='bbox 3075 3881 3426 3952; x_wconf 90' lang='lat' dir='ltr'><strong>magnitudo</strong></span> <span class='ocrx_word' id='word_1_562' title='bbox 3450 3878 3796 3953; x_wconf 85' lang='lat' dir='ltr'><strong>amplissima,</strong></span> 
     </span>
    </p>
   </div>
   <div class='ocr_carea' id='block_1_85' title="bbox 2192 3974 3796 4046">
    <p class='ocr_par' dir='ltr' id='par_1_85' title="bbox 2192 3974 3796 4046">
     <span class='ocr_line' id='line_1_86' title="bbox 2192 3974 3796 4046; baseline -0.005 -14"><span class='ocrx_word' id='word_1_563' title='bbox 2192 3977 2549 4033; x_wconf 89' lang='lat' dir='ltr'><strong>demonstrat</strong></span> <span class='ocrx_word' id='word_1_564' title='bbox 2587 3976 2722 4044; x_wconf 88' lang='lat' dir='ltr'><strong>suis,</strong></span> <span class='ocrx_word' id='word_1_565' title='bbox 2751 3992 2878 4030; x_wconf 91' lang='lat' dir='ltr'><strong>cum</strong></span> <span class='ocrx_word' id='word_1_566' title='bbox 2924 3992 3037 4046; x_wconf 90' lang='lat' dir='ltr'><strong>qua</strong></span> <span class='ocrx_word' id='word_1_567' title='bbox 3063 3974 3205 4030; x_wconf 89' lang='lat' dir='ltr'><strong>urbe</strong></span> <span class='ocrx_word' id='word_1_568' title='bbox 3243 3974 3352 4029; x_wconf 90' lang='lat' dir='ltr'><strong>sibi</strong></span> <span class='ocrx_word' id='word_1_569' title='bbox 3385 3975 3606 4030; x_wconf 89' lang='lat' dir='ltr'><strong>bellum</strong></span> <span class='ocrx_word' id='word_1_570' title='bbox 3636 3974 3796 4026; x_wconf 89' lang='lat' dir='ltr'><strong>foret:</strong></span> 
     </span>
    </p>
   </div>
   <div class='ocr_carea' id='block_1_86' title="bbox 2192 4067 3801 4143">
    <p class='ocr_par' dir='ltr' id='par_1_86' title="bbox 2192 4067 3801 4143">
     <span class='ocr_line' id='line_1_87' title="bbox 2192 4067 3801 4143; baseline -0.004 -17"><span class='ocrx_word' id='word_1_571' title='bbox 2192 4071 2468 4143; x_wconf 92' lang='lat' dir='ltr'><strong>impigros</strong></span> <span class='ocrx_word' id='word_1_572' title='bbox 2495 4073 2553 4125; x_wconf 91' lang='lat' dir='ltr'><strong>et</strong></span> <span class='ocrx_word' id='word_1_573' title='bbox 2580 4068 2860 4125; x_wconf 87' lang='lat' dir='ltr'><strong>cautiores</strong></span> <span class='ocrx_word' id='word_1_574' title='bbox 2887 4086 3007 4125; x_wconf 89' lang='lat' dir='ltr'><strong>esse</strong></span> <span class='ocrx_word' id='word_1_575' title='bbox 3037 4072 3297 4140; x_wconf 88' lang='lat' dir='ltr'><strong>oportere</strong></span> <span class='ocrx_word' id='word_1_576' title='bbox 3324 4086 3336 4134; x_wconf 92' lang='lat'><strong>;</strong></span> <span class='ocrx_word' id='word_1_577' title='bbox 3373 4067 3538 4141; x_wconf 88' lang='lat' dir='ltr'><strong>quod</strong></span> <span class='ocrx_word' id='word_1_578' title='bbox 3565 4068 3801 4123; x_wconf 88' lang='lat' dir='ltr'><strong>innume-</strong></span> 
     </span>
    </p>
   </div>
   <div class='ocr_carea' id='block_1_87' title="bbox 2192 4155 3797 4235">
    <p class='ocr_par' dir='ltr' id='par_1_87' title="bbox 2192 4155 3797 4235">
     <span class='ocr_line' id='line_1_88' title="bbox 2192 4155 3797 4235; baseline -0.007 -15"><span class='ocrx_word' id='word_1_579' title='bbox 2192 4164 2382 4220; x_wconf 91' lang='lat' dir='ltr'><strong>rabilis</strong></span> <span class='ocrx_word' id='word_1_580' title='bbox 2427 4165 2530 4219; x_wconf 90' lang='lat' dir='ltr'><strong>sibi</strong></span> <span class='ocrx_word' id='word_1_581' title='bbox 2579 4165 2823 4235; x_wconf 90' lang='lat' dir='ltr'><strong>populus</strong></span> <span class='ocrx_word' id='word_1_582' title='bbox 2868 4162 3285 4235; x_wconf 88' lang='lat' dir='ltr'><strong>expugnandus</strong></span> <span class='ocrx_word' id='word_1_583' title='bbox 3326 4163 3505 4230; x_wconf 89' lang='lat' dir='ltr'><strong>foret,</strong></span> <span class='ocrx_word' id='word_1_584' title='bbox 3545 4165 3598 4216; x_wconf 90' lang='lat' dir='ltr'><strong>et</strong></span> <span class='ocrx_word' id='word_1_585' title='bbox 3637 4155 3797 4213; x_wconf 88' lang='lat' dir='ltr'><strong>fraudi</strong></span> 
     </span>
    </p>
   </div>
   <div class='ocr_carea' id='block_1_88' title="bbox 2194 4256 3798 4331">
    <p class='ocr_par' dir='ltr' id='par_1_88' title="bbox 2194 4256 3798 4331">
     <span class='ocr_line' id='line_1_89' title="bbox 2194 4256 3798 4331; baseline -0.005 -18"><span class='ocrx_word' id='word_1_586' title='bbox 2194 4264 2441 4331; x_wconf 85' lang='lat' dir='ltr'><strong>paratus.</strong></span> <span class='ocrx_word' id='word_1_587' title='bbox 2487 4257 2725 4312; x_wconf 90' lang='lat' dir='ltr'><strong>Ordinat</strong></span> <span class='ocrx_word' id='word_1_588' title='bbox 2764 4257 2864 4330; x_wconf 95' lang='lat' dir='ltr'><strong>qui</strong></span> <span class='ocrx_word' id='word_1_589' title='bbox 2911 4257 3088 4311; x_wconf 91' lang='lat' dir='ltr'><strong>muris</strong></span> <span class='ocrx_word' id='word_1_590' title='bbox 3125 4257 3352 4312; x_wconf 90' lang='lat' dir='ltr'><strong>ordines</strong></span> <span class='ocrx_word' id='word_1_591' title='bbox 3386 4256 3798 4329; x_wconf 86' lang='lat' dir='ltr'><strong>appropinqua-</strong></span> 
     </span>
    </p>
   </div>
   <div class='ocr_carea' id='block_1_89' title="bbox 2192 4351 3801 4424">
    <p class='ocr_par' dir='ltr' id='par_1_89' title="bbox 2192 4351 3801 4424">
     <span class='ocr_line' id='line_1_90' title="bbox 2192 4351 3801 4424; baseline -0.004 -16"><span class='ocrx_word' id='word_1_592' title='bbox 2192 4358 2319 4408; x_wconf 89' lang='lat' dir='ltr'><strong>rent</strong></span> <span class='ocrx_word' id='word_1_593' title='bbox 2349 4370 2362 4407; x_wconf 88' lang='lat'>:</span> <span class='ocrx_word' id='word_1_594' title='bbox 2391 4368 2532 4424; x_wconf 91' lang='lat' dir='ltr'><strong>quos</strong></span> <span class='ocrx_word' id='word_1_595' title='bbox 2560 4351 2747 4406; x_wconf 90' lang='lat' dir='ltr'><strong>adhuc</strong></span> <span class='ocrx_word' id='word_1_596' title='bbox 2786 4352 2961 4406; x_wconf 90' lang='lat' dir='ltr'><strong>fessos</strong></span> <span class='ocrx_word' id='word_1_597' title='bbox 3001 4354 3279 4405; x_wconf 90' lang='lat' dir='ltr'><strong>nocturno</strong></span> <span class='ocrx_word' id='word_1_598' title='bbox 3307 4351 3523 4407; x_wconf 90' lang='lat' dir='ltr'><strong>itinere</strong></span> <span class='ocrx_word' id='word_1_599' title='bbox 3552 4361 3801 4421; x_wconf 82' lang='lat' dir='ltr'><strong>cognove-</strong></span> 
     </span>
    </p>
   </div>
   <div class='ocr_carea' id='block_1_90' title="bbox 2193 4444 3803 4520">
    <p class='ocr_par' dir='ltr' id='par_1_90' title="bbox 2193 4444 3803 4520">
     <span class='ocr_line' id='line_1_91' title="bbox 2193 4444 3803 4520; baseline -0.004 -18"><span class='ocrx_word' id='word_1_600' title='bbox 2193 4451 2301 4514; x_wconf 89' lang='lat' dir='ltr'><strong>rat,</strong></span> <span class='ocrx_word' id='word_1_601' title='bbox 2319 4447 2482 4520; x_wconf 92' lang='lat' dir='ltr'><strong>quasi</strong></span> <span class='ocrx_word' id='word_1_602' title='bbox 2504 4445 2948 4502; x_wconf 90' lang='lat' dir='ltr'><strong>succenturiatos</strong></span> <span class='ocrx_word' id='word_1_603' title='bbox 2966 4445 3190 4500; x_wconf 88' lang='lat' dir='ltr'><strong>eminus</strong></span> <span class='ocrx_word' id='word_1_604' title='bbox 3211 4445 3381 4500; x_wconf 91' lang='lat' dir='ltr'><strong>locat.</strong></span> <span class='ocrx_word' id='word_1_605' title='bbox 3399 4444 3674 4500; x_wconf 87' lang='lat' dir='ltr'><strong>Paulatim</strong></span> <span class='ocrx_word' id='word_1_606' title='bbox 3696 4457 3803 4512; x_wconf 85' lang='lat' dir='ltr'><strong>pro-</strong></span> 
     </span>
    </p>
   </div>
   <div class='ocr_carea' id='block_1_91' title="bbox 458 4534 3798 4612">
    <p class='ocr_par' dir='ltr' id='par_1_91' title="bbox 458 4534 3798 4612">
     <span class='ocr_line' id='line_1_92' title="bbox 458 4534 3798 4612; baseline -0.001 -23"><span class='ocrx_word' id='word_1_607' title='bbox 458 4536 600 4606; x_wconf 81' lang='lat'><strong>(26),</strong></span> <span class='ocrx_word' id='word_1_608' title='bbox 655 4553 785 4608; x_wconf 69' lang='lat' dir='ltr'><strong>quae</strong></span> <span class='ocrx_word' id='word_1_609' title='bbox 837 4537 910 4592; x_wconf 89' lang='lat' dir='ltr'><strong>ad</strong></span> <span class='ocrx_word' id='word_1_610' title='bbox 964 4540 1248 4595; x_wconf 83' lang='lat' dir='ltr'><strong>Romanos</strong></span> <span class='ocrx_word' id='word_1_611' title='bbox 1293 4540 1637 4612; x_wconf 86' lang='lat' dir='ltr'><strong>jamdudum</strong></span> <span class='ocrx_word' id='word_1_612' title='bbox 1699 4534 2434 4611; x_wconf 78' lang='lat' dir='ltr'><strong>concesserat;Dceditur.</strong></span> <span class='ocrx_word' id='word_1_613' title='bbox 2480 4540 2581 4595; x_wconf 90' lang='lat' dir='ltr'><strong>Ubi</strong></span> <span class='ocrx_word' id='word_1_614' title='bbox 2614 4543 2845 4596; x_wconf 88' lang='lat' dir='ltr'><strong>ventum</strong></span> <span class='ocrx_word' id='word_1_615' title='bbox 2873 4539 2943 4594; x_wconf 91' lang='lat' dir='ltr'><strong>ad</strong></span> <span class='ocrx_word' id='word_1_616' title='bbox 2984 4544 3236 4594; x_wconf 92' lang='lat' dir='ltr'><strong>montem</strong></span> <span class='ocrx_word' id='word_1_617' title='bbox 3265 4538 3500 4607; x_wconf 89' lang='lat' dir='ltr'><strong>Oliveti,</strong></span> <span class='ocrx_word' id='word_1_618' title='bbox 3539 4538 3685 4592; x_wconf 85' lang='lat' dir='ltr'><strong>vallis</strong></span> <span class='ocrx_word' id='word_1_619' title='bbox 3711 4534 3798 4589; x_wconf 89' lang='lat' dir='ltr'><strong>sub</strong></span> 
     </span>
    </p>
   </div>
   <div class='ocr_carea' id='block_1_92' title="bbox 455 4624 2086 4708">
    <p class='ocr_par' dir='ltr' id='par_1_92' title="bbox 455 4624 2086 4708">
     <span class='ocr_line' id='line_1_93' title="bbox 455 4624 2086 4708; baseline 0.006 -26"><span class='ocrx_word' id='word_1_620' title='bbox 455 4635 694 4686; x_wconf 88' lang='lat' dir='ltr'><strong>ventum</strong></span> <span class='ocrx_word' id='word_1_621' title='bbox 723 4631 782 4686; x_wconf 88' lang='lat' dir='ltr'><strong>in</strong></span> <span class='ocrx_word' id='word_1_622' title='bbox 809 4633 1112 4702; x_wconf 86' lang='lat' dir='ltr'><strong>Aulanam,</strong></span> <span class='ocrx_word' id='word_1_623' title='bbox 1146 4635 1295 4690; x_wconf 90' lang='lat' dir='ltr'><strong>unde</strong></span> <span class='ocrx_word' id='word_1_624' title='bbox 1335 4635 1532 4690; x_wconf 86' lang='lat' dir='ltr'><strong>aberat</strong></span> <span class='ocrx_word' id='word_1_625' title='bbox 1559 4635 1946 4708; x_wconf 79' lang='lat' dir='ltr'><strong>Hierosolyma</strong></span> <span class='ocrx_word' id='word_1_626' title='bbox 1983 4624 2086 4692; x_wconf 84' lang='lat' dir='ltr'><strong>sta-</strong></span> 
     </span>
    </p>
   </div>
   <div class='ocr_carea' id='block_1_93' title="bbox 456 4723 2086 4802">
    <p class='ocr_par' dir='ltr' id='par_1_93' title="bbox 456 4723 2086 4802">
     <span class='ocr_line' id='line_1_94' title="bbox 456 4723 2086 4802; baseline 0.005 -24"><span class='ocrx_word' id='word_1_627' title='bbox 456 4723 562 4778; x_wconf 90' lang='lat' dir='ltr'><strong>diis</strong></span> <span class='ocrx_word' id='word_1_628' title='bbox 608 4742 709 4780; x_wconf 86' lang='lat' dir='ltr'><strong>xxx</strong></span> <span class='ocrx_word' id='word_1_629' title='bbox 758 4725 901 4782; x_wconf 88' lang='lat' dir='ltr'><strong>nihil</strong></span> <span class='ocrx_word' id='word_1_630' title='bbox 947 4727 1213 4798; x_wconf 89' lang='lat' dir='ltr'><strong>amplius.</strong></span> <span class='ocrx_word' id='word_1_631' title='bbox 1262 4729 1396 4784; x_wconf 91' lang='lat' dir='ltr'><strong>lude</strong></span> <span class='ocrx_word' id='word_1_632' title='bbox 1446 4730 1749 4800; x_wconf 85' lang='lat' dir='ltr'><strong>assumptis</strong></span> <span class='ocrx_word' id='word_1_633' title='bbox 1799 4729 2086 4802; x_wconf 91' lang='lat' dir='ltr'><strong>equitibus</strong></span> 
     </span>
    </p>
   </div>
   <div class='ocr_carea' id='block_1_94' title="bbox 454 4820 2080 4894">
    <p class='ocr_par' dir='ltr' id='par_1_94' title="bbox 454 4820 2080 4894">
     <span class='ocr_line' id='line_1_95' title="bbox 454 4820 2080 4894; baseline 0.002 -20"><span class='ocrx_word' id='word_1_634' title='bbox 454 4835 699 4875; x_wconf 89' lang='lat' dir='ltr'><strong>numero</strong></span> <span class='ocrx_word' id='word_1_635' title='bbox 728 4820 1008 4876; x_wconf 87' lang='lat' dir='ltr'><strong>sexcentis</strong></span> <span class='ocrx_word' id='word_1_636' title='bbox 1039 4823 1288 4893; x_wconf 88' lang='lat' dir='ltr'><strong>perrexit</strong></span> <span class='ocrx_word' id='word_1_637' title='bbox 1323 4823 1643 4894; x_wconf 85' lang='lat' dir='ltr'><strong>equitatum</strong></span> <span class='ocrx_word' id='word_1_638' title='bbox 1680 4829 1814 4878; x_wconf 91' lang='lat' dir='ltr'><strong>ante</strong></span> <span class='ocrx_word' id='word_1_639' title='bbox 1847 4823 2080 4893; x_wconf 87' lang='lat' dir='ltr'><strong>urbem;</strong></span> 
     </span>
    </p>
   </div>
   <div class='ocr_carea' id='block_1_95' title="bbox 457 4915 2086 4988">
    <p class='ocr_par' dir='ltr' id='par_1_95' title="bbox 457 4915 2086 4988">
     <span class='ocr_line' id='line_1_96' title="bbox 457 4915 2086 4988; baseline 0.004 -20"><span class='ocrx_word' id='word_1_640' title='bbox 457 4916 814 4985; x_wconf 84' lang='lat' dir='ltr'><strong>exploratum</strong></span> <span class='ocrx_word' id='word_1_641' title='bbox 877 4932 1107 4988; x_wconf 91' lang='lat' dir='ltr'><strong>quoque</strong></span> <span class='ocrx_word' id='word_1_642' title='bbox 1171 4915 1278 4971; x_wconf 92' lang='lat' dir='ltr'><strong>loci</strong></span> <span class='ocrx_word' id='word_1_643' title='bbox 1332 4917 1536 4983; x_wconf 90' lang='lat' dir='ltr'><strong>situm,</strong></span> <span class='ocrx_word' id='word_1_644' title='bbox 1595 4918 2086 4974; x_wconf 88' lang='lat' dir='ltr'><strong>munimentorum</strong></span> 
     </span>
    </p>
   </div>
   <div class='ocr_carea' id='block_1_96' title="bbox 455 5009 2081 5084">
    <p class='ocr_par' dir='ltr' id='par_1_96' title="bbox 455 5009 2081 5084">
     <span class='ocr_line' id='line_1_97' title="bbox 455 5009 2081 5084; baseline 0.004 -22"><span class='ocrx_word' id='word_1_645' title='bbox 455 5009 815 5080; x_wconf 90' lang='lat' dir='ltr'><strong>qualitatem,</strong></span> <span class='ocrx_word' id='word_1_646' title='bbox 862 5026 1160 5066; x_wconf 89' lang='lat' dir='ltr'><strong>murorum</strong></span> <span class='ocrx_word' id='word_1_647' title='bbox 1213 5010 1595 5078; x_wconf 90' lang='lat' dir='ltr'><strong>altitudinem,</strong></span> <span class='ocrx_word' id='word_1_648' title='bbox 1646 5013 1830 5068; x_wconf 91' lang='lat' dir='ltr'><strong>studia</strong></span> <span class='ocrx_word' id='word_1_649' title='bbox 1880 5014 2081 5084; x_wconf 89' lang='lat' dir='ltr'><strong>plebis,</strong></span> 
     </span>
    </p>
   </div>
   <div class='ocr_carea' id='block_1_97' title="bbox 459 5103 2081 5177">
    <p class='ocr_par' dir='ltr' id='par_1_97' title="bbox 459 5103 2081 5177">
     <span class='ocr_line' id='line_1_98' title="bbox 459 5103 2081 5177; baseline 0.003 -21"><span class='ocrx_word' id='word_1_650' title='bbox 459 5120 585 5173; x_wconf 68' lang='lat' dir='ltr'><strong>qua:</strong></span> <span class='ocrx_word' id='word_1_651' title='bbox 611 5103 903 5160; x_wconf 86' lang='lat' dir='ltr'><strong>ferebatur</strong></span> <span class='ocrx_word' id='word_1_652' title='bbox 921 5104 1211 5159; x_wconf 91' lang='lat' dir='ltr'><strong>latronum</strong></span> <span class='ocrx_word' id='word_1_653' title='bbox 1241 5105 1416 5159; x_wconf 91' lang='lat' dir='ltr'><strong>armis</strong></span> <span class='ocrx_word' id='word_1_654' title='bbox 1445 5107 1653 5177; x_wconf 85' lang='lat' dir='ltr'><strong>premi,</strong></span> <span class='ocrx_word' id='word_1_655' title='bbox 1683 5111 1740 5162; x_wconf 89' lang='lat' dir='ltr'><strong>et</strong></span> <span class='ocrx_word' id='word_1_656' title='bbox 1773 5107 2081 5162; x_wconf 87' lang='lat' dir='ltr'><strong>factionum</strong></span> 
     </span>
    </p>
   </div>
   <div class='ocr_carea' id='block_1_98' title="bbox 459 5195 2084 5272">
    <p class='ocr_par' dir='ltr' id='par_1_98' title="bbox 459 5195 2084 5272">
     <span class='ocr_line' id='line_1_99' title="bbox 459 5195 2084 5272; baseline 0.005 -24"><span class='ocrx_word' id='word_1_657' title='bbox 459 5195 764 5266; x_wconf 87' lang='lat' dir='ltr'><strong>stipamine</strong></span> <span class='ocrx_word' id='word_1_658' title='bbox 829 5197 1270 5266; x_wconf 87' lang='lat' dir='ltr'><strong>circumveniri;</strong></span> <span class='ocrx_word' id='word_1_659' title='bbox 1333 5202 1395 5253; x_wconf 92' lang='lat' dir='ltr'><strong>ut</strong></span> <span class='ocrx_word' id='word_1_660' title='bbox 1461 5199 1638 5254; x_wconf 91' lang='lat' dir='ltr'><strong>invita</strong></span> <span class='ocrx_word' id='word_1_661' title='bbox 1702 5199 2084 5272; x_wconf 89' lang='lat' dir='ltr'><strong>acquiesceret</strong></span> 
     </span>
    </p>
   </div>
   <div class='ocr_carea' id='block_1_99' title="bbox 457 5290 2082 5365">
    <p class='ocr_par' dir='ltr' id='par_1_99' title="bbox 457 5290 2082 5365">
     <span class='ocr_line' id='line_1_100' title="bbox 457 5290 2082 5365; baseline 0.004 -22"><span class='ocrx_word' id='word_1_662' title='bbox 457 5290 766 5360; x_wconf 77' lang='lat' dir='ltr'><strong>obsidioni,</strong></span> <span class='ocrx_word' id='word_1_663' title='bbox 819 5292 1132 5364; x_wconf 90' lang='lat' dir='ltr'><strong>quominus</strong></span> <span class='ocrx_word' id='word_1_664' title='bbox 1186 5293 1534 5348; x_wconf 87' lang='lat' dir='ltr'><strong>voluntatem</strong></span> <span class='ocrx_word' id='word_1_665' title='bbox 1599 5310 1737 5365; x_wconf 91' lang='lat' dir='ltr'><strong>erga</strong></span> <span class='ocrx_word' id='word_1_666' title='bbox 1800 5295 2082 5349; x_wconf 78' lang='lat' dir='ltr'><strong>Romanos</strong></span> 
     </span>
    </p>
   </div>
   <div class='ocr_carea' id='block_1_100' title="bbox 454 5385 2081 5460">
    <p class='ocr_par' dir='ltr' id='par_1_100' title="bbox 454 5385 2081 5460">
     <span class='ocr_line' id='line_1_101' title="bbox 454 5385 2081 5460; baseline 0.004 -24"><span class='ocrx_word' id='word_1_667' title='bbox 454 5385 742 5454; x_wconf 84' lang='lat' dir='ltr'><strong>proderet,</strong></span> <span class='ocrx_word' id='word_1_668' title='bbox 784 5387 830 5440; x_wconf 91' lang='lat' dir='ltr'><strong>si</strong></span> <span class='ocrx_word' id='word_1_669' title='bbox 871 5386 1106 5441; x_wconf 89' lang='lat' dir='ltr'><strong>libertas</strong></span> <span class='ocrx_word' id='word_1_670' title='bbox 1135 5387 1389 5442; x_wconf 89' lang='lat' dir='ltr'><strong>daretur.</strong></span> <span class='ocrx_word' id='word_1_671' title='bbox 1429 5387 1688 5459; x_wconf 89' lang='lat' dir='ltr'><strong>Speciose</strong></span> <span class='ocrx_word' id='word_1_672' title='bbox 1731 5388 1910 5460; x_wconf 88' lang='lat' dir='ltr'><strong>igitur</strong></span> <span class='ocrx_word' id='word_1_673' title='bbox 1951 5405 2081 5443; x_wconf 91' lang='lat' dir='ltr'><strong>cum</strong></span> 
     </span>
    </p>
   </div>
   <div class='ocr_carea' id='block_1_101' title="bbox 455 5477 2081 5553">
    <p class='ocr_par' dir='ltr' id='par_1_101' title="bbox 455 5477 2081 5553">
     <span class='ocr_line' id='line_1_102' title="bbox 455 5477 2081 5553; baseline 0.004 -24"><span class='ocrx_word' id='word_1_674' title='bbox 455 5477 646 5548; x_wconf 87' lang='lat' dir='ltr'><strong>paucis</strong></span> <span class='ocrx_word' id='word_1_675' title='bbox 689 5480 983 5550; x_wconf 80' lang='lat' dir='ltr'><strong>equitabat</strong></span> <span class='ocrx_word' id='word_1_676' title='bbox 1024 5481 1082 5536; x_wconf 89' lang='lat' dir='ltr'><strong>in</strong></span> <span class='ocrx_word' id='word_1_677' title='bbox 1122 5497 1334 5553; x_wconf 87' lang='lat' dir='ltr'><strong>aggere</strong></span> <span class='ocrx_word' id='word_1_678' title='bbox 1375 5481 1624 5552; x_wconf 91' lang='lat' dir='ltr'><strong>publico,</strong></span> <span class='ocrx_word' id='word_1_679' title='bbox 1654 5481 1752 5553; x_wconf 90' lang='lat' dir='ltr'><strong>qui</strong></span> <span class='ocrx_word' id='word_1_680' title='bbox 1781 5482 1848 5538; x_wconf 88' lang='lat' dir='ltr'><strong>ad</strong></span> <span class='ocrx_word' id='word_1_681' title='bbox 1887 5499 2081 5538; x_wconf 87' lang='lat' dir='ltr'><strong>muros</strong></span> 
     </span>
    </p>
   </div>
   <div class='ocr_carea' id='block_1_102' title="bbox 452 5569 2076 5647">
    <p class='ocr_par' dir='ltr' id='par_1_102' title="bbox 452 5569 2076 5647">
     <span class='ocr_line' id='line_1_103' title="bbox 452 5569 2076 5647; baseline 0.003 -22"><span class='ocrx_word' id='word_1_682' title='bbox 452 5569 608 5625; x_wconf 89' lang='lat' dir='ltr'><strong>urbis</strong></span> <span class='ocrx_word' id='word_1_683' title='bbox 635 5571 1012 5643; x_wconf 89' lang='lat' dir='ltr'><strong>dirigebatur,</strong></span> <span class='ocrx_word' id='word_1_684' title='bbox 1045 5591 1149 5628; x_wconf 91' lang='lat' dir='ltr'><strong>nec</strong></span> <span class='ocrx_word' id='word_1_685' title='bbox 1176 5575 1476 5646; x_wconf 88' lang='lat' dir='ltr'><strong>quisquam</strong></span> <span class='ocrx_word' id='word_1_686' title='bbox 1504 5579 1588 5630; x_wconf 88' lang='lat' dir='ltr'><strong>est</strong></span> <span class='ocrx_word' id='word_1_687' title='bbox 1615 5575 1764 5630; x_wconf 91' lang='lat' dir='ltr'><strong>visus</strong></span> <span class='ocrx_word' id='word_1_688' title='bbox 1795 5577 2076 5647; x_wconf 86' lang='lat' dir='ltr'><strong>progredi.</strong></span> 
     </span>
    </p>
   </div>
   <div class='ocr_carea' id='block_1_103' title="bbox 454 5663 2081 5725">
    <p class='ocr_par' dir='ltr' id='par_1_103' title="bbox 454 5663 2081 5725">
     <span class='ocr_line' id='line_1_104' title="bbox 454 5663 2081 5725; baseline 0.005 -9"><span class='ocrx_word' id='word_1_689' title='bbox 454 5665 660 5716; x_wconf 91' lang='lat' dir='ltr'><strong>Verum</strong></span> <span class='ocrx_word' id='word_1_690' title='bbox 690 5663 782 5716; x_wconf 87' lang='lat' dir='ltr'><strong>ubi</strong></span> <span class='ocrx_word' id='word_1_691' title='bbox 809 5666 876 5716; x_wconf 86' lang='lat' dir='ltr'><strong>ad</strong></span> <span class='ocrx_word' id='word_1_692' title='bbox 905 5665 1232 5721; x_wconf 88' lang='lat' dir='ltr'><strong>obeundum</strong></span> <span class='ocrx_word' id='word_1_693' title='bbox 1267 5685 1565 5722; x_wconf 90' lang='lat' dir='ltr'><strong>murorum</strong></span> <span class='ocrx_word' id='word_1_694' title='bbox 1597 5671 1899 5725; x_wconf 90' lang='lat' dir='ltr'><strong>circuitum</strong></span> <span class='ocrx_word' id='word_1_695' title='bbox 1923 5670 2081 5724; x_wconf 85' lang='lat' dir='ltr'><strong>flexit</strong></span> 
     </span>
    </p>
   </div>
   <div class='ocr_carea' id='block_1_104' title="bbox 516 5779 1414 5844">
    <p class='ocr_par' dir='ltr' id='par_1_104' title="bbox 516 5779 1414 5844">
     <span class='ocr_line' id='line_1_105' title="bbox 516 5779 1414 5844; baseline 0.007 -14"><span class='ocrx_word' id='word_1_696' title='bbox 516 5781 614 5842; x_wconf 74' lang='lat'><strong>(26)</strong></span> <span class='ocrx_word' id='word_1_697' title='bbox 643 5779 940 5840; x_wconf 85' lang='lat' dir='ltr'><strong>Josephus,</strong></span> <span class='ocrx_word' id='word_1_698' title='bbox 975 5783 1207 5844; x_wconf 81' lang='lat' dir='ltr'><strong>Gophna.</strong></span> <span class='ocrx_word' id='word_1_699' title='bbox 1241 5786 1414 5838; x_wconf 83' lang='lat' dir='ltr'><strong>BARR.</strong></span> 
     </span>
    </p>
   </div>
   <div class='ocr_carea' id='block_1_105' title="bbox 511 5849 964 5916">
    <p class='ocr_par' dir='ltr' id='par_1_105' title="bbox 511 5849 964 5916">
     <span class='ocr_line' id='line_1_106' title="bbox 511 5849 964 5916; baseline -0.011 -16"><span class='ocrx_word' id='word_1_700' title='bbox 511 5853 609 5916; x_wconf 72' lang='lat'><strong>(27)</strong></span> <span class='ocrx_word' id='word_1_701' title='bbox 643 5849 854 5900; x_wconf 84' lang='lat' dir='ltr'><strong>Turma.</strong></span> <span class='ocrx_word' id='word_1_702' title='bbox 885 5849 964 5896; x_wconf 85' lang='lat' dir='ltr'><strong>In.</strong></span> 
     </span>
    </p>
   </div>
   <div class='ocr_carea' id='block_1_106' title="bbox 2189 4629 3797 4707">
    <p class='ocr_par' dir='ltr' id='par_1_106' title="bbox 2189 4629 3797 4707">
     <span class='ocr_line' id='line_1_107' title="bbox 2189 4629 3797 4707; baseline 0 -16"><span class='ocrx_word' id='word_1_703' title='bbox 2189 4637 2313 4707; x_wconf 89' lang='lat' dir='ltr'><strong>ipso</strong></span> <span class='ocrx_word' id='word_1_704' title='bbox 2356 4635 2543 4690; x_wconf 90' lang='lat' dir='ltr'><strong>media</strong></span> <span class='ocrx_word' id='word_1_705' title='bbox 2587 4635 2736 4690; x_wconf 89' lang='lat' dir='ltr'><strong>inter</strong></span> <span class='ocrx_word' id='word_1_706' title='bbox 2780 4649 2910 4689; x_wconf 90' lang='lat' dir='ltr'><strong>eum</strong></span> <span class='ocrx_word' id='word_1_707' title='bbox 2953 4637 3121 4706; x_wconf 91' lang='lat' dir='ltr'><strong>atque</strong></span> <span class='ocrx_word' id='word_1_708' title='bbox 3169 4633 3377 4688; x_wconf 90' lang='lat' dir='ltr'><strong>urbem</strong></span> <span class='ocrx_word' id='word_1_709' title='bbox 3426 4629 3797 4704; x_wconf 72' lang='lat' dir='ltr'><strong>interjacebat.</strong></span> 
     </span>
    </p>
   </div>
   <div class='ocr_carea' id='block_1_107' title="bbox 2188 4721 3796 4785">
    <p class='ocr_par' dir='ltr' id='par_1_107' title="bbox 2188 4721 3796 4785">
     <span class='ocr_line' id='line_1_108' title="bbox 2188 4721 3796 4785; baseline -0.006 -1"><span class='ocrx_word' id='word_1_710' title='bbox 2188 4729 2277 4784; x_wconf 93' lang='lat' dir='ltr'><strong>cui</strong></span> <span class='ocrx_word' id='word_1_711' title='bbox 2319 4746 2531 4785; x_wconf 89' lang='lat' dir='ltr'><strong>nomen</strong></span> <span class='ocrx_word' id='word_1_712' title='bbox 2558 4727 2778 4784; x_wconf 89' lang='lat' dir='ltr'><strong>Cedron</strong></span> <span class='ocrx_word' id='word_1_713' title='bbox 2807 4745 2819 4782; x_wconf 89' lang='lat'><strong>:</strong></span> <span class='ocrx_word' id='word_1_714' title='bbox 2851 4728 2946 4782; x_wconf 92' lang='lat' dir='ltr'><strong>ubi</strong></span> <span class='ocrx_word' id='word_1_715' title='bbox 2981 4727 3353 4782; x_wconf 87' lang='lat' dir='ltr'><strong>constitutum</strong></span> <span class='ocrx_word' id='word_1_716' title='bbox 3389 4727 3701 4783; x_wconf 88' lang='lat' dir='ltr'><strong>exercitum</strong></span> <span class='ocrx_word' id='word_1_717' title='bbox 3737 4721 3796 4774; x_wconf 88' lang='lat' dir='ltr'><strong>de</strong></span> 
     </span>
    </p>
   </div>
   <div class='ocr_carea' id='block_1_108' title="bbox 2188 4816 3798 4896">
    <p class='ocr_par' dir='ltr' id='par_1_108' title="bbox 2188 4816 3798 4896">
     <span class='ocr_line' id='line_1_109' title="bbox 2188 4816 3798 4896; baseline -0.006 -18"><span class='ocrx_word' id='word_1_718' title='bbox 2188 4824 2366 4878; x_wconf 89' lang='lat' dir='ltr'><strong>muris</strong></span> <span class='ocrx_word' id='word_1_719' title='bbox 2408 4822 2748 4896; x_wconf 90' lang='lat' dir='ltr'><strong>aspicientes</strong></span> <span class='ocrx_word' id='word_1_720' title='bbox 2775 4822 2933 4893; x_wconf 91' lang='lat' dir='ltr'><strong>(nam</strong></span> <span class='ocrx_word' id='word_1_721' title='bbox 2971 4838 3066 4876; x_wconf 88' lang='lat' dir='ltr'><strong>sex</strong></span> <span class='ocrx_word' id='word_1_722' title='bbox 3104 4821 3297 4877; x_wconf 89' lang='lat' dir='ltr'><strong>stadiis</strong></span> <span class='ocrx_word' id='word_1_723' title='bbox 3331 4821 3557 4889; x_wconf 85' lang='lat' dir='ltr'><strong>aberat)</strong></span> <span class='ocrx_word' id='word_1_724' title='bbox 3600 4816 3798 4874; x_wconf 88' lang='lat' dir='ltr'><strong>seditio-</strong></span> 
     </span>
    </p>
   </div>
   <div class='ocr_carea' id='block_1_109' title="bbox 2190 4909 3796 4990">
    <p class='ocr_par' dir='ltr' id='par_1_109' title="bbox 2190 4909 3796 4990">
     <span class='ocr_line' id='line_1_110' title="bbox 2190 4909 3796 4990; baseline -0.006 -18"><span class='ocrx_word' id='word_1_725' title='bbox 2190 4917 2276 4972; x_wconf 90' lang='lat' dir='ltr'><strong>nis</strong></span> <span class='ocrx_word' id='word_1_726' title='bbox 2315 4917 2387 4972; x_wconf 90' lang='lat' dir='ltr'><strong>ad</strong></span> <span class='ocrx_word' id='word_1_727' title='bbox 2418 4922 2647 4990; x_wconf 91' lang='lat' dir='ltr'><strong>tempus</strong></span> <span class='ocrx_word' id='word_1_728' title='bbox 2687 4915 2873 4970; x_wconf 90' lang='lat' dir='ltr'><strong>studia</strong></span> <span class='ocrx_word' id='word_1_729' title='bbox 2910 4915 3246 4986; x_wconf 88' lang='lat' dir='ltr'><strong>deposuere,</strong></span> <span class='ocrx_word' id='word_1_730' title='bbox 3276 4922 3332 4970; x_wconf 91' lang='lat' dir='ltr'><strong>et</strong></span> <span class='ocrx_word' id='word_1_731' title='bbox 3362 4915 3619 4970; x_wconf 88' lang='lat' dir='ltr'><strong>externis</strong></span> <span class='ocrx_word' id='word_1_732' title='bbox 3647 4909 3796 4965; x_wconf 88' lang='lat' dir='ltr'><strong>hosti-</strong></span> 
     </span>
    </p>
   </div>
   <div class='ocr_carea' id='block_1_110' title="bbox 2186 5001 3796 5082">
    <p class='ocr_par' dir='ltr' id='par_1_110' title="bbox 2186 5001 3796 5082">
     <span class='ocr_line' id='line_1_111' title="bbox 2186 5001 3796 5082; baseline -0.007 -15"><span class='ocrx_word' id='word_1_733' title='bbox 2186 5013 2290 5067; x_wconf 90' lang='lat' dir='ltr'><strong>bus</strong></span> <span class='ocrx_word' id='word_1_734' title='bbox 2315 5010 2764 5078; x_wconf 88' lang='lat' dir='ltr'><strong>advenientibus,</strong></span> <span class='ocrx_word' id='word_1_735' title='bbox 2793 5009 3105 5066; x_wconf 89' lang='lat' dir='ltr'><strong>domestico</strong></span> <span class='ocrx_word' id='word_1_736' title='bbox 3132 5009 3340 5066; x_wconf 74' lang='lat' dir='ltr'><strong>fcedere</strong></span> <span class='ocrx_word' id='word_1_737' title='bbox 3377 5008 3718 5082; x_wconf 86' lang='lat' dir='ltr'><strong>sequestrata</strong></span> <span class='ocrx_word' id='word_1_738' title='bbox 3736 5001 3796 5057; x_wconf 86' lang='lat' dir='ltr'><strong>ci-</strong></span> 
     </span>
    </p>
   </div>
   <div class='ocr_carea' id='block_1_111' title="bbox 2185 5099 3790 5175">
    <p class='ocr_par' dir='ltr' id='par_1_111' title="bbox 2185 5099 3790 5175">
     <span class='ocr_line' id='line_1_112' title="bbox 2185 5099 3790 5175; baseline -0.006 -15"><span class='ocrx_word' id='word_1_739' title='bbox 2185 5106 2384 5161; x_wconf 91' lang='lat' dir='ltr'><strong>vilium</strong></span> <span class='ocrx_word' id='word_1_740' title='bbox 2408 5105 2691 5161; x_wconf 91' lang='lat' dir='ltr'><strong>bellorum</strong></span> <span class='ocrx_word' id='word_1_741' title='bbox 2717 5104 3055 5160; x_wconf 90' lang='lat' dir='ltr'><strong>certamina.</strong></span> <span class='ocrx_word' id='word_1_742' title='bbox 3087 5105 3435 5175; x_wconf 88' lang='lat' dir='ltr'><strong>Plerumque</strong></span> <span class='ocrx_word' id='word_1_743' title='bbox 3466 5103 3621 5157; x_wconf 89' lang='lat' dir='ltr'><strong>enim</strong></span> <span class='ocrx_word' id='word_1_744' title='bbox 3645 5099 3790 5154; x_wconf 84' lang='lat' dir='ltr'><strong>etiam</strong></span> 
     </span>
    </p>
   </div>
   <div class='ocr_carea' id='block_1_112' title="bbox 2183 5193 3792 5270">
    <p class='ocr_par' dir='ltr' id='par_1_112' title="bbox 2183 5193 3792 5270">
     <span class='ocr_line' id='line_1_113' title="bbox 2183 5193 3792 5270; baseline -0.005 -16"><span class='ocrx_word' id='word_1_745' title='bbox 2183 5199 2385 5255; x_wconf 89' lang='lat' dir='ltr'><strong>acerba</strong></span> <span class='ocrx_word' id='word_1_746' title='bbox 2404 5198 2531 5255; x_wconf 90' lang='lat' dir='ltr'><strong>odia</strong></span> <span class='ocrx_word' id='word_1_747' title='bbox 2552 5202 2739 5253; x_wconf 88' lang='lat' dir='ltr'><strong>metus</strong></span> <span class='ocrx_word' id='word_1_748' title='bbox 2755 5196 3095 5270; x_wconf 91' lang='lat' dir='ltr'><strong>comprimit.</strong></span> <span class='ocrx_word' id='word_1_749' title='bbox 3120 5196 3377 5269; x_wconf 88' lang='lat' dir='ltr'><strong>Denique</strong></span> <span class='ocrx_word' id='word_1_750' title='bbox 3400 5193 3678 5252; x_wconf 87' lang='lat' dir='ltr'><strong>cohortati</strong></span> <span class='ocrx_word' id='word_1_751' title='bbox 3693 5206 3792 5246; x_wconf 82' lang='lat' dir='ltr'><strong>sese</strong></span> 
     </span>
    </p>
   </div>
   <div class='ocr_carea' id='block_1_113' title="bbox 2185 5285 3790 5362">
    <p class='ocr_par' dir='ltr' id='par_1_113' title="bbox 2185 5285 3790 5362">
     <span class='ocr_line' id='line_1_114' title="bbox 2185 5285 3790 5362; baseline -0.007 -13"><span class='ocrx_word' id='word_1_752' title='bbox 2185 5295 2422 5351; x_wconf 90' lang='lat' dir='ltr'><strong>invicem</strong></span> <span class='ocrx_word' id='word_1_753' title='bbox 2463 5293 2777 5348; x_wconf 89' lang='lat' dir='ltr'><strong>factionum</strong></span> <span class='ocrx_word' id='word_1_754' title='bbox 2811 5291 2933 5361; x_wconf 90' lang='lat' dir='ltr'><strong>viri,</strong></span> <span class='ocrx_word' id='word_1_755' title='bbox 2967 5295 3029 5346; x_wconf 90' lang='lat' dir='ltr'><strong>ut</strong></span> <span class='ocrx_word' id='word_1_756' title='bbox 3057 5292 3118 5346; x_wconf 91' lang='lat' dir='ltr'><strong>in</strong></span> <span class='ocrx_word' id='word_1_757' title='bbox 3145 5307 3321 5347; x_wconf 90' lang='lat' dir='ltr'><strong>unum</strong></span> <span class='ocrx_word' id='word_1_758' title='bbox 3352 5285 3790 5362; x_wconf 78' lang='lat' dir='ltr'><strong>conspirantibus</strong></span> 
     </span>
    </p>
   </div>
   <div class='ocr_carea' id='block_1_114' title="bbox 2186 5380 3789 5458">
    <p class='ocr_par' dir='ltr' id='par_1_114' title="bbox 2186 5380 3789 5458">
     <span class='ocr_line' id='line_1_115' title="bbox 2186 5380 3789 5458; baseline -0.005 -16"><span class='ocrx_word' id='word_1_759' title='bbox 2186 5387 2385 5444; x_wconf 89' lang='lat' dir='ltr'><strong>studiis</strong></span> <span class='ocrx_word' id='word_1_760' title='bbox 2410 5387 2653 5458; x_wconf 90' lang='lat' dir='ltr'><strong>patriam</strong></span> <span class='ocrx_word' id='word_1_761' title='bbox 2685 5385 3068 5454; x_wconf 89' lang='lat' dir='ltr'><strong>defensarent,</strong></span> <span class='ocrx_word' id='word_1_762' title='bbox 3093 5402 3163 5441; x_wconf 91' lang='lat' dir='ltr'><strong>ne</strong></span> <span class='ocrx_word' id='word_1_763' title='bbox 3195 5401 3399 5441; x_wconf 88' lang='lat' dir='ltr'><strong>eorum</strong></span> <span class='ocrx_word' id='word_1_764' title='bbox 3430 5382 3703 5441; x_wconf 86' lang='lat' dir='ltr'><strong>discordia</strong></span> <span class='ocrx_word' id='word_1_765' title='bbox 3724 5380 3789 5434; x_wconf 90' lang='lat' dir='ltr'><strong>in-</strong></span> 
     </span>
    </p>
   </div>
   <div class='ocr_carea' id='block_1_115' title="bbox 2182 5479 3785 5549">
    <p class='ocr_par' dir='ltr' id='par_1_115' title="bbox 2182 5479 3785 5549">
     <span class='ocr_line' id='line_1_116' title="bbox 2182 5479 3785 5549; baseline -0.007 -12"><span class='ocrx_word' id='word_1_766' title='bbox 2182 5486 2479 5538; x_wconf 89' lang='lat' dir='ltr'><strong>cruentam</strong></span> <span class='ocrx_word' id='word_1_767' title='bbox 2524 5481 2794 5536; x_wconf 81' lang='lat' dir='ltr'><strong>Romanis</strong></span> <span class='ocrx_word' id='word_1_768' title='bbox 2829 5481 3128 5536; x_wconf 91' lang='lat' dir='ltr'><strong>victoriam</strong></span> <span class='ocrx_word' id='word_1_769' title='bbox 3176 5479 3352 5549; x_wconf 87' lang='lat' dir='ltr'><strong>daret,</strong></span> <span class='ocrx_word' id='word_1_770' title='bbox 3399 5479 3532 5534; x_wconf 87' lang='lat' dir='ltr'><strong>freti</strong></span> <span class='ocrx_word' id='word_1_771' title='bbox 3574 5489 3785 5532; x_wconf 88' lang='lat' dir='ltr'><strong>numero</strong></span> 
     </span>
    </p>
   </div>
   <div class='ocr_carea' id='block_1_116' title="bbox 2183 5568 3785 5644">
    <p class='ocr_par' dir='ltr' id='par_1_116' title="bbox 2183 5568 3785 5644">
     <span class='ocr_line' id='line_1_117' title="bbox 2183 5568 3785 5644; baseline -0.007 -13"><span class='ocrx_word' id='word_1_772' title='bbox 2183 5577 2410 5632; x_wconf 88' lang='lat' dir='ltr'><strong>hostem</strong></span> <span class='ocrx_word' id='word_1_773' title='bbox 2449 5575 2634 5630; x_wconf 90' lang='lat' dir='ltr'><strong>subito</strong></span> <span class='ocrx_word' id='word_1_774' title='bbox 2672 5575 3048 5629; x_wconf 89' lang='lat' dir='ltr'><strong>adoricndum</strong></span> <span class='ocrx_word' id='word_1_775' title='bbox 3088 5577 3380 5644; x_wconf 88' lang='lat' dir='ltr'><strong>putarunt,</strong></span> <span class='ocrx_word' id='word_1_776' title='bbox 3415 5578 3475 5628; x_wconf 89' lang='lat' dir='ltr'><strong>et</strong></span> <span class='ocrx_word' id='word_1_777' title='bbox 3515 5568 3785 5643; x_wconf 78' lang='lat' dir='ltr'><strong>improvisa</strong></span> 
     </span>
    </p>
   </div>
   <div class='ocr_carea' id='block_1_117' title="bbox 2183 5663 3784 5741">
    <p class='ocr_par' dir='ltr' id='par_1_117' title="bbox 2183 5663 3784 5741">
     <span class='ocr_line' id='line_1_118' title="bbox 2183 5663 3784 5741; baseline -0.008 -16"><span class='ocrx_word' id='word_1_778' title='bbox 2183 5669 2481 5741; x_wconf 89' lang='lat' dir='ltr'><strong>eruptione</strong></span> <span class='ocrx_word' id='word_1_779' title='bbox 2511 5670 2724 5739; x_wconf 91' lang='lat' dir='ltr'><strong>primos</strong></span> <span class='ocrx_word' id='word_1_780' title='bbox 2744 5668 3064 5724; x_wconf 88' lang='lat' dir='ltr'><strong>turbavere.</strong></span> <span class='ocrx_word' id='word_1_781' title='bbox 3090 5668 3202 5724; x_wconf 89' lang='lat' dir='ltr'><strong>Sed</strong></span> <span class='ocrx_word' id='word_1_782' title='bbox 3225 5668 3314 5724; x_wconf 92' lang='lat' dir='ltr'><strong>ubi</strong></span> <span class='ocrx_word' id='word_1_783' title='bbox 3341 5685 3401 5722; x_wconf 91' lang='lat' dir='ltr'><strong>se</strong></span> <span class='ocrx_word' id='word_1_784' title='bbox 3427 5665 3662 5723; x_wconf 77' lang='lat' dir='ltr'><strong>Romani</strong></span> <span class='ocrx_word' id='word_1_785' title='bbox 3682 5663 3784 5733; x_wconf 82' lang='lat' dir='ltr'><strong>ipso</strong></span> 
     </span>
    </p>
   </div>
   <div class='ocr_carea' id='block_1_118' title="bbox 2247 5791 2626 5852">
    <p class='ocr_par' dir='ltr' id='par_1_118' title="bbox 2247 5791 2626 5852">
     <span class='ocr_line' id='line_1_119' title="bbox 2247 5791 2626 5852; baseline -0.005 -11"><span class='ocrx_word' id='word_1_786' title='bbox 2247 5793 2344 5852; x_wconf 79' lang='lat'><strong>(28)</strong></span> <span class='ocrx_word' id='word_1_787' title='bbox 2367 5791 2513 5842; x_wconf 80' lang='lat' dir='ltr'><strong>Sola.</strong></span> <span class='ocrx_word' id='word_1_788' title='bbox 2546 5792 2626 5840; x_wconf 83' lang='lat' dir='ltr'><strong>In.</strong></span> 
     </span>
    </p>
   </div>
   <div class='ocr_carea' id='block_1_119' title="bbox 2243 5862 2790 5928">
    <p class='ocr_par' dir='ltr' id='par_1_119' title="bbox 2243 5862 2790 5928">
     <span class='ocr_line' id='line_1_120' title="bbox 2243 5862 2790 5928; baseline -0.005 -13"><span class='ocrx_word' id='word_1_789' title='bbox 2243 5862 2339 5926; x_wconf 71' lang='lat'><strong>(29)</strong></span> <span class='ocrx_word' id='word_1_790' title='bbox 2369 5863 2442 5914; x_wconf 76' lang='lat' dir='ltr'><strong>Ac</strong></span> <span class='ocrx_word' id='word_1_791' title='bbox 2467 5864 2514 5913; x_wconf 75' lang='lat' dir='ltr'><strong>si</strong></span> <span class='ocrx_word' id='word_1_792' title='bbox 2540 5863 2676 5928; x_wconf 75' lang='lat' dir='ltr'><strong>quis.</strong></span> <span class='ocrx_word' id='word_1_793' title='bbox 2709 5864 2790 5913; x_wconf 84' lang='lat' dir='ltr'><strong>In.</strong></span> 
     </span>
    </p>
   </div>
  </div>
