4128 6194
371 251 504 306 2241

1400 256 1484 312 DE
1527 256 1801 314 EXCIDIO
1841 258 2040 314 URBIS
2083 258 2435 314 HIEROSOL.
2480 259 2606 314 LIB.
2652 262 2709 314 \'.

3595 267 3738 321 2242

375 395 479 432 usu
517 378 716 444 veleri,
759 381 816 433 et
853 377 1206 434 diversorum
1243 396 1521 452 generum
1564 383 1770 454 praeliis
1801 383 2089 466 exerci-A
2113 383 2211 452 qui
2257 383 2408 436 intra
2453 383 2733 454 templum
2780 385 3031 438 inermes
3077 383 3394 441 celebritati
3440 387 3740 455 vacabant,

375 473 498 541 tati,
532 473 941 528 conﬂrmavere
975 473 1182 527 animis
1212 474 1409 529 ordine
1445 493 1546 530 suo
1581 477 1716 530 nexi
1743 475 1876 546 (30),
1905 493 2009 530 cre-

370 565 507 621 dere
548 567 906 622 incursantes
949 574 1266 639 coeperunt,
1315 570 1485 623 scutis
1533 571 1828 642 repellere,
1871 587 2005 642 pro-

368 660 602 714 turbare
640 661 800 730 jactu
844 662 1112 728 telorum,
1153 663 1612 734 haudquaquam
1644 667 1836 718 tamen
1887 665 2007 718 sine

369 755 661 808 communi
704 755 898 810 exitio.
932 757 998 810 Et
1035 773 1212 827 prope
1244 757 1366 827 jam
1401 757 1778 812 incubuerant
1801 757 2003 825 Judaei,

367 851 423 902 et
458 847 693 902 nutabat
728 849 876 904 acies
913 851 1187 916 Romana,
1215 850 1327 904 nisi
1358 851 1601 922 cognitis
1635 852 1806 906 rebus
1833 851 2005 906 adve-

368 941 544 996 nisset
581 941 758 1010 Titus,
802 947 861 996 et
903 959 1211 998 occurrens
1252 945 1608 1012 adversariis,
1655 946 2005 1000 confirmans

365 1053 499 1091 suos
527 1042 848 1107 reparasset
877 1038 1161 1108 praelium,
1193 1041 1251 1092 et
1287 1039 1561 1094 erexisset
1595 1039 1816 1094 animos
1849 1040 2002 1094 mili-

365 1132 510 1194 tum,
554 1129 855 1201 increpans
895 1133 1173 1186 Romanas
1222 1132 1391 1199 acies,
1441 1134 1692 1188 confusae
1741 1134 2002 1189 multitu-

368 1223 488 1276 dini
531 1240 644 1278 non
685 1225 806 1280 sine
853 1227 1119 1280 maxima:
1170 1226 1416 1297 ignaviae
1462 1227 1666 1298 probro
1712 1228 2000 1283 victoriam

365 1317 589 1371 cedere.
621 1317 994 1389 Repulsisque
1026 1319 1252 1384 Judaais,
1287 1320 1383 1390 qui
1416 1321 1584 1376 etiam
1621 1322 1764 1376 valle
1797 1321 2001 1377 divisos

365 1410 808 1477 insectabantur,
851 1412 920 1467 ad
959 1429 1090 1466 suos
1138 1430 1199 1468 se
1249 1415 1424 1468 victor
1467 1415 1704 1486 recepit;
1739 1432 1998 1471 securus-

363 1519 476 1574 que
506 1503 782 1576 suffragii,
825 1505 975 1575 quod
1016 1505 1120 1560 loci
1163 1507 1472 1577 superioris
1511 1507 1813 1562 adversum
1849 1509 1997 1563 infe-

365 1598 566 1665 riores,
619 1599 662 1652 si
715 1601 1005 1654 tentarent
1048 1601 1344 1672 congredi,
1395 1601 1648 1656 subsidia
1693 1602 1882 1669 dabat,
1927 1603 1998 1657 ad

363 1693 536 1747 aliam
564 1698 783 1763 partem
815 1710 874 1747 se
913 1695 1200 1749 Romanus
1232 1695 1511 1750 exercitus
1541 1697 1840 1751 convertit.
1870 1697 1994 1750 Dis-

2112 475 2466 546 exsilierunt,
2492 476 2889 548 templumque
2908 494 3146 533 vacuum
3170 479 3613 551 dereliquerunt.
3638 483 3742 536 Eos

2113 568 2222 623 illis
2247 570 2473 636 secutis,
2507 571 2566 624 et
2595 587 2738 641 quos
2765 574 3078 642 potuerunt
3106 573 3617 644 comprehendere,
3641 576 3736 646 ju-

2106 662 2456 732 gulantibus,
2484 664 2624 718 alios
2655 665 2800 718 ultra
2827 665 3026 736 templi
3054 665 3355 720 circuitum
3389 683 3737 740 persequen-

2103 755 2282 826 tibus,
2338 757 2694 830 irrumpendi
2747 759 2949 813 Joanni
3002 758 3282 830 sociisque
3339 760 3462 831 ejus
3515 763 3737 817 occasio

2103 849 2251 904 data.
2281 851 2420 904 Cassi
2449 851 2564 905 illic
2593 851 2760 906 multi
2787 853 3090 921 mortales;
3113 853 3191 906 ita
3210 859 3274 906 ut
3298 854 3470 908 etiam
3493 855 3590 925 qui
3619 873 3736 910 non

2102 943 2444 1014 restiterant,
2485 945 2690 1000 ametis
2727 946 2906 1000 causis
2947 945 3230 1017 aliquibus
3262 947 3675 1018 jugularentur
3719 967 3732 1003 :

2103 1052 2209 1092 nec
2255 1038 2636 1110 tranquillitas
2690 1039 2896 1111 quietis
2946 1041 3243 1111 proderat,
3296 1056 3398 1096 nec
3446 1040 3735 1097 silentium

2103 1130 2310 1198 tacitis,
2349 1147 2449 1186 nec
2477 1132 2807 1188 cedentibus
2845 1133 3140 1204 patientia.
3180 1133 3735 1206 Comprehensisque

2101 1224 2469 1279 interioribus
2523 1225 2748 1298 templi,
2805 1227 2979 1282 etiam
3039 1227 3329 1282 Simonem
3384 1228 3737 1300 inquietabat

2098 1318 2340 1373 Joannes
2376 1319 2435 1373 in
2474 1319 2878 1374 secundarium
2917 1322 3127 1386 locum,
3177 1322 3439 1377 Eleazaro
3482 1323 3730 1378 eteteﬁs-

2101 1427 2212 1482 que
2244 1412 2591 1483 principibus
2622 1413 2882 1468 factionis
2911 1415 3094 1469 tertiae
3125 1414 3231 1468 sibi
3262 1414 3606 1487 subrogatis.

2744 1509 2964 1564 CAPUT
3007 1510 3088 1562 Vl.

2167 1601 2356 1655 Tertio
2378 1617 2606 1672 quoque
2633 1602 2788 1656 Titus
2818 1603 3187 1673 progreditur
3215 1603 3272 1657 in
3297 1604 3540 1672 hostem,
3564 1609 3734 1677 atque

2097 1694 2410 1749 exercitum
2432 1695 2715 1766 producit.
2735 1695 3172 1769 Adveniensque
3199 1697 3438 1753 offendit
3462 1699 3731 1770 stipatam

361 1786 604 1840 cedente
635 1787 744 1857 (3t)
775 1788 990 1843 Caesare
1031 1788 1342 1843 infundunt
1369 1805 1428 1842 se
1473 1789 1544 1843 de
1584 1791 1761 1844 muris
1794 1791 1992 1859 Judzei,
2018 1767 2072 1837 B
2095 1788 2419 1843 Iudaeorum
2450 1793 2582 1844 ante
2612 1789 2807 1844 urbem
2842 1767 3286 1859 multitudinem,
3320 1793 3510 1862 specie
3538 1767 3729 1847 volen-

363 1884 421 1935 et
449 1879 674 1952 ingenti
701 1881 932 1952 agmine
961 1898 1131 1953 super
1161 1883 1381 1937 hostem
1413 1883 1666 1953 irruunt;
1706 1885 1782 1938 ita
1820 1889 1880 1938 ut
1910 1885 1992 1939 in-

361 1990 623 2029 numerae
672 1991 953 2030 concursu
1002 1975 1405 2044 multitudinis,
1452 1978 1661 2032 milites
1706 1979 1992 2049 fugerent,

361 2084 428 2122 ac
459 2085 580 2124 sese
622 2069 693 2123 ad
729 2069 1016 2124 montium
1053 2070 1377 2125 conferrent
1414 2072 1707 2142 superiora
1739 2089 1750 2127 :
1779 2073 1994 2128 nudato

358 2161 557 2231 latere,
591 2161 760 2217 etiam
803 2163 992 2217 caeteri
1037 2163 1133 2234 qui
1165 2163 1430 2235 praelium
1476 2166 1728 2233 mallent,
1770 2166 1990 2237 fugere.

360 2257 584 2310 Interea
613 2257 800 2311 Caesar
829 2256 886 2310 in
919 2257 1111 2312 medio
1143 2259 1334 2329 populi
1366 2258 1504 2314 situs
1539 2260 1670 2328 (32),
1699 2261 1995 2315 orantibus

357 2349 646 2420 plerisque
683 2367 757 2405 ne
789 2365 846 2404 se
873 2352 1137 2422 periculis
1169 2351 1346 2421 daret,
1379 2356 1550 2424 atque
1589 2354 1839 2408 exercitu
1878 2354 1990 2408 dis-

361 2459 524 2511 perso
567 2460 854 2498 summam
890 2445 1127 2515 periculi
1167 2446 1319 2500 solus
1357 2445 1592 2515 subiret,
1631 2464 1761 2502 cum
1804 2447 1990 2502 domi-

360 2554 469 2590 nus
501 2542 647 2592 esset
687 2538 839 2592 orbis
882 2542 1166 2593 terrarum
1195 2541 1335 2607 (non
1374 2539 1529 2594 enim
1571 2543 1634 2593 ut
1679 2546 1830 2607 ante,
1874 2541 1992 2596 vice

359 2630 554 2685 militis
584 2634 884 2703 pugnaret,
913 2633 1009 2687 sed
1039 2632 1422 2704 imperatoris,
1450 2633 1508 2686 in
1542 2633 1702 2704 cujus
1740 2635 1992 2705 periculo

359 2725 641 2794 pernicies
683 2731 826 2780 esset
873 2727 1318 2798 universorum),
1375 2744 1488 2781 non
1539 2729 1846 2799 acquievit;
1894 2730 1991 2784 sed

359 2818 579 2874 militia:
624 2819 795 2874 decus
843 2836 1181 2891 praeponens
1219 2821 1417 2889 saluti,
1461 2821 1616 2894 apud
1657 2839 1829 2893 quem
1873 2825 1993 2894 glo-

359 2913 506 2967 riosa
548 2929 698 2968 mors
739 2914 868 2968 vitae
910 2915 1221 2986 opprobrio
1260 2916 1752 2986 prmponderaret,
1787 2917 1988 2971 adver-

358 3022 483 3060 sum
517 3013 714 3078 pectus
746 3007 1004 3062 hostibus
1035 3008 1230 3075 refert,
1264 3009 1589 3080 territisque
1619 3026 1764 3080 quos
1789 3010 1985 3065 adver-

358 3116 482 3154 sum
524 3099 684 3168 ierat,
724 3101 783 3156 in
820 3101 956 3156 alios
992 3118 1114 3156 sese
1157 3107 1464 3175 retorquet.
1509 3103 1639 3158 Sola
1687 3105 1839 3159 enim
1890 3121 1990 3176 spe
2012 3139 2066 3211 Ο

357 3193 466 3264 (33)
515 3195 601 3248 sui
646 3202 703 3250 et
752 3195 920 3250 nimis
965 3200 1118 3250 notae
1169 3202 1338 3268 atque
1389 3197 1589 3251 alacris
1638 3198 1989 3253 fortitudinis

358 3288 538 3358 gloria
581 3288 952 3359 perturbabat
991 3290 1232 3344 hostem.
1275 3290 1562 3346 Cedebant
1605 3292 1797 3363 itaque
1843 3309 1988 3364 quos

353 3385 688 3450 accesserat,
722 3383 816 3437 sed
848 3401 910 3438 ex
953 3383 1076 3437 aliis
1121 3383 1378 3454 partibus
1417 3384 1599 3440 Judaei
1646 3387 1828 3457 magis
1874 3404 1989 3440 ma-

355 3476 556 3548 gisque
583 3476 1040 3532 infundebantur
1064 3495 1076 3532 :
1101 3494 1165 3532 ac
1191 3494 1336 3549 pene
1357 3479 1752 3534 concluserant
1776 3481 1984 3548 Titum,

353 3570 463 3624 nisi
493 3569 628 3641 quia
665 3569 921 3642 plerique
953 3571 1199 3626 militum
1233 3571 1488 3627 videntes
1524 3573 1580 3627 in
1621 3574 1811 3629 medio
1853 3575 1985 3629 belli

352 3663 565 3718 versari
613 3665 916 3731 Ctesarem,
964 3665 1462 3720 conclamaverunt
1506 3667 1728 3721 caeteris
1766 3668 1983 3738 signiﬁ-

350 3761 569 3825 cantes,
599 3758 958 3829 imperatoris
991 3759 1169 3814 {ilium
1202 3758 1469 3830 periculis
1501 3777 1618 3816 non
1656 3761 1982 3834 relinquew

351 3850 514 3906 dum.
549 3852 638 3906 Sic
675 3852 963 3908 universos
1000 3854 1286 3908 revocavit
1314 3855 1498 3924 pudor
1533 3859 1708 3927 atque
1745 3856 1987 3911 armavit

349 3949 560 4016 metus,
603 3963 674 4001 ne
716 3947 924 4002 deserti
961 3947 1198 4004 Caesaris
1240 3949 1560 4019 ignominia
1598 3950 1980 4005 inurerentur.

347 4040 732 4112 Conversique
763 4040 818 4095 in
843 4041 1089 4108 Iudaeos,
1121 4042 1249 4097 nisu
1277 4042 1436 4098 omni
1461 4060 1526 4097 ac
1553 4044 1762 4098 virtute
1792 4044 1986 4099 incon-

349 4133 530 4189 ditam
567 4134 995 4190 multitudinem
1030 4136 1086 4189 in
1114 4136 1321 4190 vallem
1358 4131 1664 4207 urgebant,
1700 4153 1801 4192 nec
1833 4137 1982 4192 difti-

347 4227 451 4283 cile
498 4227 605 4282 fuit
653 4228 1027 4283 ascendentes
1072 4229 1268 4284 relabi.
1324 4231 1413 4286 Sic
1463 4231 1618 4285 Titus
1660 4231 1982 4301 fugientem

345 4337 658 4377 numerum
686 4322 996 4377 militarem
1027 4322 1114 4377 bis
1139 4324 1425 4378 revocavit
1453 4341 1484 4376 a
1516 4325 1672 4395 fuga,
1707 4326 1985 4394 periculo~

347 4431 459 4486 que
485 4415 700 4486 pariter
725 4416 880 4471 exuit
906 4419 964 4470 et
989 4416 1314 4488 opprobrio,
1346 4417 1554 4471 virtute
1583 4418 1707 4488 pari
1739 4434 1894 4485 usus,
1928 4422 1985 4473 et

2095 1881 2238 1936 tium
2268 1898 2325 1937 se
2345 1883 2610 1937 Romanis
2630 1883 2880 1951 tradere,
2903 1884 3001 1938 sed
3022 1885 3180 1956 quasi
3207 1885 3727 1942 reformidantium.

2096 1973 2425 2046 Suspicatus
2467 1977 2683 2043 dolum,
2731 1979 2789 2030 et
2831 1978 3104 2045 maxime,
3155 1979 3427 2050 quoniam
3474 1979 3730 2050 proxime

2096 2069 2450 2140 conspiratos
2480 2070 2629 2125 inter
2659 2087 2718 2124 se
2748 2074 2806 2125 et
2834 2072 3152 2142 pertinaces
3187 2072 3409 2127 viderat
3442 2089 3455 2127 :
3491 2089 3605 2128 non
3637 2090 3728 2128 ar-

2095 2161 2335 2217 bitratus
2360 2163 2630 2219 credibile
2661 2165 2848 2220 subito
2880 2169 3151 2235 mutatos,
3183 2165 3488 2221 admonuit
3519 2167 3727 2222 milites

2094 2255 2356 2312 fraudem
2380 2258 2720 2327 cavendam,
2747 2274 2853 2313 nec
2876 2262 3092 2313 temere
3122 2259 3230 2314 nisi
3254 2261 3569 2316 secundum
3591 2276 3731 2332 prae-

2095 2353 2321 2421 ceptum
2368 2367 2570 2421 suum,
2612 2352 2874 2407 conferto
2923 2353 3154 2424 agmine
3203 2354 3382 2408 muris
3425 2355 3732 2426 appropin-

2093 2444 2418 2514 quandum;
2451 2461 2521 2500 ne
2541 2463 2574 2499 a
2594 2449 2756 2517 tergo
2782 2445 2863 2500 illi
2891 2446 2990 2516 qui
3011 2446 3212 2501 urbem
3238 2448 3452 2518 egressi
3477 2448 3729 2514 fuerant,

2092 2537 2708 2594 circumfunderentur.
2744 2539 2942 2594 Subito
2972 2539 3042 2594 de
3073 2540 3301 2595 civitate
3330 2539 3616 2612 increpuit
3643 2557 3731 2595 so-

2092 2646 2222 2697 nus,
2255 2636 2311 2686 et
2340 2632 2604 2703 quaedam
2637 2632 2839 2688 seditio
2879 2633 3181 2688 dementer
3214 2634 3506 2688 resultavit
3537 2652 3551 2688 :
3583 2635 3725 2689 alio-

2092 2740 2221 2779 rum
2238 2725 2626 2796 egressionem
2644 2726 3021 2782 voluntariam
3043 2727 3460 2795 simulantium,
3481 2729 3725 2784 aliorum

2093 2819 2263 2873 etiam
2312 2819 2734 2887 resistentium,
2787 2820 2937 2892 quod
2990 2821 3073 2875 illi
3119 2822 3326 2893 aperiri
3375 2822 3482 2876 sibi
3533 2828 3727 2894 portas

2094 2919 2415 2983 poscerent,
2445 2914 2502 2967 hi
2534 2915 2746 2968 clausas
2772 2915 2987 2969 servari
3019 2915 3292 2985 juberent
3321 2932 3334 2971 :
3362 2917 3457 2970 alii
3483 2916 3722 2984 bellum,

2093 3005 2190 3060 alii
2219 3022 2422 3078 pacem
2455 3010 2738 3078 optarent.
2765 3007 3007 3062 Militum
3038 3009 3239 3080 vulgus
3273 3009 3346 3063 ad
3383 3009 3723 3065 subvenien-

2095 3099 2232 3153 dum
2262 3100 2352 3154 his
2378 3101 2477 3171 qui
2503 3100 2790 3155 subveniri
2820 3100 2926 3156 sibi
2958 3102 3028 3156 de
3057 3101 3235 3156 muris
3267 3103 3720 3173 postulavissent,

2091 3194 2336 3265 proripit
2381 3210 2504 3249 sese
2551 3211 2564 3248 :
2619 3195 2995 3266 egrediuntur
3039 3195 3299 3268 plerique
3347 3198 3720 3269 praeruptim,

2092 3286 2211 3343 sine
2240 3287 2465 3357 ordine,
2495 3289 2617 3344 sine
2644 3289 2762 3344 ullo
2790 3290 2963 3344 modo
2991 3294 3263 3362 tanquam
3301 3291 3590 3346 occursuri
3617 3294 3719 3346 ad-

2093 3381 2447 3437 venientibus
2478 3388 2648 3454 atque
2677 3383 2954 3439 auxilium
2998 3384 3189 3452 laturi,
3222 3389 3287 3440 ut
3325 3386 3594 3456 propiore
3633 3403 3720 3441 rc-

2089 3474 2285 3528 medio
2316 3476 2575 3546 pluribus
2607 3477 2951 3548 erumpendi
2980 3477 3319 3533 conﬁdentia
3354 3479 3720 3548 tribueretur,

2090 3569 2174 3622 vel
2204 3568 2600 3624 resistentibus
2630 3576 2834 3639 metus,
2867 3574 2967 3625 aut
2994 3571 3148 3626 inter
3174 3572 3520 3626 reluctantes
3535 3589 3724 3628 erum-

2088 3662 2262 3732 pendi
2297 3661 2403 3717 sibi
2440 3663 2621 3734 copia.
2651 3664 2864 3728 Quibus
2898 3681 2929 3718 a
2970 3681 3029 3718 se
3057 3671 3219 3736 tergo
3259 3665 3721 3723 circumfundere

2088 3760 2386 3827 coeperunt
2413 3758 2513 3828 qui
2540 3757 2676 3812 foris
2713 3757 2964 3825 stabant,
3005 3774 3212 3831 urgere
3253 3759 3668 3814 circumventos
3707 3779 3718 3814 :

2088 3849 2171 3904 illi
2208 3851 2368 3922 quasi
2399 3850 2470 3905 ad
2511 3867 2744 3906 murum
2789 3852 3123 3922 confugere.
3162 3852 3305 3906 nihil
3335 3858 3720 3923 suspectantes

2085 3944 2155 3998 ab
2187 3945 2297 4012 his,
2327 3947 2425 4016 qui
2452 3961 2650 4017 pacem
2681 3946 3130 4017 prmtenderent.
3167 3946 3302 4001 Inde
3329 3962 3558 4017 quoque
3588 3964 3722 4002 saxa

2086 4043 2142 4093 et
2181 4039 2294 4093 tela
2334 4039 2491 4110 injici
2531 4041 2662 4109 (34),
2703 4043 2759 4094 et
2805 4040 2990 4095 subito
3034 4041 3164 4095 ficta
3210 4057 3318 4112 pax
3357 4041 3417 4095 in
3460 4042 3722 4111 praelium

2086 4148 2248 4187 versa
2296 4139 2400 4188 est.
2452 4134 2606 4188 Unde
2654 4135 2857 4189 conciti
2907 4136 2965 4188 in
3011 4135 3204 4189 hostes
3247 4141 3569 4202 recurrunt,
3621 4133 3718 4207 qui

2087 4227 2192 4280 etsi
2233 4227 2645 4283 circumvenire
2684 4231 3046 4283 tentaverant
3090 4244 3428 4300 progressus
3471 4229 3719 4285 militum

2087 4321 2497 4388 Romanorum,
2531 4328 2726 4377 tamen
2755 4322 3084 4378 metuebant
3112 4328 3168 4378 et
3198 4323 3327 4394 ipsi,
3355 4339 3429 4378 ne
3459 4324 3530 4378 ab
3557 4325 3716 4379 omni

2086 4416 2341 4470 exercitu
2384 4416 2956 4470 circumvenirentur.
3002 4418 3196 4486 Itaque
3246 4416 3384 4470 dum
3429 4417 3722 4471 universos

349 4507 420 4562 ad
447 4512 806 4579 postremum
836 4509 1071 4579 pudore.
1107 4509 1214 4572 Qui
1241 4509 1378 4564 dum
1407 4510 1688 4581 ignaviam
1716 4511 1979 4579 declinat,
2001 4508 2060 4582 Β
2083 4514 2296 4575 cavent,
2341 4510 2442 4563 hos
2487 4510 2748 4580 plurimis
2787 4511 2918 4564 licet
2955 4509 3283 4564 vulneribus
3323 4510 3632 4580 impressis,
3665 4517 3723 4566 et

345 4602 620 4658 virtutem
649 4603 866 4657 invexit
892 4619 905 4657 :
927 4603 1180 4674 primum
1210 4619 1280 4658 ne
1308 4604 1497 4658 Caesar
1526 4604 1974 4676 relinqueretur;

346 4700 478 4768 post
505 4696 702 4763 etiam,
733 4701 792 4751 ut
818 4696 991 4751 hostis
1017 4697 1413 4768 repelleretur.

1001 4791 1224 4847 CAPUT
1262 4791 1324 4844 V.

419 4884 549 4937 Post
577 4883 699 4938 hazc
731 4883 827 4938 ubi
857 4883 1083 4940 forense
1123 4884 1387 4954 praelium
1421 4886 1711 4957 paulisper
1744 4888 1978 4958 quievit,

344 4977 638 5032 internum
686 4979 973 5033 successit.
1025 4979 1281 5049 Namque
1330 4979 1611 5049 paschalis
1652 4980 1980 5036 interventu

347 5071 714 5142 celebritatis,
743 5071 1066 5126 subornatis
1092 5073 1378 5143 plerisque
1406 5073 1671 5140 Joannes,
1695 5075 1795 5146 qui
1822 5075 1981 5146 quasi

349 5164 760 5221 observationis
798 5165 984 5237 gratia
1019 5167 1302 5237 templum
1334 5167 1580 5233 adirent,
1614 5171 1672 5222 et
1701 5173 1980 5240 tanquam

349 5259 512 5314 sociis
550 5258 684 5313 data
720 5259 1078 5330 ingrediendi
1120 5259 1299 5332 copia,
1347 5261 1542 5316 dolum
1589 5263 1852 5332 patravit.
1900 5264 1982 5317 ln-

349 5353 526 5423 gressi
553 5354 706 5408 enim
736 5354 925 5424 specie
953 5353 1122 5421 civili,
1153 5353 1256 5407 sed
1285 5355 1523 5410 interius
1552 5356 1778 5426 armati,
1809 5357 1983 5426 rejec-

348 5447 422 5502 tis
474 5447 690 5502 exuviis
745 5447 961 5519 gladios
1011 5447 1271 5503 attollunt
1324 5449 1557 5504 loricato
1612 5455 1868 5520 pectore,
1927 5457 1984 5506 et

348 5539 600 5612 praeliari
642 5541 878 5596 accincti
917 5541 1260 5596 munimine.
1290 5542 1412 5606 Quo
1457 5547 1674 5598 terrore
1717 5545 1980 5615 perculsi,

416 5685 513 5747 (30)
537 5685 685 5738 Nixi.
716 5687 893 5740 Bm.

415 5757 512 5820 (31)
537 5757 901 5809 Βοεοθηάσηεθ.
934 5759 1016 5810 In.

417 5827 510 5893 (32)
539 5829 623 5880 Al.
659 5829 816 5882 deest
840 5843 948 5882 vox
978 5831 1099 5883 ista.
1131 5831 1209 5882 ID.

2084 4603 2194 4673 ipsi
2223 4603 2440 4673 majore
2472 4618 2540 4657 ex
2570 4609 2730 4674 parte
2757 4603 2950 4670 saucii,
2971 4618 3150 4674 prope
3183 4602 3255 4657 de
3285 4603 3550 4657 manibus
3575 4603 3715 4658 ami-

2085 4713 2226 4764 sere,
2259 4713 2402 4768 quos
2435 4697 2556 4767 jam
2604 4702 2797 4767 captos
2833 4697 3131 4768 putabant.
3163 4697 3348 4754 Secuti
3386 4701 3579 4754 tamen
3626 4715 3720 4752 us-

2084 4807 2196 4861 que
2239 4791 2308 4844 ad
2347 4791 2576 4846 Helena;
2612 4791 2958 4862 sepulcrum,
3005 4792 3149 4847 sicut
3189 4792 3367 4847 moris
3412 4796 3498 4846 est
3542 4792 3718 4846 insul-

2083 4883 2338 4938 tantibus
2373 4885 2584 4955 clypeis
2619 4885 3058 4957 cencrepabant,
3100 4885 3404 4940 illudentes
3448 4885 3716 4940 Romanis

2081 4978 2236 5048 quod
2266 4994 2362 5032 eos
2382 4979 2506 5048 jam
2539 4977 2795 5033 secundo
2823 4979 3044 5034 insidiis
3069 4978 3592 5034 circumvenissent.

2713 5075 2932 5130 CAPUT
2974 5074 3080 5129 VII.

2152 5170 2338 5222 Caesar
2383 5168 2720 5222 commotior
2778 5167 3167 5237 regredientes
3220 5166 3447 5222 misceri
3497 5167 3719 5222 cmteris

2083 5266 2250 5326 vetat,
2295 5265 2352 5314 et
2390 5262 2725 5315 concionem
2767 5261 3018 5327 advocat,
3068 5261 3261 5314 dicens
3302 5280 3315 5315 :
3355 5261 3558 5332 Magna
3588 5277 3719 5315 cum

2084 5355 2156 5410 sit
2179 5355 2360 5408 virtus
2397 5355 2673 5421 Romana,
2706 5360 2984 5424 praestans
3021 5355 3418 5408 universarum
3459 5355 3718 5425 gentium

2083 5449 2338 5521 populis;
2382 5449 2629 5504 maxime
2675 5451 2866 5504 tamen
2908 5465 2973 5503 ea
3013 5448 3290 5519 praecedit
3331 5448 3723 5520 dispositionis

2084 5544 2284 5599 ordine
2324 5550 2380 5600 et
2420 5546 2833 5614 praeceptorum
2877 5543 3201 5597 obedientia
3250 5559 3262 5598 :
3315 5559 3384 5598 ea
3431 5547 3516 5598 est
3565 5543 3722 5600 enim

2147 5690 2242 5752 (33}
2277 5689 2470 5754 Specie.
2497 5689 2579 5738 ID.

2148 5761 2245 5823 (ει)
2277 5761 2461 5826 Dojici.
2496 5760 2576 5811 In.
