4128 6194
462 174 621 271 2243Δ

457 427 616 482 dolos
655 426 943 496 intexant,
986 427 1221 483 fraudes
1273 433 1527 499 struant,
1586 429 1686 500 qui
1736 444 1793 483 se
1827 428 2091 501 judicent

457 522 703 591 impares
728 520 1082 576 fortitudine.
1116 521 1221 576 Sed
1254 526 1319 576 ut
1354 522 1695 578 inferiorum
1734 528 1821 578 est
1856 522 1961 578 niti
2000 522 2084 578 in-

456 614 631 683 sidiis,
662 614 739 669 sic
770 615 1076 670 fortiorum
1103 631 1299 670 cavere
1332 632 1402 671 ne
1439 616 1636 671 virtuti
1666 616 1872 671 illudat
1900 616 2083 671 dolus.

457 709 647 764 Mirari
676 708 871 779 itaque
899 725 979 774 se,
1011 710 1165 781 quod
1194 710 1277 764 illi
1304 709 1364 765 in
1392 710 1790 781 desperatione
1818 709 1925 764 sibi
1952 725 2084 764 con-

459 804 704 874 gruant:
735 803 1009 858 Romanis
1039 819 1156 858 non
1188 804 1492 859 conveniat
1519 804 1577 857 in
1611 804 1915 858 meliorum
1949 820 2085 874 pro-

459 912 619 951 cessu
649 913 662 951 :
693 912 873 969 eoque
913 895 1055 964 ﬁeri,
1081 900 1149 951 ut
1179 897 1289 951 illis
1325 896 1557 952 effectus
1599 897 1816 951 fraudis
1856 898 1916 952 in
1946 897 2088 951 vado

459 991 549 1059 sit,
584 990 746 1045 nobis
775 990 1001 1045 virtutis
1032 994 1266 1045 conatus
1301 990 1359 1044 in
1389 990 1679 1061 ambiguo.
1714 990 1875 1055 Quod
1910 991 1956 1045 si
1985 1008 2085 1045 va-

460 1084 630 1140 lidior
653 1089 800 1139 esset
825 1084 1103 1141 fortitudo
1132 1085 1383 1139 hostium
1415 1100 1592 1155 quam
1622 1084 1796 1152 fraus,
1825 1085 2089 1156 superari

458 1179 653 1244 minus,
684 1178 1050 1250 flagitiosum.
1084 1182 1124 1233 A
1157 1179 1387 1250 paribus
1428 1178 1581 1233 enim
1622 1184 1722 1234 aut
1758 1178 2089 1234 fortioribus

460 1260 611 1328 vinci
645 1272 956 1344 opprobrio
987 1275 1166 1326 vacat.
1204 1274 1347 1329 Cum
1376 1288 1513 1327 vero
1544 1272 1688 1327 nihil
1714 1273 1773 1327 in
1800 1271 1967 1327 nobis
2003 1272 2084 1327 of-

457 1366 679 1433 fendat,
730 1366 835 1420 nisi
879 1365 1001 1420 sola
1051 1366 1349 1438 pugnandi
1393 1366 1814 1436 immoderatio,
1863 1371 1921 1421 et
1964 1382 2090 1438 pro-

456 1460 583 1532 pria
632 1461 736 1529 (35)
785 1459 1051 1531 quaedam
1099 1476 1372 1514 manuum
1421 1460 1901 1532 intemperantia,
1950 1461 2088 1532 quid

458 1553 698 1626 nequius
733 1559 919 1625 potest
956 1569 1098 1621 esse,
1131 1571 1305 1625 quam
1343 1560 1627 1624 praesente
1664 1556 1882 1611 Caesare
1919 1554 2087 1609 disci-

1930 219 1983 269 S.
2030 174 2345 273 AMDROSII
3024 218 3031 221 ’
3661 226 3777 281 2244

364 352 367 353 ⁷
460 333 775 404 disciplinae
815 333 1076 387 militaris
1109 334 1388 388 custodia.
1429 335 1537 390 Nec
1576 336 1788 391 mirum
1827 337 1873 390 si
1908 336 2089 390 Judaei
2114 343 2627 422 Aoccuparentur.
2669 339 2782 393 Nec
2826 340 3035 409 exigua
3070 354 3276 394 manus
3316 340 3490 410 partis
3516 342 3778 415 utriusque

2191 430 2390 487 decem
2428 431 2609 488 millia
2649 448 2777 487 cum
2820 432 3052 489 Simone
3089 434 3273 500 erant,
3312 438 3369 488 et
3402 434 3781 508 quinquaginta

2189 540 2390 579 eorum
2421 525 2635 580 duces:
2676 526 2908 581 Idumaei
2946 542 3177 598 quoque
3216 526 3290 581 ad
3318 526 3566 599 quinque
3603 529 3782 600 millia,

2187 619 2432 674 Simonis
2478 619 2735 690 partibus
2787 620 3275 691 astipulabantur,
3319 621 3520 691 quibus
3566 631 3785 693 praeerat

2186 713 2425 767 Jacobus
2455 716 2515 767 et
2543 715 2738 770 Simon
2768 714 2985 784 junior.
3029 716 3275 770 Joannes
3311 718 3498 770 autem
3536 716 3788 772 interiori-

2187 807 2294 861 bus
2322 808 2518 877 templi
2553 808 2641 878 (ea
2678 807 2880 862 fraude
2917 822 3033 879 qua
3069 824 3244 880 supra
3279 808 3539 879 diximus)
3569 825 3788 882 occupa-

2190 900 2278 969 tis,
2325 917 2421 955 sex
2465 900 2715 956 millibus
2764 908 3117 957 armatorum
3162 902 3421 971 stipatus,
3465 903 3667 958 bellum
3710 921 3785 959 ac-

2191 993 2484 1050 cendebat.
2514 995 2792 1066 Adjuncta
2828 1001 2963 1050 sunt
3000 995 3055 1049 ei
3095 995 3267 1052 etiam
3298 996 3410 1051 duo
3450 997 3638 1064 millia,
3674 1014 3787 1052 cum

2188 1088 2309 1141 aliis
2337 1089 2773 1160 quadringentis
2803 1089 2937 1143 viris
2968 1091 3162 1160 postea
3187 1106 3359 1161 quam
3390 1090 3542 1144 coire
3570 1106 3787 1161 coepere,

2189 1181 2393 1236 studiis
2424 1182 2860 1239 concinentibus
2899 1182 2972 1238 ad
3010 1182 3167 1237 urbis
3197 1182 3605 1253 defensionem,
3642 1184 3788 1238 Elea-

2189 1292 2320 1330 zaro
2365 1281 2422 1331 et
2454 1276 2688 1331 Simone
2732 1276 2912 1346 Arim,
2961 1276 3168 1348 quibus
3211 1280 3268 1331 et
3307 1282 3441 1332 ante
3487 1277 3787 1345 utebantur,

2188 1368 2523 1424 rectoribus.
2554 1369 2769 1435 Quibus
2793 1369 3139 1424 certantibus
3166 1369 3321 1424 inter
3347 1387 3427 1438 se,
3460 1370 3649 1442 praeda
3686 1377 3790 1425 erat

2190 1462 2250 1517 in
2278 1462 2468 1518 medio
2494 1464 2743 1535 populus
2760 1480 2957 1518 eorum
2982 1463 3082 1535 qui
3110 1464 3385 1531 vicerant,
3413 1468 3472 1518 et
3489 1464 3643 1536 quasi
3670 1480 3792 1535 pra-

2188 1555 2371 1611 mium
2401 1556 2752 1625 certaminis,
2782 1557 2893 1612 huc
2920 1560 3093 1628 atque
3120 1557 3252 1612 illuc
3290 1573 3396 1629 pro
3434 1564 3636 1612 eventu
3657 1558 3791 1611 vario

457 1647 672 1718 plinam
718 1647 1013 1719 repudiari
1058 1647 1318 1702 militiae?
1365 1648 1603 1703 Multum
1651 1647 1900 1702 arbitror
1941 1647 2145 1721 ipsas_
2188 1649 2655 1705 transferebatur.
2677 1649 3142 1721 Paulisperinter
3160 1666 3218 1704 se
3247 1652 3634 1706 convenerant
3654 1666 3792 1705 more

458 1742 835 1813 ingemiscere
867 1741 1083 1796 militiae
1112 1742 1288 1813 leges,
1318 1744 1495 1797 tanta!
1522 1740 1907 1797 dissolutionis
1932 1718 2164 1814 ﬂagi-B
2188 1742 2572 1811 induciarum,
2607 1747 2666 1798 et
2700 1743 2770 1798 ad
2813 1718 3067 1815 primum
3107 1745 3500 1799 Romanorum
3538 1744 3791 1815 impetum

456 1836 537 1891 tio
579 1852 592 1889 :
634 1835 877 1889 multum
920 1836 1346 1906 imperatorem,
1389 1851 1518 1890 cum
1556 1835 1678 1889 haec
1722 1835 2086 1907 compererit,

459 1931 554 2001 qui
594 1945 821 2001 semper
856 1928 1045 1983 audiri
1075 1944 1132 1984 se
1159 1945 1192 1982 a
1216 1928 1398 1982 milite
1434 1944 1556 1995 suo,
1599 1945 1771 1999 quam
1802 1929 1989 1985 timeri
2018 1930 2087 1984 ab

456 2024 619 2079 hoste
643 2022 859 2076 maluit.
887 2022 1221 2077 Obedientia
1250 2022 1407 2076 enim
1441 2021 1637 2076 militis
1665 2022 1927 2077 effectum
1956 2039 2086 2093 pro-

455 2121 644 2189 perat;
678 2119 863 2170 metus
890 2115 1142 2171 hostium
1171 2115 1364 2169 differt
1396 2116 1712 2171 victoriam.
1750 2115 1896 2180 Quid
1927 2116 2085 2187 judi-

455 2216 714 2265 caturum
745 2209 814 2264 de
843 2208 963 2264 ﬁlio
992 2214 1216 2280 patrem
1243 2209 1478 2281 putatis,
1507 2209 1667 2279 cujus
1691 2215 1810 2264 tam
1836 2210 1943 2264 vile
1975 2211 2083 2264 im-

455 2303 677 2375 perium
706 2302 777 2357 sit
802 2302 954 2374 apud
984 2301 1297 2357 exercitum
1317 2303 1343 2357 ?
1374 2303 1784 2358 Pronuntiatur
1819 2303 1976 2358 enim
2017 2303 2086 2359 de

455 2398 618 2465 duce,
664 2396 824 2468 cujus
872 2402 1222 2468 praeceptum
1268 2396 1595 2452 dissolvitur
1639 2414 1651 2451 :
1703 2413 1808 2452 nec
1847 2397 2085 2452 dubium

455 2490 610 2562 quod
638 2490 844 2562 saepius
881 2488 1228 2544 vindicatum
1265 2489 1339 2543 sit
1375 2491 1435 2543 in
1466 2506 1581 2560 eos,
1617 2490 1717 2561 qui
1746 2496 1950 2546 contra
1977 2490 2083 2545 im-

451 2583 676 2658 perium
710 2583 768 2638 in
801 2583 1024 2638 hostem
1064 2582 1467 2655 pugnaverint,
1516 2599 1688 2655 quam
1736 2584 1796 2639 in
1841 2600 1941 2639 eos
1988 2585 2084 2656 qui

451 2678 765 2733 secundum
819 2676 1130 2748 imperium
1181 2676 1503 2748 progressi,
1551 2676 1745 2732 virtuti
1793 2678 2083 2732 cesserint.

451 2774 590 2828 Nam
627 2771 848 2843 legibus
896 2769 1217 2842 egredienti
1257 2770 1515 2826 ordinem
1558 2771 1887 2843 praescripta
1931 2788 2086 2827 mors

452 2871 555 2922 est.
586 2864 733 2931 Quid
760 2865 936 2936 igitur
960 2864 1238 2933 futurum,
1270 2865 1367 2919 ubi
1394 2880 1508 2919 non
1538 2881 1703 2931 unus,
1746 2865 1844 2919 sed
1877 2866 2083 2936 passim

452 2959 730 3019 exercitus
755 2959 1031 3031 relinquit
1067 2958 1331 3013 ordinem
1359 2974 1554 3027 suum,
1583 2962 1642 3014 et
1670 2962 1947 3013 statutum
1978 2959 2080 3013 du-

452 3054 530 3108 cis
573 3052 859 3124 negligit?
901 3051 1235 3122 Cognoscite
1281 3068 1378 3107 vos
1423 3051 1633 3106 milites
1680 3068 1802 3106 esse
1847 3052 2083 3106 Romani

454 3145 700 3218 imperii,
738 3145 941 3217 plebis,
982 3150 1232 3213 senatus,
1276 3145 1426 3216 apud
1469 3160 1613 3215 quos
1654 3145 1773 3199 sine
1813 3147 2081 3216 prmeepti

451 3240 785 3296 auctoritate
827 3242 886 3293 et
927 3238 1125 3293 vicisse
1165 3238 1381 3293 crimen
1427 3224 1531 3294 est.
1582 3238 1919 3309 Hujusmodi
1965 3255 2082 3293 ora-

449 3334 605 3390 tione
634 3330 946 3405 perterruit
971 3347 1089 3387 non
1111 3332 1295 3386 solum
1323 3332 1656 3403 praepositos
1683 3331 1953 3401 militum,
1983 3333 2081 3388 sed

376 3420 381 3435 ’
452 3429 624 3484 etiam
659 3427 987 3482 universum
1027 3426 1355 3481 exercitum.
1397 3427 1539 3481 Nam
1574 3442 1701 3481 cum
1741 3426 1895 3497 ipsos
1931 3426 2081 3497 prin-

453 3522 605 3594 cipes
633 3520 901 3576 ordinum
923 3519 1105 3574 acrius
1134 3523 1376 3591 peteret,
1404 3519 1701 3575 videbatur
1732 3536 1928 3575 omnes
1954 3521 2076 3575 vin-

451 3616 756 3671 dicaturus.
801 3612 1138 3669 Circumfusi
1184 3613 1374 3684 itaque
1418 3629 1623 3669 omnes
1665 3613 1976 3685 rogabant,
2020 3618 2081 3669 ut

449 3725 764 3781 paucorum
818 3708 983 3779 culpa
1031 3707 1130 3778 qui
1175 3707 1344 3778 primi
1397 3706 1752 3775 destiterant,
1807 3708 2079 3763 universis

448 3804 870 3859 concederetur.
900 3800 1016 3855 Etsi
1047 3817 1163 3855 non
1192 3800 1300 3855 fuit
1326 3817 1603 3872 properus
1628 3801 1701 3855 ad
1730 3801 1921 3856 delicti
1954 3818 2079 3874 gra-

448 3898 584 3952 tiam
613 3897 820 3963 Caasar,
850 3894 957 3950 fuit
980 3897 1170 3950 tamen
1198 3894 1501 3950 exorabilis
1527 3895 1599 3949 ad
1627 3895 2076 3969 indulgentiam.

447 3991 731 4047 Concessit
760 4006 892 4046 cum
930 4005 1156 4043 summo
1200 3988 1456 4060 pondere
1486 3989 1683 4044 dicens
1715 4006 1728 4045 :
1764 3989 1977 4045 donare
2018 4007 2079 4044 se

451 4085 740 4151 omnibus,
784 4083 1031 4154 satisque
1072 4084 1131 4137 in
1170 4082 1464 4137 universos
1497 4082 1847 4139 vindicatum
1895 4084 2079 4139 invec-

449 4178 621 4235 tionis
651 4177 1014 4245 auctoritate,
1046 4193 1112 4230 eo
1142 4175 1296 4247 quod
1327 4176 1743 4232 animadversio
1776 4178 1835 4232 in
1877 4177 2075 4249 singu-

446 4273 529 4329 los
562 4288 739 4344 usque
768 4270 840 4325 ad
871 4271 1080 4325 factum
1113 4269 1419 4341 procedere
1450 4270 1674 4338 debeat,
1716 4272 1776 4326 in
1816 4272 2072 4328 multitu-

451 4367 644 4423 dinem
682 4366 854 4421 verbo
889 4369 1076 4435 tenus,
1112 4364 1271 4419 illam
1303 4380 1482 4436 usque
1519 4364 1589 4419 ad
1628 4381 1874 4436 prunam,
1909 4365 2076 4420 istam

2188 1836 2591 1908 expergefacti,
2635 1837 2694 1891 in
2741 1842 2996 1892 veterem
3046 1838 3313 1892 morbum
3358 1838 3534 1893 febris
3578 1837 3793 1892 interna:

2187 1930 2357 2001 aegris
2382 1930 2689 1985 visceribus
2715 1931 3047 1986 recidebant
3078 1949 3090 1986 :
3120 1932 3219 1986 ubi
3255 1931 3546 1987 remissior
3574 1937 3687 1987 erat
3713 1947 3792 1985 ex-

2187 2023 2464 2079 teriorum
2493 2024 2830 2081 morborum
2856 2026 3116 2081 accessio.
3146 2026 3298 2080 Foris
3328 2032 3455 2081 erat
3482 2026 3794 2097 plerumque

2185 2117 2420 2186 bellum,
2453 2118 2608 2174 intus
2643 2119 2864 2183 seditio,
2900 2137 2969 2175 ea
3003 2120 3129 2192 jam
3172 2120 3421 2191 gravior,
3454 2121 3584 2191 quia
3615 2125 3669 2174 et
3693 2118 3798 2189 ipsa

2189 2211 2389 2267 seditio
2414 2211 2562 2268 bello
2588 2212 2868 2283 alebatur,
2901 2218 2957 2269 et
2985 2214 3197 2269 bellum
3227 2213 3435 2269 alebat.
3469 2215 3589 2269 Duo
3619 2214 3684 2268 de
3709 2229 3797 2284 po-

2189 2305 2370 2361 tentia
2400 2307 2697 2362 certabant
2725 2324 2737 2362 :
2768 2309 3014 2379 populus
3046 2308 3196 2362 inter
3237 2311 3570 2380 utrumque,
3601 2323 3707 2361 non
3740 2306 3798 2361 de

2188 2400 2461 2455 servitute
2487 2401 2689 2456 anxius
2717 2406 2861 2463 erat,
2894 2401 2992 2457 sed
3024 2417 3095 2457 ne
3125 2401 3197 2456 ad
3236 2401 3541 2457 dominum
3579 2400 3797 2456 deterio-

2188 2509 2308 2548 rem
2336 2494 2685 2565 perveniret.

2832 2590 3049 2646 CAPUT
3086 2590 3171 2645 IX.

2259 2683 2471 2737 Urbem
2505 2682 2954 2755 Hierosolymam
2983 2684 3438 2739 Chananmorum
3468 2683 3694 2755 quidam
3721 2698 3803 2753 po-

2188 2778 2311 2830 tens
2349 2775 2624 2843 condidit,
2665 2775 2763 2848 qui
2805 2777 2988 2848 patrio
3039 2793 3305 2833 sermone
3351 2781 3653 2833 vocaretur
3699 2778 3801 2831 Rex

2178 2870 2386 2939 justus,
2420 2886 2591 2941 quam
2627 2870 2816 2942 primo
2851 2871 3141 2942 Solymam
3184 2873 3538 2943 nuncupavit
3570 2889 3582 2926 :
3624 2873 3800 2942 postea

2186 2963 2464 3035 templum
2512 2962 2766 3034 addidit,
2806 2964 2961 3020 unde
3004 2961 3383 3037 Hierosolyma
3434 2965 3584 3021 dicta
3630 2964 3802 3020 civitas

2186 3062 2287 3111 est.
2334 3057 2413 3111 Ea
2450 3073 2485 3111 a
2523 3057 2804 3129 principio
2852 3075 2986 3113 suos
3029 3058 3239 3114 incolas
3285 3058 3494 3114 habuit
3538 3059 3606 3115 de
3649 3061 3801 3130 gente

2186 3150 2662 3207 Chananteorum.
2703 3151 2870 3206 David
2911 3152 3130 3223 primus
3161 3153 3246 3207 vir
3284 3153 3560 3209 Hebraeus
3598 3153 3798 3209 Chana-

2186 3261 2341 3299 naaos
2369 3245 2603 3316 expulit,
2637 3246 2928 3300 constituit
2956 3263 3106 3316 suos,
3139 3247 3238 3319 qui
3264 3228 3322 3301 in
3349 3262 3420 3302 ea
3447 3247 3681 3302 domum
3708 3245 3798 3299 sibi

2183 3338 2401 3410 regiam
2431 3338 2583 3394 fecit.
2623 3340 2809 3395 Voluit
2846 3344 2905 3395 et
2935 3340 3213 3412 templum
3248 3342 3360 3396 Deo
3408 3343 3683 3408 condere;
3716 3340 3799 3394 sed

2182 3433 2502 3505 prohibitus
2538 3435 2789 3501 oraculo,
2822 3435 3186 3490 Salomonem
3222 3436 3520 3492 heredem
3564 3435 3795 3506 reliquit,

2183 3527 2282 3600 qui
2320 3528 2598 3599 templum
2628 3527 2781 3599 quod
2815 3529 2934 3600 ipse
2974 3530 3251 3596 voluerat,
3290 3529 3623 3585 mdificaret.
3659 3530 3797 3585 Salo-

2184 3638 2319 3677 mon
2353 3621 2546 3693 itaque
2582 3622 2862 3694 templum
2888 3623 3148 3679 fundavit
3178 3641 3192 3678 :
3226 3624 3436 3695 reliqui
3464 3639 3691 3696 quoque
3716 3639 3795 3677 re-

2185 3732 2283 3788 ges
2309 3716 2379 3771 ad
2410 3722 2675 3771 ornatum
2711 3716 2865 3771 urbis
2892 3716 3167 3772 addidere
3199 3717 3474 3789 plurima.
3507 3718 3713 3775 Invidia
3738 3733 3797 3771 ex

2183 3809 2610 3882 magniﬁcentia
2642 3816 2766 3866 orta
2796 3828 2807 3864 :
2839 3811 2989 3866 inter
3016 3811 3212 3866 omnia
3241 3816 3440 3867 tamen
3469 3829 3646 3884 opera
3673 3815 3799 3865 tem-

2180 3905 2339 3976 plum
2392 3905 2756 3976 praacellebat
2804 3905 3156 3976 amplissimo
3209 3922 3406 3977 opere,
3463 3913 3521 3962 et
3574 3904 3797 3977 fulgenti

2180 4014 2470 4054 marmore
2504 4014 2518 4049 :
2551 3997 2609 4053 in
2639 4015 2752 4070 quo
2789 4004 2912 4054 erat
2947 3999 3468 4055 deambulatorium
3497 4001 3629 4074 (37),
3660 3998 3795 4071 peri-

2177 4098 2430 4165 petasma
2469 4093 2787 4164 pretiosum
2817 4095 2873 4148 et
2902 4094 3239 4162 maximum,
3271 4111 3439 4150 cocco
3478 4099 3539 4150 et
3578 4095 3794 4167 hyacin-

2178 4188 2276 4242 tho
2327 4187 2607 4259 byssoque
2664 4187 2952 4242 intextum
3005 4193 3060 4243 et
3123 4204 3398 4260 purpura.
3460 4190 3581 4244 Non
3637 4188 3796 4242 otiosa

2177 4282 2424 4336 materia
2452 4285 2621 4336 tanta:
2649 4280 3017 4351 diversitatis,
3050 4281 3151 4337 sed
3182 4282 3344 4354 cujus
3377 4286 3596 4355 species
3629 4286 3793 4337 mate-

2176 4374 2321 4430 riam
2371 4375 2481 4446 (38)
2527 4391 2723 4429 rerum
2770 4375 3070 4430 latentium
3120 4376 3472 4447 significaret
3502 4395 3515 4431 :
3545 4394 3613 4433 eo
3654 4373 3793 4448 quod

451 4467 629 4533 usque
653 4460 723 4515 ad
754 4460 1192 4530 correptionem.
1227 4458 1389 4530 Saepe
1420 4458 1578 4512 enim
1609 4458 1775 4514 bonis
1812 4459 2073 4514 exerciti-
2096 4457 2156 4530 Β
2177 4469 2297 4540 ejus
2323 4474 2471 4524 esset
2496 4469 2797 4540 templum,
2820 4468 2916 4541 qui
2944 4470 3084 4525 οωιο
3113 4476 3169 4526 et
3196 4471 3333 4538 aeri,
3358 4474 3533 4526 terra;
3560 4479 3615 4527 et
3639 4472 3790 4537 mari,

450 4557 555 4610 bus
584 4555 873 4626 praeliares
898 4554 1091 4625 lapsus
1117 4553 1322 4607 futurae
1355 4552 1576 4607 virtutis
1603 4552 1710 4621 (36)
1739 4570 1936 4609 causas
1972 4555 2073 4608 de-

451 4649 679 4705 didisse.

1060 4719 1279 4774 CAPUT
1318 4720 1451 4774 Vlll.

520 4841 651 4895 Post
678 4839 799 4893 haec
824 4835 979 4892 Titus
1004 4834 1063 4889 in
1090 4835 1309 4890 hostem
1343 4835 1487 4889 iram
1516 4835 1815 4904 convertit,
1851 4841 1909 4890 et
1936 4852 2071 4891 con-

446 4935 701 4991 siderans
740 4933 892 4987 inter
931 4935 1012 4985 tot
1049 4928 1379 5000 praecipitia,
1412 4932 1499 4983 tot
1526 4936 1812 5000 praerupta
1849 4931 2072 5001 pericu—

446 5032 620 5086 losum
669 5025 1025 5082 obsidionem
1065 5040 1077 5077 :
1121 5038 1254 5077 cum
1301 5021 1617 5093 repentinis
1660 5022 2075 5095 irruptionibus

445 5121 742 5197 praeventi,
772 5135 890 5174 non
920 5116 1190 5172 haberent
1215 5114 1444 5182 milites,
1481 5131 1593 5187 quo
1636 5116 1912 5172 referrent
1941 5132 2069 5188 gra-

444 5220 603 5287 dum,
630 5214 783 5271 unde
808 5230 866 5268 se
903 5212 962 5267 in
990 5212 1211 5266 hostem
1242 5209 1628 5281 proriperent,
1659 5209 1757 5264 ubi
1786 5211 2073 5266 machinas

442 5312 877 5377 constituerent,
906 5306 1072 5378 jubet
1096 5304 1305 5376 repleri
1333 5310 1466 5358 ante
1494 5303 1697 5359 urbem
1722 5304 2030 5376 praecipitia
2056 5322 2069 5358 :

440 5421 567 5477 quae
604 5420 735 5459 cum
776 5402 997 5471 fierent,
1040 5415 1146 5455 nec
1194 5398 1272 5453 sic
1321 5397 1554 5470 quidem
1594 5398 1777 5453 Judaei
1819 5406 2072 5457 exsortes

443 5502 609 5555 erant
644 5495 1020 5570 praesentium
1054 5493 1462 5565 periculorum.
1504 5490 1937 5548 Afﬂictabantur
1966 5493 2067 5570 do_-

444 5592 681 5647 mestico
700 5589 922 5660 pretio,
939 5604 1069 5642 cum
1088 5586 1333 5642 Romani
1356 5586 1412 5640 in
1436 5585 1722 5658 replendis
1741 5566 2071 5659 praecipitiis

504 5711 602 5776 (35)
638 5710 893 5776 Propera.
924 5708 1103 5759 Bm.

503 5779 607 5848 (36)
640 5775 851 5828 Virtuti.
883 5776 963 5824 In.

2178 4563 2337 4635 quasi
2367 4568 2587 4618 creator
2612 4562 3031 4618 elementorum
3054 4564 3475 4634 dominaretur,
3499 4570 3668 4638 atque
3688 4580 3794 4620 om-

2176 4655 2269 4712 nia
2296 4657 2446 4711 solus
2474 4661 2700 4728 regeret
2723 4662 2778 4712 et
2805 4657 3170 4728 gubernaret.
3190 4660 3364 4713 Cocco
3386 4660 3543 4715 enim
3575 4661 3791 4733 igneum

2176 4751 2450 4806 cmlorum
2472 4751 2772 4822 figuratur,
2797 4750 3107 4822 hyacintho
3131 4767 3247 4819 aer,
3270 4752 3434 4824 bysso
3456 4760 3627 4821 terra,
3654 4750 3792 4825 quod

2176 4845 2235 4899 in
2268 4861 2332 4899 ea
2361 4845 2649 4900 nascitur:
2674 4860 2932 4917 purpura
2970 4862 3150 4913 mare,
3189 4862 3317 4918 quae
3355 4848 3664 4919 conchyliis
3690 4862 3793 4901 ma-

2175 4936 2381 4993 ritimis
2413 4938 2685 5008 inﬁcitur,
2714 4943 2776 4993 ut
2810 4938 2923 4993 duo
2960 4956 3027 4994 ex
3068 4940 3276 5008 colore,
3309 4940 3424 4996 duo
3469 4957 3535 4995 ex
3579 4956 3792 5013 genera-

2175 5032 2332 5087 tione
2369 5032 2624 5105 colligas.
2670 5033 2931 5104 Denique
2976 5033 3239 5113 princeps
3282 5035 3642 5091 sacerdotum
3684 5035 3789 5089 haec

2174 5129 2420 5198 quatuor
2477 5127 2813 5182 indumento
2868 5143 2970 5183 suo
3029 5127 3349 5199 exprimere
3404 5131 3788 5193 consueverat,

2174 5220 2400 5292 quando
2438 5220 2687 5275 maxima
2727 5220 3028 5276 celebritas
3076 5228 3200 5278 erat
3235 5222 3519 5279 festorum
3562 5224 3788 5283 dierum.

2174 5314 2337 5385 quasi
2366 5317 2550 5369 totum
2588 5314 2869 5370 mundum
2899 5315 3188 5385 indueret,
3216 5333 3318 5389 pro
3346 5317 3560 5389 populo
3585 5315 3786 5389 suppli-

2172 5412 2422 5476 caturus,
2456 5408 2515 5462 in
2546 5409 2669 5479 ejus
2696 5408 2941 5480 ﬁguram
2968 5410 3064 5481 qui
3092 5415 3364 5485 venturus
3390 5415 3514 5467 erat
3543 5412 3788 5483 princeps

2172 5501 2533 5558 sacerdotum
2578 5503 2770 5571 Iesus,
2816 5504 2913 5574 qui
2957 5504 3186 5560 tolleret
3231 5507 3527 5578 peccatum
3566 5502 3784 5560 mundi.

2171 5594 2410 5651 Femora
2436 5596 2701 5669 princeps
2735 5598 3095 5653 sacerdotum
3131 5599 3310 5656 linteo
3344 5598 3584 5656 interius
3621 5595 3787 5670 operi-

2232 5716 2329 5779 (37)
2353 5716 2524 5769 Deest
2552 5717 2677 5769 hac
2704 5731 2812 5770 vox
2841 5720 2899 5769 in
2927 5732 3031 5771 ms.
3065 5721 3144 5772 In.

2234 5786 2328 5851 (38)
2356 5788 2688 5854 Mysterium.
2713 5788 2794 5841 In.
