4128 6194
285 257 350 308 '2‘2
364 254 429 307 4ιό

1330 252 1413 307 nr.
1457 246 1729 306 exulum
1773 251 1967 304 URBIS
2010 249 2364 304 umaoson
2411 251 2530 304 Lm.
2573 225 2637 303 ’v.

3518 255 3652 309 2246

283 379 481 430 mento
518 374 765 446 tegebat,
805 390 874 428 eo
911 375 1058 445 quod
1102 387 1218 444 prae
1258 375 1478 428 caeteris
1522 375 1580 427 iu
1625 373 1914 426 sacerdote
1941 387 1996 456 Α
2019 372 2136 426 viso
2165 373 2401 427 vulnere
2423 378 2666 427 mortem
2690 373 3112 444 irrogavissent,
3135 376 3190 430 in
3215 377 3478 446 praelium
3499 379 3654 448 cogit

286 470 426 523 ﬁdes
473 467 679 522 mentis
720 468 1012 538 quaeritur,
1049 476 1104 521 et
1147 467 1400 538 corporis
1428 467 1760 522 castimonia
1788 483 1914 536 quae

285 563 620 633 succingere
644 561 848 616 debeat
865 562 1050 616 carnis
1073 561 1598 632 intemperantiam.
1619 561 1740 614 Duo
1757 564 1917 614 erant

281 655 649 711 tabernacula
694 672 870 722 sacra,
917 672 1101 710 unum
1151 656 1412 722 interius,
1462 655 1702 708 alterum
1757 659 1912 706 exte-

283 749 406 804 rius
439 767 452 803 :
483 749 540 804 in
566 750 673 803 hoc
709 765 939 819 semper
964 749 1279 804 introibant
1315 749 1653 815 sacerdotes,
1689 746 1745 800 in
1774 746 1916 800 illud

285 842 550 907 interius,
574 842 726 912 quod
749 841 1065 896 secundum
1086 841 1500 912 appellabatur,
1525 840 1698 894 semel
1721 839 1918 893 introi-

285 935 388 988 bat
435 935 832 989 tantummodo
876 935 1144 1006 princeps
1187 934 1572 1000 sacerdotum,
1624 949 1740 986 non
1795 933 1916 988 sine

283 1028 589 1098 sanguine,
633 1044 808 1098 quem
849 1027 1078 1082 offerret
1122 1043 1225 1097 pro
1267 1044 1324 1081 se
1365 1033 1420 1082 et
1457 1044 1557 1098 pro
1597 1026 1788 1097 populi
1825 1025 1919 1081 de-

281 1121 441 1176 licto.
489 1123 602 1176 Hoc
649 1121 1006 1192 signiﬁcante
1065 1121 1279 1192 Spiritu
1335 1125 1562 1186 sancto,
1612 1127 1917 1174 venturum

282 1216 501 1284 Jesum,
532 1215 629 1286 qui
659 1231 789 1270 vere
821 1216 971 1269 solus
1012 1216 1252 1269 intraret
1295 1215 1566 1269 interiora
1593 1214 1916 1269 divinorum

281 1310 604 1381 penetralia
652 1316 1167 1375 sacramentorum,
1214 1316 1270 1363 et
1321 1325 1531 1363 arcana
1587 1307 1917 1363 substantia

283 1403 527 1458 caelestis
557 1404 652 1474 qui
687 1406 873 1456 nosset
908 1402 1122 1457 omnia.
1153 1403 1314 1458 Solus
1344 1419 1575 1473 quoque
1604 1401 1757 1456 Patri
1787 1418 1913 1455 san-

285 1497 465 1568 guine
504 1513 606 1551 suo
652 1500 833 1551 totum
863 1496 1144 1551 mundum
1173 1496 1583 1564 reconciliaret,
1616 1500 1677 1550 ut
1719 1498 1778 1549 et
1806 1511 1913 1550 cae-

280 1591 515 1645 lestium
549 1594 604 1645 et
634 1591 990 1646 terrestrium
1020 1590 1408 1645 misereretur.
1441 1591 1697 1660 Denique
1727 1595 1916 1660 postea

285 1701 463 1755 quam
500 1685 673 1750 venit,
699 1687 1014 1754 puciﬁcavit
1044 1687 1228 1739 omnia
1264 1701 1363 1754 per
1393 1686 1714 1752 sanguinem
1745 1687 1919 1738 crucis

2021 466 2276 536 agmina,
2321 466 2652 536 bellumque
2696 467 3027 522 accenditur
3068 470 3226 537 jactu
3273 471 3517 525 telorum
3564 471 3647 525 di-

2016 575 2196 626 verso,
2235 559 2658 630 missilibusque
2697 562 2962 626 maxime,
2995 563 3372 618 admoventur
3411 565 3645 635 arietes,

2019 653 2178 723 queis
2193 652 2481 707 feriuntur
2506 652 2684 706 valida
2703 669 3022 709 murorum.
3045 654 3169 718 Quo
3194 657 3509 725 perturbati
3531 674 3649 712 om-

2020 762 2116 800 nes
2153 747 2250 817 qui
2281 752 2416 800 ante
2447 747 2517 800 de
2548 746 2951 802 dominationis
2978 747 3127 803 inter
3162 766 3220 803 se
3250 750 3432 804 studio
3463 756 3648 806 certa-

2016 840 2172 906 bant,
2203 841 2258 894 in
2287 840 2648 894 concordiam
2674 844 2903 905 coeunt,
2927 841 3171 912 dataque
3194 842 3537 914 impunitate
3566 861 3652 898 su-

2018 932 2332 1003 periorum,
2358 951 2535 988 unum
2553 951 2755 1004 corpus
2775 935 2981 1002 fecere,
3007 941 3064 990 et
3085 936 3388 1006 conspirati
3412 942 3652 1008 cogente

2018 1025 2292 1097 periculo,
2311 1027 2516 1082 urbem
2540 1031 2791 1082 tuentur.
2812 1030 3105 1100 Progressi
3124 1046 3354 1101 quoque
3378 1032 3652 1097 tumulos,

2018 1120 2214 1190 ignem
2245 1137 2418 1191 super
2442 1121 2738 1175 machinas
2757 1122 3177 1192 jaculabantur,
3210 1127 3271 1177 ut
3297 1124 3654 1179 destruerent

2020 1229 2283 1285 aggeres,
2314 1218 2621 1269 exurerent
2649 1216 2864 1281 vineas,
2899 1217 3102 1271 arietes
3147 1218 3556 1286 incenderent;
3589 1235 3654 1272 ac

2018 1323 2166 1377 pene
2209 1307 2408 1362 omnia
2448 1309 2842 1362 machinarum
2886 1325 3095 1379 genera
3140 1317 3496 1380 exusserant,
3545 1312 3654 1366 nisi

2020 1400 2184 1454 electi
2211 1401 2475 1472 plerique
2504 1401 2753 1456 militum
2783 1405 2839 1457 et
2865 1403 3174 1471 sociorum,
3201 1404 3450 1459 maxime
3473 1422 3503 1458 e
3525 1422 3655 1476 par-

2019 1493 2170 1548 tibus
2214 1494 2612 1549 Alexandrinae
2654 1495 2825 1562 urbis,
2875 1500 3106 1551 strenue
3153 1499 3650 1569 repugnavissent.

2019 1587 2238 1650 Quibus
2279 1593 2472 1642 tamen
2521 1589 2704 1643 valide
2748 1588 3165 1659 resistentibus,
3204 1591 3424 1646 addidit
3467 1592 3654 1647 Caesar

2019 1681 2419 1751 adjumentum
2466 1683 2724 1752 equitum
2781 1683 3197 1753 potentiorum.
3248 1687 3370 1756 Ipse
3420 1702 3651 1758 quoque

282 1795 416 1840 suae,
447 1795 565 1848 quae
592 1779 678 1834 vel
703 1781 760 1832 in
789 1779 917 1833 caelo
946 1779 1028 1832 vel
1057 1780 1115 1832 in
1152 1784 1296 1832 terra
1323 1785 1450 1832 sunt
1476 1777 1714 1844 (001083.,
1743 1795 1777 1844 ι,
1808 1778 1918 1847 20).
1940 1754 1997 1826 Β
2022 1775 2230 1830 acriter
2266 1792 2532 1846 pugnans
2573 1775 2773 1831 sternit
2813 1777 3108 1832 duodecim
3150 1779 3369 1834 adversi
3407 1780 3653 1851 agminis

283 1874 444 1926 Intus
476 1872 1028 1943 thymiamaterium,
1061 1872 1212 1926 intus
1233 1888 1452 1940 mensa,
1479 1872 1630 1925 intus
1661 1872 1917 1939 lucerna,

285 1965 844 2036 thymiamaterium,
873 1965 1030 2036 quod
1071 1965 1147 2019 ita
1187 1966 1256 2018 ad
1289 1967 1469 2018 Deum
1498 1966 1750 2030 Patrem,
1782 1967 1918 2018 sicut

282 2061 557 2113 incensum
590 2059 872 2127 dirigatur
911 2058 1146 2113 maximi
1189 2057 1500 2113 sacerdotis
1540 2061 1713 2112 oratio
1750 2057 1917 2126 (Psal.

282 2168 404 2218 CXL,
447 2155 531 2222 2);
575 2169 791 2218 mensa,
836 2152 988 2223 quod
1031 2152 1088 2206 in
1130 2169 1197 2206 ea
1246 2151 1430 2222 passio
1475 2150 1683 2206 Christi
1729 2151 1822 2216 sit,
1865 2154 1921 2203 et

285 2246 561 2316 mysteria
587 2251 1097 2312 sacramentorum,
1130 2245 1286 2298 unde
1315 2251 1371 2299 et
1401 2245 1571 2298 David
1602 2243 1738 2298 dicit
1769 2260 1781 2297 :
1813 2247 1916 2297 Pu-

281 2342 429 2394 rasti
458 2342 516 2393 in
557 2346 844 2409 conspectu
887 2356 998 2394 meo
1036 2355 1276 2394 mensum
1309 2340 1478 2408 (Psul.
1521 2354 1648 2404 xxu,
1692 2337 1779 2409 5);
1819 2353 1918 2392 cu-

277 2434 378 2504 jus
407 2433 560 2487 velut
599 2433 904 2487 duodecim
947 2449 1145 2504 panes,
1189 2432 1494 2486 duodecim
1535 2432 1770 2502 apostoli
1807 2431 1922 2485 sint

289 2531 466 2581 testes
519 2527 795 2598 passionis
843 2527 966 2597 ejus
1009 2543 1072 2582 ac
1126 2525 1558 2581 resurrectionis
1612 2525 1753 2596 ejus.
1810 2526 1916 2578 Lu-

286 2637 463 2675 cerna
503 2637 632 2692 quia
672 2637 840 2692 supra
886 2621 1297 2675 candelabrum
1342 2620 1592 2691 ponitur,
1641 2623 1773 2674 ante
1817 2619 1921 2673 sub

288 2713 480 2769 modio
525 2717 666 2780 erat,
702 2714 760 2768 id
808 2718 913 2780 est,
963 2715 1064 2768 sub
1111 2714 1251 2784 legis
1300 2729 1605 2781 mensura;
1641 2729 1792 2768 nunc
1839 2717 1922 2766 est

286 2806 394 2862 sub
439 2809 639 2878 gratiae
685 2808 1062 2879 plenitudine,
1107 2807 1484 2878 heptamycho
1529 2807 1796 2876 frequens
1841 2806 1920 2860 lu-

286 2917 424 2956 men
470 2900 787 2968 effundens,
840 2917 907 2955 eo
949 2900 1102 2971 quod
1145 2900 1384 2970 Spiritus
1427 2904 1655 2954 sanctus
1696 2905 1918 2969 septem

287 2994 674 3050 maximarum
703 2995 1019 3066 gratiarum
1042 2994 1340 3048 virtutibus
1372 2993 1463 3046 Dei
1491 2993 1768 3063 templum
1796 2993 1922 3047 illu-

289 3090 542 3146 minaret
578 3089 710 3159 (39).
746 3089 1034 3143 Trinitatis
1074 3088 1250 3158 igitur
1291 3087 1540 3157 cognitio
1577 3088 1633 3141 in
1681 3087 1920 3141 interio-

287 3184 448 3238 ribus
479 3189 604 3238 erat
643 3183 862 3253 templi,
902 3198 1032 3254 qua:
1071 3182 1411 3236 dicebantur
1445 3182 1650 3236 Sancta
1693 3183 1918 3235 sancto-

285 3294 440 3346 rum,
489 3277 584 3331 ubi
629 3277 879 3348 reposita
921 3276 1212 3347 quondam
1259 3276 1420 3346 virga
1465 3279 1648 3330 Aaron
1704 3274 1917 3339 ﬂoruit,

284 3371 444 3443 quod
485 3371 846 3426 sacerdotalis
891 3370 1078 3440 gratia
1117 3369 1173 3422 in
1219 3369 1442 3423 Christo
1487 3368 1736 3439 amplius
1776 3372 1923 3423 esset

288 3471 594 3536 operatura
613 3470 735 3535 post
755 3467 1023 3530 mortem,
1045 3479 1159 3534 qua
1181 3462 1465 3517 mundum
1491 3462 1758 3516 redemit.
1776 3464 1919 3515 Ante

286 3559 573 3629 templum
591 3563 755 3614 erant
773 3556 1209 3628 quatuordecim
1239 3555 1474 3627 gradus,
1501 3571 1604 3626 per
1631 3571 1773 3625 quos
1795 3556 1921 3608 Eze-

287 3652 434 3708 chias
471 3653 623 3724 regis
661 3656 922 3722 tempore
963 3650 1168 3704 umbra
1209 3650 1556 3715 ascenderat,
1595 3647 1922 3720 signiﬁcans

291 3746 345 3800 ei
378 3746 506 3800 vita?
539 3747 713 3801 ﬁnem
752 3746 1035 3800 futurum.
1065 3744 1170 3798 Sed
1215 3744 1447 3798 oraculo
1489 3743 1759 3809 monitus,
1793 3759 1920 3796 ora-

287 3841 369 3895 vit
397 3846 453 3894 et
495 3839 705 3895 meruit
745 3839 945 3894 mortis
986 3838 1324 3892 dilationem
1357 3837 1463 3890 hoc
1507 3836 1736 3903 indicio,
1767 3835 1922 3906 quod

288 3934 493 3989 iisdem
537 3933 806 4005 gradibus
853 3933 934 3988 sol
978 3932 1400 3998 refunderetur,
1437 3931 1532 4001 qui
1578 3930 1924 4000 significaret

287 4031 379 4083 tot
412 4044 654 4083 numero
680 4043 964 4083 annorum
994 4030 1382 4080 commeatum
1412 4023 1462 4077 ei
1489 4023 1617 4077 vita;
1647 4024 1918 4078 refusum.

946 4137 1166 4194 CAPUT
1202 4136 1264 4190 X.

362 4254 504 4307 Cum
531 4251 710 4322 igitur
737 4249 958 4304 munita
984 4254 1130 4303 esset
1153 4247 1402 4318 undique
1430 4247 1624 4302 civitas
1656 4245 1925 4317 plurimo-

293 4362 424 4400 rum
477 4361 682 4417 regum
736 4343 1037 4415 operibus;
1095 4347 1151 4397 et
1201 4342 1448 4396 maxime
1505 4340 1772 4408 Herodis,
1826 4340 1924 4410 qui

294 4447 542 4494 castrum
570 4438 660 4492 cui
687 4454 899 4492 nomen
920 4436 1177 4491 Antonia:
1209 4435 1282 4490 ad
1312 4434 1523 4489 summi
1551 4434 1738 4505 operis
1771 4449 1926 4504 mag-

295 4531 642 4587 niﬁcentiam
706 4530 1111 4600 communivit,
1171 4536 1226 4584 et
1283 4527 1635 4599 amplissimo
1703 4491 2002 4581 ornavitD

294 4626 525 4691 decore,
564 4625 901 4680 circumibat
944 4627 1127 4681 Caesar
1170 4623 1456 4694 requiens,
1501 4638 1613 4693 qua
1648 4637 1712 4675 ex
1763 4625 1925 4693 parte

293 4737 354 4775 se
387 4726 582 4792 posset
623 4719 840 4774 facilius
879 4717 1007 4772 urbi
1052 4717 1374 4784 infundere,
1417 4715 1782 4786 inspectoque
1821 4731 1926 4785 per

292 4819 478 4869 totum
509 4813 812 4868 circuitum
835 4812 985 4867 muri
1013 4811 1254 4877 ambitu,
1284 4809 1660 4864 aastimavitin
1683 4808 1928 4862 ﬁnitimo

295 4907 500 4963 tumuli
544 4924 658 4979 quo
696 4907 949 4978 sepultus
985 4906 1214 4976 jacebat
1253 4903 1522 4976 princeps
1567 4901 1928 4957 sacerdotum

289 5006 564 5070 Joannes,
605 4999 980 5056 adorieudam
1029 4998 1405 5053 obsidionem.
1451 4997 1556 5052 Cui
1593 4995 1925 5067 diligentius

294 5095 632 5168 exploranti,
663 5094 935 5149 adhaeret.
957 5108 982 5145 s
1006 5109 1153 5148 unus
1195 5109 1264 5147 ex
1303 5091 1498 5146 amicis
1541 5091 1780 5145 Nicanor
1805 5094 1926 5144 stu-

294 5189 512 5245 diosius
553 5187 862 5242 intendens
899 5187 1149 5255 muneri,
1192 5186 1397 5256 sagitta
1427 5201 1728 5256 percussus
1759 5183 1927 5238 cadit.

293 5283 539 5354 Propius
571 5282 785 5354 quippe
817 5284 1150 5350 accesserat,
1181 5280 1319 5334 dum
1341 5283 1507 5351 putat
1531 5279 1781 5350 aliquem
1806 5294 1931 5348 pro-

294 5377 516 5432 fectum
559 5377 678 5430 fore
714 5375 866 5446 pacis
913 5375 1142 5440 futurae,
1185 5374 1228 5427 si
1280 5373 1388 5427 sibi
1431 5373 1764 5428 conferendi
1809 5388 1929 5425 ser-

297 5470 492 5526 monis
527 5469 760 5524 daretur
789 5470 972 5540 copia,
1005 5469 1102 5539 qui
1139 5472 1343 5539 potens
1374 5484 1436 5522 ac
1467 5467 1682 5521 validus
1706 5465 1777 5519 ad
1804 5470 1931 5520 ten-

298 5564 506 5620 tandos
533 5563 890 5618 audientium
913 5562 1134 5617 animos
1163 5561 1574 5616 aestimabatur.
1599 5561 1936 5615 Commotus

299 5662 512 5727 Caesar,
552 5658 708 5730 quod
737 5658 790 5712 ei
830 5658 926 5728 qui
962 5657 1231 5711 salutaria
1267 5659 1686 5722 commoneret,
1716 5653 1932 5724 impro-

373 5829 473 5892 (39)
498 5827 784 5883 Illuminet.
815 5831 992 5882 ΒΑΗ.

2021 1873 2495 1940 propugnatores.
2530 1871 2609 1923 Ita
2633 1869 2717 1924 vis
2739 1869 3125 1924 multitudinis
3151 1872 3384 1943 reliqua:
3411 1873 3651 1928 exitium

2022 1962 2318 2017 declinans
2364 1965 2420 2016 in
2470 1964 2672 2018 urbem
2719 1964 2972 2030 revertit,
3023 1968 3082 2018 et
3122 1965 3194 2019 ab
3231 1966 3498 2022 incendio
3538 1968 3650 2022 Ro-

2020 2072 2191 2110 mana
2241 2073 2420 2127 opera
2470 2057 2727 2112 defensa.
2771 2058 2988 2115 Cecidit
3044 2076 3114 2113 eo
3158 2060 3357 2129 praelio
3408 2062 3656 2115 Joannes

2023 2149 2226 2203 ductor
2256 2149 2644 2205 ldumaaorum
2679 2168 2690 2205 :
2721 2151 2856 2206 dum
2886 2157 3016 2208 ante
3044 2169 3257 2220 muros,
3290 2154 3521 2224 cognito
3549 2155 3654 2208 sibi

2023 2244 2281 2298 Romano
2320 2244 2487 2297 militi
2532 2261 2855 2300 sermonem
2892 2247 3160 2315 conserit,
3200 2246 3344 2301 ictus
3370 2253 3530 2318 terga
3560 2265 3649 2303 sa-

2022 2337 2179 2406 gittae
2231 2337 2500 2403 vulnere,
2550 2339 2823 2393 continuo
2870 2339 3101 2393 labitur.
3153 2341 3403 2394 Arabum
3457 2341 3654 2395 ferunt

2021 2430 2434 2500 peritissimum
2461 2430 2530 2484 de
2555 2431 2962 2501 jaculatoribus
2984 2433 3107 2502 ejus
3129 2432 3316 2488 obitus
3336 2438 3651 2500 auctorem,

2023 2523 2300 2594 gravique
2337 2540 2579 2578 maerore
2607 2524 2842 2580 affectos
2869 2525 3163 2592 Idumaeos,
3201 2526 3357 2597 quod
3382 2528 3568 2582 virum
3597 2534 3652 2582 et

2023 2632 2199 2670 manu
2225 2621 2556 2687 promptum
2587 2619 2918 2685 amiserant,
2953 2625 3011 2672 et
3039 2619 3257 2674 bonum
3287 2620 3552 2675 consilio.

2659 2730 2879 2784 CAPUT
2925 2731 3009 2786 XI.

2091 2842 2373 2911 Sequente
2407 2846 2568 2895 nocte
2608 2841 2813 2895 accidit
2842 2847 2906 2896 ut
2943 2847 3059 2896 tres
3091 2847 3278 2897 turres
3321 2861 3463 2915 quas
3493 2846 3650 2900 Titus

2021 2934 2198 2989 attolli
2235 2934 2487 3004 jusserat
2523 2951 2691 3005 supra
2727 2951 3023 3006 aggerem,
3058 2953 3172 3008 quo
3202 2937 3426 2993 Judwos
3466 2940 3555 2993 vel
3583 2957 3648 2994 ex

2021 3044 2188 3100 aequo
2215 3029 2303 3082 vel
2335 3046 2404 3083 ex
2433 3029 2727 3100 superiore
2766 3029 2998 3100 spiculis
3024 3029 3248 3101 ﬁgeret,
3279 3033 3467 3087 subito
3498 3034 3654 3088 nulla

1942 3119 1996 3193 Ο
2022 3121 2075 3176 vi
2107 3122 2356 3176 hostium
2379 3126 2630 3177 ruerent.
2656 3123 2778 3186 Quo
2808 3124 2994 3178 sonitu
3023 3125 3419 3182 Romanorum
3442 3128 3651 3181 exerci-

2023 3223 2112 3271 tus
2141 3217 2328 3270 omnis
2355 3216 2639 3281 turbatur,
2670 3234 2740 3271 ea
2767 3218 3036 3288 opinione
3064 3219 3218 3290 quod
3255 3219 3326 3273 ab
3365 3220 3525 3276 hoste
3554 3221 3649 3276 de-

2021 3315 2262 3366 structos
2285 3326 2546 3382 aggeres,
2570 3311 2815 3366 succisas
2838 3317 3024 3366 turres
3049 3311 3492 3383 arbitrarentur,
3517 3331 3648 3386 quae

2020 3408 2249 3460 ruentes
2285 3405 2580 3475 ingentem
2622 3405 2735 3459 late
2769 3410 3017 3476 stragem
3056 3406 3366 3462 dedissent.
3395 3410 3473 3462 Ac
3504 3426 3651 3480 pene

2019 3498 2332 3552 admissum
2363 3503 2487 3553 erat
2518 3499 2736 3552 facinus
2762 3499 3082 3554 miserabile
3111 3503 3177 3555 ut
3204 3502 3447 3556 victores
3470 3503 3649 3556 incer-

2023 3592 2092 3645 tis
2130 3609 2234 3662 per
2277 3595 2500 3646 noctem
2546 3593 2808 3646 hostibus
2843 3593 2980 3662 fuga
3021 3593 3318 3663 cederent,
3363 3595 3468 3648 nisi
3501 3598 3654 3666 quod

2024 3685 2276 3740 tenebrae
2306 3686 2587 3756 ruinaque
2628 3686 2770 3756 ipsa,
2803 3685 2984 3740 excito
3015 3687 3247 3757 pulvere
3285 3695 3653 3758 prospectum

2023 3779 2379 3847 adimerent,
2427 3784 2488 3834 ut
2543 3795 2656 3850 quo
2701 3779 2964 3850 fugerent
3019 3780 3298 3834 incertum
3351 3781 3650 3836 haberent.

2023 3872 2326 3936 Quaerebat
2357 3873 2749 3944 unusquisque
2778 3872 2846 3926 de
2879 3873 3142 3942 proximo
3172 3874 3312 3944 quid
3341 3873 3653 3938 accidisset,

2025 3983 2132 4020 nec
2159 3983 2507 4038 cognoscere
2530 3966 2644 4021 veri
2675 3969 2902 4037 poterat
2923 3967 3116 4034 ﬁdem,
3140 3968 3276 4038 quia
3303 3967 3568 4022 similiter
3586 3970 3654 4022 ab

2024 4059 2292 4114 omnibus
2329 4061 2613 4130 ejusmodi
2646 4077 2807 4114 casus
2847 4060 3233 4130 ignorabatur,
3266 4062 3449 4116 donec
3474 4065 3657 4118 Caesar

2027 4153 2194 4207 rebus
2225 4154 2549 4224 compertis,
2579 4154 2865 4208 insinuare
2906 4154 3246 4225 praeciperet
3275 4155 3334 4209 id
3374 4155 3531 4227 quod
3559 4172 3655 4210 ac-

2024 4247 2264 4314 ciderat,
2309 4263 2473 4302 casus
2511 4247 2816 4319 repentini,
2858 4265 2975 4302 non
3017 4249 3186 4303 ullius
3226 4249 3444 4304 hostilis
3481 4251 3657 4306 fuisse

2025 4340 2380 4411 irruptionis.
2422 4341 2507 4396 Sic
2547 4340 2772 4395 sedatus
2816 4358 3007 4412 pavor,
3055 4344 3452 4413 expugnandae
3497 4345 3653 4399 urbis

2026 4434 2345 4489 subsidium
2401 4451 2574 4489 omne
2623 4435 2678 4488 in
2731 4434 2945 4489 viribus
3006 4435 3272 4488 locatum.
3334 4438 3475 4490 Nam
3527 4454 3657 4492 cum

2026 4528 2304 4582 altissima
2346 4545 2644 4582 murorum
2694 4534 2902 4595 essent,
2945 4531 3002 4581 et
3051 4528 3322 4599 pleraque
3364 4529 3517 4585 ferro
3561 4537 3659 4586 aut

2025 4639 2136 4677 aere
2181 4625 2400 4693 operta,
2445 4626 2617 4694 atque
2657 4621 2776 4692 ipsa
2810 4620 3112 4675 altitudine
3155 4622 3347 4677 hostes
3387 4640 3421 4678 a
3453 4624 3659 4694 jaculis

2027 4715 2489 4783 defenderentur,
2525 4715 2762 4769 Romani
2802 4715 3111 4770 admovere
3153 4716 3401 4772 arietum
3438 4719 3655 4772 machi-

2027 4826 2152 4875 nas,
2184 4825 2429 4880 quorum
2470 4809 2584 4862 ictu
2628 4807 2911 4879 frequenti
2951 4809 3102 4863 muri
3144 4810 3332 4866 valida
3361 4812 3463 4882 (40)
3503 4813 3654 4866 laxa-

2027 4903 2275 4958 bantur:
2301 4902 2468 4957 inniti
2494 4901 2798 4956 levioribus
2829 4903 3059 4974 spiculis
3088 4920 3307 4976 coepere
3331 4911 3390 4960 et
3414 4905 3655 4975 sagittis,

2031 5001 2094 5052 ut
2135 5001 2567 5068 propugnantes
2613 5001 2954 5064 averterent,
3009 4998 3414 5069 impedimenta
3469 4999 3658 5069 prohi-

2030 5092 2290 5146 bentium
2341 5091 2770 5162 detorquet-ent.
2819 5091 2906 5146 Sic
2954 5092 3223 5162 paulatim
3273 5093 3661 5163 quatientibus

2032 5203 2231 5241 murus
2278 5184 2514 5240 cedebat
2563 5203 2576 5238 :
2625 5186 2776 5240 unde
2826 5187 3098 5256 majorem
3153 5186 3340 5256 ipsum
3391 5186 3660 5255 arietem,

2033 5280 2352 5335 excisorem
2418 5279 2647 5334 urbium
2711 5279 2886 5334 λιλᾱωί
2951 5279 3405 5350 appellaverunt.
3470 5281 3663 5335 Soluta

2033 5374 2228 5444 itaque
2277 5389 2580 5427 murorum
2641 5377 2821 5444 parte,
2877 5372 3234 5442 dereliquere
3289 5372 3466 5427 Judaei
3512 5374 3665 5428 muri

2035 5467 2207 5539 ipsius
2236 5467 2684 5539 propugnacula,
2718 5466 2921 5530 securi,
2951 5464 3102 5536 quod
3131 5465 3270 5520 duos
3301 5467 3438 5521 alios
3469 5485 3664 5523 muros

2038 5563 2330 5617 interiores
2370 5561 2665 5626 haberent,
2711 5563 2767 5613 et
2811 5575 3136 5614 concessere
3183 5561 3256 5614 ad
3300 5577 3530 5617 murum
3574 5580 3662 5618 se-

2037 5656 2309 5710 cundum.
2342 5654 2456 5709 Illis
2483 5651 2851 5722 fugientibus,
2885 5653 3122 5708 Romani
3151 5653 3540 5725 ingredientes
3562 5674 3666 5729 per

2104 5823 2202 5883 (40)
2237 5819 2436 5870 Valide.
2470 5818 2549 5869 In.
