4032 6194
518 222 657 278 2247

522 359 652 398 cava
682 344 855 413 muri,
889 346 1082 414 portas
1113 359 1391 414 aperuere
1425 360 1437 397 :
1471 341 1550 398 sic
1580 342 1941 398 intromissus
1967 343 2153 397 omnis
2174 357 2232 427 Α

521 436 820 507 exercitus,
854 453 999 508 pene
1038 437 1214 493 diruit
1247 454 1480 492 murum
1525 438 1884 502 exteriorem,
1915 455 1989 492 ne
2032 437 2149 492 bel-

519 529 766 590 lantibus
820 534 970 586 esset
1016 531 1465 603 impedimento,
1513 537 1610 587 aut
1660 532 1702 584 si
1759 549 1848 587 res
1902 533 2154 587 adversae

524 626 730 691 forent,
760 625 1070 680 claustrum
1099 625 1537 696 refugientibus.

1141 719 1358 776 CAPUT
1405 720 1512 773 XII.

588 813 908 869 Diviserunt
933 812 1040 867 sibi
1081 813 1208 868 loca
1243 813 1492 868 Joannes
1532 819 1588 867 et
1625 812 1821 868 Simon
1867 813 2150 884 conjurati

521 907 667 963 circa
688 923 919 963 murum
939 906 1271 962 secundum.
1291 909 1537 962 Joannes
1561 923 1694 961 cum
1721 906 1835 961 suis
1859 906 1918 961 in
1942 911 2150 976 castro,

519 1002 610 1058 cui
639 1018 846 1056 nomen
877 1000 1149 1069 Antonia,
1173 999 1544 1071 praeliabatur
1567 1018 1579 1055 :
1604 1001 1654 1056 ei
1687 1000 2003 1072 propinqua
2034 1004 2155 1054 erat

521 1096 770 1166 porticus
806 1094 1026 1166 templi,
1059 1111 1186 1166 quae
1228 1095 1501 1165 vergebat
1541 1093 1612 1149 ad
1656 1100 1876 1166 partem
1920 1097 2152 1166 septen-

523 1188 742 1246 trionis.
788 1189 925 1243 Nam
961 1192 1019 1243 et
1055 1188 1172 1260 ipse
1217 1188 1371 1243 locus
1403 1188 1480 1259 (in
1523 1205 1635 1261 quo
1667 1194 1920 1244 castrum
1965 1194 2155 1260 postea

524 1284 766 1339 Antonio
794 1282 1063 1338 vocabulo
1101 1283 1416 1354 conditum)
1454 1282 1603 1339 inter
1627 1283 1766 1337 duas
1791 1283 1988 1354 jacens
2022 1300 2152 1354 por-

524 1379 667 1433 ticus
696 1376 1176 1448 septentrionalis,
1211 1377 1317 1432 hoc
1341 1381 1449 1445 est,
1482 1377 1638 1432 Brios
1671 1377 2150 1449 nuncupabatur;

529 1473 726 1527 Simon
771 1487 904 1526 vero
946 1471 1016 1524 ad
1058 1471 1295 1526 Joannis
1336 1471 1660 1541 sepulcrum
1703 1471 1886 1526 vicem
1927 1473 2156 1527 tuendas

527 1565 686 1620 urbis
710 1567 1070 1636 susceperat:
1098 1564 1186 1618 his
1211 1581 1316 1635 pro
1343 1564 1545 1631 salute,
1572 1564 1840 1619 Romanis
1864 1581 1965 1636 pro
1994 1564 2156 1619 victo-

529 1660 614 1714 ria
640 1664 935 1714 certamen
973 1662 1119 1713 erat.
1150 1658 1367 1722 Quibus
1398 1659 1506 1713 etsi
1549 1658 1725 1713 virtus
1756 1659 2049 1730 potentior
2086 1659 2157 1713 ad

528 1752 1049 1825 congrediendum,
1085 1754 1238 1807 locus
1278 1755 1476 1807 tamen
1523 1752 1759 1807 inferior
1801 1752 1874 1807 ad
1905 1727 2234 1808 obsidio-B

530 1864 662 1904 nem
693 1865 705 1902 :
740 1864 868 1902 cum
902 1864 1001 1902 eos
1040 1847 1110 1901 de
1149 1862 1314 1900 muro
1355 1851 1618 1916 gravaret
1655 1846 1937 1917 praelium,
1978 1853 2156 1902 teme-

533 1943 670 1996 ritas
707 1940 916 1996 Judaais
950 1941 1307 2009 insolentior,
1350 1940 1624 1995 fortitudo
1667 1941 1933 1996 Romanis
1976 1941 2162 1996 acrior

533 2039 675 2102 erat,
702 2034 1084 2089 imminebant
1109 2034 1367 2106 partibus
1393 2034 1583 2102 duces,
1605 2051 1788 2105 eoque
1813 2035 1998 2104 major
2019 2035 2162 2089 orie-

532 2129 700 2182 batur
725 2128 1036 2197 contentio,
1071 2128 1206 2181 dum
1235 2127 1476 2198 quisque
1510 2128 1626 2182 suis
1653 2127 1981 2183 ductoribus
2012 2128 2157 2200 peri-

534 2223 657 2277 cula
685 2238 785 2276 sua
813 2223 983 2292 gestit
1010 2221 1276 2292 probare.
1303 2221 1501 2277 Simon
1523 2238 1653 2277 suos
1681 2221 1925 2292 urgebat
1943 2226 2159 2276 terrore

535 2321 591 2370 et
640 2313 982 2383 formidine,
1037 2315 1325 2369 Romanos
1381 2314 1538 2368 Titus
1590 2315 1806 2386 pudore
1860 2314 1946 2369 sui
1992 2331 2162 2386 quam

536 2409 783 2463 maxime
813 2407 1202 2474 conveniebat,
1235 2408 1384 2478 quod
1415 2411 1596 2462 morte
1627 2409 1854 2479 gravius
1880 2408 2159 2464 arbitran-

532 2508 646 2572 tur,
678 2518 789 2557 non
818 2501 1087 2557 exhibere
1118 2501 1373 2573 pericula
1397 2519 1496 2556 sua
1522 2503 1747 2572 Cmsari,
1773 2519 1901 2556 cum
1935 2502 2054 2574 ipse
2083 2509 2164 2557 to-

534 2597 638 2652 ties
666 2613 770 2668 pro
798 2596 1053 2651 exercitu
1085 2597 1351 2667 periculis
1388 2597 1594 2651 offerre
1625 2613 1682 2652 se
1715 2613 1830 2651 non
1859 2595 2160 2652 dubitavis-

535 2693 637 2745 set.
671 2691 944 2747 Armabat
981 2707 1075 2745 eos
1118 2690 1384 2746 vincendi
1421 2691 1794 2759 consuetudo,
1833 2696 1889 2746 et
1923 2690 2164 2745 cedendi

536 2785 861 2856 ignorantia
912 2801 924 2839 :
977 2784 1378 2857 praecipueque
1421 2801 1672 2856 prensans
1721 2785 2164 2856 uniuscujusque

537 2881 758 2935 virtutis
783 2879 999 2935 arbiter
1025 2879 1204 2948 Titus,
1236 2895 1269 2933 a
1301 2895 1413 2950 quo
1443 2896 1558 2934 non
1589 2879 1984 2934 remuneratio
2012 2878 2166 2933 forti-

539 2975 748 3029 tudinis
775 2973 1224 3044 exspectabatur,
1247 2973 1342 3027 sed
1367 2989 1539 3043 supra
1567 2973 1780 3040 omnia,
1808 2973 2022 3027 fructus
2051 2989 2166 3026 am-

537 3068 779 3140 plissimi
807 3073 926 3122 erat
956 3066 1203 3138 prmmii,
1232 3066 1328 3120 illo
1360 3071 1652 3136 spectante
1684 3067 2000 3137 quidquam
2032 3070 2166 3120 stre-
2188 3096 2242 3169 Ο

540 3178 652 3216 nne
684 3160 938 3232 gessisse,
967 3159 1122 3230 quod
1163 3161 1217 3213 ei
1258 3176 1370 3213 non
1403 3159 1746 3230 displiceret.
1777 3161 1855 3214 Eo
1884 3159 2167 3214 incentivo

537 3255 824 3325 Longinus
850 3253 1130 3325 equestris
1162 3252 1380 3307 militim
1408 3253 1493 3306 vir
1520 3253 1755 3319 excitus,
1779 3253 2042 3308 adversas
2064 3271 2165 3324 pro

541 3348 719 3403 muris
756 3347 950 3402 videns
984 3346 1308 3401 Iudaeorum
1349 3351 1620 3416 catervas,
1654 3350 1929 3418 tanquam
1973 3347 2164 3418 indig-

539 3447 708 3498 natus
771 3441 920 3512 quod
979 3442 1266 3496 Romanos
1329 3440 1479 3495 bello
1545 3443 1923 3508 lacesserent,
1977 3446 2033 3496 et
2099 3458 2166 3496 ex

541 3553 704 3608 (equo
749 3535 976 3608 prodire
1037 3535 1336 3605 auderent,
1386 3534 1617 3590 desiluit
1667 3551 1835 3606 equo,
1889 3539 2058 3608 atque
2109 3535 2165 3590 in

544 3631 766 3687 medios
804 3646 863 3684 se
903 3630 1092 3702 injecit
1130 3630 1342 3685 hostes.
1385 3632 1449 3685 Et
1492 3645 1674 3684 unum
1715 3645 1872 3685 more
1911 3631 2020 3701 (41)
2046 3631 2168 3701 ipso

539 3731 835 3798 parantem
877 3740 1195 3788 occurrere,
1237 3725 1350 3778 telo
1393 3724 1686 3794 percussit,
1729 3723 2010 3795 simulque
2043 3724 2167 3794 ejus

539 3836 735 3876 vocem
766 3825 821 3874 et
854 3819 1106 3874 animam
1132 3817 1302 3888 rapit.
1330 3818 1499 3872 Alteri
1532 3822 1798 3888 ereptum
1831 3818 1900 3872 de
1929 3833 2166 3889 corpore

539 3917 821 3986 prostrato
880 3913 1058 3967 telum
1111 3911 1333 3982 inﬁgit,
1383 3915 1440 3966 et
1500 3911 1572 3965 ad
1621 3927 1749 3966 suos
1801 3911 1982 3966 victor
2045 3929 2165 3967 sese

539 4009 775 4079 recepit.
822 4009 896 4061 De
940 4005 1455 4080 prmeminentibus
1499 4005 1788 4076 loquimur
1835 4023 1846 4060 :
1893 4009 2166 4061 czeterum

541 4103 704 4157 multi
735 4102 1054 4156 imitatores
1084 4105 1326 4169 utraque
1359 4115 1421 4153 ex
1452 4103 1637 4169 parte,
1673 4099 1769 4154 sed
1809 4099 2030 4155 diverso
2069 4117 2162 4172 ge-

543 4213 677 4251 nere
705 4211 718 4250 :
750 4194 960 4249 Iudaeis
1001 4192 1328 4264 desperatio
1357 4192 1651 4247 audaciam
1680 4191 1866 4259 dabat,
1897 4193 2168 4248 Romanis

542 4289 742 4362 glorim
772 4287 1053 4358 cupiditas
1082 4286 1345 4340 virtutem
1385 4285 1644 4350 addebat.
1690 4288 1798 4340 Par
1835 4292 2025 4342 tamen
2056 4287 2163 4342 im-

540 4383 768 4457 paribus
810 4382 1014 4437 animis
1070 4380 1266 4436 mortis
1314 4384 1672 4452 contemptus
1718 4397 1728 4434 :
1776 4382 1979 4436 Iudaeis
2020 4384 2162 4437 sola-

1985 218 2067 273 ‘S.
2112 221 2420 276 AMBROSII
3681 235 3789 288 2248

2605 417 2607 420 ⁴
2875 345 3095 400 CAPUT
3132 344 3264 401 xm.

2325 439 2461 492 Erat
2491 437 2569 492 ibi
2613 440 2806 494 Castor
2844 438 3081 493 callidus
3121 444 3180 494 et
3218 439 3291 494 ad
3334 439 3566 498 fraudem
3597 454 3794 517 paratus,

2253 531 2354 603 qui
2391 531 2602 603 fugatis
2643 532 2866 586 caeteris
2907 549 3014 603 per
3036 532 3223 603 jaculo
3265 535 3661 606 sagittariorum,
3695 558 3795 596 cum

2253 625 2375 680 aliis
2419 627 2528 696 (42)
2574 642 2735 681 novas
2773 626 2992 680 fraudis
3037 627 3203 682 sociis
3244 629 3610 699 praetendebat.
3651 636 3690 688 Is
3725 636 3798 690 ubi

2253 721 2492 790 appulsu
2539 721 2734 774 arietis
2785 720 2989 774 turrim
3041 722 3236 788 everti,
3293 739 3506 777 murum
3549 726 3711 782 labere
3751 745 3797 783 ac

2253 813 2419 869 facile
2457 814 2768 883 ruiturum,
2798 814 2843 868 si
2873 816 3143 870 tormenti
3178 816 3321 870 ictus
3361 822 3690 889 repeteretur,
3714 822 3802 876 ani-

2255 908 2577 975 madvertit,
2610 923 2816 963 manus
2854 908 3097 964 tendens
3139 909 3374 980 rogabat
3407 911 3654 967 Cursarem
3693 931 3796 969 voce

2257 1003 2598 1070 miserabili,
2648 1010 2710 1058 ut
2761 1004 3034 1075 periturae
3091 1003 3217 1057 urbi
3260 1003 3380 1073 jam
3431 1010 3687 1075 parceret,
3729 1025 3804 1064 nec

2255 1113 2521 1167 supremo
2547 1098 2762 1152 excidio
2784 1097 3240 1152 labefactandam
3264 1101 3500 1168 putaret.
3521 1099 3680 1154 Caesar
3698 1103 3806 1155 uasti-

2257 1191 2430 1245 mavit
2473 1193 2625 1262 quod
2673 1191 2870 1247 sedulo
2916 1192 3138 1246 veniam
3183 1192 3612 1263 deprecaretur:
3653 1211 3807 1249 manus

2257 1284 2497 1340 daturus
2536 1288 2596 1339 ut
2626 1285 2841 1340 deditio
2872 1286 3238 1357 praecederet,
3262 1285 3428 1356 jubet
3461 1290 3808 1341 tormentorum

2255 1378 2402 1433 ictus
2436 1395 2682 1449 cessare,
2713 1381 3065 1450 jaculatores
3091 1385 3418 1451 temperare
3445 1397 3476 1434 a
3501 1381 3693 1451 prmlio,
3714 1382 3810 1436 Cas-

2257 1473 2369 1527 tori
2397 1472 2493 1527 dat
2521 1473 2791 1544 loquendi
2821 1473 3062 1547 copiam.
3098 1474 3199 1528 Ille
3237 1474 3558 1529 descensum
3583 1475 3811 1542 simulare,

2259 1566 2390 1621 dein
2418 1567 2576 1638 quasi
2605 1567 2846 1623 suadere
2881 1567 2997 1622 suis
3028 1591 3037 1621 :
3071 1567 3167 1622 alii
3200 1568 3360 1634 velle,
3394 1567 3485 1622 alii
3516 1568 3678 1636 reniti,
3701 1569 3815 1623 subi-

2259 1665 2431 1732 toque
2461 1661 2612 1716 velut
2637 1661 3006 1732 indignantes
3031 1662 3132 1734 qui
3160 1664 3519 1733 cogerentur,
3545 1679 3686 1732 supra
3709 1662 3814 1716 lori-

2259 1771 2382 1809 cam
2427 1773 2485 1809 se
2533 1755 2914 1826 percutientes
2962 1755 3234 1811 cecidere.
3283 1756 3599 1810 Miraculum
3641 1756 3816 1826 ingens,

2261 1865 2392 1903 cum
2446 1849 2600 1904 fraus
2644 1851 2870 1917 lateret,
2915 1850 2992 1904 sic
3041 1853 3268 1921 tempus
3313 1849 3524 1904 duxere
3561 1850 3674 1918 (43).
3707 1851 3819 1903 Inter

2261 1959 2390 2014 quin
2422 1961 2566 1997 unus
2589 1960 2618 1998 e
2642 1943 2916 1998 militibus
2939 1944 3210 1999 Romanis
3229 1945 3422 2015 jaculo
3441 1944 3648 2015 sagittae
3667 1959 3819 1997 narem

2263 2037 2508 2092 Castoris
2546 2037 2838 2109 percussit.
2877 2039 2972 2093 Ille
3009 2038 3304 2108 deplorare
3347 2041 3402 2093 et
3438 2037 3681 2108 conqueri
3710 2036 3819 2106 apud

2263 2131 2567 2199 Caesarem,
2597 2148 2828 2202 poscere
2863 2138 2918 2186 ut
2943 2131 3181 2202 juberet
3208 2132 3459 2203 aliquem
3498 2130 3595 2186 sibi
3619 2130 3822 2185 dextram

2263 2225 2416 2294 dare,
2448 2225 2528 2279 ita
2558 2242 2615 2280 se
2644 2225 2911 2297 perfugio
2938 2242 3196 2281 usurum.
3228 2227 3419 2281 Caesar
3449 2224 3671 2295 Josepho
3702 2239 3822 2277 man-

2265 2319 2359 2374 dat
2396 2319 2690 2390 negotium
2727 2336 2739 2373 :
2784 2337 2984 2374 verum
3026 2320 3119 2375 ille
3168 2321 3266 2390 qui
3309 2324 3529 2375 caveret
3563 2318 3824 2373 Iudaeorum

2265 2412 2522 2481 insidias,
2552 2413 2692 2467 nihil
2722 2413 3006 2468 sincerum
3035 2414 3092 2468 in
3119 2430 3185 2469 eo
3219 2413 3542 2485 intelligere
3569 2429 3622 2466 se
3645 2427 3824 2482 respon-

2264 2506 2366 2560 dit.
2410 2508 2606 2562 Eneas
2646 2512 2842 2562 tamen
2881 2508 3115 2580 propius
3157 2524 3393 2562 murum
3435 2505 3698 2573 successit,
3721 2511 3765 2559 et
3783 2507 3827 2556 ut

2266 2598 2667 2655 advenientem
2706 2601 3040 2673 susciperet,
3073 2602 3342 2656 occurrit.
3381 2600 3478 2656 Cui
3522 2601 3696 2656 Castor
3727 2597 3829 2651 voci-

2264 2693 2475 2763 ferans,
2507 2700 2567 2750 ut
2601 2695 2788 2750 sinum
2816 2697 3082 2766 aperiret,
3116 2712 3324 2750 aurum
3360 2695 3648 2766 exciperet,
3683 2706 3829 2746 saxum

2267 2787 2502 2843 dimisit.
2553 2788 2651 2843 Ille
2697 2790 2874 2844 oculis
2919 2790 3285 2861 vigilantibus
3338 2790 3580 2860 lapidem
3625 2784 3831 2858 praavidit

2265 2883 2553 2954 celerique
2581 2883 2836 2954 corporis
2856 2883 2997 2937 saltu
3018 2883 3240 2954 lapsum
3263 2883 3486 2952 evadit;
3506 2883 3666 2936 alium
3682 2886 3830 2935 tamen

2266 2993 2445 3048 pr0pe
2488 2982 2768 3032 astantem
2812 2977 2930 3032 saxi
2969 2977 3197 3031 involvit
3243 2977 3517 3031 immanis
3555 2976 3718 3030 ruina.
3756 2973 3831 3025 Hoc

2267 3071 2454 3125 Cresar
2491 3070 2717 3125 intuens
2755 3071 2937 3126 acrius
2967 3071 3224 3125 incubuit
3261 3070 3340 3125 ad
3381 3085 3662 3125 murorum
3690 3067 3830 3135 dejec-

2269 3165 2506 3232 tionem,
2531 3164 2870 3236 praecipiens
2889 3165 3104 3234 majore
3126 3164 3179 3219 vi
3201 3167 3621 3220 tormentorum
3645 3158 3832 3231 impelli.

2266 3261 2474 3314 Contra
2515 3259 2584 3313 ad
2627 3258 2948 3314 exurendas
2995 3258 3286 3313 machinas
3326 3258 3488 3330 ignes
3519 3255 3833 3328 jaciebantur.

2268 3352 2374 3408 Sed
2409 3353 2504 3407 ubi
2551 3369 2746 3408 murus
2787 3353 3005 3407 solutus
3045 3358 3150 3422 est,
3179 3354 3381 3408 Castor
3421 3368 3549 3406 cum
3579 3350 3680 3405 suis
3714 3344 3836 3418 quasi

2271 3447 2326 3500 in
2358 3448 2550 3517 ignem
2583 3463 2641 3501 se
2679 3446 2907 3516 dejecit,
2942 3445 3071 3501 dolo
3098 3452 3423 3518 prastexens
3457 3444 3632 3500 animi
3658 3438 3833 3511 magni-

2268 3541 2522 3595 tudinem
2556 3541 2612 3594 in
2655 3544 2992 3612 contemptu
3024 3541 3245 3608 mortis,
3273 3557 3407 3595 cum
3440 3541 3564 3595 dolo
3591 3537 3723 3607 turpi
3744 3534 3838 3586 vite

2269 3634 2380 3688 etfu
2389 3635 2478 3705 gia
2509 3638 2780 3705 captaret.

2888 3730 3103 3785 CAPUT
3141 3730 3269 3783 XIV.

2341 3823 2492 3877 Unus
2538 3822 2662 3892 jam
2722 3839 2939 3891 murus,
2996 3823 3101 3877 hoc
3157 3826 3246 3876 est
3295 3823 3518 3888 tertius,
3572 3820 3837 3890 supererat,

2267 3916 2547 3971 subversis
2587 3916 2843 3985 duobus;
2889 3916 3075 3972 adhuc
3109 3919 3304 3971 tamen
3349 3919 3540 3974 Caesar
3581 3909 3842 3969 reservabat

2269 4011 2620 4082 patientiam,
2645 4011 2743 4081 qui
2769 4011 3088 4065 adverterat
3105 4011 3225 4082 jam
3259 4011 3366 4065 sibi
3395 4010 3595 4080 perire,
3618 3999 3838 4078 quidquid

2269 4104 2522 4176 perisset.
2573 4105 2718 4159 Dum
2764 4106 2962 4176 parcit,
3012 4108 3070 4160 et
3109 4109 3384 4176 provocat
3431 4104 3507 4158 ad
3552 4102 3840 4158 deditionem

2270 4215 2383 4253 non
2422 4202 2743 4270 exspectato
2771 4199 3024 4269 agmine,
3057 4214 3190 4252 cum
3228 4198 3425 4269 paucis
3465 4197 3671 4251 irruens
3710 4202 3840 4259 supra

2267 4309 2494 4347 murum
2517 4293 2847 4359 secundum,
2871 4296 3220 4364 congregata
3241 4307 3426 4346 manu
3444 4289 3618 4346 Judaei
3639 4291 3690 4342 in
3707 4298 3843 4353 angu-

2269 4387 2387 4442 stiis
2405 4387 2684 4458 plurimos
2705 4386 3129 4453 sauciaverunt;
3154 4385 3417 4456 plerique
3441 4385 3605 4439 etiam
3624 4380 3840 4448 utrinque

541 4479 684 4534 tium
729 4477 1055 4549 putabatur,
1103 4491 1231 4530 cum
1274 4475 1434 4531 hoste
1477 4475 1773 4530 commori.
1821 4475 1975 4530 Titus
2019 4466 2244 4538 festi-D
2271 4481 2500 4535 mortui.
2546 4482 2700 4535 Tunc
2744 4481 2930 4535 Caesar
2971 4480 3194 4536 eminus
3243 4479 3469 4552 sagittis
3511 4476 3706 4548 ﬁgebat
3737 4469 3841 4526 resi-

541 4573 711 4627 nabat
735 4571 1010 4626 coniicere
1040 4569 1277 4636 bellum,
1307 4569 1405 4624 sed
1431 4568 1552 4623 sine
1581 4586 1815 4624 suorum
1846 4570 2165 4640 dispendio,

541 4665 637 4738 qui
695 4664 868 4718 etiam
921 4664 1072 4734 ipsos
1116 4663 1302 4718 hostes
1355 4680 1579 4718 servare
1635 4663 1681 4716 si
1735 4671 1941 4734 posset,
1993 4681 2166 4735 quam

540 4759 783 4832 perdere
827 4757 1094 4811 malebat.
1126 4758 1234 4811 Nec
1273 4757 1425 4812 aliud
1462 4757 1734 4811 monebat
1763 4757 2026 4826 militem,
2062 4758 2168 4812 nisi

540 4854 802 4911 consulto
841 4849 1185 4919 bellandum,
1217 4867 1342 4904 eam
1374 4851 1548 4905 solam
1595 4868 1714 4905 esse
1759 4868 1955 4906 veram
1990 4851 2192 4907 virtur

539 4956 681 5020 tem,
713 4948 802 5004 cui
837 4947 907 5001 sit
948 4962 1137 5001 comes
1177 4946 1528 5017 providentia
1561 4967 1571 5001 :
1609 4963 1746 5001 nam
1777 4947 1900 5002 sine
1938 4948 2168 5002 consilio

538 5042 932 5099 fortitudinem
961 5039 1336 5095 temeritatem
1368 5039 1568 5105 videri,
1602 5057 1702 5094 nec
1725 5057 1962 5111 usquam
1986 5041 2170 5112 magis

539 5137 857 5194 cavendum
888 5151 1059 5207 quam
1088 5134 1146 5188 in
1177 5133 1430 5189 victoria.
1461 5134 1648 5188 Perire
1679 5134 1832 5189 enim
1861 5151 1992 5190 cum
2022 5135 2166 5189 infe-

537 5233 688 5288 riore
735 5230 1108 5302 superiorem,
1164 5227 1293 5283 victi
1339 5227 1667 5299 triumphus
1713 5231 1819 5282 est.
1871 5229 2171 5284 Consulen-

540 5328 677 5384 dum
704 5327 900 5397 itaque
923 5340 996 5379 ne
1024 5323 1282 5378 videatur
1301 5325 1536 5377 eventus
1556 5321 1751 5390 fuisse,
1775 5321 1925 5393 quod
1954 5321 2166 5392 vicerit,

538 5420 799 5492 ignavias,
847 5417 1000 5491 quod
1045 5418 1394 5473 consortium
1449 5415 1687 5487 periculi
1742 5432 1857 5470 non
1905 5417 2167 5472 evaserit.

539 5514 708 5569 Jubet
751 5513 944 5584 itaque
995 5511 1233 5568 arietem
1281 5509 1570 5565 admoveri
1615 5509 1682 5564 ad
1720 5508 1973 5564 medium
2021 5511 2170 5565 muri

541 5607 1028 5679 septentrionalis.

609 5727 702 5790 (41)
731 5728 793 5774 In
821 5737 928 5774 ore.
961 5725 1140 5776 Buta.

609 5795 702 5860 (42)
732 5795 942 5843 Novem.
970 5795 1246 5856 Josephus
1271 5796 1463 5846 decem.
1495 5797 1575 5848 In.

2269 4578 2480 4629 stantes
2510 4592 2521 4628 :
2549 4574 2700 4628 inter
2734 4574 3016 4630 confertos
3046 4575 3240 4644 jacula
3267 4589 3549 4645 nusquam
3585 4566 3841 4624 eludeban-

2270 4673 2380 4733 tur,
2426 4667 2614 4722 nullus
2659 4669 2800 4722 ictus
2847 4669 2971 4722 sine
3013 4669 3264 4722 vulnere.
3308 4668 3405 4723 Sic
3448 4677 3721 4721 removere
3753 4672 3845 4710 sese

2268 4761 2451 4815 Judaai
2495 4764 2686 4816 tamen
2727 4777 2830 4831 pro
2872 4760 3200 4828 victoribus,
3233 4760 3370 4832 quia
3410 4777 3468 4814 se
3507 4760 3647 4812 intra
3681 4765 3842 4806 secun-

2272 4855 2411 4909 dum
2459 4871 2686 4909 murum
2732 4859 3090 4926 receperant,
3134 4855 3292 4927 quasi
3340 4853 3590 4926 expulsis
3626 4841 3846 4904 Romanis

2272 4949 2700 5019 gloriabantur;
2741 4949 2841 5003 sed
2884 4965 3070 5020 neque
3108 4949 3260 5020 lapsa
3299 4963 3591 5020 reparare,
3635 4958 3724 4998 nec
3750 4939 3841 5006 lap-

2271 5059 2405 5096 sura
2432 5042 2720 5097 defensare
2748 5048 3031 5114 poterant.
3056 5043 3412 5098 Restiterunt
3436 5047 3624 5097 tamen
3641 5036 3844 5106 aliquan-

2272 5138 2477 5191 tulum.
2532 5138 2857 5208 Pugnatum
2911 5137 3096 5192 triduo
3143 5137 3218 5191 ad
3271 5152 3510 5191 murum
3559 5128 3836 5187 secundum.

2272 5230 2482 5294 Quarto
2530 5231 2619 5285 die
2673 5231 2943 5285 virtutem
2997 5231 3308 5286 Romanam
3376 5247 3492 5284 non
3554 5223 3840 5282 sustinentes

2273 5324 2537 5395 refugere
2580 5325 2734 5378 intra
2777 5325 3012 5379 tertium
3061 5341 3309 5380 murum.
3363 5325 3555 5380 Caesar
3588 5320 3651 5375 ab
3687 5318 3835 5380 irruP‘

2271 5418 2426 5473 tione
2490 5419 2719 5474 interim
2785 5419 3088 5490 temperari
3142 5418 3338 5490 jubet,
3395 5413 3636 5472 subverti
3688 5415 3836 5464 tamen

2271 5511 2530 5584 praecipit
2587 5513 2899 5568 secundum
2967 5529 3221 5568 murum.
3277 5514 3343 5568 Et
3407 5511 3541 5584 quia
3593 5503 3835 5576 superaret

2271 5606 2525 5662 maxima
2551 5606 2686 5662 belli
2711 5608 2921 5680 portio,
2943 5607 3144 5664 statuit
3167 5611 3232 5663 ut
3258 5605 3420 5662 miles
3447 5602 3549 5660 sibi
3571 5594 3832 5658 convehere

2333 5730 2430 5794 (43)
2461 5731 2674 5780 Ducere.
2709 5730 2789 5780 In.
