4128 6194
223 319 370 372 2249

1283 321 1369 377 DE
1410 321 1676 378 EXCIDIO
1715 321 1914 378 URBlS
1953 321 2308 378 HIEROSOL.
2351 323 2474 378 LIB.
2515 324 2577 377 V.

3456 326 3596 379 2250

219 440 520 507 alimenta,
559 457 632 495 ne
673 440 914 496 victores
951 441 1145 514 inopia
1185 450 1441 516 urgeret,
1484 445 1737 501 afﬁceret
1767 447 1855 500 in-
1882 460 1936 530 Α
1963 447 2138 500 etiam
2165 463 2344 517 usque
2370 446 2440 500 ad
2469 444 2672 516 templi
2696 443 3186 516 progrediendum
3216 443 3587 501 eversionem.

221 533 502 604 digentia.
541 535 791 599 Quatuor
829 535 1028 591 diebus
1064 537 1169 592 sibi
1200 539 1363 593 miles
1402 540 1690 594 frumenta
1724 555 1857 593 con-

217 627 399 694 vexit,
446 627 724 700 simulque
765 629 1038 686 idoneum
1079 631 1259 685 visum
1304 639 1386 686 est
1434 637 1660 704 tempus
1704 631 1856 704 quod

217 720 427 786 Judaei,
475 721 521 774 si
564 721 669 775 sibi
710 724 1094 790 consulerent,
1142 731 1630 780 converterentur.
1661 727 1725 780 Et
1757 742 1857 796 po-

219 814 396 885 pulus
451 814 687 885 quidem
742 816 1017 884 malebat,
1071 819 1167 872 sed
1225 819 1513 895 principes
1567 820 1857 875 seditionis

221 913 558 978 reputantes
601 925 728 979 quas
773 911 833 964 in
879 911 1105 982 plebem
1154 912 1421 984 gravibus
1464 915 1692 986 ﬂagitiis
1734 931 1858 985 per-

217 1005 622 1072 petraverunt;
669 1003 806 1057 dum
853 1005 1074 1059 nullum
1115 1007 1294 1060 veniae
1333 1008 1522 1062 locum
1563 1010 1857 1080 sperarent

220 1095 370 1163 (44),
425 1097 608 1167 perire
664 1113 794 1150 cum
849 1083 1130 1153 omnibus,
1168 1100 1346 1154 levius
1400 1101 1845 1171 arbitrabantur,

221 1204 401 1259 quam
429 1188 473 1242 si
513 1191 614 1244 soli
651 1193 906 1245 auctores
946 1194 1222 1262 perirent.
1259 1195 1468 1258 Quinto
1504 1195 1700 1265 itaque
1741 1197 1853 1260 die,

221 1283 355 1353 quia
383 1282 526 1337 nihil
561 1299 593 1337 a
619 1285 824 1338 Judaais
857 1286 1158 1356 pacificum
1201 1287 1583 1355 deferebatur,
1622 1290 1854 1359 gemino

217 1376 455 1447 agmine
488 1379 673 1432 Caesar
712 1379 921 1433 mmnia
965 1380 1320 1451 aggreditur,
1355 1389 1410 1436 et
1435 1383 1577 1437 duos
1615 1400 1855 1455 aggeres

217 1471 405 1524 attolli
453 1471 718 1542 imperat,
775 1490 953 1527 unum
1001 1480 1196 1529 contra
1241 1478 1570 1542 Antoniam,
1613 1477 1853 1532 alterum

217 1568 427 1618 contra
470 1581 700 1620 murum
734 1568 830 1638 qui
863 1571 987 1621 erat
1013 1574 1214 1623 contra
1249 1569 1481 1624 Joannis
1508 1571 1849 1640 sepulcrum.

217 1659 301 1712 Eo
340 1659 496 1712 enim
535 1661 839 1730 superioris
875 1662 1032 1716 urbis
1063 1662 1277 1718 excidia
1311 1663 1538 1734 petebat
1575 1666 1682 1733 (45)
1716 1681 1728 1717 :
1759 1663 1854 1717 illo

219 1755 414 1806 autem
471 1753 680 1821 altero,
742 1755 786 1808 si
847 1759 1095 1810 castrum
1150 1758 1613 1828 expugnavisset,
1676 1759 1851 1813 etiam

1963 540 2180 596 Parcite
2237 541 2366 608 aris,
2424 540 2636 610 parcite
2685 537 2976 608 altaribus,
3034 538 3248 609 parcite
3305 539 3593 593 domicilio

1960 635 2251 705 quondam
2281 634 2513 688 caelesti.
2541 635 2661 687 Jam
2695 632 2848 688 enim
2879 648 2976 686 vos
3007 635 3064 687 et
3092 631 3240 686 Deus
3267 630 3387 703 ipse
3429 632 3590 688 dese~

1959 729 2092 792 ruit,
2122 727 2252 799 quia
2280 744 2375 781 vos
2400 727 2626 798 pietatis
2652 727 2864 780 cultum
2905 725 3254 780 deseruistis.
3299 728 3360 778 ln
3405 724 3593 780 medio

1958 823 2154 894 templi
2206 823 2419 877 bellum
2466 822 2825 893 pertulimus,
2868 821 3197 875 circumfusi
3248 821 3412 890 ignes
3454 824 3594 874 teni-

1957 918 2116 988 plum
2159 916 2459 982 oberrant;
2505 917 2602 970 sed
2634 931 2748 970 non
2789 917 2984 986 quales
3023 915 3300 980 solebant,
3345 914 3590 967 circum-

1959 1010 2164 1064 sistunt
2214 1010 2438 1064 armati.
2494 1009 2687 1063 Adhuc
2743 1012 2934 1062 tamen
2987 1023 3159 1078 puras
3208 1024 3240 1060 a
3290 1007 3588 1077 sacrilegio

1957 1118 2164 1156 manus
2229 1103 2524 1167 habentes,
2584 1103 2783 1156 volunt
2844 1101 3086 1155 Romani
3155 1115 3416 1169 parcere,
3485 1117 3589 1155 nec

1958 1213 2146 1250 sacros
2186 1195 2579 1250 contaminare
2623 1198 2829 1265 postes,
2859 1210 2964 1248 nec
2998 1200 3222 1248 veteres
3253 1193 3479 1248 abolere
3511 1195 3585 1247 ri-

1957 1297 2066 1358 tus,
2099 1290 2144 1343 si
2176 1306 2269 1343 vos
2316 1289 2510 1344 sinatis
2543 1306 2555 1343 :
2590 1289 2725 1359 quid
2763 1290 3127 1358 exspectatur
3169 1287 3447 1341 ulterius?
3477 1287 3588 1341 duo

1957 1385 2107 1438 muri
2161 1383 2370 1448 eversi,
2429 1383 2628 1437 tertius
2682 1386 2964 1452 superest,
3022 1385 3078 1434 et
3131 1380 3260 1450 ipse
3306 1380 3588 1434 infirmior

1955 1478 2123 1550 lapsis
2177 1477 2412 1531 duobus.
2470 1479 2553 1530 An
2611 1476 2938 1546 praesidium
2991 1476 3254 1545 speratur
3305 1473 3581 1538 divinum,

1954 1577 2124 1643 atque
2164 1571 2436 1626 auxilium
2470 1571 2538 1624 de
2571 1568 2999 1640 penetralibus?
3040 1567 3153 1622 Sed
3198 1567 3297 1638 qui
3339 1583 3442 1621 nos
3482 1568 3581 1621 de-

1952 1665 2247 1731 fendebat,
2275 1665 2342 1719 ad
2375 1664 2596 1718 hostem
2627 1662 2893 1734 migravit
2922 1678 2934 1716 :
2967 1661 3241 1732 quoniam
3274 1676 3447 1732 quem
3479 1677 3582 1716 nos

1954 1759 2300 1820 colebamus,
2360 1758 2600 1812 Romani
2653 1758 3018 1822 venerantur,
3071 1771 3174 1809 nos
3219 1753 3579 1810 offendimus.

217 1845 437 1917 templo
477 1846 638 1901 facile
674 1849 977 1918 potiretur.
1014 1849 1172 1914 Quod
1217 1827 1325 1904 nisi
1367 1852 1424 1905 in
1463 1867 1626 1906 suam
1665 1857 1847 1922 potes-
1874 1827 1929 1897 Β
1953 1854 2087 1918 Quis
2125 1860 2316 1908 autem
2359 1852 2586 1923 ignorat
2621 1866 2753 1904 eum
2788 1849 2893 1903 illis
2935 1865 3053 1904 esse
3092 1850 3292 1915 Deum,
3341 1849 3437 1920 qui
3475 1849 3581 1903 sibi

217 1942 398 1993 tatem
444 1939 768 2006 deduceret,
803 1943 977 1997 etiam
1012 1943 1212 1998 urbem
1249 1950 1444 1999 tenere
1477 1962 1593 1999 non
1631 1949 1853 2016 poterat

218 2031 340 2087 sine
390 2033 661 2104 periculo.
715 2035 987 2091 Diviserat
1034 2037 1189 2091 Titus
1239 2039 1550 2092 exercitum
1599 2039 1656 2093 in
1709 2041 1852 2094 duos

218 2127 470 2181 ordines.
501 2128 541 2182 E
575 2128 797 2184 diverso
837 2146 1062 2201 quoque
1105 2131 1511 2187 distribuerant
1549 2133 1650 2186 sibi
1690 2134 1851 2187 Joan-

215 2236 319 2275 nes
359 2225 418 2275 et
455 2221 649 2276 Simon
689 2223 876 2278 oflicia
916 2224 1284 2280 defensionis.
1316 2227 1619 2280 Antoniam
1657 2227 1846 2281 defen-

217 2313 384 2369 sabat
413 2317 680 2384 Joannes,
719 2317 908 2372 Simon
951 2335 1082 2372 cum
1117 2320 1352 2373 armatis
1391 2321 1506 2374 suis
1554 2326 1609 2374 et
1647 2323 1851 2393 poliulo

216 2408 606 2464 Idumaeorum
653 2410 721 2464 ad
773 2412 1094 2482 sepulcrum
1137 2414 1371 2468 Joannis
1419 2415 1846 2485 speculabatur;

219 2507 394 2574 atque
451 2519 654 2558 omnes
707 2504 1090 2560 obsidentium
1146 2513 1381 2562 conatus
1435 2509 1504 2561 de
1564 2509 1845 2579 superiori

217 2595 368 2662 loco,
411 2596 616 2667 quibus
659 2601 891 2669 poterat
935 2599 1239 2670 generibus
1283 2601 1570 2655 eludebat.
1621 2602 1686 2655 Et
1723 2603 1847 2672 jam

220 2689 639 2746 exercitatiores
684 2695 876 2760 erant,
930 2693 1093 2747 malis
1146 2692 1332 2748 edocti
1383 2710 1676 2749 occurrere
1729 2712 1845 2749 ma-

219 2782 409 2836 chinis
445 2784 782 2854 obsidionis;
815 2785 1094 2858 pluraque
1140 2803 1349 2858 genera
1388 2787 1491 2842 sibi
1536 2792 1846 2844 tormento-

217 2892 352 2930 rum
393 2883 450 2931 et
489 2878 593 2948 ipsi
639 2879 978 2945 asciverant,
1012 2881 1218 2952 quibus
1249 2882 1643 2937 Romanorum
1678 2899 1850 2954 opera

217 2969 600 3041 destruerent,
630 2977 812 3044 coepta
842 2973 1208 3044 impedirent.
1247 2976 1496 3039 Quorum
1530 2979 1715 3033 Caesar
1755 2978 1855 3030 ad-

216 3068 442 3119 vertens
491 3067 842 3137 praecipitem
891 3068 1305 3138 pertinaciam,
1354 3069 1668 3125 admiscere
1712 3087 1847 3142 ope-

217 3157 378 3211 ribus
445 3175 766 3214 sermonem
834 3161 1040 3231 voluit,
1100 3179 1172 3216 ne
1236 3163 1383 3217 forte
1452 3163 1926 3264 desperationec

215 3252 400 3305 venias
443 3253 792 3322 pervicacius
833 3255 1254 3326 obniterentur,
1300 3274 1360 3310 ac
1409 3274 1507 3328 spe
1552 3258 1849 3328 promisso-

215 3361 350 3398 rum
379 3351 606 3416 possent
634 3347 925 3404 desistere.
955 3349 1210 3404 Suadere
1249 3351 1442 3423 itaque
1471 3352 1657 3423 ceepit,
1689 3369 1759 3407 ne
1791 3370 1849 3408 se

215 3443 399 3510 capta
440 3439 596 3494 urbis
636 3440 866 3495 excidiis
909 3443 1291 3512 involverent,
1336 3445 1847 3517 permitterentque

219 3548 353 3587 eam
398 3549 516 3587 suae
565 3535 844 3605 potestati,
885 3551 1013 3607 quae
1056 3539 1229 3591 armis
1266 3538 1388 3608 jam
1440 3545 1749 3607 teneretur,
1793 3543 1850 3594 et

216 3625 640 3682 circumvallata
682 3629 976 3684 obsidione
1028 3635 1392 3701 premeretur
1443 3633 1513 3686 ad
1562 3633 1844 3687 excidium

217 3735 587 3789 supremum,
641 3722 969 3777 cedentibus
1019 3740 1078 3778 se
1133 3724 1352 3778 veniam
1403 3725 1668 3780 daturum
1729 3743 1740 3780 :
1804 3727 1849 3780 si

218 3813 394 3868 modo
448 3814 536 3868 vel
590 3815 694 3869 sibi
751 3817 837 3870 vel
895 3817 1092 3888 patriae
1151 3820 1542 3887 consulerent,
1605 3836 1676 3874 ne
1735 3823 1849 3874 tota

215 3905 415 3960 civitas
477 3907 824 3963 dirueretur.
891 3911 1117 3965 Mandat
1169 3928 1395 3983 quoque
1454 3913 1732 3984 Josepho,
1791 3918 1849 3967 ut

213 4002 338 4071 ipse
369 4001 552 4070 patrio
584 4018 846 4058 sermone
877 4005 1022 4059 cives
1048 4005 1454 4076 alloqueretur,
1482 4011 1541 4060 ut
1567 4007 1710 4061 forte
1739 4008 1847 4079 (46)

215 4094 558 4149 contribules
614 4113 745 4151 suos
809 4097 894 4151 vel
952 4098 1074 4169 ipse
1132 4099 1481 4167 inﬂecteret,
1545 4104 1608 4154 ut
1665 4101 1846 4156 furori

217 4189 451 4259 proprio
495 4191 914 4246 renuntiarent.
965 4192 1067 4255 Qui
1119 4192 1250 4248 licet
1295 4193 1472 4248 effusa
1517 4195 1846 4250 Judaeorum

214 4282 277 4334 in
306 4297 368 4334 se
398 4281 528 4336 odia
557 4285 823 4352 novisset,
855 4290 1049 4339 tamen
1083 4290 1362 4357 quantum
1390 4303 1421 4342 a
1441 4288 1599 4358 jactu
1627 4289 1846 4359 sagittae

215 4373 450 4444 longius
478 4381 721 4446 poterat,
752 4383 1004 4432 remotus
1026 4396 1059 4432 a
1081 4379 1279 4443 muris,
1309 4381 1386 4434 ita
1412 4397 1544 4435 vero
1572 4388 1634 4436 ut
1661 4387 1848 4452 posset

215 4467 421 4537 audiri,
464 4469 757 4539 profutura
793 4471 1004 4526 civibus
1043 4476 1177 4528 noto
1218 4473 1321 4528 sibi
1365 4475 1614 4546 alloquio
1652 4491 1842 4546 prose-

213 4561 517 4632 quebatur.

846 4637 1066 4692 CAPUT
1101 4640 1208 4694 XV.

288 4748 510 4816 Fuerat,
544 4749 787 4817 Hebraei,
821 4751 1058 4806 humani
1085 4753 1302 4824 ingenii
1335 4755 1680 4810 contendere
1713 4773 1844 4827 per-

209 4841 497 4910 tinaciter,
525 4847 831 4914 antequam
861 4862 950 4900 res
977 4846 1048 4900 ad
1077 4863 1408 4918 supremum
1437 4847 1676 4916 veniret,
1709 4849 1843 4904 dum

207 4935 425 5006 putatis
468 4952 566 4990 vos
617 4938 742 4992 loco
798 4945 855 4993 et
910 4945 1058 4995 nota:
1110 4942 1360 5011 regionis
1409 4942 1672 4996 subsidiis
1727 4943 1845 4997 fore

206 5029 533 5100 superiores
567 5048 578 5084 :
611 5031 740 5086 licet
780 5035 1110 5088 convenerit
1147 5036 1458 5100 Romanos,
1498 5035 1645 5089 bello
1689 5037 1844 5090 insu-

207 5122 524 5192 perabiles,
583 5125 755 5178 armis
816 5143 930 5182 non
985 5129 1308 5198 provocari,
1362 5147 1391 5182 a
1443 5129 1646 5200 quibus
1702 5146 1846 5200 saepe

209 5216 341 5270 victi
371 5222 521 5283 sunt,
558 5219 658 5288 qui
688 5235 781 5274 vos
807 5221 1092 5288 vicerant;
1123 5222 1222 5277 sed
1262 5228 1450 5278 tamen
1489 5222 1660 5277 habet
1695 5224 1846 5278 hunc

210 5309 440 5380 lapsum
469 5310 783 5382 improvida
815 5331 978 5369 mens
1005 5315 1306 5370 hominum
1341 5317 1397 5369 in
1438 5317 1610 5372 rebus
1640 5335 1842 5373 secun—

209 5403 318 5470 dis,
347 5406 516 5461 simul
545 5407 682 5477 quia
721 5409 1063 5480 plerumque
1091 5409 1221 5464 belli
1248 5410 1454 5464 dubius
1481 5414 1717 5466 eventus
1749 5429 1761 5466 :
1793 5417 1848 5466 et

205 5500 337 5553 ideo
393 5517 452 5555 se
503 5502 901 5572 unusquisque
944 5503 1076 5557 forti
1125 5503 1234 5572 (47)
1288 5504 1596 5560 committit
1639 5505 1846 5562 virtute

206 5593 466 5649 inferior.
508 5595 800 5650 Postremo
830 5595 900 5651 de
940 5597 1117 5650 muris
1147 5597 1446 5667 superatis,
1480 5613 1592 5653 non
1636 5600 1849 5668 putatis

277 5724 374 5788 (44)
403 5724 652 5789 Sporum.
682 5725 862 5778 ΒΑΜ.

278 5796 378 5856 (45)
411 5795 679 5847 Putabant.
703 5797 784 5847 In.

275 5866 370 5930 (46)
407 5864 465 5914 Si
487 5865 640 5928 forte.
677 5867 758 5917 In.

454 5958 705 6020 Paraon.
754 5960 855 6022 XV
903 5961 1080 6036 (XIV,
1133 5982 1267 6025 PARS
1312 5964 1444 6042 11.).

1954 1949 2147 2002 omnia
2183 1946 2568 2016 subjecerunt,
2604 1944 2712 1997 nisi
2739 1960 2866 2014 quae
2899 1943 3077 1996 nimio
3116 1949 3257 1996 aestu
3307 1949 3407 1997 aut
3447 1944 3580 2014 gelu

1954 2043 2102 2095 invia
2133 2039 2306 2094 sunt?
2334 2040 2400 2092 Et
2427 2038 2556 2092 ideo
2579 2040 2737 2090 extra
2765 2038 3088 2091 Romanum
3129 2035 3454 2106 imperium,
3483 2036 3581 2107 qui

1955 2136 2153 2189 eadem
2227 2140 2385 2187 extra
2449 2147 2612 2186 usum
2683 2131 3001 2185 humanum
3065 2129 3300 2185 diversis
3360 2130 3583 2201 populis

1954 2231 2128 2283 Deum
2182 2243 2286 2298 per
2339 2226 2487 2280 vices
2539 2225 2758 2279 dedisse
2805 2223 3117 2294 potentiam
3172 2224 3283 2294 (48)
3329 2241 3343 2278 :
3395 2223 3582 2295 primo

1954 2323 2249 2393 .Egyptiis,
2301 2325 2430 2391 post
2465 2319 2691 2384 Judaeis,
2742 2317 2982 2388 Assyriis
3030 2332 3259 2388 quoque
3301 2324 3359 2371 et
3402 2319 3581 2372 Persis

1950 2415 2336 2471 auxiliatorem
2393 2413 2561 2466 fuisse
2615 2411 2802 2465 nullus
2848 2414 3049 2481 negat;
3101 2414 3300 2480 postea
3343 2426 3575 2466 conver-

1952 2525 2078 2564 sum
2118 2509 2186 2563 ad
2238 2509 2542 2572 Romanos,
2585 2521 2716 2559 cum
2758 2504 2848 2558 his
2889 2519 3283 2574 perseverare;
3334 2504 3579 2575 denique

1951 2604 2182 2658 cessisse
2233 2602 2341 2655 illis
2399 2600 2664 2654 universa
2717 2613 2921 2668 regna,
2977 2613 3213 2652 omnem
3266 2600 3475 2652 terram
3522 2599 3582 2653 in

1953 2696 2363 2766 possessionem
2416 2693 2632 2747 datam.
2691 2691 2840 2756 Quid
2894 2690 3051 2746 vobis
3102 2707 3230 2745 cum
3281 2690 3581 2746 victoribus

1954 2789 2226 2844 universae
2269 2791 2459 2856 terras,
2493 2785 2701 2857 quibus
2743 2788 2962 2839 secreta
2993 2783 3198 2838 Oceani
3237 2787 3293 2838 et
3327 2787 3582 2839 extrema

1953 2883 2121 2937 Indiae
2155 2882 2396 2953 parent?
2441 2880 2586 2944 Quid
2626 2882 2877 2934 attexam
2928 2877 3264 2948 Britannias,
3307 2877 3580 2934 interfuso

1952 2977 2095 3031 mari
2124 2993 2156 3030 a
2185 2981 2302 3029 toto
2342 2975 2480 3028 orbe
2526 2973 2752 3039 divisas,
2802 2978 2856 3026 et
2894 2989 2926 3026 a
2964 2971 3232 3026 Romanis
3277 2972 3336 3026 in
3384 2971 3578 3027 orbem

1951 3077 2235 3126 terrarum
2271 3067 2569 3123 redactas?
2608 3068 2823 3121 Tremit
2859 3067 2964 3121 hos
3007 3065 3207 3134 Scotia,
3248 3081 3374 3137 quae
3415 3067 3584 3120 terris

1953 3165 2090 3219 nihil
2136 3164 2337 3230 debet;
2391 3161 2586 3216 tremit
2635 3160 2878 3216 Saxonia
2923 3159 3207 3219 inaccessa
3255 3159 3580 3231 paludibus.

1953 3263 2010 3312 et
2051 3257 2219 3312 inviis
2264 3259 2427 3328 septa
2468 3254 2829 3326 regionibus.
2869 3255 3004 3318 Qum
3044 3253 3180 3308 licet
3217 3252 3351 3308 belli
3391 3269 3584 3308 curam

1951 3351 2212 3406 videatur
2236 3365 2471 3420 augere,
2499 3352 2557 3403 et
2596 3349 2720 3420 ipsa
2759 3348 3096 3418 frequenter
3123 3346 3346 3417 captiva
3381 3346 3582 3401 Roma-

1950 3445 2040 3499 nis
2070 3444 2308 3499 aecessit
2337 3442 2648 3513 triumphis
2677 3459 2689 3495 :
2721 3440 3140 3495 validissimum
3183 3456 3366 3510 genus
3401 3440 3587 3494 homi-

1952 3554 2091 3592 num
2121 3535 2474 3608 perhibetur,
2505 3539 2780 3606 praestans
2807 3533 3030 3588 caeteris
3062 3550 3074 3587 :
3104 3533 3354 3604 piraticis
3393 3537 3582 3588 tamen

1950 3629 2433 3702 myoparonibus,
2489 3645 2605 3682 non
2650 3627 2866 3681 viribus
2912 3626 3142 3690 nititur,
3197 3628 3348 3696 fuga:
3400 3628 3588 3696 potius

1950 3741 2123 3796 quam
2170 3723 2322 3778 bello
2369 3727 2586 3794 parata.
2639 3719 2746 3777 Sed
2798 3719 3045 3787 refertis,
3098 3720 3244 3774 mori
3297 3725 3582 3790 praestare,

1950 3834 2122 3890 quam
2163 3815 2492 3872 libertatem
2530 3813 2810 3869 amittere.
2850 3813 3086 3877 Quando
3125 3812 3281 3866 vobis
3319 3812 3446 3879 ista,
3488 3814 3583 3867 Ju-

1950 3912 2080 3981 daei,
2111 3911 2384 3966 successit
2412 3908 2732 3965 sententia?
2762 3910 2862 3962 aut
2887 3907 3118 3978 quando
3144 3906 3290 3976 apud
3323 3905 3586 3961 Hebraeos

1947 4006 2101 4061 utilis
2149 4005 2260 4059 fuit
2300 4004 2572 4070 servitus,
2620 4001 2868 4056 libertati
2919 3999 3106 4054 inutili
3152 4015 3266 4055 non
3316 3999 3586 4069 praelata?

1946 4100 2118 4156 Jacob
2145 4099 2266 4170 ipse
2297 4097 2623 4170 patriarcha
2642 4097 2701 4150 iu
2729 4097 3032 4166 Egyptum
3059 4093 3299 4149 deduxit
3321 4095 3586 4149 Hebraeos

1947 4211 2019 4249 ne
2046 4194 2300 4265 perirent
2329 4194 2503 4247 fame.
2548 4189 2976 4245 Descenderunt
3020 4188 3374 4259 patriarchas,
3418 4188 3586 4243 simul

1949 4287 2252 4342 duodecim
2309 4286 2411 4340 filii
2468 4286 2611 4355 ejus,
2665 4281 2936 4354 praeclara
2989 4282 3084 4336 illa
3134 4283 3360 4353 generis
3411 4284 3584 4336 nostri

1947 4381 2200 4436 exordia.
2245 4380 2325 4435 lbi
2357 4380 2530 4435 Judas
2561 4379 2651 4432 ille
2692 4377 2897 4432 nobilis
2931 4376 3263 4431 Iudaeorum
3304 4377 3582 4447 prosapia,

1949 4476 2045 4546 qui
2072 4490 2280 4529 nomen
2312 4473 2522 4544 populo
2552 4471 2728 4526 dedit.
2771 4470 2848 4525 lbi
2878 4469 3087 4538 Joseph
3124 4485 3294 4522 curru
3329 4469 3584 4523 sublimis

1867 4563 2004 4634 Det
2061 4570 2245 4639 equis,
2297 4566 2574 4636 subjicere
2627 4581 2684 4618 se
2741 4564 2798 4617 in
2852 4565 3191 4633 potestatem
3245 4562 3464 4630 maluit,
3525 4570 3584 4617 ut

1947 4663 2118 4717 aleret
2163 4677 2316 4727 suos,
2357 4675 2527 4730 quam
2572 4657 2642 4712 ad
2688 4655 2926 4728 originis
2971 4655 3221 4726 propria:
3267 4656 3582 4712 libertatem

1947 4755 2154 4810 redire.
2186 4755 2268 4809 lbi
2300 4752 2599 4822 Benjamin
2636 4750 2725 4822 pia
2765 4749 2966 4804 fraude
3007 4749 3268 4821 germani
3310 4755 3581 4812 retentus,

1947 4849 2233 4903 consensit
2281 4847 2408 4901 dolo
2441 4869 2450 4898 :
2488 4848 2625 4916 quia
2661 4861 2776 4899 non
2813 4847 2935 4898 erat
2974 4844 3188 4900 crimen
3230 4844 3438 4898 servire
3480 4861 3580 4915 po-

1945 4941 2304 4997 tentioribus.
2350 4940 2432 4996 Ibi
2475 4939 2779 4994 hereditas
2805 4955 3031 5006 eorum,
3061 4953 3192 4992 cum
3225 4940 3526 4992 vocaretur
3554 4954 3584 4989 ει

1946 5037 2117 5105 Mose,
2153 5040 2346 5090 tamen
2388 5035 2607 5088 haerere
2639 5031 3016 5088 desiderabat.
3047 5032 3136 5086 Sic
3176 5031 3428 5102 patribus
3461 5047 3581 5084 ves-

1949 5126 2050 5184 tris
2093 5129 2266 5184 etiam
2313 5128 2457 5182 dura
2503 5127 2740 5181 servitus
2787 5143 2901 5180 non
2946 5125 3296 5195 displicebat,
3338 5129 3403 5178 ut
3443 5127 3586 5196 peri-

1949 5223 2092 5278 culis
2136 5222 2538 5276 anteferretur.
2586 5218 2848 5276 Servistis
2893 5235 3033 5290 ergo
3078 5218 3372 5289 Egyptiis,
3416 5223 3583 5291 atque

1947 5317 2165 5372 utinam
2226 5315 2438 5370 semel!
2505 5313 2618 5368 Sed
2682 5329 2798 5368 non
2860 5313 3042 5367 solum
3109 5317 3241 5366 tunc
3305 5312 3581 5379 servistis,

1947 5410 2182 5483 quando
2223 5409 2465 5464 ccelestis
2507 5423 2650 5462 esca
2680 5405 2888 5479 pluviis
2924 5405 3258 5485 alimoniam
3299 5405 3585 5461 servitutis

1945 5499 2227 5560 extremae
2293 5501 2718 5574 praeferebatis;
2777 5499 2880 5555 sed
2947 5499 3118 5554 etiam
3186 5506 3384 5570 postea
3456 5500 3584 5554 victi

1948 5603 2119 5672 atque
2165 5597 2371 5669 captivi
2414 5593 2790 5651 descendistis
2831 5593 2886 5647 in
2939 5595 3265 5665 Egyptum,
3313 5610 3440 5648 cum
3480 5599 3582 5648 As-

2009 5732 2112 5922 $33))
2143 5731 2551 5862 gzcg'aldlbersis
2583 5797 2792 5863 populis
2830 5799 2967 5848 Deus
2995 5812 3090 5862 per
3124 5801 3257 5850 vices
3297 5803 3584 5866 potant-iam

1951 5873 2015 5922 de
2059 5875 2115 5919 it.
2147 5875 2223 5920 lo.

1990 5875 2115 5922 edit.
2147 5875 2223 5920 1[›.

3193 5969 3259 6026 ’71
