4128 6194
624 273 749 324 2251
2162 270 2245 323 AM

2347 272 2472 324 ()SII
3793 278 3898 328 225')

620 390 802 461 syrios
861 392 1219 462 refugeretis.
1272 392 1531 448 Servistis
1598 394 1777 448 etiam
1845 391 2087 463 Assyriis
2146 380 2250 461 per
2270 405 2329 479 Α
2351 392 2621 465 obsequia
2652 408 2941 448 servorum
2974 411 2986 448 :
3017 408 3351 465 quanquam
3377 392 3600 449 Romani
3626 394 3898 451 servitutem

620 484 806 540 multa
850 498 1136 541 annorum
1179 485 1481 553 curricula,
1526 491 1585 541 et
1634 486 1812 542 dulcis
1862 486 1958 540 illa
2010 484 2251 540 servitus
2350 502 2467 540 non
2510 487 2744 558 exigant
2790 490 3057 542 auctores
3096 486 3404 551 libertatis,
3449 485 3575 557 quia
3612 501 3715 541 non
3754 488 3898 545 solum

623 583 765 634 erat.
837 576 1096 635 Servistis
1159 578 1575 647 Macedonibus,
1638 578 1843 647 Persis,
1904 576 2252 635 Seleucensi-
2351 579 2633 635 immitem
2686 596 2883 652 regem
2928 583 3242 648 necarunt,
3292 578 3395 633 sed
3440 579 3606 634 etiam
3650 580 3903 651 superbum

617 672 727 727 bus
769 670 899 744 (49),
942 672 1259 728 Palaestinis
1288 690 1300 727 :
1330 673 1478 729 solos
1520 673 1812 730 Romanos
1853 670 2009 727 vobis
2049 688 2249 745 graves
2348 690 2463 729 non
2502 673 2653 745 passi
2680 677 2844 742 sunt;
2869 677 2927 731 et
2959 673 3088 730 ideo
3124 676 3431 744 augustum
3458 672 3599 744 apud
3626 688 3714 728 eos
3738 690 3905 731 nomen

620 765 853 838 putatis,
887 766 1097 838 quibus
1128 772 1185 823 et
1220 767 1304 822 illi
1339 766 1611 834 serviunt,
1652 767 1863 839 quibus
1903 783 2002 822 vos
2045 766 2251 821 servie-
2351 772 2438 822 est
2479 766 2726 839 imperii,
2768 766 2925 840 quod
2963 772 3175 839 augeat
3213 782 3368 832 suos,
3412 782 3521 821 non
3563 765 3701 837 quod
3738 766 3905 822 alienos

620 859 807 915 batis?
830 860 1033 916 Utrum
1061 860 1237 932 igitur
1261 861 1459 916 odium
1497 861 1583 916 bis
1617 861 1837 917 debetis
1871 877 1944 916 an
1982 861 2246 932 gratiam,
2351 860 2655 933 opprimat.
2683 861 2789 919 Sed
2820 864 2960 929 esto,
2994 860 3066 917 sit
3093 860 3231 915 utile
3256 858 3431 928 vobis,
3464 875 3573 913 non
3597 858 3798 914 obedire
3819 859 3901 914 im-

621 953 721 1025 qui
758 970 855 1009 vos
895 953 1143 1010 dominis
1185 955 1386 1010 vestris
1426 970 1596 1026 pares
1635 953 1933 1010 fecerunt?
1968 954 2250 1011 Ultionem
2349 954 2508 1026 perio
2551 955 2850 1011 Romano:
2890 953 3184 1009 videamus
3228 952 3273 1007 si
3314 952 3570 1019 liberum,
3605 950 3648 1005 si
3687 967 3787 1007 non
3822 954 3906 1007 exi-

620 1048 795 1104 vestri
833 1048 1004 1117 hanc,
1041 1064 1156 1103 non
1194 1047 1609 1105 contumeliam
1650 1054 1819 1120 puto;
1864 1048 1996 1121 quia
2036 1065 2132 1104 vos
2177 1049 2248 1103 de
2351 1048 2507 1105 tiale.
2562 1049 2781 1120 Urgent
2824 1065 2921 1103 vos
2971 1049 3243 1103 Romanas
3293 1046 3471 1114 acies,
3521 1047 3711 1116 urgent
3750 1045 3905 1116 patriae

620 1141 712 1197 his
754 1141 1201 1211 vindicaverunt,
1244 1142 1449 1213 quibus
1490 1141 1731 1213 subjecti
1777 1142 1964 1198 eratis.
2008 1140 2248 1198 Servitio
2348 1142 2550 1213 ruinae,
2576 1146 2747 1214 urget
2778 1140 2982 1213 templi
3008 1141 3325 1210 excidium;
3356 1156 3472 1196 non
3507 1138 3651 1211 quod
3689 1138 3806 1193 utile
3836 1139 3905 1207 sit,

622 1236 904 1309 premitur
938 1235 1212 1307 Assyrius,
1241 1235 1341 1307 qui
1379 1235 1527 1291 Asiae
1560 1236 1664 1291 toti
1700 1234 2083 1306 imperitabat.
2116 1239 2251 1291 Arat
2349 1235 2447 1292 sed
2473 1235 2629 1307 quod
2658 1235 2946 1307 possibile,
2976 1234 3331 1307 perpendite.
3362 1233 3487 1289 Non
3525 1232 3671 1286 enim
3692 1236 3907 1286 votorum

622 1328 917 1401 Egyptius
942 1329 1236 1396 Romanis,
1273 1328 1407 1384 ferit
1441 1328 1511 1385 de
1536 1346 1640 1384 suo
1677 1329 1830 1401 quod
1860 1329 1955 1385 ille
1982 1328 2091 1401 (50)
2124 1345 2245 1384 me-
2349 1329 2593 1401 species,
2662 1330 2757 1385 sed
2823 1328 3205 1401 possibilitatis
3268 1327 3414 1383 ratio
3478 1324 3767 1398 pensanda.
3824 1325 3909 1379 Lex

620 1426 722 1477 tat.
760 1421 1088 1477 Macedonia
1128 1437 1257 1494 quae
1296 1438 1478 1495 usque
1520 1422 1591 1478 ad
1634 1421 1820 1491 Indos,
1863 1422 2079 1478 devicta
2124 1423 2251 1480 Per-

622 1514 761 1586 side,
801 1515 1113 1587 imperium
1152 1514 1478 1585 diffuderat,
1522 1517 1781 1588 agnoscit
1815 1516 2079 1572 dominos
2105 1532 2249 1588 quos

616 1608 942 1682 ignorabat,
981 1613 1041 1665 et
1079 1608 1291 1665 frustra
1338 1626 1397 1666 se
1445 1610 1683 1683 regibus
1729 1610 1843 1665 suis
1889 1609 2249 1667 Eacidarum
2347 1609 2690 1682 potentiori:
2721 1612 2939 1678 taurus,
2978 1609 3131 1667 leoni
3164 1626 3177 1664 :
3209 1624 3429 1676 cervus,
3475 1622 3599 1662 urso
3631 1624 3642 1660 :
3672 1603 3909 1677 leopardo,

619 1718 832 1760 nomen
883 1704 1220 1776 imposuisse
1272 1704 1676 1760 reminiscitur.
1730 1704 1893 1766 Certe
1948 1721 2063 1761 non
2113 1704 2310 1778 alias_
2346 1720 2590 1778 caprea:
2620 1704 2843 1778 aquilas,
2882 1704 3188 1775 accipiter:
3217 1700 3493 1774 accipitri,
3534 1698 3797 1763 columba;
3830 1698 3909 1770 ipsi

619 1799 874 1867 cessisse,
912 1797 1023 1853 nisi
1063 1799 1137 1855 ad
1179 1800 1578 1855 Romanorum
1614 1798 1998 1871 triumphum,
2039 1772 2325 1871 quibusB
2350 1808 2545 1871 tauro,
2592 1799 2821 1872 juvenci
2866 1797 3162 1854 inferiores
3202 1814 3215 1851 :
3254 1795 3444 1863 arieti,
3496 1794 3679 1849 ovium
3726 1806 3908 1864 greges;

618 1895 679 1948 et
712 1893 837 1964 ipse
870 1892 1121 1965 Pyrrhus
1155 1892 1424 1948 Achilleae
1466 1892 1699 1961 sobolis,
1729 1896 1787 1948 et
1826 1892 2155 1965 prosapiam
2190 1896 2249 1949 et
2347 1896 2526 1965 hirco,
2553 1909 2727 1966 caper
2757 1910 2771 1948 :
2801 1909 2875 1949 ne
2912 1890 3115 1948 diversi
3154 1889 3383 1962 generis
3425 1904 3544 1945 esse
3579 1886 3810 1942 videatur
3841 1884 3912 1938 ali-

615 1985 957 2042 vocabulum
1014 1985 1347 2057 praeferens,
1404 1986 1582 2042 victus
1637 1986 1831 2055 armis,
1881 1987 1959 2042 ita
2008 2002 2066 2043 se
2118 2004 2247 2059 pro-
2346 2006 2458 2062 qua
2507 1987 2810 2057 distantia,
2854 2002 2953 2043 vos
2996 1983 3441 2056 potentioribus.
3490 1980 3720 2038 Romani
3761 1986 3911 2033 tamen

618 2078 917 2136 merendae
942 2079 1099 2151 pacis
1141 2078 1328 2135 studio
1364 2079 1620 2151 subjecit,
1651 2084 1716 2136 ut
1743 2080 1965 2137 veniam
1994 2085 2242 2153 rogaret.
2345 2083 2635 2140 neminem
2662 2080 2971 2153 expellunt,
3000 2095 3100 2135 vos
3130 2076 3427 2150 expulistis
3457 2094 3471 2132 ε
3502 2076 3615 2131 imo
3650 2074 3725 2129 illi
3757 2076 3910 2145 agunt,

616 2173 761 2229 Nam
795 2172 871 2228 de
901 2173 1213 2229 Palaestinis
1253 2173 1395 2245 quid
1437 2175 1661 2246 loquar,
1704 2191 1844 2246 quos
1890 2176 2059 2230 unius
2105 2190 2246 2246 prae-
2345 2194 2418 2233 ne
2447 2178 2575 2249 quis
2602 2174 2775 2231 etiam
2802 2174 2979 2229 victus
3014 2173 3086 2229 de
3124 2171 3291 2228 terris
3320 2170 3441 2227 suis
3466 2172 3665 2226 exeat:
3693 2165 3912 2224 Antiocho

616 2267 755 2323 sidis
782 2270 1026 2339 potestas
1056 2268 1317 2323 coercet?
1346 2268 1584 2340 Ingrati,
1612 2269 1893 2340 numquid
1918 2285 2035 2324 non
2060 2275 2246 2325 vestra
2346 2274 2568 2344 partem
2627 2268 2791 2341 regni
2844 2271 3228 2325 servaverunt.
3283 2266 3352 2321 Et
3400 2281 3555 2321 nunc
3602 2266 3768 2320 Ciesar
3812 2258 3913 2331 quid

616 2361 885 2418 nobilitas
938 2365 1024 2416 est
1073 2378 1204 2417 cum
1254 2360 1440 2417 Persis
1492 2361 1746 2417 servire?
1797 2362 1902 2418 hoc
1953 2365 2040 2417 est
2087 2362 2243 2419 enim
2346 2365 2499 2421 aliud
2544 2363 2767 2419 laborat
2805 2361 2918 2417 nisi
2965 2364 3026 2416 ut
3072 2366 3230 2416 terra
3268 2365 3454 2415 vestra
3502 2373 3615 2413 non
3652 2356 3912 2411 deseratur.

615 2454 824 2512 servire
854 2454 1143 2511 vobiscum
1173 2470 1360 2527 rcges,
1398 2472 1758 2529 regnumque
1801 2457 2113 2512 maximum
2150 2458 2245 2512 ha-
2345 2459 2503 2531 regio
2540 2463 2726 2514 vestra
2768 2472 2883 2511 non
2919 2457 3245 2525 evacuetur,
3276 2452 3480 2508 civitas
3516 2468 3631 2507 non
3669 2450 3914 2512 evertatur,

612 2550 754 2607 bere
814 2549 1034 2606 socium
1095 2549 1481 2621 subjectionis.
1546 2550 1654 2605 Sed
1721 2567 1947 2623 quaero,
2014 2551 2243 2622 quando
2344 2552 2627 2625 templum
2662 2567 2781 2607 non
2810 2547 3249 2606 concremetur?
3275 2547 3396 2603 Non
3438 2545 3699 2603 omnibus
3734 2538 3916 2597 victoria

617 2644 845 2700 fueritis
901 2643 1102 2712 liberi,
1167 2645 1267 2715 qui
1331 2660 1482 2699 nunc
1542 2643 1874 2700 servitutem
1936 2645 2245 2701 recusatis?
2347 2646 2533 2703 datur.
2580 2645 2778 2701 Paucis
2819 2659 3058 2716 praesse
3101 2646 3305 2698 natura
3348 2640 3534 2709 dedit,
3581 2636 3814 2711 pluribus
3843 2632 3914 2688 ob-

614 2737 853 2803 Quando
895 2753 1035 2810 ergo
1075 2736 1243 2792 liberi
1281 2736 1503 2793 fuistis?
1532 2738 1619 2794 vel
1657 2754 1790 2794 cum
1824 2737 1949 2793 aliis
1987 2739 2245 2795 domina-
2343 2745 2689 2812 temperare.
2716 2738 2884 2794 Tauri
2911 2736 3182 2793 armentis
3218 2735 3498 2803 eminent,
3536 2734 3731 2789 arietes
3765 2726 3913 2801 gregi-

616 2832 861 2901 remini,
917 2831 1016 2904 qui
1070 2831 1175 2887 sub
1232 2846 1369 2904 rege
1427 2832 1638 2887 eratis?
1693 2832 1997 2889 Habebatis
2048 2849 2246 2905 regem
2344 2834 2470 2890 bus.
2530 2835 2711 2890 Penes
2773 2848 2980 2906 paucos
3047 2829 3396 2897 eminentia,
3468 2844 3644 2901 penes
3695 2823 3919 2897 plurimos

615 2925 833 2993 Deum,
882 2925 1227 2998 repudiastis
1276 2939 1521 2997 regnum
1567 2926 1770 2999 ipsius,
1811 2926 1916 2982 sub
1971 2942 2084 2998 quo
2128 2928 2246 2983 solo
2345 2927 2746 2984 mansuetudo.
2776 2927 2844 2982 Et
2871 2941 2970 2981 vos
3000 2924 3216 2981 induite
3242 2920 3757 2988 mansuetudinem,
3782 2914 3916 2971 suscio

615 3020 785 3077 eratis
848 3018 1050 3090 liberi,
1117 3018 1373 3075 voluistis
1438 3020 1649 3076 servire
1716 3020 2065 3077 hominibus.
2132 3021 2247 3078 Cur
2344 3021 2460 3095 pits
2498 3022 2929 3094 subjectionem,
2956 3035 3134 3093 quam
3172 3018 3345 3075 etiam
3378 3018 3523 3073 feras
3558 3014 3803 3071 induunt.
3826 3010 3921 3065 Bac

612 3119 848 3187 patrum
920 3113 1192 3170 revellitis
1253 3115 1631 3169 testamenta?
1703 3114 2003 3170 hereditas
2069 3118 2127 3171 et
2185 3116 2321 3217 incl
2345 3132 2477 3172 cum
2529 3115 2747 3171 diceret
2794 3113 3094 3185 Josephus,
3146 3110 3614 3170 conviciabantur
3660 3108 3726 3163 de
3771 3118 3917 3210 muro.

613 3216 805 3281 patres
831 3214 1163 3263 contumax.
1195 3206 1458 3279 Elegistis
1494 3223 1691 3279 regem
1721 3208 1812 3263 cui
1844 3224 2054 3264 nomen
2093 3209 2241 3265 Saul.
2270 3200 2321 3217 “
2346 3209 2747 3266 Maledicebant
2789 3207 2946 3264 utilia
2981 3206 3263 3263 suadenti.
3299 3206 3564 3278 Plerique
3605 3204 3764 3259 etiam
3795 3200 3917 3270 jacu-

616 3301 814 3357 Occiso
851 3301 970 3371 illo,
1015 3300 1351 3355 Palestinus
1389 3298 1545 3355 vobis
1585 3302 1826 3373 populus
1852 3302 2197 3374 imperitavit
2228 3321 2240 3359 :
2344 3303 2610 3360 labantur
2647 3302 2907 3374 sagittas,
2934 3302 2979 3356 si
3019 3303 3253 3372 possent
3289 3315 3429 3355 eum
3469 3300 3654 3354 morte
3692 3292 3919 3365 afﬂigere.

615 3394 887 3450 successit
920 3398 1049 3465 post
1082 3396 1341 3465 tempora
1382 3393 1552 3449 David
1587 3394 1646 3448 in
1673 3394 1848 3450 totius
1882 3395 2082 3468 populi
2118 3411 2246 3469 reg—
2344 3400 2418 3453 At
2445 3396 2559 3465 ille,
2590 3396 2691 3469 qui
2720 3395 2975 3452 oratione
2997 3410 3114 3450 non
3139 3392 3412 3450 ﬂectebat
3435 3391 3755 3458 indomitos,
3781 3384 3919 3453 scrip-

614 3504 782 3558 num,
821 3487 1016 3543 mitior
1039 3486 1272 3560 quidem
1306 3488 1565 3555 domino,
1603 3488 1701 3544 sed
1730 3489 1998 3545 dominus
2030 3494 2241 3560 tamen,
2346 3495 2607 3547 turarum
2658 3505 2888 3563 quoque
2940 3487 3285 3545 testimoniis
3334 3483 3749 3543 conveniendus
3803 3474 3918 3534 arbi-

613 3582 775 3656 prius
828 3598 1001 3654 quam
1054 3581 1441 3653 requiesceret
1492 3581 1684 3650 David,
1741 3584 1896 3655 genti
1946 3588 2141 3640 tamen
2190 3589 2249 3640 et
2345 3584 2628 3652 trahatur,
2654 3581 2905 3639 maxime
2942 3582 3076 3654 quia
3112 3579 3382 3637 dicebant
3420 3580 3604 3635 Deum
3642 3572 3819 3646 templi
3858 3568 3922 3624 sui

614 3677 741 3749 ipse
784 3691 982 3747 regem
1021 3675 1308 3747 imposuit.
1346 3677 1395 3730 Α
1426 3674 1729 3732 Salomone
1773 3692 1969 3732 rursus
2011 3677 2245 3734 scissum
2348 3677 2616 3750 praesidio
2640 3693 2755 3734 non
2782 3675 3137 3733 defutumm.

614 3770 675 3827 in
703 3769 819 3826 duo
844 3785 1112 3842 regnum,
1135 3772 1196 3824 et
1222 3768 1403 3825 divisa
1427 3785 1531 3841 per
1559 3770 1793 3841 longam
1820 3770 2031 3827 seriem
2057 3771 2242 3828 domi-

614 3864 869 3921 nationis
933 3861 1260 3919 hazreditas.
1325 3863 1395 3919 Ut
1467 3864 1779 3919 transiliam
1853 3865 2210 3937 captivitates
2230 3908 2243 3933 _.

615 3958 796 4032 Cyrus
840 3958 1144 4030 plerosque
1193 3956 1362 4012 terris
1405 3957 1520 4012 suis
1559 3957 1782 4013 Iudaeos
1817 3961 1878 4013 et
1916 3959 2085 4015 sacris
2131 3961 2248 4015 suis

614 4052 884 4109 reddidit.
931 4051 1053 4107 Sed
1080 4054 1277 4123 patres
1315 4052 1487 4107 vestri
1524 4068 1654 4107 cum
1690 4053 1992 4108 Persarum
2035 4053 2248 4125 preliis

615 4146 887 4219 gravibus
911 4149 1311 4213 attererentur,
1343 4145 1601 4216 quamvis
1638 4145 1860 4201 nobiles
1898 4146 2243 4203 Machame-

614 4256 747 4297 rum
766 4239 1093 4311 triumphis,
1110 4239 1410 4311 elegerunt
1428 4238 1532 4294 sibi
1554 4240 1877 4295 Romanam
1901 4240 2244 4298 societatem.

614 4335 791 4390 Tenet
829 4334 1124 4407 Scriptura
1153 4332 1262 4405 (5t)
1290 4332 1487 4388 divina
1527 4333 1844 4389 multarum
1884 4337 2049 4407 pacta
2085 4335 2245 4408 lega-
2349 4333 2638 4389 nimenta?
2660 4330 2995 4398 Temerarii,
3026 4330 3290 4401 inquam,
3319 4334 3375 4383 et
3411 4332 3726 4383 vestrorum
3759 4323 3921 4377 imme-

613 4429 857 4486 tionum.
889 4428 1042 4484 Facti
1087 4427 1221 4482 estis
1257 4428 1653 4483 Romanorum
1694 4428 1884 4496 amici,
1912 4430 2009 4501 qui
2047 4431 2246 4486 Persa-
2346 4443 2536 4483 mores
2562 4424 2925 4493 auxiliorum,
2952 4426 3119 4479 scuta
3138 4425 3195 4477 et
3223 4422 3446 4493 gladios
3485 4419 3737 4493 parastis,
3772 4411 3923 4470 ethoc

616 4539 751 4579 rum
811 4522 956 4578 servi
1018 4520 1224 4576 fuistis.
1282 4520 1388 4577 Sed
1448 4537 1644 4576 rursus
1705 4522 1984 4577 maluistis
2043 4539 2245 4596 regem
2265 4514 2325 4586 D
2345 4522 2643 4577 adversum
2671 4520 2973 4575 Romanos.
3000 4518 3122 4572 Non
3145 4514 3355 4572 talibus
3384 4516 3565 4570 armis
3591 4515 3801 4568 vincere
3816 4504 3925 4561 3010-

2346 4615 2511 4670 batis.
2535 4613 2777 4679 Quando
2813 4612 2965 4667 enim
3000 4610 3057 4665 in
3084 4611 3247 4665 hasta
3269 4614 3326 4665 et
3355 4608 3553 4681 gladio
3578 4607 3683 4662 fuit
3714 4600 3925 4659 Hebraeo-

2347 4724 2477 4764 rum
2504 4706 2776 4763 victoria?
2804 4704 3203 4762 Recordamini
3233 4702 3387 4759 unde
3426 4703 3559 4770 orti,
3605 4706 3658 4755 et
3697 4714 3728 4753 a
3762 4692 3927 4767 quibus

2349 4803 2467 4858 sitis
2507 4801 2781 4874 profecti,
2825 4799 3115 4871 quomodo
3162 4802 3351 4870 patres
3392 4795 3571 4851 vestri
3613 4792 3788 4849 hostes
3823 4795 3927 4840 διιο³

2347 4896 2601 4952 vicerint.
2637 4894 2962 4963 Temerarii,
2990 4908 3163 4965 quem
3192 4890 3349 4947 vobis
3375 4889 3702 4961 adjutorem
3727 4877 3923 4952 erime

2348 4992 2438 5059 tis,
2477 4990 2614 5046 dum
2665 4988 2848 5044 aliena
2894 4986 3147 5043 subsidia
3194 4984 3535 5057 deposcitis?
3572 4983 3690 5038 Non
3726 4978 3778 5033 in
3810 4969 3925 5027 mul-

2346 5083 2597 5141 titudine
2661 5083 2878 5155 p0puli,
2944 5081 3039 5138 sed
3100 5081 3160 5136 in
3222 5079 3429 5135 timore
3492 5078 3593 5133 Dei
3649 5079 3794 5146 pater
3843 5065 3925 5133 (53}

2347 5178 2639 5234 Abraham
2687 5175 3010 5248 penetravit
3056 5175 3395 5245 Egyptum;
3442 5175 3503 5227 et
3549 5185 3675 5225 cum
3714 5160 3923 5221 abdch

2349 5270 2612 5344 conjugis
2638 5270 2920 5343 captivam
2945 5268 3164 5325 videret
3198 5265 3557 5339 pudicitiam,
3596 5261 3735 5318 bello
3770 5263 3923 5312 tamen

2408 5404 2503 5466 (51)
2551 5401 2722 5453 Vides
2766 5403 2828 5451 ut
2877 5397 3265 5451 Machabaicos
3309 5396 3502 5457 libros,
3528 5395 3610 5466 in
3661 5387 3843 5456 quibus
3871 5390 3924 5466 gl

2348 5451 2553 5527 tradere
2593 5451 2968 5538 exponuntur,
2996 5472 3188 5521 noster
3229 5451 3835 5538 appellet'Scn'pt-um.

2346 5524 2544 5597 sinuin.
2590 5524 2686 5595 Sic
2730 5546 2786 5593 et
2828 5524 3085 5606 superius
3128 5540 3185 5590 in
3233 5524 3471 5601 huiusce
3521 5524 3701 5606 operis
3738 5524 3922 5596 prol°8°

2348 5614 2734 5669 Machabaicos
2770 5603 2940 5664 libros
2977 5609 3336 5664 Θεοπνεύστους.
3366 5606 3654 5667 Mazacam,
3683 5603 3715 5652 ι.
3739 5614 3800 5659 c.,
3827 5606 3920 5662 909.

2348 5689 2458 5751 788,
2489 5687 2600 5738 852.

2412 5756 2506 5821 (53)
2534 5755 2879 5806 Sacerdotem.
2911 5754 3088 5806 Buta.

2410 5828 2504 5893 (58)
2529 5826 2719 5879 Codex
2749 5831 2884 5888 vet.,
2916 5824 3203 5892 presbyter.
3234 5824 3313 5875 In.

2348 1439 2555 1495 nempe
2593 1428 2811 1479 naturae
2854 1423 3049 1479 eadem
3096 1420 3360 1477 omnibus
3388 1419 3718 1485 hominibus,
3751 1417 3905 1473 volati-

2347 1515 2516 1587 libus,
2560 1516 2715 1585 feris,
2764 1516 2959 1572 bestiis
3001 1516 3211 1586 infusa,
3263 1518 3325 1569 ut
3374 1513 3744 1585 unusquisque
3782 1510 3908 1566 cedat

2968 3866 3186 3923 CAPUT
3222 3865 3354 3921 XVI.

2416 4048 2749 4119 Temerarii,
2777 4048 3059 4104 nunccine
3086 4048 3317 4103 demum
3348 4044 3510 4101 vobis
3538 4043 3779 4100 divinum
3799 4035 3917 4094 auxi-

2347 4145 2488 4200 lium
2518 4143 2826 4200 aﬂ'uturum
2852 4141 3115 4215 speratis,
3144 4140 3377 4213 quando
3402 4134 3801 4213 permiscuistis
3826 4146 3919 4186 om-

2346 4238 2442 4294 nia
2465 4238 2637 4306 bello,
2666 4236 2867 4293 altaria
2894 4235 3164 4302 violastis,
3192 4233 3446 4291 diruistis
3472 4233 3648 4290 totius
3674 4228 3812 4286 urbis
3830 4238 3922 4280 mn-

615 4616 846 4686 habere,
886 4631 1061 4687 quam
1099 4613 1456 4671 sacerdotum
1496 4615 1611 4687 (52)
1658 4614 1976 4688 principem
2014 4616 2107 4672 cui
2145 4634 2244 4689 po-

614 4711 785 4783 pulus
809 4708 1248 4780 obtemperaret,
1278 4723 1411 4763 cum
1439 4707 1657 4763 saevitia
1696 4713 2011 4764 vestrorum
2040 4726 2247 4782 regum

614 4808 765 4861 esset
792 4802 1204 4859 intolerabilis:
1238 4801 1511 4857 defuncto
1555 4802 1797 4870 Herode,
1840 4802 2006 4874 pulso
2046 4804 2248 4860 Arche.

611 4900 727 4967 lao,
773 4898 877 4954 sub
917 4899 1136 4953 Caesare
1186 4912 1307 4953 esse
1360 4897 1616 4953 Romano
1658 4897 2063 4969 postulavistis.
2111 4899 2244 4953 Tra-

620 4993 839 5049 didistis
878 5008 978 5048 vos
1029 4991 1258 5057 Caesari,
1312 4989 1402 5046 cui
1451 4990 1698 5047 servistis
1746 5007 1950 5047 omnes
1992 4992 2063 5047 ad
2115 5008 2244 5048 mu-

618 5086 857 5144 tandum
901 5087 961 5141 in
1010 5083 1216 5141 melius
1260 5082 1576 5140 servitium.
1633 5086 1696 5140 In
1746 5085 2044 5140 communi
2096 5086 2247 5141 enim

616 5180 942 5239 conditione
992 5180 1386 5235 universorum
1435 5178 1664 5247 servire,
1706 5178 1968 5250 quaedam
2020 5178 2248 5235 libertas

620 5280 707 5332 est
738 5294 750 5331 :
783 5274 1056 5348 quoniam
1095 5272 1370 5344 dignitate
1405 5271 1829 5327 dominantium
1868 5272 2249 5329 honestantur

682 5407 778 5470 (49)
822 5404 946 5457 Hoc
984 5408 1085 5467 est,
1130 5402 1460 5456 Seleucidis.
1503 5406 1577 5455 At
1624 5402 1717 5455 hic
1759 5402 2004 5455 dubitari
2046 5408 2243 5468 potest,

612 5482 801 5529 utrum
821 5490 935 5527 uno
957 5477 1153 5541 spiritu
1184 5476 1357 5527 Persis
1381 5473 1797 5527 Selsucisnsibus
1820 5474 2123 5539 legendum
2150 5476 2240 5537 sit,

614 5553 883 5613 tanquam
931 5549 977 5599 si
1027 5548 1175 5612 prior
1222 5561 1332 5599 vox
1384 5559 1562 5612 genus
1610 5559 1914 5609 summum,
1968 5548 2139 5599 altera
2191 5548 2248 5596 τὸ

617 5617 899 5679 διοριστικὸν
946 5630 1048 5668 seu
1094 5617 1456 5669 differentiam
1514 5618 1833 5678 contineat;
1880 5631 1951 5668 an
1990 5630 2122 5670 vero
2166 5630 2248 5669 eas

617 5698 786 5735 voces
809 5685 1162 5737 distinctione
1187 5688 1366 5737 media
1401 5690 1507 5739 sint
1551 5686 1926 5739 secernendse.
1955 5687 2244 5749 Mazaca,

628 5756 661 5805 ι.
691 5767 758 5808 c.,
784 5766 910 5815 pag.
944 5756 1054 5805 788.

696 5825 788 5891 so)
818 5824 943 5871 nus.
976 5826 1149 5877 una.
