4128 6194
202 303 352 356 2253

1251 305 1336 360 DE
1377 304 1642 362 EXCIDIO
1680 306 1880 363 URBIS
1918 307 2272 365 HIEROSOL.
2314 310 2440 364 LIB.
2483 311 2542 364 V.

3427 311 3567 363 2254

203 421 508 489 abstinuit,
549 422 854 496 assumpsit
892 424 1002 496 piae
1043 425 1319 482 orationis
1360 444 1538 497 arma,
1578 430 1836 485 defenso-
1861 444 1918 517 Α
1941 433 2210 487 defendit.
2242 433 2470 488 Gedeon
2501 447 2729 504 quoque
2765 433 3044 488 trecentos
3075 431 3222 487 viros
3250 432 3322 486 ad
3352 430 3566 487 bellum

202 532 327 570 rem
367 516 630 571 adhibuit
665 517 762 589 qui
799 519 1116 576 dormiente
1148 537 1216 576 eo
1253 521 1503 578 vinceret
1541 527 1597 578 et
1633 540 1835 595 expug-

202 614 342 664 nato
384 610 545 666 hoste
591 611 998 669 intaminatam
1037 615 1142 669 sibi
1185 616 1490 687 conjugem
1529 634 1839 689 repraesen-

201 707 376 759 taret.
419 704 581 759 Redit
618 705 753 760 Sara
790 707 909 761 sine
951 709 1146 777 armis,
1189 711 1445 764 referens
1482 711 1602 765 viro
1641 711 1839 766 trium-

201 798 438 868 phalem
470 799 782 854 victoriam.
820 802 1144 856 Dormiebat
1175 803 1487 872 Abraham,
1520 809 1576 858 et
1609 809 1835 876 torque-

200 892 374 946 batur
426 892 660 947 Pharao.
710 894 989 949 Metuebat
1033 897 1188 963 Sara,
1240 900 1298 950 et
1346 897 1566 952 Pharao
1620 899 1835 953 crimen

202 985 473 1055 negabat.
529 985 803 1055 Ejiciebat
845 987 1124 1055 alienam,
1171 994 1229 1043 et
1281 991 1553 1046 damnato
1599 992 1839 1046 crimine

205 1083 529 1137 honorabat
564 1083 980 1152 castimoniam,
1009 1102 1178 1156 quam
1210 1088 1453 1158 spoliare
1491 1088 1839 1143 desiderave-

205 1179 314 1230 rat.
345 1176 586 1230 Additur
609 1193 812 1231 aurum
841 1181 897 1231 et
927 1186 1230 1249 argentum
1262 1182 1331 1235 ad
1363 1184 1513 1236 Saree
1540 1184 1838 1252 pudorem,

205 1272 269 1322 ut
322 1269 738 1324 condemnaret
790 1271 1144 1326 voluntatem
1197 1273 1468 1329 facinoris
1523 1281 1835 1346 expertem.

207 1363 464 1433 Rogabat
492 1369 715 1436 patrem
748 1363 1051 1434 Abraham,
1082 1370 1146 1420 ut
1171 1383 1276 1437 pro
1310 1384 1408 1421 sua
1435 1369 1506 1422 ad
1538 1370 1841 1424 Dominum

205 1456 427 1510 familia
467 1457 892 1529 deprecaretur.
934 1459 1068 1513 Erat
1104 1460 1257 1514 enim
1299 1462 1611 1516 infecunda
1641 1462 1843 1516 domus

207 1550 352 1620 ejus.
401 1553 636 1606 Remeat
683 1551 818 1606 Sara
865 1551 1036 1606 ditior
1081 1554 1236 1608 salvo
1282 1555 1498 1625 pudore
1553 1573 1564 1608 :
1608 1557 1843 1610 revertit

205 1644 492 1700 Abraham
539 1644 820 1713 sanctior,
861 1646 961 1716 qui
1021 1647 1342 1718 conjugalis
1401 1649 1690 1720 pudicitia:
1748 1667 1840 1702 re-

209 1739 668 1794 munerationem
706 1738 1021 1793 sterilitatis
1054 1741 1307 1796 remedio
1347 1743 1839 1812 compensavisset.

207 1831 353 1895 Quid
399 1831 468 1886 de
509 1831 626 1885 ﬁlio
667 1832 791 1902 ejus
836 1834 986 1887 Isaac
1029 1833 1270 1903 loquar?
1303 1837 1348 1888 ls
1390 1853 1614 1906 quoque
1661 1818 2308 1907 patrioBcomperisset

210 1925 398 1979 fretus
424 1926 771 1993 munimine,
795 1926 1062 1982 adversus
1084 1928 1312 1982 finitimi
1336 1931 1579 1998 potentis
1605 1931 1848 1984 insolen-

209 2018 374 2086 tiam,
409 2036 525 2075 non
556 2024 799 2076 armatas
830 2021 1095 2091 produxit
1123 2022 1298 2092 acies;
1329 2029 1387 2078 et
1415 2029 1566 2078 certe
1603 2024 1850 2078 habebat

211 2128 442 2167 cccxvm
475 2114 911 2168 vernaculorum
947 2115 1199 2169 validam
1233 2132 1491 2184 manum,
1519 2134 1646 2188 qua)
1685 2134 1848 2187 reges

213 2207 471 2276 quinque
493 2206 640 2262 bello
660 2213 1049 2278 superaverat,
1071 2209 1260 2280 spoliis
1287 2215 1538 2277 exuerat,
1562 2211 1850 2280 captivum

214 2300 321 2354 Lot
345 2299 586 2356 Abrahze
613 2304 818 2370 patruo
846 2300 1190 2356 restituerat.
1216 2303 1336 2357 Non
1369 2303 1622 2373 gladium
1647 2305 1850 2375 vagina

215 2393 394 2460 exuit,
435 2393 536 2447 sed
579 2394 759 2448 solam
801 2394 1102 2450 adversum
1149 2395 1470 2451 invidentes
1512 2396 1848 2466 patientiam

216 2487 426 2554 induit,
474 2487 892 2558 simplicitatem
946 2488 1142 2544 retulit
1184 2513 1192 2541 :
1238 2497 1517 2544 venerunt
1560 2499 1847 2560 rogantes,

212 2581 316 2652 qui
362 2581 863 2636 exterminandum
906 2582 1418 2652 denuntiaverant;
1472 2590 1852 2654 poposcerunt

213 2673 548 2742 amicitiam,
577 2675 670 2746 qui
712 2674 1024 2730 finitimum
1067 2693 1184 2731 non
1223 2677 1498 2731 ferebant.
1537 2677 1850 2731 Contremi-

217 2782 318 2822 sco
349 2773 500 2823 tanta
534 2772 764 2838 patrum
801 2786 1097 2825 recensere
1133 2770 1416 2824 mirabilia
1445 2787 1458 2824 :
1487 2771 1655 2824 Jacob
1690 2787 1848 2824 sanc-

214 2867 333 2929 tus,
388 2861 530 2916 Esau
581 2863 754 2917 fratre
804 2863 1174 2934 parricidium
1231 2864 1554 2931 minitante,
1608 2865 1850 2934 patriam

217 2953 473 3024 reliquit,
514 2959 780 3026 parentes
825 2955 1098 3025 deseruit,
1134 2956 1305 3011 solius
1343 2973 1536 3011 secum
1582 2957 1853 3011 orationis

212 3047 413 3102 ferens
441 3048 739 3118 viaticum;
772 3050 1094 3121 meritoque
1129 3050 1185 3103 in
1213 3050 1531 3120 peregrinis
1557 3050 1699 3104 locis
1725 3067 1853 3104 cum

215 3141 413 3196 fratris
445 3146 732 3198 metueret
756 3143 1003 3211 insidias,
1035 3151 1090 3198 et
1128 3143 1427 3198 hominum
1460 3144 1729 3198 comitatu
1767 3147 1851 3197 at-

217 3250 334 3305 que
381 3235 590 3290 auxilio
638 3243 852 3308 egeret,
905 3237 1122 3292 invenit
1173 3238 1507 3308 angelorum
1559 3237 1856 3292 consilium

218 3328 330 3397 (54)
367 3344 380 3381 :
413 3328 719 3398 perductus
763 3329 844 3400 (ut
890 3331 986 3401 ait)
1029 3331 1098 3385 ad
1140 3334 1324 3385 castra
1372 3332 1488 3398 Dei,
1528 3332 1856 3385 colluctatus

218 3425 307 3475 est
356 3421 630 3492 Domino;
686 3428 743 3478 et
790 3424 934 3478 sicut
981 3424 1122 3478 dixit
1172 3424 1458 3496 Scriptura
1507 3442 1518 3479 :
1564 3426 1852 3480 Praevaluit

219 3515 361 3582 Deo,
391 3516 484 3586 qui
517 3517 794 3587 imparem
822 3533 878 3572 se
907 3517 1232 3572 hominibus
1260 3518 1640 3573 arbitrabatur
1672 3520 1854 3590 (Gem,

219 3624 394 3676 xxxii,
459 3610 568 3664 28).
634 3609 781 3674 Quid
846 3611 998 3665 aliud
1062 3613 1236 3666 Moses
1299 3613 1598 3666 adversum
1663 3629 1857 3684 regem

219 3702 622 3773 A-Igyptiorum
673 3704 1098 3776 exercitumque
1149 3711 1205 3760 et
1250 3705 1521 3760 dracones
1563 3706 1704 3775 ejus,
1749 3706 1857 3759 nisi

218 3795 403 3849 solam
443 3796 661 3867 virgam
703 3797 952 3852 levavit?
999 3798 1042 3852 Ο
1085 3804 1290 3869 potens
1330 3800 1526 3869 virga,
1576 3816 1702 3870 quae
1746 3815 1854 3853 coe-

219 3891 343 3943 lum
375 3889 623 3944 tenebris
656 3890 972 3957 obduxerit,
1005 3896 1216 3946 terram
1247 3892 1526 3946 imbribus
1558 3893 1860 3947 inundave-

219 3983 333 4051 rit,
385 3982 682 4038 siccaverit
728 3985 899 4038 maris
945 3985 1184 4039 ﬂuctus!
1242 3987 1551 4040 Cinxerant
1599 3987 1858 4041 Hebraeos

220 4076 493 4147 Egyptii,
522 4077 724 4132 orabat
757 4079 954 4147 Moses,
985 4084 1040 4133 et
1073 4095 1186 4133 non
1220 4079 1525 4134 dimicabat
1561 4097 1574 4132 :
1614 4081 1856 4135 divisum

221 4175 308 4224 est
348 4186 530 4237 mare,
561 4174 617 4226 et
655 4173 899 4242 populus
938 4173 1190 4242 intravit,
1232 4174 1577 4245 sequebatur
1617 4174 1852 4230 Pharao.

220 4263 403 4318 Moses
447 4265 600 4320 inter
640 4265 844 4321 fluctus
895 4267 1113 4337 positus
1150 4268 1349 4322 orabat
1385 4285 1397 4322 :
1443 4268 1738 4324 demersus
1778 4274 1861 4323 est

225 4372 362 4412 cum
404 4357 516 4411 suis
562 4359 805 4428 Pharao,
853 4360 1113 4414 cantabat
1155 4362 1366 4432 Moyses
1403 4363 1622 4432 (Exod,
1660 4379 1750 4429 xv,
1783 4363 1857 4431 4).

229 4451 372 4515 Quis
396 4451 516 4506 haec
543 4456 601 4506 et
622 4453 754 4507 talia
773 4454 1136 4508 considerans
1163 4471 1276 4509 non
1304 4455 1636 4524 admiretur,
1665 4462 1719 4510 et
1745 4473 1857 4510 non

1941 526 2136 595 elegit,
2182 527 2527 598 eosdemque
2578 543 2693 580 non
2739 543 2899 580 arma
2940 526 3232 597 praeferre,
3279 527 3378 581 sed
3421 543 3569 598 mys~

1937 620 2079 674 teria
2107 619 2376 691 praecepit
2405 637 2417 674 :
2451 619 2507 674 in
2536 635 2713 674 manu
2745 621 2882 674 laeva
2920 618 3147 690 hydrias
3186 635 3334 691 aqua
3371 621 3568 690 plenas

1938 717 2158 780 tenere,
2196 715 2253 767 in
2284 714 2510 768 dextera
2534 715 2684 768 faces
2713 733 2723 767 :
2754 730 2869 785 qua
2895 713 3080 785 specie
3119 714 3356 783 perculsi
3385 713 3569 767 hostes

1938 807 2138 877 fugere
2181 806 2349 874 illico,
2385 814 2553 878 atque
2595 808 2668 862 ad
2710 807 2972 862 Hebraeos
3011 807 3248 861 victoria
3288 807 3566 876 pervenit.

1940 900 2269 955 Intermissa
2301 908 2423 954 erat
2453 917 2643 956 saecrae
2675 918 2808 955 cura
2834 900 3129 971 religionis
3162 899 3281 953 Heli
3311 900 3570 954 sacerdo-

1939 994 2010 1048 tis
2045 994 2418 1064 negligentia,
2455 995 2642 1049 divina
2681 995 2917 1064 imperia
2957 994 3369 1048 deserebantur
3406 993 3515 1065 (55}
3558 1012 3568 1047 :

1941 1087 2262 1157 irrogatum
2322 1088 2392 1142 ab
2447 1088 2754 1158 Allophylis
2797 1087 3092 1158 przelium,
3135 1087 3265 1142 victi
3316 1087 3569 1152 Hebraei,

1942 1183 2110 1251 capta
2152 1181 2324 1235 etiam
2374 1197 2506 1235 arca
2557 1182 2657 1236 Dei
2703 1186 2808 1246 est,
2856 1187 2910 1236 et
2959 1182 3078 1235 sine
3125 1182 3300 1235 armis
3351 1181 3573 1235 reddita

1942 1273 2054 1327 illis
2098 1292 2110 1327 :
2156 1291 2270 1345 quo
2313 1274 2524 1329 indicio
2568 1276 2788 1340 claruit,
2839 1276 2986 1346 quod
3038 1281 3096 1330 et
3137 1275 3259 1329 sine
3302 1275 3572 1344 religione

1941 1385 2102 1423 arma
2142 1384 2252 1422 non
2295 1369 2542 1438 vincant,
2585 1375 2640 1424 et
2686 1369 3022 1438 religionem
3069 1368 3190 1422 sine
3241 1369 3415 1422 armis
3452 1369 3572 1422 vin—

1943 1479 2088 1517 cere.
2123 1463 2382 1516 Ezechias
2407 1479 2528 1528 rex,
2562 1463 2747 1516 infuso
2778 1463 3142 1533 Assyriorum
3177 1463 3385 1534 populo
3416 1464 3570 1532 genti

1941 1556 2183 1624 Iudaeae,
2230 1573 2360 1609 cum
2406 1572 2536 1610 voce
2580 1557 2847 1611 Rabsacis
2887 1557 3132 1627 imperio
3182 1557 3573 1610 Sennacherib

1943 1649 2117 1720 regis,
2149 1665 2275 1719 quae
2315 1649 2370 1701 in
2416 1651 2591 1703 Deum
2623 1650 2960 1720 jacerentur
2995 1648 3264 1714 convicia,
3301 1665 3428 1719 quae
3470 1665 3572 1719 po-

1944 1744 2100 1813 pulo,
2147 1759 2317 1812 quam
2364 1759 2629 1813 suprema
2679 1743 2853 1796 exitia
2901 1742 3396 1808 denuntiarentur,
3437 1744 3575 1796 satis

2370 1853 2380 1889 :
2443 1835 2898 1903 insinuantibus,
2965 1853 3076 1890 non
3133 1835 3305 1889 verba
3361 1836 3574 1896 verbis,

1950 1946 2054 1984 nec
2105 1946 2263 1983 arma
2317 1929 2490 1982 armis
2538 1930 2839 1983 referenda
2889 1929 3179 1984 credidit:
3224 1929 3320 1982 sed
3378 1945 3575 1984 exsur-

1951 2038 2112 2094 gens,
2141 2023 2323 2076 cilicio
2365 2040 2421 2076 se
2467 2026 2527 2076 ut
2566 2025 2724 2076 scuto
2767 2021 2953 2076 induit
2990 2040 3000 2074 :
3036 2038 3140 2092 pro
3184 2023 3346 2092 galea
3390 2022 3580 2076 cinere

1949 2122 2120 2187 caput
2145 2116 2286 2170 texit
2319 2133 2330 2168 :
2365 2132 2464 2185 pro
2495 2115 2695 2192 jaculis
2737 2115 3058 2169 orationem
3098 2115 3340 2168 intorsit.
3371 2119 3576 2169 Ascen-

1951 2209 2034 2262 dit
2083 2210 2297 2274 oratio,
2345 2203 2640 2263 desccddit
2688 2210 2956 2278 angelus,
3009 2225 3155 2263 cassa
3202 2225 3304 2279 per
3352 2211 3583 2262 noctem

1949 2303 2306 2373 Assyriorum
2350 2319 2557 2356 CLxxxv
2600 2303 2779 2356 millia
2813 2303 3091 2356 cadavera
3126 2303 3581 2367 numeravimus;

1955 2411 2341 2466 percussorem
2370 2412 2486 2450 non
2516 2395 2779 2450 vidimus.
2811 2395 3197 2450 Praeterieram
3225 2395 3298 2449 de
3326 2396 3582 2466 quinque

1953 2489 2201 2560 regibus,
2244 2506 2387 2560 quos
2430 2489 2745 2543 inconsulto
2787 2490 3030 2543 Domino
3070 2489 3286 2542 bellum
3328 2489 3581 2553 adorsos,

1952 2599 2057 2652 per
2105 2583 2391 2636 desertum
2442 2585 2727 2650 meantes,
2773 2599 2935 2653 aqua!
2977 2583 3169 2653 inopia
3215 2582 3584 2636 vehementer

1953 2675 2218 2730 afﬂictare
2263 2681 2531 2747 coeperat,
2579 2676 2846 2747 ipsosque
2891 2679 2949 2729 et
2991 2692 3169 2746 equos
3213 2691 3411 2729 eorum
3462 2676 3584 2728 sitis

1954 2786 2174 2823 vexare.
2205 2769 2518 2823 Necessitas
2556 2770 3006 2839 praetermissum
3044 2769 3295 2823 officium
3332 2769 3585 2838 reparari

1953 2863 2154 2932 coegit.
2205 2864 2335 2916 Erat
2377 2863 2531 2916 enim
2581 2879 2680 2916 rex
2725 2864 2892 2916 Israel
2945 2863 3244 2933 negligens
3292 2863 3441 2916 circa
3485 2862 3586 2916 Dei

1955 2958 2168 3010 cultum
2231 2980 2238 3007 :
2299 2956 2622 3010 admonitus
2679 2960 2871 3010 tamen
2927 2955 2996 3009 ab
3049 2956 3196 3022 aliis,
3252 2963 3313 3008 ut
3363 2956 3586 3012 Domini

1955 3050 2294 3121 prophetam
2324 3050 2657 3120 requireret,
2685 3049 2950 3120 cognovit
2976 3049 3261 3118 Elisaenm,
3286 3050 3356 3104 ab
3384 3049 3588 3124 iisdem

1956 3144 2014 3198 in
2055 3144 2261 3215 quibus
2307 3144 2583 3214 degerent
2634 3143 2791 3210 locis,
2825 3159 2943 3198 non
2989 3143 3157 3215 longe
3198 3143 3398 3197 abesse
3435 3161 3447 3196 :
3485 3144 3585 3196 mi-

1960 3255 2082 3293 sere
2119 3244 2345 3292 oratum
2387 3237 2663 3292 auxilium
2693 3237 2991 3304 orationis,
3027 3244 3086 3291 et
3113 3237 3365 3292 remedia
3402 3253 3592 3292 neces-

1960 3333 2128 3386 sitati.
2159 3331 2310 3386 Licet
2345 3331 2594 3386 offensus
2630 3337 2751 3385 erat
2778 3332 2906 3402 regi
2937 3332 3130 3399 Israel,
3168 3331 3298 3402 quia
3338 3330 3592 3402 perfidus

1957 3442 2075 3480 non
2117 3425 2404 3492 credebat,
2435 3424 2694 3495 promisit
2737 3431 2932 3478 tamen
2969 3430 3025 3479 et
3065 3425 3388 3478 ubertatem
3420 3441 3590 3495 aqua-

1961 3536 2106 3585 rum,
2150 3523 2206 3573 et
2240 3519 2489 3573 victoriae
2533 3519 2904 3574 celeritatem.
2958 3519 3183 3574 Manare
3231 3519 3402 3588 cmpit
3445 3535 3588 3589 aqua

1959 3629 2061 3683 per
2085 3613 2397 3678 desertum,
2445 3616 2503 3665 et
2541 3615 2744 3682 sponte
2781 3628 2838 3666 se
2868 3613 2990 3666 sine
3024 3611 3149 3664 ullis
3193 3611 3471 3665 imbribus
3505 3613 3588 3666 in-

1957 3706 2196 3760 fundere
2239 3707 2406 3760 terris
2443 3705 2678 3759 ﬂuenta.
2723 3706 3032 3776 Surgentes
3081 3705 3408 3773 adversarii,
3449 3722 3590 3775 quos

1958 3815 2185 3853 securos
2232 3799 2476 3853 victoriae
2523 3815 2759 3853 somnus
2808 3798 3040 3852 uberior
3085 3799 3271 3853 laxata
3315 3804 3593 3868 presserat

1958 3892 2352 3960 sollicitudine,
2382 3893 2566 3947 subito
2590 3892 2784 3946 videre
2813 3893 2929 3946 sole
2955 3892 3079 3946 fuso
3104 3891 3340 3945 rutilare
3369 3907 3543 3962 aquas
3575 3909 3586 3944 :

1959 3987 2191 4041 fuerunt
2211 3988 2307 4057 qui
2334 3988 2482 4042 inter
2504 4003 2708 4058 regum
2730 3987 2971 4058 populos
2991 3986 3265 4041 bellatum
3293 3990 3583 4056 putarent,

1959 4097 2207 4153 quorum
2237 4082 2514 4153 sanguine
2546 4086 2698 4136 terra
2726 4081 3003 4136 maderet.
3038 4082 3230 4150 Itaque
3252 4079 3308 4133 in
3337 4079 3586 4151 praedam

1961 4176 2289 4230 festinantes
2317 4176 2528 4246 passim
2561 4177 2681 4229 sine
2718 4175 2938 4244 ordine,
2970 4175 3090 4230 sine
3131 4175 3307 4228 modo
3337 4189 3587 4232 currere.

1961 4270 2106 4324 alius
2146 4269 2321 4324 alium
2362 4270 2699 4340 prmvenire,
2739 4269 2814 4323 sic
2856 4268 3178 4340 praecipites
3227 4269 3284 4322 in
3337 4267 3590 4322 medium

1961 4364 2241 4435 progressi
2288 4364 2535 4418 hostium
2581 4363 2802 4430 vallati,
2849 4361 3250 4432 interfectique
3295 4363 3585 4430 ingentem

1962 4458 2078 4510 suis
2115 4462 2364 4528 stragem
2403 4457 2607 4510 dedere
2638 4473 2650 4509 :
2684 4456 2756 4509 ita
2797 4456 3054 4509 hortatus
3091 4456 3196 4522 (56)
3246 4454 3520 4524 propheta
3560 4470 3590 4505 a

225 4545 514 4617 intelligat
536 4546 591 4600 in
614 4548 868 4602 oratione
897 4547 1062 4602 nobis
1090 4549 1331 4604 meliora
1355 4565 1475 4604 esse
1501 4566 1660 4604 arma
1687 4567 1856 4622 quam
1881 4553 1938 4624 Ι)
1962 4551 2214 4622 patrihus
2265 4550 2466 4604 nostris
2519 4550 2673 4602 sitim
2730 4549 2942 4618 pariter
2980 4551 3036 4600 et
3084 4551 3302 4600 metum
3345 4547 3587 4617 depulit,

229 4639 291 4692 in
323 4638 572 4694 virtute?
591 4639 685 4694 Illa
703 4642 859 4696 enim
885 4641 991 4696 sibi
1023 4641 1276 4697 divinum
1305 4644 1576 4697 auxilium
1605 4644 1858 4710 adhibet,

228 4733 354 4786 haec
393 4733 660 4803 corporis.
704 4735 910 4790 Didicit
949 4736 1072 4790 haec
1105 4753 1266 4792 arma
1297 4753 1424 4808 qua:
1465 4754 1577 4791 non
1621 4739 1863 4792 carnalia

228 4831 384 4890 sunt,
427 4826 525 4879 sed
568 4827 736 4881 fortia
778 4829 894 4882 Deo
937 4829 1100 4884 Mosis
1143 4829 1449 4900 discipulus
1490 4837 1664 4902 atque
1708 4833 1875 4886 idem

227 4935 524 4974 successor
566 4922 722 4975 Jesus
767 4923 936 4988 Nave,
969 4923 1064 4994 qui
1106 4924 1358 4978 imitator
1395 4931 1452 4979 et
1494 4942 1702 4996 suppar
1738 4943 1861 4980 ma-

231 5013 418 5084 gistri,
451 5013 714 5068 Jordanis
754 5032 932 5087 aquas
972 5017 1253 5072 convertit
1287 5022 1596 5073 retrorsum
1631 5039 1644 5074 :
1684 5020 1860 5074 idem-

230 5122 348 5178 que
374 5123 506 5162 cum
533 5108 1006 5181 inexpugnabiles
1033 5111 1292 5165 Hiericho
1323 5113 1477 5166 urbis
1504 5130 1695 5167 muros
1720 5115 1864 5170 vide-

231 5206 342 5259 ret.
376 5202 698 5257 sacerdotes
725 5203 859 5257 tuba
888 5220 1091 5258 canere
1114 5206 1300 5275 jussit,
1335 5212 1390 5260 et
1413 5207 1659 5276 jubilare
1693 5224 1865 5279 popu-

231 5293 352 5348 lum
383 5311 396 5348 :
426 5311 540 5366 quo
572 5297 719 5350 facto
748 5303 989 5368 repente
1017 5299 1274 5353 cecidere
1302 5300 1450 5354 muri
1471 5308 1640 5372 atque
1671 5305 1867 5357 exusta

231 5387 432 5442 civitas
467 5392 571 5454 est,
613 5394 667 5444 et
705 5406 905 5446 omnes
939 5392 1124 5447 necati
1165 5397 1317 5459 sunt,
1355 5394 1460 5448 nisi
1495 5411 1637 5465 quos
1674 5395 1866 5450 Rahab

232 5481 399 5536 bona
452 5484 769 5539 meretricis
816 5485 954 5540 ﬁdes
993 5503 1024 5540 a
1069 5490 1403 5542 memoratae
1452 5488 1607 5543 urbis
1650 5490 1867 5544 excidio

296 5649 394 5712 (54)
448 5649 668 5701 Mallem
720 5651 1030 5712 concilium,
1085 5653 1141 5702 id
1195 5658 1300 5715 est,
1355 5657 1585 5716 costum,
1646 5667 1867 5719 agmen,

233 5724 354 5843 ann
403 5734 472 5772 ex
514 5735 669 5773 sacra
714 5723 969 5782 historia,
1017 5730 1136 5775 tum
1184 5739 1254 5775 ex
1297 5727 1537 5777 auctoris
1580 5730 1866 5776 contextu.

290 5804 547 5843 ALLAND.

290 5804 523 5844 ALLAND
536 5831 547 5842 .

303 5862 398 5926 (ὦ)
428 5862 838 5926 ωπθτθὸαηευν.
872 5865 1049 5920 BARR.

1965 4646 2233 4715 idemque
2261 4644 2525 4698 adversus
2552 4645 2764 4696 famem
2804 4640 3074 4695 auxilium
3103 4639 3250 4694 tulit.
3285 4640 3424 4693 Nam
3462 4656 3588 4694 cum

1963 4739 2318 4793 obsideretur
2356 4736 2631 4801 Samaria,
2672 4739 2842 4805 atque
2878 4735 2934 4788 in
2973 4749 3040 4787 ea
3080 4734 3300 4787 clausus
3338 4740 3588 4788 maneret

1966 4850 2062 4886 rex
2108 4832 2291 4897 Israel,
2342 4830 2525 4900 gravis
2570 4846 2662 4883 eos
2709 4827 2946 4898 urgebat
2991 4829 3187 4893 fames,
3223 4835 3282 4881 ut
3327 4843 3399 4880 ne
3429 4844 3461 4881 a
3499 4844 3592 4880 ne-

1965 4926 2150 4980 fandis
2194 4924 2427 4996 quidem
2470 4923 2759 4977 alimentis
2801 4922 3178 4976 abstineretur
3220 4940 3230 4974 :
3281 4928 3592 4974 conventus

1965 5019 2245 5091 propheta
2310 5023 2478 5071 tanta:
2550 5015 2795 5070 miseriae
2860 5015 3249 5080 deformitate,
3310 5014 3591 5084 simulque

1966 5113 2118 5184 regis
2155 5114 2357 5166 nuntio
2397 5110 2493 5181 qui
2529 5113 2756 5181 putaret
2796 5109 3092 5179 prophetae
3137 5108 3591 5161 dissimulatione

1967 5207 2174 5262 famem
2224 5205 2565 5272 adolevisse,
2614 5202 2908 5273 respondit
2958 5219 2970 5255 :
3026 5200 3300 5271 Sequenti
3357 5201 3476 5264 die,
3539 5205 3596 5252 et

1967 5300 2288 5356 ubertatem
2352 5297 2646 5366 frumenti,
2716 5300 2772 5350 et
2837 5294 3142 5350 utilitatem
3213 5293 3318 5362 (57)
3385 5291 3600 5346 videbis

1973 5396 2058 5464 (IV
2087 5397 2236 5462 Reg.,
2271 5410 2367 5460 vn,
2402 5393 2474 5460 l).
2506 5392 2625 5446 Non
2653 5389 2914 5444 credenti
2945 5388 3166 5453 nuntio,
3198 5387 3339 5441 dixit
3367 5403 3378 5440 :
3412 5387 3596 5456 ipsum

1971 5489 2224 5560 quidem,
2263 5488 2396 5559 quia
2438 5503 2552 5542 non
2595 5485 2859 5541 crederet
2894 5499 3008 5537 non
3051 5481 3322 5545 visurum,
3359 5481 3598 5551 promis-

2032 5657 2128 5719 (56)
2161 5656 2401 5706 Sanctus.
2436 5656 2517 5703 In.

2035 5728 2128 5785 (57)
2171 5727 2448 5776 Vilitatem.
2491 5723 2585 5775 Sic
2633 5727 2688 5773 et
2736 5723 2902 5786 paulo
2949 5725 3073 5786 post
3114 5721 3219 5785 leg.
3260 5719 3604 5772 Abundantia

1972 5796 2229 5847 vilitatem
2257 5799 2474 5846 creavit.
2504 5795 2687 5844 uilitas
2711 5795 2861 5856 ﬁdem
2893 5794 3142 5858 implevit.
3177 5795 3253 5842 ln.
