4032 6194
542 293 676 346 2'255

1956 287 2009 339 S.
2051 286 2360 340 AMBROSII

3767 286 3895 337 2256

542 427 733 467 sorum
762 416 963 465 tamen
990 410 1160 465 ﬁdem
1187 427 1303 465 non
1335 411 1658 465 defuturam
1691 426 1702 463 :
1739 409 2037 480 subitoque
2073 425 2175 479 per
2196 420 2249 492 Α
2276 425 2394 463 rem
2428 411 2707 476 futurum,
2734 410 2781 463 si
2808 409 3134 464 coelestibus
3161 408 3414 478 imperiis
3441 407 3893 477 obtemperaret:

544 500 776 561 noctem
819 504 878 558 in
930 503 1127 558 castris
1170 504 1344 575 Syriae
1391 504 1647 558 hinnitus
1691 518 2001 574 equorum,
2046 518 2172 557 cur-

539 614 711 653 ruum
753 597 978 667 fragor,
1020 597 1432 668 quadrigarum
1477 597 1831 652 currentium
1876 595 2170 665 fremitus,

541 708 837 747 armorum
873 690 1091 745 sonitus
1122 690 1323 746 auditu
1351 692 1457 761 (58)
1498 695 1714 745 metum
1748 690 2030 744 incussere
2060 690 2169 744 vic-

538 786 780 852 toribus,
808 783 962 856 quod
991 784 1050 838 in
1076 784 1350 839 auxilium
1386 785 1635 839 Hebraeis
1662 785 1855 838 multas
1885 799 1950 838 ac
1976 782 2171 838 validae

544 882 743 950 gentes
784 877 1271 948 commeavissent,
1300 895 1365 932 ac
1400 894 1519 935 sese
1558 878 1905 943 imminenti,
1936 882 1997 932 ut
2029 876 2175 931 arbi-

539 972 872 1039 trabantur,
918 971 1169 1042 periculo
1214 971 1354 1043 fuga
1403 971 1649 1026 eximere
1701 973 2169 1043 properaverunt.

539 1066 659 1121 Nox
694 1065 992 1120 consilium
1022 1066 1349 1132 maturavit,
1390 1072 1671 1120 terrorem
1712 1064 1886 1119 auxit.
1933 1063 2172 1134 Fugien-

543 1159 694 1213 tibus
719 1159 910 1230 itaque
936 1159 1196 1231 Assyriis,
1224 1175 1426 1214 omnes
1449 1175 1592 1230 quas
1619 1158 1946 1214 invaserant
1971 1158 2170 1229 cupias,

537 1254 599 1308 in
628 1254 826 1307 castris
856 1252 947 1308 die
979 1252 1240 1324 sequenti
1270 1256 1526 1323 repertae.
1559 1252 1919 1307 Abundantia
1960 1251 2167 1306 utilita-

539 1353 659 1402 tem
686 1346 914 1413 creavit,
937 1346 1146 1401 utilitas
1171 1346 1342 1401 ﬁdem
1372 1345 1630 1417 implevit
1661 1362 1674 1401 :
1700 1362 1854 1400 mors
1880 1344 2070 1400 incred
2082 1346 2171 1399 ulo

539 1440 647 1513 ipsi
679 1440 910 1511 quidem
950 1440 1198 1494 fructum
1236 1440 1466 1510 eripuit,
1515 1439 1804 1511 publicum
1844 1442 2032 1495 tamen
2078 1455 2168 1494 re-

537 1533 795 1589 medium
825 1550 940 1588 non
972 1533 1285 1605 impedivit.
1318 1532 1519 1604 Liquet
1555 1532 1728 1604 igitur
1768 1533 2041 1604 plurimos
2069 1549 2167 1604 pa-

536 1630 693 1682 trum
731 1628 926 1694 duces,
972 1643 1105 1682 cum
1146 1626 1387 1683 minime
1423 1626 1843 1698 praeliarentur,
1881 1626 2171 1681 victoriam

538 1721 770 1792 adeptos
803 1739 817 1775 :
848 1720 985 1776 alios
1010 1737 1244 1792 quoque
1269 1720 1418 1775 bello
1448 1720 1772 1791 superiores
1798 1720 2002 1789 fuisse;
2036 1718 2165 1790 qui-

2277 509 2374 556 aut
2410 503 2699 574 captivum
2726 504 2771 557 si
2798 501 3225 558 defendendum
3266 506 3533 572 putasset,
3572 499 3896 555 infidelitate

2274 596 2645 666 semetipsum
2673 602 2730 652 et
2756 613 2889 651 suos
2911 596 3155 667 decepit.
3187 596 3475 651 Abductus
3502 597 3627 649 erat
3650 593 3723 648 ab
3750 596 3899 664 Assy-

2273 688 2370 744 riis
2410 690 2651 761 populus
2685 691 3011 745 Iudaeorum
3044 690 3101 744 in
3137 689 3507 761 Babyloniam
3543 706 3556 743 :
3587 687 3797 759 reliqui
3835 688 3899 741 ad

2273 784 2560 855 Egyptios
2599 784 2909 839 transferre
2950 800 3041 850 se,
3085 783 3183 855 qui
3228 784 3576 852 resederunt,
3624 781 3893 837 delibera.

2271 876 2428 932 baut.
2458 878 2737 933 Mandavit
2766 877 3044 933 Dominus
3081 893 3183 947 per
3209 876 3517 932 Jeremiam
3559 876 3895 947 prophetam

2274 975 2332 1025 et
2374 974 2627 1038 caeteros,
2682 977 2746 1026 ut
2794 971 2959 1025 unius
3004 969 3193 1041 gentis
3242 975 3432 1025 essent
3475 969 3726 1041 imperio
3773 985 3895 1022 con-

2272 1065 2438 1133 tenti,
2488 1082 2561 1119 ne
2607 1064 2901 1135 geminata
2944 1064 3236 1135 captivitas
3280 1079 3596 1118 aerumnam
3638 1067 3891 1133 augeret.

2273 1159 2479 1213 Verum
2530 1158 2611 1213 illi
2658 1158 3058 1229 posthabentes
3112 1158 3349 1212 oracula
3403 1156 3536 1226 Dei,
3592 1156 3726 1210 facti
3773 1160 3899 1209 sunt

2272 1251 2514 1307 duarum
2564 1252 2768 1323 captivi
2817 1252 3112 1323 gentium,
3164 1251 3265 1321 qui
3318 1251 3483 1305 unius
3532 1250 3721 1321 gentis
3761 1250 3899 1321 jugo

2272 1345 2423 1400 exire
2454 1345 2816 1417 impatienter
2842 1345 3325 1401 desideraverant.
3355 1346 3547 1415 Itaque
3573 1343 3633 1398 in
3661 1344 3899 1415 Egypto

2273 1440 2495 1494 exsules
2539 1444 3061 1511 perseveraverunt.
3101 1440 3173 1492 At
3199 1455 3334 1493 vero
3373 1437 3454 1492 illi
3484 1437 3583 1509 qui
3632 1438 3691 1491 in
3734 1442 3895 1508 Assy-

2271 1532 2387 1587 rios
2424 1532 2579 1587 ducti
2618 1536 2771 1601 sunt,
2801 1533 3019 1604 expleto
3049 1538 3311 1604 tempore
3348 1531 3711 1603 captivitatis,
3744 1530 3899 1602 quod

2271 1642 2372 1698 pro
2412 1626 2661 1696 peccatis
2701 1625 2893 1697 populi
2939 1626 3217 1681 Dominus
3260 1624 3654 1692 constituerat,
3703 1630 3898 1694 postea

2270 1721 2413 1792 Cyro
2438 1719 2779 1791 imperante,
2803 1719 3097 1775 remeandi
3121 1719 3454 1774 facultatem
3480 1718 3692 1790 adepti,
3714 1734 3901 1772 rever-

538 1786 663 1870 bus-
679 1786 1124 1881 consulentibus,
1147 1786 1534 1884 bellandijus
1558 1813 1787 1869 oraculo
1826 1786 2244 1885 permvissumB
2269 1786 2463 1868 terunt
2507 1786 2636 1868 cum
2682 1814 2884 1884 gratia.
2930 1815 3280 1869 Renovatum
3322 1812 3419 1868 Dei
3461 1786 3750 1883 templum
3797 1815 3897 1876 est,

538 1910 707 1964 foret.
734 1906 989 1979 Denique
1015 1906 1192 1961 victus
1217 1906 1518 1975 Amalech;
1553 1907 1651 1961 sed
1678 1923 1810 1961 cum
1839 1908 2014 1962 Moses
2043 1924 2164 1962 ma-

538 2018 647 2056 nus
672 2002 936 2068 elevaret,
973 2000 1104 2055 vicit
1130 2000 1282 2055 Jesus
1308 2001 1456 2054 Nave
1482 2016 1611 2055 cum
1639 2001 1820 2055 solem
1847 2004 2120 2056 statueret
2149 2020 2162 2055 :

537 2094 667 2149 vicit
703 2099 760 2149 et
794 2094 1048 2160 Gedeon,
1079 2109 1209 2148 cum
1246 2093 1305 2147 in
1342 2109 1490 2164 aqua
1527 2093 1897 2148 dimicaturos
1934 2094 2163 2165 probas-

536 2191 621 2242 set
655 2204 667 2241 :
706 2186 947 2242 Samson
987 2186 1180 2253 etiam,
1224 2202 1356 2241 cum
1396 2187 1583 2241 adhuc
1618 2187 2018 2242 intaminatum
2053 2188 2163 2242 cri-

536 2297 672 2335 nem
696 2286 945 2336 servaret
977 2297 989 2334 :
1020 2279 1150 2334 vicit
1180 2285 1236 2335 et
1263 2279 1515 2349 Samuel,
1550 2279 1652 2335 sed
1683 2296 1813 2335 cum
1842 2280 2165 2352 adjutorem

533 2374 791 2446 lapidem
842 2374 1019 2445 ﬁgere
1070 2374 1477 2445 proposuisset.
1526 2375 1918 2446 Triumphavit
1968 2376 2161 2445 David,

535 2484 667 2522 cum
709 2467 1078 2523 Bethsabeam
1104 2468 1233 2538 (hoc
1260 2471 1366 2538 est,
1398 2468 1573 2523 tiliam
1614 2469 1857 2531 Sabbati)
1894 2485 1995 2525 suo
2028 2486 2161 2523 con-

528 2562 695 2634 jugio
754 2561 1102 2633 propheticis
1163 2562 1493 2617 ministeriis
1553 2562 1659 2633 (59)
1721 2563 2092 2634 copulavisset
2147 2582 2159 2619 :

535 2656 665 2710 vicit
706 2655 883 2710 etiam
918 2655 1066 2710 bello
1111 2656 1281 2724 civili,
1329 2656 1479 2727 quod
1525 2656 1846 2728 refugiebat
1884 2657 2105 2712 illatum
2148 2675 2161 2711 :

2266 1924 2471 1979 regum
2524 1907 2726 1978 opibus
2773 1909 2902 1979 Cyri
2944 1913 3003 1963 et
3055 1907 3208 1962 Darii
3259 1909 3721 1977 caeterorumque
3772 1906 3897 1960 Per-

2268 2018 2463 2056 sarum
2497 2001 2865 2079 muneribus;
2895 2002 3001 2072 ipsi
3038 2002 3236 2072 itaque
3280 2001 3376 2072 qui
3417 2004 3768 2068 everterant,
3815 2015 3897 2053 re-

2267 2095 2508 2171 parandi
2533 2100 2824 2166 sumptum
2863 2094 3167 2160 dederunt,
3200 2095 3573 2150 restituerunt
3603 2093 3782 2148 etiam
3810 2094 3899 2163 jus

2267 2189 2644 2258 sacerdotum,
2673 2189 3006 2261 cultumque
3025 2189 3301 2260 juverunt
3325 2188 3641 2258 religionis.
3670 2191 3747 2241 At
3775 2204 3899 2242 vero

2268 2282 2447 2337 nostri
2498 2283 2635 2337 dum
2687 2283 3072 2339 sacerdotium
3123 2283 3273 2338 inter
3324 2299 3381 2336 se
3435 2285 3797 2352 competunt,
3852 2288 3899 2335 et

2268 2376 2417 2447 apud
2466 2376 2705 2431 Parthos
2751 2376 3036 2443 ambiunt,
3076 2376 3323 2431 conferri
3363 2374 3470 2429 sibi
3512 2380 3898 2430 memoratum

2264 2470 2568 2538 honorem,
2597 2469 2670 2524 de
2708 2469 2988 2540 religione
3019 2472 3399 2525 mercaturam
3432 2468 3715 2524 fecerunt.
3758 2468 3896 2533 Quid

2266 2563 2338 2618 de
2393 2563 2717 2636 Babyloniis
2765 2564 3103 2635 querimur?
3149 2565 3377 2619 Nostros
3426 2563 3650 2635 experti
3702 2579 3896 2617 sumus

2267 2656 2597 2713 deteriores.
2634 2658 2715 2712 Illi
2743 2657 2907 2712 nobis
2942 2656 3315 2713 reddiderunt
3343 2673 3513 2712 omne
3540 2656 3651 2726 (62)
3670 2656 3774 2727 jus
3813 2672 3892 2711 re-

537 2765 653 2804 non
694 2749 975 2804 inferebat
1016 2749 1116 2819 (nil
1165 2750 1319 2804 enim
1364 2750 1510 2804 bello
1553 2749 1703 2805 civili
1746 2750 1966 2821 foedius)
2013 2752 2165 2807 solus
2264 2750 2522 2823 ligionis,
2570 2751 2652 2805 illi
2691 2751 3050 2807 sacerdotum
3091 2750 3442 2806 creationem
3484 2749 3890 2816 restituerunt,

536 2844 634 2916 qui
671 2842 857 2915 potuit
894 2843 1109 2898 inferre
1145 2860 1158 2898 :
1195 2844 1330 2898 vicit
1365 2850 1422 2898 et
1455 2844 1643 2914 Asaph
1682 2844 1786 2916 (60)
1817 2845 2037 2916 praelio,
2068 2846 2161 2901 sed
2266 2850 2323 2900 et
2352 2845 2529 2900 nostri
2570 2861 2698 2901 eam
2729 2845 2911 2901 Persis
2953 2845 3236 2900 refudere.
3279 2845 3361 2900 Illi
3400 2844 3787 2899 sacerdotales
3818 2844 3889 2898 in-

534 2926 734 3008 postea
761 2953 932 3009 quam
970 2937 1406 3009 desperantibus
1435 2938 1569 3004 suis,
1602 2937 1754 3010 quod
1790 2954 2034 2994 numero
2074 2956 2162 2994 es-
2264 2938 2408 2993 fulas
2448 2940 2832 3011 permiserunt
2869 2946 3079 2994 nostras
3117 2939 3399 3010 potestati,
3440 2938 3623 2993 nostri
3664 2954 3767 2993 eas
3814 2938 3893 2992 Ba-

537 3036 665 3086 sent
697 3030 993 3086 inferiores
1028 3031 1189 3099 dixit,
1224 3031 1366 3086 nihil
1409 3031 1702 3099 interesse,
1732 3033 1893 3104 pauci
1921 3049 1994 3087 an
2033 3033 2161 3105 plu-
2263 3030 2505 3104 byloniis
2539 3033 2843 3105 vectigales
2879 3034 3164 3089 fecerunt.
3203 3032 3353 3097 Quid
3388 3033 3658 3103 adjiciam
3697 3047 3895 3087 cruen-

537 3141 627 3180 res
677 3125 822 3192 sint,
865 3142 993 3179 cum
1041 3126 1190 3179 Deus
1232 3142 1447 3196 paucos
1487 3126 1754 3181 timentes
1802 3144 1861 3182 se
1912 3126 2447 3229 pluribusCtatum
2497 3127 2833 3197 sacrarium,
2879 3127 3159 3199 sanguine
3200 3126 3433 3182 madere
3472 3142 3635 3181 sacra
3677 3126 3892 3194 limina,

538 3218 714 3273 faciat
759 3218 1057 3273 validiores
1100 3218 1143 3289 (Ι
1193 3222 1345 3286 Reg.,
1396 3235 1501 3286 xxv,
1549 3222 1625 3289 6).
1676 3220 1864 3276 Bonus
1914 3220 2165 3292 profecto
2194 3218 2543 3277 “semiruta
2590 3221 2775 3276 adhuc
2816 3224 2967 3277 stare
3022 3220 3222 3293 templi
3272 3220 3536 3291 fastigia?
3585 3219 3772 3274 Minor
3819 3224 3896 3275 est

537 3311 673 3380 ﬁde,
706 3311 751 3365 si
783 3327 957 3382 usque
991 3311 1064 3365 ad
1100 3312 1277 3365 ﬁnem
1315 3319 1741 3383 perseverasset.
1774 3314 1913 3369 Vicit
1947 3318 2004 3369 et
2034 3331 2163 3369 mu-
2266 3314 2413 3369 circa
2463 3331 2566 3369 nos
2617 3314 2702 3369 ira
2756 3314 2882 3383 Dei,
2936 3331 3112 3386 quam
3166 3318 3362 3370 nostra
3417 3314 3754 3382 contentio;
3808 3313 3897 3368 illa

535 3404 643 3459 lier
669 3404 841 3459 armis
872 3420 1001 3474 quae
1036 3404 1210 3459 ﬁdem
1247 3407 1362 3461 Deo
1404 3407 1724 3462 reservavit.
1759 3410 1827 3462 At
1868 3424 1998 3463 vero
2037 3408 2167 3464 Saul
2266 3425 2372 3464 nos
2412 3408 2663 3480 captivos
2708 3408 2860 3476 fecit,
2906 3408 3015 3463 ista
3056 3408 3389 3480 sacrilegos;
3429 3408 3527 3462 illa
3560 3406 3889 3462 dissemina.

538 3498 719 3553 victus
748 3502 853 3567 est,
883 3497 1011 3569 quia
1041 3498 1139 3552 Dei
1170 3504 1519 3571 prteceptum
1549 3517 1665 3556 non
1694 3502 2009 3557 custodivit.
2043 3503 2167 3558 Vul-
2267 3503 2347 3557 vit
2390 3503 2613 3557 Judaaos
2634 3545 2648 3569 ,
2704 3502 2823 3556 haec
2877 3501 3122 3557 sustulit.
3178 3502 3443 3558 Conferte
3463 3544 3478 3569 ,
3536 3501 3581 3555 si
3636 3501 3891 3567 videtur,

540 3597 772 3647 neratus
815 3592 1019 3661 Josias,
1066 3592 1201 3663 quia
1246 3595 1444 3648 contra
1492 3593 1797 3666 imperium
1840 3596 1902 3651 in
1942 3596 2162 3651 hostem
2268 3595 2407 3668 quid
2454 3595 2678 3651 intersit
2723 3595 2874 3650 inter
2914 3595 3299 3667 captivitatem
3350 3598 3606 3651 nostram
3652 3602 3710 3650 et
3758 3594 3897 3650 sedi-

538 3686 813 3759 processit
869 3703 882 3742 :
933 3691 1159 3741 sanctus
1212 3690 1506 3755 caeterum,
1557 3694 1614 3744 et
1659 3688 1786 3744 ideo
1828 3694 2042 3761 raptus,
2096 3707 2165 3745 ne
2270 3689 2483 3744 tionem
2524 3693 2802 3745 nostram.
2828 3688 3133 3761 Captivitas
3161 3693 3351 3744 nostra
3382 3689 3650 3761 gentibus
3687 3688 3895 3744 infudit

538 3781 919 3853 captivitatem
957 3781 1162 3836 nostris
1199 3781 1451 3836 debitam
1489 3783 1734 3853 peccatis
1772 3783 2006 3840 videret.
2038 3785 2162 3842 Cla-

537 3875 713 3931 mavit
753 3875 977 3931 Nachao
1021 3893 1033 3931 :
1070 3876 1191 3931 Non
1221 3892 1347 3932 sum
1376 3876 1448 3931 ad
1479 3880 1534 3930 te
1566 3877 1791 3946 missus,
1819 3878 2006 3934 ferens
2045 3880 2165 3951 ejus

537 3969 670 4025 fidei
718 3969 1139 4038 testimonium;
1193 3970 1292 4025 sed
1342 3970 1571 4026 involvit
1621 3988 1787 4038 cum,
1844 3972 1987 4028 sicut
2034 3978 2165 4028 ante

535 4063 843 4133 Amasiam,
878 4063 1223 4118 consortium
1254 4064 1551 4134 degeneris
1579 4065 1880 4121 societatis.
1913 4066 2166 4138 Denique

539 4159 595 4210 et
642 4156 713 4210 ab
757 4157 985 4211 homine
1032 4158 1130 4211 Dei
1183 4156 1433 4212 monitus
1472 4163 1614 4225 erat,
1651 4163 1713 4213 ut
1754 4160 1879 4215 illos
1918 4177 2056 4233 quos
2092 4162 2165 4216 ad

536 4249 670 4304 belli
691 4250 1021 4305 societatem
1047 4254 1274 4305 centum
1301 4253 1524 4323 argenti
1545 4254 1769 4308 talentis
1795 4256 2159 4323 conduxerat,

2267 3788 2473 3838 nostra:
2501 3782 2793 3855 religionis
2826 3783 3173 3838 consortium
3207 3800 3219 3837 :
3252 3782 3452 3838 seditio
3491 3789 3683 3839 nostra
3721 3785 3891 3838 etiam

2264 3877 2472 3933 Iudaeis
2499 3876 2715 3932 ademit
2752 3876 3040 3948 religionis
3067 3878 3334 3951 gratiam.
3366 3876 3504 3941 Quis
3540 3881 3742 3932 autem
3778 3877 3887 3932 Bo-

2267 3987 2467 4026 manos
2505 3971 2563 4025 in
2605 3970 2853 4025 Judteam
2894 3969 3224 4038 introduxit,
3265 3970 3373 4024 nisi
3412 3970 3657 4041 Hyrcani
3694 3975 3753 4025 et
3779 3970 3896 4024 Atio

2268 4064 2475 4120 stobuli
2533 4064 2858 4119 contentio?
2914 4062 3051 4128 Quis
3107 4062 3366 4132 Sosium,
3424 4063 3535 4118 nisi
3601 4062 3893 4119 Herodes?

2268 4158 2403 4223 Quis
2453 4158 2798 4225 Antonium,
2845 4158 2952 4213 nisi
3001 4157 3237 4213 Sosius?
3281 4157 3415 4222 Quis
3465 4159 3745 4215 Cmsarem
3789 4157 3899 4211 im-

2265 4253 2510 4327 ploravit
2552 4252 2654 4307 sibi
2700 4268 2927 4323 regem,
2972 4251 3079 4306 nisi
3129 4254 3269 4307 vos?
3318 4252 3451 4316 Quis
3501 4252 3645 4307 alius
3686 4255 3895 4323 preter

539 4342 870 4413 dimitteret,
919 4343 965 4398 si
1010 4344 1179 4398 vellet
1228 4346 1466 4400 vincere.
1511 4347 1609 4401 Cui
1649 4347 1965 4417 dubitanti,
2009 4351 2161 4422 quod
2265 4364 2362 4403 vos
2407 4346 2774 4420 Antipatrum
2827 4362 3001 4417 regno
3054 4346 3291 4418 expulit,
3347 4350 3405 4401 et
3450 4346 3778 4401 libertatem
3832 4345 3894 4399 in

534 4440 764 4492 tantum
795 4438 963 4510 pretii
1005 4438 1315 4494 amissurus
1344 4439 1512 4509 foret,
1554 4442 1847 4513 respondit
1884 4445 2161 4515 prOpheta
2265 4441 2601 4512 Antipatro?
2635 4442 2702 4496 Et
2740 4446 2935 4495 tamen
2974 4455 3089 4494 non
3134 4439 3520 4511 reprehendo,
3560 4456 3745 4512 neque
3783 4438 3892 4493 ab-

534 4532 685 4603 quod
714 4532 948 4588 haberet
974 4532 1243 4587 Dominus
1272 4533 1454 4604 plura,
1482 4535 1633 4590 unde
1661 4536 1831 4590 etiam
1862 4541 2162 4608 argentum
2181 4524 2240 4595 D
2265 4551 2379 4591 nuo
2422 4535 2646 4589 Florum
2688 4534 2747 4588 in
2787 4549 2884 4588 vos
2921 4533 3155 4589 sceleste
3195 4533 3563 4589 consuluisse.
3610 4533 3719 4588 Sed
3754 4548 3899 4603 qne-

541 4624 731 4680 eidem
780 4626 1104 4681 restitueret
1143 4644 1154 4682 :
1196 4644 1307 4698 quo
1351 4628 1560 4682 fretum
1616 4629 1910 4685 conductis
1951 4648 2162 4687 renun-

536 4718 698 4773 tiasse
733 4720 976 4789 auxiliis,
1020 4720 1217 4775 vicisse
1261 4738 1390 4776 cum
1429 4723 1820 4793 paucioribus;
1867 4741 1938 4779 ne
1977 4726 2163 4796 ipsum

533 4814 643 4885 (6t)
672 4813 904 4884 quidem
933 4814 1046 4868 Deo
1071 4820 1245 4869 tanta:
1274 4814 1519 4870 victoriae
1551 4817 1873 4872 mercedem
1900 4818 2158 4890 solvisse;

530 4907 632 4964 sed
675 4907 821 4963 illico
861 4907 1001 4978 ipsis
1043 4908 1362 4964 simulacris
1391 4926 1517 4981 quae
1544 4910 1717 4966 victor
1752 4916 2024 4983 coeperat,
2063 4913 2161 4969 de-

528 4999 726 5055 tulisse
782 5000 1089 5069 sacriﬁcia,
1141 5001 1298 5073 quasi
1351 5019 1551 5058 eorum
1607 5004 1880 5060 beneﬁcio
1934 5006 2158 5075 vicerit,

529 5103 657 5167 qua!
710 5095 767 5149 in
814 5095 1066 5166 prmdam
1111 5095 1451 5167 captivitatis
1489 5097 1807 5169 redegerat.
1856 5099 2160 5156 Sedechias

527 5188 650 5261 ipse
698 5189 1162 5245 incumbentibus
1196 5189 1321 5261 jam
1369 5190 1563 5261 patriae
1606 5192 1818 5261 ruinis,
1861 5209 1965 5265 per
2008 5196 2155 5250 Jere-

2266 4629 2380 4684 rela
2409 4628 2678 4683 Romanis
2714 4626 3025 4682 deferenda
3059 4626 3186 4695 fuit,
3216 4642 3333 4681 non
3370 4642 3534 4681 arma
3571 4624 3893 4680 inferenda.

2265 4721 2568 4794 Sprevistis
2604 4722 2904 4788 Neronem,
2951 4720 3047 4775 sed
3095 4719 3470 4791 Vespasianus
3513 4723 3892 4785 successerat;

2264 4816 2362 4889 qui
2402 4815 2687 4888 benignus
2727 4818 2949 4883 natura,
2991 4812 3294 4884 benignior
3327 4817 3523 4868 tamen
3559 4814 3731 4869 etiam
3758 4815 3892 4866 stu-

2264 4911 2356 4965 dio
2393 4927 2516 4966 esse
2555 4910 2758 4981 potuit,
2801 4909 2900 4980 qui
2939 4908 2999 4962 in
3042 4907 3237 4963 Iudaea
3278 4907 3589 4978 imperium
3638 4921 3895 4976 assump-

2262 5008 2437 5075 serat;
2500 5009 2597 5058 aut
2648 5003 2695 5057 si
2753 5019 2869 5058 non
2925 5001 3185 5056 movebat
3240 5001 3452 5072 pietas,
3511 5001 3687 5055 virtus
3729 5004 3891 5052 certe

2262 5100 2385 5170 ejus
2449 5114 2543 5152 vos
2603 5096 2803 5152 debuit
2848 5095 3113 5167 adigere,
3172 5101 3234 5150 ut
3281 5094 3439 5150 vobis
3496 5091 3884 5149 consulentis.

2261 5193 2372 5249 Sed
2427 5192 2714 5263 quomodo
2767 5188 2921 5244 vobis
2971 5206 3085 5244 non
3142 5194 3429 5260 parceret,
3484 5190 3582 5260 qui
3632 5185 3886 5259 pepercit

526 5282 713 5339 miam
745 5289 1059 5339 conventus
1089 5285 1448 5355 prophetam,
1479 5301 1609 5340 cum
1649 5286 1838 5342 hostili
1868 5287 2158 5343 obsidione
2257 5286 2502 5358 Joseph?
2562 5285 2664 5342 Cui
2731 5284 2887 5340 enim
2951 5283 3244 5351 infestior,
3312 5299 3484 5354 quam
3546 5280 3679 5337 mihi
3740 5294 3881 5333 esse

526 5382 906 5448 premeretur,
936 5383 998 5433 ut
1025 5378 1224 5434 urbem
1267 5379 1465 5450 egredi
1496 5396 1610 5434 non
1649 5384 1949 5449 metueret,
1984 5382 2156 5438 victo-

592 5551 689 5614 (58)
712 5553 918 5604 Audiri.
951 5555 1126 5607 ΒΑΜ.

588 5624 684 5693 (59)
716 5626 996 5686 Mysterii's.
1030 5626 1110 5675 In.
1145 5653 1203 5664 —
1230 5627 1465 5679 Gemina
1495 5632 1625 5679 sunt
1653 5642 1780 5693 qua
1807 5628 1974 5680 habet
1998 5643 2156 5681 sanc-

524 5695 618 5768 t_us
652 5691 895 5768 Peterin
920 5697 1187 5768 Apologia
1214 5698 1395 5748 David
1422 5699 1591 5749 altera
1622 5691 1742 5764 cap.
1780 5700 1853 5762 lO,
1889 5714 2040 5750 num.
2072 5702 2150 5752 51.

523 5759 782 5835 Denique,
814 5762 1007 5835 inquit,
1040 5759 1269 5816 ut’scias
1302 5782 1409 5819 esse
1448 5759 1775 5832 mysterium,
1804 5759 2156 5835 interpretare

528 5826 841 5882 vocabula...
878 5830 1216 5883 Bernsaanu
1251 5849 1401 5889 FILIA
1435 5826 1696 5905 sxhnx'rr,
1726 5826 1833 5893 etc.
1867 5826 2151 5907 Mlizocn.,

2260 5380 2495 5436 debuit?
2557 5379 2689 5444 Quis
2752 5379 2965 5449 majora
3027 5377 3328 5433 adversum
3394 5377 3671 5433 Romanos
3733 5388 3877 5426 mn-

2260 5555 2292 5606 ι’
2320 5556 2815 5692 ῗάό)ρὲξίόῗ)⁵έίθχῑιι
2841 5627 3138 5693 legendum
3165 5625 3382 5679 videtur
3409 5624 3673 5678 Ionam.
3700 5620 3863 5674 GAL-

2254 5712 2427 5751 LAND.

2318 5773 2413 5834 (61)
2440 5772 2618 5831 Forte,
2651 5786 2743 5823 nec
2777 5773 2964 5837 ipsum.
2998 5773 3077 5823 In.

2320 5843 2412 5909 (63)
2446 5842 2529 5893 Al.
2562 5843 2717 5895 deest
2741 5857 2847 5895 vox
2875 5846 2993 5895 ista.
3025 5845 3201 5899 ΒΑΜ.
