4128 6194
192 357 329 408 22ὄῖ

1232 355 1318 410 ΟΕ
1358 355 1631 411 ΕΧΟΙΒΙΟ
1674 355 1868 409 URBIS
1908 355 2264 411 HIEROSUL.
2300 358 2424 412 LIB.
2470 360 2524 410 Υ.

3423 360 3556 413 2258

190 477 452 531 nimenta
519 478 838 531 exstruxit?
897 478 1032 541 Quis
1105 478 1411 533 studiosius
1474 495 1577 549 pro
1642 476 1822 549 patria
1843 479 2129 561 AMosem
2180 484 2239 534 et
2282 482 2468 535 Aaron
2530 481 2912 551 praeripiendo
2960 481 3263 535 sacerdotii
3314 497 3557 537 munere

190 570 620 625 decernendum
714 570 823 642 (63)
902 571 1173 643 putavit?
1260 573 1566 642 Postquam
1664 571 1823 625 vobis

186 662 458 718 bellando
511 664 620 736 (64)
676 664 1015 736 complacita
1071 664 1318 719 conditio
1370 668 1474 732 est,
1533 664 1819 720 bellorum

185 757 421 829 quidem
474 756 636 811 initia
688 774 802 811 non
854 757 1186 829 probabam,
1233 758 1335 812 sed
1390 763 1647 829 suscepta
1703 774 1819 813 non

184 850 521 906 deserebam
576 867 590 904 ε
645 854 930 906 testantur
979 852 1083 906 hoc
1138 854 1413 923 Jotapatie
1462 852 1637 920 urbis,
1691 868 1821 923 quin

185 943 501 998 bellantem
547 943 736 999 adhuc
782 946 1065 1013 texerunt,
1119 944 1344 1010 favillae,
1374 960 1463 999 me
1513 944 1664 999 bello
1700 961 1818 999 non

186 1036 491 1104 destitisse,
518 1036 627 1091 nisi
657 1040 787 1108 post
819 1037 939 1107 ejus
967 1036 1210 1091 civitatis
1240 1038 1434 1091 ruinas
1462 1054 1477 1091 :
1507 1037 1816 1105 delituisse,

183 1130 377 1204 quoad
406 1130 567 1202 potui
596 1132 655 1184 in
702 1131 797 1184 illo
835 1147 1042 1186 eversa:
1088 1130 1242 1185 urbis
1289 1130 1569 1202 sepulcro,
1619 1133 1816 1202 pertu-

182 1224 317 1279 lisse
342 1224 580 1292 famem,
611 1241 684 1279 ne
727 1224 994 1279 Romanis
1039 1241 1130 1280 me
1171 1224 1458 1279 traderem
1500 1243 1513 1277 :
1553 1224 1818 1295 quaesisse

181 1318 456 1374 veniendi
500 1319 570 1373 ad
618 1334 716 1373 vos
761 1318 999 1391 effugia;
1054 1318 1154 1374 sed
1197 1318 1649 1390 deprehensum,
1705 1334 1818 1373 non

182 1416 391 1485 sponte
411 1427 726 1484 egressum,
750 1412 1015 1467 maluisse
1045 1412 1229 1484 perire
1250 1428 1382 1466 cum
1413 1410 1575 1480 meis,
1595 1410 1697 1465 sed
1723 1428 1819 1483 pe-

182 1505 432 1577 percisse
474 1507 750 1561 Caesarem
788 1524 799 1559 :
849 1509 1071 1577 Optasse
1120 1505 1408 1560 vobiscum
1454 1505 1644 1577 potius
1672 1505 1818 1577 peri-

181 1600 389 1669 clitari,
418 1615 533 1654 non
563 1586 713 1672 quod
742 1599 1044 1671 probarem
1075 1599 1395 1670 consilium,
1420 1600 1518 1656 sed
1540 1600 1694 1672 quod
1723 1598 1819 1654 eli-

181 1709 382 1766 gerem
408 1692 644 1765 periculi
669 1692 955 1748 vobiscum
977 1694 1342 1749 consortium.
1373 1693 1591 1749 Gratias
1620 1697 1815 1749 tamen

181 1789 323 1855 Deo,
352 1787 502 1859 quod
534 1787 675 1841 tanti
718 1787 946 1841 sceleris
974 1803 1086 1842 non
1117 1788 1292 1842 incidi
1331 1787 1654 1843 societatem
1683 1788 1811 1857 (65),

181 1899 257 1937 ne
288 1882 634 1937 seditionum
669 1880 930 1935 incentor
972 1881 1367 1936 existimarer:
1410 1885 1509 1938 aut
1554 1882 1685 1953 quia
1724 1857 1890 1936 hisB

181 1976 411 2031 misceri
456 1974 785 2047 nequibam,
818 1974 1190 2047 parricidium
1231 1975 1383 2047 quod
1426 1992 1603 2030 manu
1640 1976 1812 2031 decli-

177 2086 316 2125 nare
370 2074 658 2142 poteram,
716 2068 803 2124 vel
850 2072 1096 2124 mortem
1143 2070 1469 2140 implerem.
1520 2072 1685 2126 Certe
1738 2087 1809 2124 ne

176 2163 591 2219 sanctissimam
623 2168 872 2217 matrem
900 2179 1001 2235 pro
1031 2179 1120 2217 me
1159 2163 1454 2218 dilacerari
1487 2180 1807 2233 cernerem,

179 2273 553 2328 meorumque
605 2255 857 2328 dispergi
902 2256 1149 2323 viscera;
1186 2273 1312 2329 quae
1344 2257 1663 2312 miseranda
1690 2257 1812 2329 qui-

178 2350 335 2421 dem,
368 2351 466 2406 sed
514 2354 706 2405 tamen
746 2349 1098 2405 tolerabilius
1133 2354 1221 2404 est
1245 2367 1314 2405 ea
1359 2352 1474 2422 pati
1508 2366 1682 2423 quam
1726 2350 1805 2405 fe-

176 2445 341 2500 cisse.
376 2444 523 2509 Quid
553 2443 727 2516 igitur
754 2443 937 2498 adhuc
967 2444 1342 2515 exspectatis?
1370 2447 1452 2500 An
1485 2444 1651 2515 signa
1682 2460 1806 2498 ma-

167 2538 416 2609 jorum?
458 2538 580 2593 Non
630 2554 694 2591 ea
751 2536 913 2591 nobis
964 2538 1189 2606 merita,
1248 2554 1363 2591 non
1394 2553 1459 2592 ea
1510 2537 1658 2591 circa
1707 2536 1805 2591 Dei

171 2632 400 2687 cultum
422 2630 619 2685 ofﬁcia.
639 2631 759 2685 Non
782 2646 847 2684 ea
866 2631 1277 2699 Romanorum,
1301 2646 1429 2703 qua:
1449 2630 1808 2702 Assyriorum

174 2724 505 2792 inﬁdelitas,
542 2724 639 2796 qui
690 2728 924 2797 accepto
979 2724 1161 2796 pretio
1214 2724 1570 2779 discessionis
1636 2725 1859 2810 fidem.

171 2820 404 2891 fregere
433 2835 447 2871 :
480 2834 583 2873 nec
611 2818 1028 2884 recedendum,
1059 2818 1155 2873 sed
1202 2818 1385 2873 acrius
1416 2818 1805 2890 ingruendum

170 2914 468 2984 putarunt.
498 2910 647 2976 Quin
669 2912 841 2967 etiam
868 2917 929 2967 ut
961 2928 1027 2966 ex
1058 2911 1444 2967 accidentibus
1471 2913 1804 2985 colligamus

171 3004 383 3061 divinae
412 3009 635 3060 motum
681 3005 1002 3074 sententiae,
1050 3006 1230 3061 Deum
1271 3006 1484 3061 Judaeis
1520 3006 1803 3061 adversari

169 3103 395 3154 certum
436 3105 540 3153 est.
582 3098 828 3171 Denique
865 3099 1032 3171 Syloa
1079 3116 1206 3172 quae
1235 3105 1366 3154 ante
1410 3099 1626 3154 bellum
1660 3101 1803 3154 sicca

170 3194 384 3261 fuerat,
417 3198 475 3248 et
502 3209 701 3248 omnes
742 3197 895 3248 extra
943 3193 1145 3247 urbem
1182 3192 1445 3261 fontium,
1476 3209 1633 3248 venae
1675 3210 1801 3265 quae
1823 3222 1877 3295 Ο

167 3287 266 3341 diu
306 3288 485 3342 ﬂuere
528 3291 839 3354 cessarunt,
876 3292 941 3342 ut
974 3303 1125 3359 aqua
1161 3290 1356 3342 nostro
1397 3287 1614 3342 deesset
1650 3288 1799 3354 usui,

168 3382 282 3437 nisi
321 3381 504 3454 pretio
541 3382 779 3454 quasita
826 3398 839 3436 :
884 3398 1034 3436 nunc
1079 3382 1136 3435 in
1179 3398 1315 3436 usus
1361 3381 1604 3437 redeunt
1651 3397 1803 3451 suos,

169 3479 227 3530 et
252 3476 377 3530 Tito
404 3492 464 3530 se
504 3475 830 3531 advenienti
875 3475 1210 3530 refundunt.
1257 3475 1581 3531 Scaturiunt
1608 3475 1806 3530 uberes

167 3586 355 3637 venae,
384 3574 556 3641 atque
580 3568 660 3624 ita
697 3585 977 3641 aquarum
1023 3568 1465 3625 redundantium
1496 3568 1685 3623 omnia
1714 3584 1802 3623 re-

166 3665 425 3737 plentur,
461 3668 524 3717 ut
548 3680 663 3719 non
690 3665 871 3719 solum
892 3663 1164 3719 exercitui
1182 3664 1335 3736 large
1352 3663 1423 3717 ad
1445 3667 1642 3735 potum
1673 3680 1805 3717 exu-

164 3758 394 3826 berent,
441 3759 537 3813 sed
584 3759 754 3813 etiam
795 3757 972 3831 equis,
1016 3757 1383 3812 bellatoribus
1417 3774 1480 3812 ac
1501 3757 1800 3828 jumentis,

166 3853 588 3925 pecoribusque
632 3852 927 3920 universis,
955 3851 1255 3906 hortorum
1301 3866 1526 3923 quoque
1570 3850 1803 3922 irriguis

164 3963 285 4003 non
336 3947 479 4001 desit
513 3962 795 4019 aquarum
822 3945 1171 4001 abundantia
1206 3962 1218 3998 :
1248 3949 1310 3998 ut
1336 3951 1605 4017 tanquam
1634 3944 1798 3999 adni-

162 4040 427 4095 tentibus
458 4039 760 4096 elementis
788 4039 1037 4094 victoria:
1084 4039 1361 4093 Romana:
1390 4037 1664 4109 largiores
1688 4053 1802 4092 cre-

161 4135 272 4189 das
319 4133 485 4188 fnndi
526 4136 767 4188 meatus.
826 4131 1303 4203 Recognoscimus
1348 4130 1605 4202 prodigia
1628 4146 1798 4201 supe-

162 4227 344 4293 riora,
397 4243 525 4299 quae
556 4227 728 4281 etiam
774 4229 909 4280 tunc
957 4229 1163 4279 nostrae
1203 4223 1361 4279 urbis
1398 4227 1801 4295 prasvenerunt

160 4320 555 4393 captivitatem
582 4338 594 4374 :
629 4320 865 4375 cessavit
902 4335 1052 4391 aqua
1082 4318 1310 4387 Judazis,
1338 4317 1551 4372 refudit
1574 4333 1631 4372 se
1659 4317 1795 4372 hos-

163 4416 344 4485 tibus,
382 4430 453 4469 ne
481 4415 572 4469 siti
611 4413 830 4469 obsidio
860 4412 1255 4485 impediretur.
1292 4413 1404 4466 Nec
1450 4410 1658 4466 mirum
1693 4416 1795 4478 est,

163 4511 208 4563 si
244 4509 482 4564 recessit
506 4525 540 4563 a
580 4508 789 4564 Iudaeis
826 4507 1017 4562 divina
1045 4506 1244 4579 gratia,
1274 4521 1416 4578 quos
1450 4508 1608 4560 tanta
1634 4504 1797 4576 ﬂagi-

1922 572 2329 642 lacessiverant,
2370 574 2616 645 separari
2647 573 2718 627 ab
2746 573 2992 627 innoxiis
3016 573 3306 644 praecepit,
3332 590 3405 628 ne
3429 573 3555 646 pios

1923 670 2021 720 aut
2062 667 2284 721 macula
2326 667 2739 721 contaminaret
2786 666 2855 721 de
2895 666 3179 720 consortio
3221 667 3550 733 noxiorum,

1921 764 2018 814 aut
2057 776 2223 830 poena
2249 760 2597 816 involveret?
2623 760 2730 815 Sed
2777 759 2916 831 quid
2947 775 3053 829 ego
3081 758 3295 814 diutius
3334 776 3550 815 sermo-

1923 852 2089 907 nibus
2117 854 2412 922 immorer,
2441 870 2571 908 cum
2602 853 2771 925 plena
2800 852 3053 907 horroris
3078 855 3134 906 et
3161 852 3407 923 gemitus
3434 869 3553 907 om-

1921 947 2017 1001 nia
2069 946 2589 1016 circumfundatur,
2644 947 2959 1018 templique
3012 945 3297 1001 excidium
3343 962 3549 1018 prope-

1924 1043 2115 1096 retur?
2141 1042 2239 1112 qui
2269 1041 2419 1096 istud
2443 1040 2590 1095 oculi
2620 1043 2897 1113 spectare,
2932 1040 3029 1111 qui
3075 1056 3273 1094 sensus
3304 1039 3548 1110 perpeti,

1920 1135 2045 1207 quis
2108 1136 2343 1189 tolerare
2406 1138 2594 1206 potest
2649 1133 2918 1189 animus?
2970 1135 3014 1188 Ο
3067 1133 3209 1187 saxis
3270 1133 3551 1197 duriores,

1922 1230 2070 1284 ferro
2108 1228 2426 1301 rigidiores,
2475 1229 2572 1299 qui
2600 1228 2658 1282 in
2705 1228 2879 1282 tantis
2922 1242 3115 1281 rerum
3166 1227 3549 1283 humanarum

1919 1322 2194 1395 prodigiis
2228 1322 2441 1377 adhuc
2499 1322 2647 1377 inter
2709 1338 2805 1375 vos
2862 1326 3138 1393 tanquam
3206 1320 3280 1374 ad
3331 1320 3552 1375 virtutis

1920 1415 2346 1471 aemulationem
2376 1415 2445 1470 de
2493 1415 2701 1470 scelere
2747 1413 3009 1480 certatis;
3054 1416 3111 1468 et
3137 1413 3287 1484 quod
3316 1419 3399 1468 est
3424 1430 3550 1485 gra-

1918 1510 2060 1577 vius,
2089 1526 2189 1565 vos
2217 1508 2324 1581 ipsi
2351 1508 2591 1580 patriam
2622 1507 2933 1574 destruitis,
2967 1511 3138 1579 atque
3179 1506 3303 1577 ejus
3327 1507 3548 1578 augetis

1918 1604 2174 1658 ruinam!
2222 1601 2633 1658 Convertimini
2678 1602 3003 1673 aliquando,
3050 1600 3361 1673 aliquando
3416 1601 3549 1654 resi-

1916 1695 2134 1768 piscite,
2164 1695 2437 1767 judicate,
2487 1698 2545 1749 et
2590 1695 2773 1750 videte
2820 1693 3298 1766 pulchritudinem
3348 1693 3546 1764 patria:

1917 1806 2089 1861 quam
2132 1789 2503 1860 prodidistis:
2538 1805 2666 1861 quin
2706 1788 2858 1859 urbs,
2900 1788 3052 1859 quod
3089 1786 3385 1858 templum,
3417 1802 3546 1857 quin

1916 1893 2242 1944 sanctorum
2288 1886 2591 1954 domicilia,
2621 1902 3027 1957 sacrorumque
3053 1884 3386 1956 penetralia,
3418 1900 3545 1956 quae

1914 1981 2329 2054 prephetarum
2361 1996 2536 2051 opera
2581 1979 2779 2034 vestris
2825 1979 3085 2033 manibus
3120 1976 3545 2033 eviscerantur?

1915 2077 1972 2129 In
2016 2075 2137 2129 haec
2179 2074 2485 2145 quisquam
2525 2074 2786 2128 ﬂammas
2822 2072 2997 2139 ducit,
3026 2076 3082 2126 et
3120 2070 3337 2142 spargit
3383 2071 3546 2142 ignes

1915 2174 1971 2223 et
2001 2167 2266 2223 incendia
2309 2168 2617 2235 ministrat,
2668 2182 2772 2222 nec
2834 2166 2946 2220 ullo
2992 2163 3197 2221 affectu
3241 2164 3544 2219 movetur?

1912 2262 2172 2333 rupium,
2217 2261 2265 2315 si
2304 2261 2570 2328 sentiret,
2617 2260 2779 2332 rigor
2829 2259 3229 2315 resolveretur.
3275 2260 3437 2314 Certe
3490 2263 3545 2311 et

1914 2354 2265 2409 insensibilia
2298 2355 2636 2425 plerumque
2662 2355 2720 2408 in
2754 2353 3013 2407 maximis
3050 2367 3245 2406 rerum
3272 2350 3542 2405 acerbita-

1913 2448 2060 2502 tibus
2114 2464 2306 2502 sensus
2361 2447 2606 2518 speciem
2671 2446 2988 2502 metiuntur
3038 2444 3171 2515 (66),
3227 2448 3287 2497 ut
3324 2443 3539 2514 scopuli

1911 2544 2177 2609 tremant,
2210 2546 2266 2596 et
2311 2541 2611 2596 madentes
2646 2539 2926 2610 sanguine
2976 2539 3137 2609 gutta
3187 2538 3368 2591 ﬂuant
3398 2554 3409 2589 :
3440 2552 3538 2590 vos

1907 2641 2099 2689 autem
2134 2634 2457 2689 immobiles
2487 2632 2882 2704 perseveretis,
2913 2634 2977 2686 ut
3027 2630 3164 2702 quid
3194 2629 3298 2700 (67)
3335 2629 3538 2684 melius

1907 2732 2038 2801 post
2079 2729 2203 2783 haec
2257 2727 2525 2800 supersit,
2571 2726 2711 2799 quid
2754 2725 2982 2797 dignius
3027 2723 3178 2796 quod
3224 2722 3534 2778 reservetis.

1906 2824 2197 2878 Postremo
2248 2822 2307 2890 {si
2360 2821 2464 2876 ista
2530 2837 2645 2875 non
2708 2823 2959 2887 movent,
3018 2818 3148 2890 quia
3213 2816 3362 2889 apud
3416 2816 3535 2887 pios

1906 2916 2303 2989 prazstantiora
2357 2917 2517 2983 sunt,
2560 2916 2873 2968 vestrarum
2928 2913 3127 2967 saltem
3184 2911 3536 2967 miseremini

1907 3004 2390 3061 necessitudinum
2417 3021 2429 3057 :
2464 3003 2660 3074 ponite
2680 3006 2810 3057 ante
2833 3002 3022 3056 oculos
3037 3001 3286 3056 ﬁliorum
3315 3004 3532 3055 vestro-

1906 3112 2032 3151 rum
2066 3112 2251 3161 neces,
2278 3096 2377 3148 aut
2400 3093 2552 3147 ferro
2581 3094 2680 3147 aut
2721 3093 2870 3146 fame
2900 3109 2914 3145 :
2947 3097 3002 3146 et
3042 3090 3129 3145 his
3159 3089 3529 3155 acerbiorem,

1906 3206 2144 3244 uxorum
2174 3193 2229 3243 et
2260 3187 2502 3242 ﬁliarum
2545 3186 2898 3253 servitutem,
2928 3184 3130 3257 quibus
3156 3186 3272 3239 tuta
3304 3183 3532 3238 libertas

1908 3284 2048 3354 erit,
2097 3288 2260 3355 pacto
2316 3280 2642 3348 deditionis,
2694 3284 2796 3335 aut
2840 3278 3055 3351 captiva
3097 3278 3382 3333 servitutis
3424 3276 3533 3348 (68)

1908 3378 2063 3434 urbis
2100 3376 2414 3431 eversione.
2458 3374 2745 3430 Consulite
2794 3373 2931 3428 dum
2973 3373 3121 3431 licet.
3162 3388 3236 3427 ne
3274 3370 3533 3443 graviora

1906 3475 2033 3544 post
2050 3474 2295 3525 mortem
2314 3468 2670 3540 relinquatis,
2690 3483 2863 3538 quam
2883 3469 3017 3521 ante
3035 3468 3277 3520 mortem
3298 3463 3527 3519 fecistis.

1908 3567 2016 3619 Nec
2042 3580 2147 3636 ego
2177 3562 2319 3617 liber
2352 3562 2422 3615 ab
2453 3560 2777 3631 huiusmodi
2821 3559 3075 3630 periculo
3112 3573 3262 3611 sum.
3304 3557 3440 3612 Novi
3475 3562 3531 3611 et

1905 3658 2046 3731 ipse,
2076 3657 2212 3730 quia
2232 3672 2359 3711 cum
2383 3653 2584 3711 vestris
2609 3652 2776 3708 simul
2805 3652 3158 3723 periclitatur
3177 3649 3527 3704 sanctissima

1907 3752 2049 3808 mihi
2084 3755 2286 3817 mater,
2313 3754 2370 3805 et
2393 3749 2568 3804 chara
2592 3763 2753 3814 uxor,
2776 3745 2926 3801 haud
2963 3742 3215 3816 ignobile
3249 3758 3448 3814 genus,
3475 3748 3531 3797 et

1902 3845 2191 3919 quondam
2206 3845 2410 3900 domus
2425 3844 2594 3898 clara.
2620 3843 2696 3895 Ac
2722 3840 2962 3895 fortasse
2978 3842 3212 3909 propter
3228 3851 3387 3891 meos
3406 3836 3528 3891 haec

1904 3956 1997 3995 me
2038 3939 2272 3995 suadere
2312 3934 2666 3992 arbitramini
2706 3950 2719 3988 :
2760 3932 2998 3987 occidite
3039 3947 3154 3999 eos,
3186 3934 3244 3985 et
3289 3930 3526 4002 accipite

1902 4036 2136 4105 insuper
2158 4030 2476 4087 mercedem
2498 4044 2689 4084 meum
2715 4026 3053 4099 sanguinem
3079 4042 3091 4079 :
3122 4025 3364 4080 libenter
3380 4023 3526 4079 hanc

1903 4129 2117 4183 solvam
2148 4124 2467 4180 mercedem
2495 4127 2695 4177 vestrae
2737 4119 2949 4187 salutis,
2978 4117 3022 4174 si
3044 4121 3169 4190 post
3206 4134 3299 4173 me
3328 4133 3524 4188 sapere

1902 4221 2150 4293 potestis.

2503 4338 2723 4395 CAPUT
2759 4337 2907 4393 XVII.

1972 4506 2048 4559 Ea
2072 4504 2348 4575 Josephus
2377 4516 2510 4556 cum
2536 4498 2799 4570 lacrymis
2833 4496 3192 4560 vociferatus,
3225 4494 3523 4565 plerosque

156 4605 238 4657 tia
290 4603 811 4657 circumvallarunt.
870 4604 953 4656 An
1009 4616 1143 4655 vero
1203 4600 1389 4655 bonus
1435 4599 1520 4652 vir
1566 4593 1971 4670 plenudee
2023 4597 2232 4670 populo
2272 4594 2492 4650 inﬂexit
2543 4597 2655 4647 :ut
2698 4591 2768 4646 ad
2795 4591 3083 4646 Romanos
3125 4586 3522 4659 confugerent,

155 4696 422 4752 horroris
452 4712 566 4751 non
602 4696 811 4768 refugit
831 4694 1203 4750 diversorium
1222 4694 1250 4748 ?
1277 4697 1334 4747 et
1370 4694 1607 4748 domum
1636 4709 1796 4747 suam

157 4790 395 4859 deserit,
425 4790 472 4843 si
500 4790 636 4861 quid
668 4791 726 4844 in
757 4806 824 4844 ea
872 4788 1238 4843 commissum
1279 4787 1503 4842 sceleris
1546 4802 1793 4857 agnove-

154 4886 236 4939 rit
260 4885 290 4938 ?
318 4883 566 4938 declinat
592 4883 845 4955 indignae
883 4882 1252 4938 habitationis
1289 4880 1595 4947 consortia,
1638 4896 1793 4934 exse-

156 4983 359 5033 cratur
392 4978 846 5032 conversantium
884 4976 1237 5049 iniquitates;
1274 4979 1331 5029 et
1363 4974 1692 5029 dubitamus
1727 4973 1796 5028 de

158 5087 393 5127 summo
422 5074 479 5126 et
504 5071 868 5126 immaculato
893 5072 1031 5137 Deo,
1058 5069 1213 5142 quod
1252 5068 1561 5123 abhorreat
1600 5069 1792 5121 tanto-

157 5181 294 5221 rum
321 5164 589 5237 contagia
616 5163 966 5236 ﬂagitiorum
1000 5182 1014 5218 :
1039 5167 1093 5219 et
1134 5163 1489 5217 funestorum
1513 5161 1793 5215 scelerum

157 5263 462 5316 aversetur
487 5259 867 5326 atrocitatem,
895 5274 1001 5313 nec
1047 5257 1377 5312 demoretur
1410 5256 1468 5310 in
1494 5255 1797 5327 parricida-

158 5370 293 5409 rum
362 5352 774 5419 conciliabulis,
832 5352 929 5424 qui
991 5351 1204 5405 Dathan
1267 5353 1325 5403 et
1377 5348 1609 5416 Abiron,
1664 5349 1795 5420 quia

223 5477 323 5541 (63)
364 5477 453 5527 An
496 5476 870 5527 decertandum
893 5473 923 5526 ?
964 5473 1072 5526 Sed
1111 5473 1252 5524 nihil
1294 5478 1467 5524 muto.
1505 5472 1796 5537 Siquidem

153 5548 313 5615 apud
344 5553 558 5600 veteres
588 5549 826 5598 sumitur
852 5546 1129 5597 interdum
1160 5545 1381 5596 decerno
1409 5543 1664 5595 absolute
1697 5558 1796 5608 pro

152 5623 452 5671 decertare.
502 5620 659 5683 Nep.,
693 5618 910 5672 Annib.,
952 5630 1072 5681 cap.
1106 5618 1140 5667 4
1172 5631 1183 5664 :
1213 5616 1343 5666 Cum
1380 5616 1475 5666 hoc
1512 5615 1687 5666 eodem
1735 5615 1797 5663 de

156 5692 431 5743 Clastidio
454 5691 602 5755 apud
631 5690 837 5741 Padum
865 5688 1114 5740 decernit.
1141 5687 1444 5740 GALLAND.

225 5765 325 5822 (64)
358 5761 614 5812 Bellandi.
644 5763 820 5813 BARR.

229 5834 325 5895 (65}
384 5833 530 5883 Nihil
585 5832 901 5883 addendum
965 5836 1061 5882 aut
1105 5828 1435 5882 mutandum
1492 5828 1792 5880 existimes.

155 5906 376 5955 Livius.
420 5905 513 5955 lib.
563 5917 637 5965 iv,
679 5917 798 5972 cap.
837 5904 895 5955 41
935 5918 943 5950 :
978 5903 1111 5953 Huic
1148 5902 1375 5953 timendo
1416 5900 1567 5957 hosti,
1617 5903 1795 5949 utrum

1896 4691 2139 4747 venditis
2181 4706 2307 4762 quas
2342 4686 2727 4760 possidebant.
2755 4685 2906 4748 Quos
2947 4682 3101 4737 Titus
3139 4698 3253 4754 quo
3288 4680 3524 4753 quisque

1897 4785 2179 4857 cupiebat,
2204 4784 2411 4838 direxit
2438 4799 2451 4835 :
2469 4786 2533 4836 ut
2549 4780 2720 4835 etiam
2743 4778 2932 4834 caeteri
2950 4777 3400 4850 provocarentur
3414 4776 3521 4830 Ro-

1898 4879 2081 4934 manis
2107 4894 2165 4931 se
2196 4878 2317 4931 sine
2353 4880 2508 4931 metu
2539 4873 2781 4929 tradere.
2810 4872 3183 4928 Conﬂuebant
3208 4870 3405 4941 itaque
3435 4884 3521 4921 re-

1897 4978 2056 5044 perta
2072 4969 2403 5043 egrediendi
2429 4966 2614 5040 copia,
2640 4968 2823 5022 securi
2842 4966 3057 5033 salutis,
3082 4965 3127 5019 si
3148 4964 3217 5018 ad
3235 4965 3526 5018 Romanos

1898 5065 2271 5120 convenirent
2301 5081 2313 5118 :
2342 5079 2445 5119 nec
2478 5060 2699 5116 solliciti
2729 5060 2799 5115 de
2832 5060 3099 5114 servitute
3127 5056 3333 5129 quibus
3361 5055 3528 5110 liber-

1899 5167 1984 5214 tas
2010 5162 2413 5214 reservaretur.
2444 5157 2509 5210 Hi
2540 5171 2672 5211 vero
2698 5154 2795 5226 qui
2824 5151 3215 5225 sequebantur
3242 5152 3520 5205 Joannem

1896 5270 1959 5309 ac
1982 5254 2276 5310 Simonem
2306 5250 2551 5306 arbitros
2576 5254 2631 5304 et
2661 5248 2985 5303 incentores
3012 5243 3322 5311 seditionis,
3342 5243 3524 5314 magis

1899 5349 2173 5403 scelerum
2198 5362 2414 5418 pmnas,
2432 5360 2603 5416 quam
2624 5342 2856 5399 adversa
2875 5339 3009 5395 belli
3030 5336 3473 5394 reformidabant
3507 5353 3518 5387 :

1897 5487 2012 5524 cum
2050 5469 2391 5529 declinarem,
2434 5478 2750 5520 CERTAMEN
2797 5464 3114 5529 improvisus
3160 5460 3344 5511 videor
3381 5471 3525 5510 INCI-

1898 5554 2081 5606 DISSE,
2107 5554 2181 5593 an
2209 5554 2501 5593 occurrere.

1962 5616 2061 5677 (66)
2086 5614 2431 5665 Mentiuntur.
2459 5612 2637 5662 Bana.

1963 5688 2063 5749 (67)
2086 5687 2159 5735 Ac
2186 5685 2263 5736 sic
2292 5684 2437 5749 quid.
2472 5684 2552 5732 In.

1958 5757 2058 5819 (68)
2104 5756 2269 5805 Forte
2302 5748 2561 5803 servitus.
2615 5750 2861 5811 Scilicet,
2904 5756 2995 5800 aut
3041 5754 3156 5799 tuta
3208 5748 3524 5800 tibertas.....

1897 5832 1995 5878 aut
2037 5828 2247 5891 captiva
2280 5826 2541 5884 servitus;
2568 5827 2621 5873 et
2665 5822 2759 5873 illa
2794 5822 3021 5888 quidem
3058 5838 3069 5870 :
3103 5827 3258 5885 pacto
3298 5820 3527 5870 deditio—

1895 5898 1980 5946 nis
2002 5913 2017 5959 ,-
2040 5896 2164 5947 haec
2190 5900 2375 5947 autem
2399 5894 2549 5946 urbis
2577 5894 2860 5946 eversione.
2888 5893 3188 5947 GALLAND.
