4032 6194
580 338 715 391 2259

2052 338 2108 389 S.
2147 332 2462 393 AMBROSII

3800 336 3928 387 2260

574 459 823 529 ideoque
851 458 1034 513 intuta
1063 458 1166 513 sibi
1195 460 1417 529 refugia
1444 457 1847 529 opinabantur.
1879 459 1989 512 Nec
2016 458 2201 511 solum
2222 470 2281 542 Α
2301 472 2523 512 sumere
2566 457 2714 511 ullus
2752 458 2971 525 horror,
2995 463 3093 512 aut
3129 456 3488 523 verecundia,
3525 455 3789 511 adimere
3829 456 3933 508 suis

574 553 684 623 ipsi
721 568 836 607 non
881 552 1169 607 audebant
1203 552 1418 623 egredi,
1447 552 1544 607 sed
1578 552 1752 607 etiam
1788 550 2023 606 insidias
2058 568 2200 623 pras-

576 646 907 714 tendebant,
956 662 1025 700 ne
1068 645 1158 700 cui
1205 646 1405 701 liceret
1453 663 1484 700 e
1523 646 1732 717 populo
1777 646 1973 701 urbem
2024 646 2202 701 exire.

580 740 867 812 Majorque
920 756 1059 795 cura
1111 745 1235 795 erat
1287 740 1671 811 egressionem
1721 756 1976 807 suorum,
2034 756 2205 810 quam

583 837 975 891 Romanorum
1026 835 1317 905 ingressus
1355 850 1573 888 cavere.
1606 834 1967 889 Tenebantur
2015 834 2207 904 itaque

583 928 743 983 inviti
781 951 792 982 :
825 931 883 984 et
908 929 956 983 si
983 928 1109 998 quis
1148 927 1536 999 deprehensus
1577 927 1742 996 foret,
1772 944 1972 998 graves
2015 943 2208 998 poenas

584 1022 775 1078 dabat.
825 1021 1076 1092 Suspicio
1122 1021 1330 1088 tenuis,
1382 1020 1726 1091 gravissimas
1770 1037 1938 1076 causa
1986 1020 2204 1075 mortis.

586 1118 707 1171 Non
733 1114 1089 1187 argumentis
1118 1114 1347 1181 veritas,
1381 1114 1480 1168 sed
1504 1114 1795 1186 suppliciis
1823 1114 2205 1185 quaerebatur.

587 1210 641 1266 Si
684 1209 783 1280 qui
830 1207 1118 1281 pecuniosi
1181 1211 1366 1274 erant,
1411 1207 1597 1262 afﬁcto
1639 1207 1875 1263 crimine
1922 1206 2211 1262 seditionis

587 1302 700 1373 (69)
747 1300 1115 1374 rapiebantur
1155 1301 1227 1355 ad
1273 1317 1478 1355 necem
1527 1301 1618 1355 :si
1662 1301 1758 1371 qui
1806 1300 2035 1371 inopes,
2080 1300 2212 1372 quia

590 1413 703 1451 non
755 1394 1049 1451 habebant
1099 1410 1210 1466 quo
1273 1412 1329 1449 se
1384 1394 1766 1462 redimerent,
1829 1396 2001 1450 morti
2064 1401 2213 1465 pate-

590 1490 746 1544 bant.

1190 1559 1406 1614 CAPUT
1441 1560 1620 1613 XVIII.

661 1679 729 1732 Et
742 1676 866 1748 jam
887 1676 1070 1747 gravis
1108 1676 1289 1730 fames
1334 1675 1549 1741 sazvire,
1594 1680 1765 1747 atque
1802 1676 2044 1747 amplius
2075 1676 2214 1730 sedi-

2303 551 2435 606 vita:
2469 552 2682 607 ultimae
2709 550 3012 623 stillicidia.
3040 553 3107 607 Et
3148 550 3271 605 haec
3309 554 3426 605 tam
3456 548 3701 605 infelicis
3730 546 3933 620 species

2305 645 2643 701 calamitatis
2669 650 2853 700 metus
2878 649 3019 715 erat,
3045 662 3118 701 ne
3145 643 3698 717 deprehenderetur.
3721 641 3933 697 Clausis

2306 739 2497 810 itaque
2548 738 2761 794 foribus
2806 739 3192 805 exercebatur,
3229 754 3301 793 ne
3358 737 3485 809 quis
3526 735 3935 809 superveniret,

2308 834 2405 903 qui
2431 834 2501 888 de
2531 849 2630 889 ore
2655 833 2844 888 alieno
2873 832 3065 888 cibum
3112 838 3416 904 quaereret,
3446 837 3503 886 et
3537 846 3754 886 canum
3784 845 3933 885 more

2309 928 2556 982 vomitus
2591 926 2805 982 alienos
2850 927 3044 996 lingua
3089 943 3188 981 sua
3220 925 3517 981 lamberet.
3562 924 3674 980 Sed
3715 940 3793 978 ne
3836 923 3933 979 hoc

2308 1020 2537 1092 quidem
2560 1020 2795 1092 impune
2826 1038 2839 1075 :
2895 1036 3032 1075 nam
3074 1020 3420 1091 ubicumque
3456 1018 3611 1074 fores
3641 1017 3935 1083 obseratae,

2309 1119 2570 1185 suspecta
2637 1114 2793 1169 fraus
2856 1113 3114 1169 alimenti
3183 1112 3518 1169 absconditi.
3568 1110 3937 1167 Prosiliebant

2313 1208 2554 1263 ministri
2574 1207 2940 1273 seditionum,
2964 1208 3150 1263 clausa
3170 1206 3595 1278 expugnabant,
3617 1204 3938 1261 intolenbio

2309 1302 2382 1357 lia
2424 1307 2481 1355 et
2529 1318 2690 1357 novae
2734 1301 3079 1357 crudelitatis
3128 1300 3432 1372 exigebant
3473 1299 3783 1371 supplicia.
3834 1298 3936 1352 Nec

2311 1395 2381 1450 ab
2422 1395 2558 1466 ipsis
2601 1395 2833 1468 quidem
2893 1394 3175 1466 pudendis
3226 1394 3481 1467 corporis
3527 1392 3937 1447 abstinebatur.

2316 1490 2417 1543 Per
2439 1490 2559 1560 ipsa
2591 1505 2817 1561 quoque
2859 1504 3023 1560 poena
3071 1488 3370 1554 transibat,
3399 1487 3553 1559 quod
3595 1487 3656 1541 in
3694 1486 3791 1540 his
3817 1500 3936 1556 gra-

2314 1581 2434 1636 vior
2463 1598 2662 1637 sensus
2688 1598 2989 1653 poenarum
3019 1581 3109 1641 sit.
3137 1581 3288 1637 Multi
3332 1597 3461 1635 cum
3493 1581 3617 1651 jam
3657 1594 3939 1651 percusso-

2313 1692 2404 1729 res
2431 1676 2822 1747 irrumpentes
2847 1675 3122 1741 viderent,
3169 1678 3398 1746 paratos
3424 1673 3729 1746 rapiebant
3759 1672 3936 1731 cibos;

592 1773 670 1825 tio
703 1769 946 1840 grassari
967 1772 1219 1840 cmperat
1246 1769 1439 1823 furore
1473 1785 1537 1822 ac
1570 1768 2213 1823 vesaniazfrumentum
2238 1838 2275 1841 _
2316 1785 2387 1823 ne
2439 1771 2524 1824 vel
2570 1769 2682 1841 ipsi
2732 1769 3206 1825 defraudarentur
3263 1783 3531 1839 supremo
3589 1766 3823 1832 viatico,
3864 1766 3936 1820 vel

594 1838 729 1919 non
758 1838 1176 1934 reperiebatur,
1232 1863 1417 1916 nullus
1476 1863 1636 1932 panis
1689 1863 1745 1916 in
1810 1863 2035 1933 publico
2091 1838 2468 1920 usu.Bcerte
2496 1838 2749 1919 futuram
2795 1868 3041 1918 mortem
3089 1862 3784 1931 ulciscerentur:et‘qno
3828 1876 3942 1929 gra-

592 1957 784 2013 Sicubi
820 1973 939 2012 esse
969 1960 1319 2027 compertum
1348 1956 1556 2024 fuerat,
1591 1956 1741 2011 illico
1771 1956 1977 2011 domus
2003 1973 2213 2028 expug-

595 2050 855 2105 nabatur.
885 2050 1260 2121 Jugulabatur
1290 2049 1499 2104 redium
1538 2049 1823 2115 dominus,
1845 2055 1910 2106 ut
1944 2050 2218 2105 frumenti

596 2143 853 2199 conditor
906 2143 1056 2214 quod
1108 2142 1517 2197 occultavisset.
1563 2142 1777 2197 Rursus
1825 2159 1938 2197 non
1983 2145 2217 2214 repertis

594 2236 884 2308 frugibus,
954 2235 1117 2306 quasi
1193 2235 1524 2306 diligentius
1599 2236 1945 2292 abscondita:
2005 2237 2213 2305 forent,

594 2334 879 2385 tormenta
922 2330 1346 2384 exercebantur.
1391 2329 1680 2398 Optabant
1720 2329 1977 2403 plerique
2019 2331 2218 2385 mortis

592 2421 1022 2493 compendium,
1076 2438 1206 2476 cum
1259 2437 1353 2477 eos
1405 2425 1503 2476 aut
1549 2423 1734 2477 fames
1783 2424 2064 2491 afﬁceret,
2119 2430 2217 2478 aut

592 2515 898 2572 crudelitas
943 2515 1305 2571 excruciaret.
1354 2516 1606 2587 Denique
1641 2518 1739 2587 qui
1768 2517 2023 2572 seniores
2054 2524 2219 2573 erant

591 2609 849 2666 occidere
869 2608 1347 2681 dedignabantur,
1371 2609 1692 2665 invidentes
1706 2610 2048 2666 beneﬁcium
2071 2628 2220 2667 mor-

595 2705 687 2771 tis,
703 2703 911 2775 quibus
924 2703 1046 2774 jam
1067 2703 1461 2758 vehementior
1481 2703 1739 2759 carnifex
1759 2706 1960 2771 fames,
1981 2706 2215 2761 misera-

591 2797 691 2852 bili
723 2796 899 2852 macie
924 2796 1232 2851 visceribus
1257 2797 1436 2852 exesis
1468 2797 1625 2852 nuda
1653 2814 1781 2853 ossa
1809 2800 2085 2854 tenuitate
2108 2802 2196 2865 (70
2206 2810 2217 2867 }

590 2894 826 2947 texerat.
879 2890 1185 2961 Spirabant
1228 2891 1538 2946 semineces
1587 2893 1709 2946 solo
1759 2892 1946 2946 adhuc
1991 2893 2213 2963 spiritu,

590 2990 760 3056 atque
786 2999 941 3055 aegra
959 2983 1266 3039 trahebant
1300 2985 1595 3040 cadavera.
1625 2983 1818 3040 Sicubi
1842 2992 2220 3057 purgamenta

594 3080 812 3133 olerum
848 3079 933 3133 vel
986 3094 1119 3132 casu
1164 3077 1347 3148 lapsa,
1400 3079 1487 3133 vel
1535 3079 1699 3149 quasi
1745 3078 1911 3133 arida
1964 3080 2220 3150 projecta

2320 1958 2441 2013 vior
2476 1957 2774 2012 videbatur
2802 1956 3123 2023 crudelitas,
3170 1972 3284 2011 non
3323 1954 3657 2010 esuriebant
3689 1953 3821 2026 ipsi,
3848 1956 3940 2025 qui

2320 2050 2620 2123 rapiebant
2669 2050 2823 2104 cibos
2875 2048 3277 2104 esurientibus.
3326 2048 3559 2119 Rapinis
3619 2046 3782 2102 enim
3841 2045 3939 2100 sibi

2317 2147 2557 2202 aliorum
2583 2159 2717 2215 opes
2765 2146 3183 2211 coacervarant,
3216 2147 3276 2198 et
3316 2142 3515 2197 alienis
3560 2140 3813 2196 conditis
3845 2156 3939 2209 pa-

2320 2238 2619 2293 scebantur
2668 2255 2680 2289 :
2730 2252 2862 2291 cum
2898 2235 3010 2307 ipsi
3053 2235 3150 2308 qui
3191 2238 3613 2307 congesserant,
3663 2233 3939 2289 esurirent

2313 2331 2646 2403 jejunioque
2686 2329 3170 2385 contabescerent.
3206 2329 3267 2385 Si
3301 2345 3412 2400 qua
3446 2331 3709 2383 materno
3751 2327 3937 2384 aﬁectn

2317 2425 2556 2497 percita,
2602 2424 2875 2480 miserans
2916 2424 3136 2494 vagitus
3177 2422 3457 2489 infantiae,
3493 2438 3734 2477 succum
3791 2422 3934 2477 cibo-

2320 2537 2448 2574 rum
2477 2535 2575 2573 ore
2602 2518 2837 2590 proprio
2864 2517 3033 2574 vellet
3072 2516 3395 2586 infundere,
3435 2515 3513 2587 pii
3540 2515 3737 2588 operis
3764 2531 3936 2588 pinnas

2320 2613 2530 2680 luebat,
2576 2628 2969 2683 suspensoque
3010 2611 3084 2666 ad
3133 2610 3429 2675 cervicem,
3459 2611 3548 2666 vel
3594 2609 3933 2666 harentead

2322 2706 2599 2761 mamillas
2644 2706 2890 2777 pignore
2932 2705 3101 2760 simul
3148 2703 3652 2775 transﬁgebantur.
3686 2704 3925 2775 Plerique

2321 2802 2492 2854 etiam
2538 2798 2881 2854 beneﬁcium
2937 2801 3206 2869 putantes
3262 2799 3431 2866 mori,
3498 2798 3929 2870 egrediebantur

2320 2894 2545 2962 urbem,
2580 2899 2639 2947 ut
2666 2892 2870 2947 herbas
2897 2892 3190 2962 vellerent,
3217 2893 3305 2948 vel
3330 2892 3548 2948 radices
3577 2892 3931 2963 depasceren-

2322 2993 2431 3056 tur,
2459 2991 2556 3042 aut
2594 2986 2833 3043 cortices
2876 2985 3147 3041 arborum
3190 2986 3577 3055 detraherent,
3622 2987 3667 3040 si
3709 2985 3849 3058 quid
3889 2984 3936 3038 in

2319 3078 2407 3132 his
2432 3076 2685 3133 viriditas
2713 3076 2784 3132 ad
2826 3075 2938 3131 cibi
2977 3075 3257 3132 solamina
3295 3076 3782 3145 subministraret,
3812 3091 3939 3148 quos

590 3175 957 3242 aspexerant,
1020 3171 1240 3242 reliqua
1311 3172 1417 3239 (Ἠ)
1498 3171 1725 3228 invalidi
1787 3188 2056 3243 corpore,
2125 3190 2295 3278 oreC
2322 3170 2677 3226 invenientes
2717 3169 2957 3225 Romani
2987 3170 3290 3225 necabant.
3323 3174 3394 3227 At
3437 3170 3539 3243 qui
3566 3170 3797 3226 hostem
3823 3185 3936 3225 era-

588 3264 917 3319 lambebant
935 3264 1185 3334 jacentia
1220 3263 1404 3318 humi.
1438 3268 1548 3320 Aut
1576 3264 1756 3320 sicubi
1799 3266 2089 3322 internata
2115 3285 2217 3340 pa-

592 3355 825 3411 rietibus
850 3355 966 3410 visa
1011 3356 1203 3411 fuerat
1252 3358 1454 3422 herba,
1490 3358 1778 3429 rapientes
1818 3377 1982 3415 succo
2010 3361 2223 3417 infelici

594 3449 865 3504 miseram
910 3449 1247 3504 solabantur
1301 3451 1554 3507 famem.
1615 3453 1721 3516 Qui
1761 3453 1994 3509 ditiores
2038 3460 2219 3522 erant,

595 3558 926 3597 mensuram
967 3542 1138 3598 tritici
1182 3548 1302 3599 toto
1346 3560 1516 3599 censu
1567 3549 1858 3603 emebant.
1895 3548 2040 3612 Quid
2068 3548 2223 3603 enim

596 3640 888 3692 servarent
934 3652 1048 3691 non
1092 3638 1505 3709 profuturum?
1542 3640 1647 3703 Qui
1697 3640 2088 3712 pauperiores,
2135 3643 2221 3697 vel

595 3730 795 3786 hordei
824 3747 837 3785 :
866 3730 945 3785 ita
968 3734 1033 3785 ut
1056 3746 1224 3786 nemo
1253 3732 1595 3787 vendentem
1625 3734 1713 3788 vel
1752 3740 2039 3790 ementem
2065 3736 2219 3792 vide-

592 3828 700 3879 ret.
750 3825 858 3880 Hoc
902 3825 1057 3880 enim
1108 3825 1267 3879 omni
1313 3825 1541 3895 gravius
1605 3828 1816 3883 scelere
1858 3829 2220 3899 puniebatur.

594 3918 789 3989 Neque
817 3933 948 3973 vero
977 3919 1259 3989 coquendi
1290 3920 1453 3988 panis
1490 3936 1625 3973 usus
1666 3922 2118 3992 exspectabatur,
2150 3940 2223 3979 ne

590 4027 743 4065 mors
780 4012 1139 4081 praeveniret,
1169 4015 1269 4065 aut
1298 4028 1461 4068 mora
1502 4014 1850 4082 proditorem
1891 4022 2219 4071 arcesseret.

596 4107 659 4159 In
705 4103 935 4159 occultis
984 4104 1182 4172 abditi,
1225 4092 1511 4161 incoctum
1555 4108 1901 4163 mandabant
1949 4109 2220 4179 triticum,

593 4196 799 4265 quibus
842 4198 958 4250 ulla
1005 4197 1092 4251 vel
1135 4199 1345 4267 exigua
1368 4199 1639 4254 frumenti
1684 4202 1844 4272 copia
1889 4208 2027 4257 erat.
2059 4204 2224 4259 Nulla

594 4305 809 4358 mensa,
838 4290 1061 4343 nullum
1086 4289 1282 4355 sedile,
1314 4292 1465 4346 nulla
1498 4293 1591 4346 lux
1624 4310 1636 4346 :
1673 4309 1743 4348 ne
1770 4295 1897 4365 quis
1924 4296 2225 4351 interveni-

595 4387 701 4447 ret,
729 4387 899 4453 atque
920 4382 1259 4453 improvisos
1304 4384 1411 4454 (72)
1460 4385 1935 4456 deprehenderet.
1965 4389 2021 4445 Si
2054 4406 2225 4445 sonus

593 4476 764 4543 ullus,
804 4476 1299 4532 abscondebantur
1343 4477 1452 4533 cibi
1497 4496 1508 4532 :
1548 4483 1819 4551 suspecta;
1866 4482 2219 4551 solitudines,

2323 3270 2492 3334 serat,
2520 3265 2581 3320 in
2608 3265 2730 3336 ipso
2759 3266 2944 3335 portas
2968 3264 3171 3319 ruebat
3195 3264 3421 3331 limine,
3451 3265 3611 3320 fame
3640 3264 3867 3319 tabidus
3892 3270 3939 3316 et

2323 3374 2421 3413 ore
2451 3358 2745 3425 invalidus,
2776 3373 2948 3429 quem
2981 3358 3105 3428 jam
3136 3360 3195 3412 et
3230 3358 3352 3429 ipsa
3407 3357 3724 3414 mandendi
3771 3356 3941 3413 ofﬁcia

2323 3452 2727 3508 destituissent.
2754 3452 3064 3522 Regressos
3111 3467 3340 3523 quoque
3374 3451 3699 3523 excipiebat
3724 3450 3943 3507 fertilior

2325 3561 2547 3613 manus,
2581 3561 2713 3617 qum
2740 3546 2811 3601 de
2843 3545 3082 3617 gremiis
3105 3545 3448 3601 miserorum
3469 3561 3697 3601 summo
3718 3546 3943 3617 quaesita

2322 3638 2593 3709 periculo,
2626 3654 2726 3710 per
2758 3637 3190 3695 acerbissimum
3233 3643 3604 3710 extorqueret
3645 3639 3821 3706 nefas,
3849 3651 3944 3691 nec

2322 3738 2544 3803 partem
2594 3739 2910 3788 reservaret
2966 3749 3069 3804 pro
3116 3732 3386 3788 mercede
3432 3734 3642 3789 saltem
3686 3731 3935 3804 periculi.

2323 3826 2705 3882 Moriebantur
2723 3826 2913 3898 itaque
2959 3826 3176 3897 majore
3212 3843 3447 3882 suorum
3496 3842 3675 3898 quam
3704 3827 3942 3882 hostium

2324 3920 2722 3990 impressione.
2756 3922 2829 3975 Ea
2854 3920 3006 3975 enim
3036 3936 3164 3991 qua":
3200 3921 3372 3976 etiam
3413 3921 3595 3976 hostis
3624 3921 3945 3979 indulserat.

2323 4013 2459 4068 civis
2509 4013 2789 4085 eripiebat
2836 4031 2848 4069 :
2893 4030 3000 4068 nec
3044 4015 3295 4085 rapuisse
3346 4018 3548 4071 tamen
3602 4015 3763 4069 istius
3799 4014 3946 4070 modi

2325 4106 2516 4162 cibum
2550 4108 2837 4179 proderat,
2861 4108 3074 4179 quippe
3100 4124 3216 4164 non
3243 4108 3423 4165 multo
3453 4114 3586 4181 post
3604 4108 3805 4164 virenti
3834 4110 3945 4175 (73';

2324 4216 2559 4271 corpore
2614 4200 3067 4271 turgescentibus
3116 4203 3340 4269 mediis,
3382 4202 3714 4259 intimorum
3758 4203 3943 4257 dolore

2322 4295 2602 4350 viscerum
2637 4293 3041 4365 quatiebantur
3074 4312 3086 4350 :
3116 4301 3212 4351 aut
3241 4297 3367 4351 alvo
3410 4298 3581 4352 soluti
3610 4296 3945 4354 deﬁciebant

2323 4387 2611 4443 exhaustis
2638 4387 2870 4454 viribus,
2902 4391 2967 4443 ut
3008 4389 3120 4443 voti
3165 4391 3489 4460 paeniteret,
3525 4391 3678 4462 quod
3704 4391 3772 4445 ad
3799 4394 3945 4445 tem-

2324 4497 2431 4552 pus
2473 4481 2672 4537 solatio
2726 4486 2847 4536 erat
2886 4486 3013 4552 post
3054 4483 3327 4554 supplicio
3361 4501 3373 4538 :
3420 4483 3558 4539 dein
3603 4484 3815 4541 lacertis
3858 4485 3940 4536 vi-

595 4569 932 4639 frequentia:
958 4569 1324 4639 parricidales
1359 4588 1371 4626 :
1402 4571 1551 4627 inter
1577 4589 1706 4627 suos
1727 4575 1885 4630 triste
1912 4582 2218 4633 certamen.
2241 4573 2299 4645 D
2324 4574 2559 4643 ridibus,
2587 4575 2917 4648 ceterisque
2948 4583 3275 4648 serpentum
3307 4578 3624 4649 generibus
3650 4580 3755 4648 (74)
3778 4582 3946 4631 coctis

593 4662 840 4715 Omnem
878 4662 1032 4718 enim
1064 4663 1330 4720 affectum
1366 4666 1615 4721 excludit
1642 4667 1846 4737 fames,
1875 4674 1933 4724 et
1968 4670 2225 4726 maxime

591 4754 1028 4823 verecundiam;
1062 4756 1443 4813 esurientibus
1474 4760 1629 4814 enim
1658 4761 1841 4831 pudor
1865 4762 2227 4833 dispendium

591 4849 742 4912 vitae,
784 4852 842 4902 et
887 4847 1303 4907 detrimentum
1352 4853 1549 4908 salutis
1597 4859 1697 4909 est.
1754 4855 1812 4911 Si
1853 4856 1980 4927 quis
2023 4857 2107 4911 vir
2136 4857 2225 4912 cui

593 4941 799 4997 mulier
828 4947 974 4997 esset
997 4945 1095 4997 aut
1137 4943 1238 4998 ﬁlii
1265 4952 1366 5000 aut
1391 4951 1647 5018 nepotes,
1678 4948 1893 5021 aliquid
1935 4966 2076 5005 escas
2122 4944 2223 5006 11a-

589 5036 766 5101 beret,
810 5034 902 5089 vix
936 5035 1262 5092 fatebatur:
1301 5037 1564 5095 similiter
1607 5046 1665 5097 et
1698 5042 1984 5098 mulieres.
2023 5046 2094 5099 At
2138 5046 2227 5099 cui

594 5128 789 5184 mitior
812 5129 1057 5195 animus,
1088 5129 1183 5185 ubi
1220 5133 1575 5203 apposuisset
1620 5134 1975 5206 alimoniam,
2006 5138 2075 5193 de
2101 5154 2222 5193 ma-

591 5222 758 5277 nibus
809 5222 933 5293 ejus
987 5224 1450 5295 extorquebatur.
1498 5227 1826 5284 Miserabilis
1871 5237 1992 5287 erat
2047 5231 2223 5300 cibus,

594 5331 719 5371 esca
746 5315 1123 5388 lacrymabilis
1158 5334 1171 5372 :
1202 5318 1503 5390 rapiebant
1522 5322 1853 5391 parentibus
1871 5322 1992 5391 ﬁlii,
2016 5341 2222 5395 paren-

593 5413 673 5463 tes
700 5410 848 5479 ﬁliis,
880 5413 939 5463 et
979 5411 1047 5466 de
1088 5411 1225 5483 ipsis
1268 5412 1529 5468 faucibus
1568 5416 1989 5486 proferebatur.
2023 5419 2223 5474 Pleris-

590 5518 699 5571 que
759 5503 997 5559 aliorum
1064 5505 1308 5561 vomitus
1372 5523 1495 5562 esca
1548 5508 1686 5564 fuit.
1744 5510 1854 5565 Nec
1916 5515 2225 5567 marcentia

648 5665 747 5726 (69)
776 5668 1116 5719 Proditionis.
1151 5671 1329 5723 ΒΑΜ.

654 5732 751 5793 (70)
779 5734 938 5784 Tenui
963 5742 1091 5786 cuto.
1121 5739 1201 5788 ID.

656 5800 751 5860 (71)
779 5801 1014 5864 Reliqua.
1047 5807 1132 5855 In.

658 5867 753 5930 (72)
784 5870 1119 5932 Improvisus.
1152 5877 1237 5931 ID.

2328 4669 2563 4735 exuviis,
2598 4675 2819 4741 pestem
2862 4671 3169 4727 addebant.
3198 4672 3340 4727 Nam
3381 4688 3667 4743 equorum
3692 4672 3945 4728 cadavera

2328 4763 2375 4817 si
2429 4763 2575 4818 forte
2631 4764 2997 4835 reperissent,
3064 4765 3214 4821 inter
3274 4781 3334 4820 se
3394 4766 3708 4836 trahentes,
3757 4764 3950 4836 pretio

2330 4857 2485 4927 gravi
2520 4856 2941 4913 decernebant:
2970 4874 3075 4915 nec
3115 4858 3185 4914 ab
3223 4860 3383 4915 hoste
3430 4860 3665 4931 quidem
3709 4874 3818 4931 qua:
3853 4874 3949 4911 co-

2327 4958 2724 5007 acervarentur
2770 4952 2945 5008 exitia
2991 4952 3369 5008 feriebantur.
3424 4953 3565 5009 Nam
3620 4970 3746 5010 cum
3773 4967 3824 5006 se
3873 4950 3949 5005 de

2330 5044 2466 5100 urbe
2519 5044 2776 5115 plurimi,
2816 5062 2945 5101 cum
2987 5046 3119 5102 ﬁliis
3175 5063 3239 5103 ac
3279 5046 3623 5103 mulieribus
3656 5042 3941 5119 egredien-
4018 5048 4019 5071 ‘

2330 5142 2409 5192 tes
2456 5138 2514 5193 in
2560 5155 2689 5193 eam
2728 5145 2973 5211 partem,
3020 5157 3151 5212 quae
3199 5146 3621 5213 praeruptorum
3672 5137 3945 5212 profundo

2331 5232 2782 5303 praecipitiorum
2850 5234 3175 5289 sinuaverat
3238 5235 3641 5300 contulissent,
3700 5230 3939 5289 Romani

2328 5326 2502 5380 veluti
2546 5326 2768 5397 captiva
2846 5326 3123 5383 ducerent
3168 5330 3281 5397 (75)
3351 5328 3660 5400 mancipia,
3703 5324 3939 5379 minoris
4016 5372 4017 5405 Ε

2330 5420 2642 5489 praesertim
2673 5419 2853 5475 aetatis
2873 5421 3028 5475 velut
3074 5420 3400 5477 validiorem
3442 5422 3686 5488 ferirent,
3711 5433 3769 5472 ne
3789 5418 3935 5488 quis

2326 5514 2472 5568 forte
2503 5513 2843 5570 bellantibus
2870 5514 3145 5586 obrepere
3185 5514 3446 5571 auderet.
3479 5511 3925 5587 ερθωιὼιυωτ,

2385 5680 2483 5745 (73)
2514 5684 2717 5732 Uranie.
2746 5682 2817 5733 Et
2852 5696 2978 5734 mox
3006 5683 3199 5735 inedita
3222 5696 3320 5747 pro
3345 5683 3542 5734 mediis.
3576 5682 3648 5732 In.

2390 5752 2483 5814 (74)
2517 5753 2817 5818 Sorpentini
2842 5754 3064 5818 generis.
3095 5755 3174 5805 In.

2387 5824 2486 5885 (75)
2514 5823 2860 5876 Abducsrcm.
2889 5824 2969 5875 In.

4012 5532 4015 5739 ι
