4128 6194
268 267 397 318 2261

1303 266 1387 321 DE
1430 264 1703 320 EXCIDIU
1744 265 1944 321 URBIS
1983 266 2339 323 HIERUSUL.
2382 270 2503 323 LIB.
2552 273 2609 322 V.

3500 272 3638 331 2262

268 386 337 438 ut
376 384 423 438 si
467 383 593 454 quis
633 384 745 440 cibi
783 386 1078 456 quaerendi
1122 385 1443 458 diligentia,
1484 387 1620 442 dum
1661 388 1907 443 rimatur
1931 392 2095 472 Aret
2132 406 2145 443 :
2179 391 2351 446 malle
2396 408 2458 447 se
2502 392 2711 448 liberos
2751 397 2902 450 mori
2948 410 3119 467 quam
3166 412 3359 453 servos
3409 398 3633 467 vivere;

269 476 493 532 radices
533 477 863 548 agrestium,
899 479 969 533 ad
998 478 1268 534 ulteriora
1295 480 1478 551 spatia
1505 480 1779 552 prodiret,
1815 482 1904 536 in-

269 570 669 642 terciperetur.
699 571 813 627 Nec
842 574 1035 628 tamen
1065 573 1409 629 circumfuso
1439 573 1572 629 licet
1600 573 1787 641 hoste,
1819 590 1908 630 co~

267 663 471 719 hibere
500 679 557 719 se
582 669 868 735 poterant,
897 665 1103 737 quibus
1139 666 1324 722 fames
1359 666 1657 722 audaciam
1693 668 1859 723 dabat
1887 686 1900 723 :

269 774 404 813 cum
435 774 641 830 parvos
682 758 896 815 liberos
924 759 1103 816 macie
1131 760 1412 828 consumi,
1443 764 1501 817 et
1528 765 1726 832 aperta
1750 763 1905 818 fame

268 868 371 906 ora
418 852 628 907 frustra
665 852 922 923 extendi,
960 852 1111 908 ferre
1153 870 1269 909 non
1310 858 1498 924 posset
1532 853 1763 910 aﬁ'ectus
1801 871 1902 926 pa-

268 950 524 1013 rentum,
550 960 692 1017 quos
732 946 916 1001 socios
948 945 1057 1001 sibi
1094 947 1409 1002 asciverant
1447 946 1519 1003 ad
1560 948 1902 1020 periculum,

267 1055 347 1094 ne
395 1055 499 1110 pro
545 1056 605 1094 se
655 1040 816 1112 quasi
864 1040 1017 1111 fugae
1065 1057 1180 1095 sua:
1233 1040 1483 1110 obsides,
1537 1058 1571 1096 a
1618 1042 1906 1099 seditionis

267 1133 597 1189 auctoribus
652 1131 1069 1189 occiderentur.
1125 1133 1381 1207 Cogebat
1436 1134 1612 1191 fames
1671 1136 1903 1208 egredi,

267 1226 480 1299 quibus
521 1225 867 1283 beneﬁcium
913 1231 1036 1283 erat
1078 1228 1231 1283 ferro
1272 1228 1461 1300 perire
1498 1228 1709 1301 jejunii
1749 1246 1899 1285 com-

266 1320 586 1392 paratione.
655 1320 865 1377 Contra
930 1322 1211 1391 Romani,
1282 1322 1415 1394 quia
1480 1327 1905 1395 contemptores

266 1414 473 1470 mortis
525 1430 625 1470 eos
681 1413 1133 1483 arbitrabantur,
1194 1415 1475 1487 urgebant
1527 1418 1635 1488 (76)
1690 1432 1904 1488 genera

262 1508 702 1581 suppliciorum,
733 1509 1099 1566 verberantes
1126 1510 1305 1581 prius,
1335 1509 1641 1583 afﬁgentes
1670 1526 1902 1584 quoque

264 1602 521 1674 patibulo
564 1602 745 1659 crucis
786 1618 1183 1676 quemcunque
1227 1604 1611 1673 offenderant,
1657 1620 1772 1677 quo
1816 1606 1902 1662 vel

265 1702 603 1752 caeterorum
653 1698 947 1753 temeritas
1000 1698 1357 1754 cruciatuum
1409 1699 1594 1770 specie
1642 1714 1675 1753 a
1727 1700 1901 1755 laces-

2007 482 2297 539 devovisse
2336 485 2590 541 animam
2639 502 2801 542 suam
2843 488 2904 543 in
2947 489 3186 560 templo.
3236 490 3634 547 lmmortalita-

2008 579 2121 631 tem
2159 576 2431 649 futuram,
2460 580 2507 635 si
2550 595 2681 635 cum
2716 581 2937 653 templo
2982 582 3182 651 exusti,
3229 586 3345 639 aris
3388 600 3455 640 ac
3497 586 3636 642 locis

2005 669 2202 741 patriis
2237 671 2695 728 immorerentur.
2726 673 2873 729 Nihil
2908 675 3091 747 egisse
3123 675 3333 745 Titum,
3359 678 3634 750 eripuisse

2007 778 2202 833 parva,
2240 764 2459 821 dedisse
2497 766 2659 838 plura
2702 785 2714 822 :
2759 783 2865 839 pro
2905 769 3123 839 templo
3160 769 3265 825 sibi
3305 769 3636 841 paradisum

2006 856 2336 925 succedere,
2391 858 2631 931 illosque
2681 860 2793 932 (78)
2846 879 2906 917 se
2957 862 3059 934 qui
3109 878 3213 934 pro
3262 864 3483 935 templo
3537 866 3635 921 Dei

2004 951 2418 1022 pugnaverint,
2473 953 2896 1010 transferendos
2950 972 2962 1009 :
3014 958 3271 1024 tantum,
3331 973 3404 1013 ne
3459 958 3637 1014 oculis

2006 1043 2119 1098 suis
2160 1044 2482 1117 triumphos
2525 1047 2809 1102 Romanos
2847 1048 3125 1118 viderent,
3154 1055 3213 1106 et
3236 1049 3461 1123 captiva
3492 1051 3636 1124 jugo

2005 1137 2145 1192 colla
2191 1137 2559 1211 subjicereut.
2616 1141 2941 1197 Consecrari
2993 1144 3262 1215 parvulos
3311 1160 3461 1216 suos,
3518 1160 3632 1201 non

2004 1230 2271 1302 interfici,
2305 1248 2552 1304 quorum
2590 1240 2855 1305 parentes
2884 1237 3201 1293 caelestium
3233 1243 3633 1312 propugnato-

2004 1340 2097 1379 res
2124 1325 2341 1381 fueriut
2366 1333 2870 1385 sacramentorum.
2905 1331 3029 1395 Quo
3064 1332 3429 1399 commotior,
3455 1332 3632 1400 Titus,

2004 1434 2104 1473 eos
2133 1419 2337 1475 saltem
2380 1420 2625 1493 eriperet
2648 1423 2748 1495 qui
2793 1423 2959 1480 inviti
2998 1424 3410 1494 attinebantur,
3440 1426 3634 1481 admo-

2001 1512 2120 1567 veri
2142 1513 2314 1584 jussit
2344 1516 2657 1571 machinas.

2627 1610 2846 1667 CAPUT
2882 1612 3007 1668 XIX.

2076 1701 2207 1754 Erat
2253 1702 2312 1756 in
2360 1703 2609 1758 exercitu
2650 1704 2914 1760 Antiochi
2963 1707 3272 1778 Comageni
3317 1706 3487 1778 ﬁlius,
3530 1711 3629 1781 qui

265 1790 436 1846 sendi
465 1790 772 1847 insolentia
799 1796 1182 1847 revocaretur.
1218 1765 1537 1847 Miseranda
1566 1792 1758 1865 itaque
1782 1809 1903 1865 pas.
1922 1765 1979 1837 Β
2001 1798 2239 1849 venerat
2274 1794 2348 1850 ad
2384 1795 2518 1851 belli
2557 1796 2907 1869 societatem,
2951 1765 3196 1872 impiger
3227 1815 3364 1856 sane
3401 1765 3631 1873 juvenis

266 1884 355 1940 sio
407 1884 530 1941 Tito
578 1883 900 1953 videbatur,
951 1888 1243 1941 tantarum
1292 1884 1569 1941 acerbitas
1609 1886 1899 1942 calamita-

268 1982 414 2033 tum.
465 1977 846 2050 Capiebautur
889 1979 1202 2049 innumeri,
1250 1980 1550 2052 quingenti
1598 1980 1779 2036 ferme
1829 1981 1901 2036 ad

264 2071 420 2127 diem
448 2070 871 2140 cruciabantur,
900 2088 1247 2145 camposque
1274 2076 1405 2128 ante
1436 2072 1640 2129 urbem
1668 2074 1898 2129 misera-

264 2165 397 2221 bilis
424 2181 650 2238 pompae
677 2165 879 2221 ordine
905 2166 1319 2237 praetexebant,
1355 2169 1413 2221 ut
1440 2167 1511 2222 de
1538 2166 1715 2222 muris
1745 2167 1896 2239 aspi-

267 2262 553 2315 cerentur.
601 2259 1013 2315 Miserabantur
1054 2260 1321 2328 Romani,
1364 2276 1482 2316 non
1523 2261 1900 2317 movebantur

262 2353 447 2409 Judaei
475 2370 487 2406 :
516 2352 1013 2426 compatiebantur
1042 2353 1253 2422 hostes,
1282 2354 1422 2410 socii
1447 2370 1565 2410 non
1594 2354 1899 2411 ﬂecteban-

266 2452 361 2502 tur
403 2465 417 2503 :
458 2447 678 2503 facilius
718 2447 869 2519 apud
912 2447 1268 2503 adversarios
1304 2448 1487 2521 pietas
1530 2465 1703 2521 quam
1746 2450 1898 2522 apud

266 2541 454 2597 socios
494 2540 910 2614 reperiebatur.
957 2543 1168 2597 Tamen
1216 2542 1677 2597 accendebantur
1724 2543 1894 2615 pleri-

269 2652 383 2708 que
427 2634 832 2707 indignatione,
872 2635 1021 2708 quod
1064 2636 1125 2690 in
1171 2636 1340 2691 tantis
1385 2635 1545 2691 malis
1586 2636 1897 2693 deteriores

268 2728 506 2798 ﬁebant,
551 2729 786 2785 diversis
830 2729 1015 2785 modis
1055 2729 1296 2786 afﬂictos
1331 2746 1594 2787 cerneres
1634 2746 1646 2786 :
1688 2732 1898 2786 varias-

264 2839 381 2896 que
432 2838 726 2895 poenarum
778 2824 1015 2895 species,
1062 2823 1273 2879 formas
1323 2824 1731 2896 suppliciorum
1778 2828 1895 2880 tam

264 2916 674 2973 innumerabili
718 2916 1111 2985 multitudine,
1160 2921 1223 2972 ut
1256 2917 1380 2989 jam
1423 2918 1582 2973 locus
1625 2918 1897 2990 patibulis

262 3010 508 3078 deesset,
547 3010 799 3083 patibula
829 3010 1177 3083 corporibus.
1211 3010 1454 3066 Furebat
1488 3012 1641 3066 intus
1676 3011 1892 3083 Simon,

2002 1891 2061 1942 et
2100 1904 2274 1943 manu
2311 1896 2635 1963 promptus,
2677 1891 2777 1946 sed
2819 1892 3055 1948 consilio
3095 1908 3298 1965 parum
3338 1895 3625 1967 providus,

2000 1982 2098 2055 qui
2127 1982 2578 2038 moderationem
2618 1984 2863 2040 Romani
2899 1986 3180 2042 exercitus
3211 1988 3511 2044 lentiorem
3543 2006 3629 2045 ra-

1999 2078 2112 2143 tus,
2161 2092 2267 2130 nec
2310 2076 2683 2133 considerans
2733 2079 2990 2135 muneris
3036 2079 3451 2149 difﬁcultatem,
3499 2082 3628 2138 iusi-

2000 2169 2197 2225 nuavit
2239 2170 2462 2238 Caesari,
2507 2172 2703 2227 mirari
2749 2189 2831 2241 se,
2879 2173 3034 2246 quod
3072 2178 3477 2232 cunctarentur
3516 2178 3623 2233 Bo-

1998 2262 2156 2318 maui
2197 2280 2425 2319 murum
2468 2266 2780 2321 succidere.
2824 2266 2965 2322 Risit
3002 2267 3179 2339 Titus,
3208 2274 3267 2325 et
3303 2270 3425 2325 ait:
3458 2271 3625 2326 Com-

1998 2372 2173 2412 mune
2201 2362 2283 2413 est
2314 2374 2476 2429 opus.
2516 2359 2593 2413 Eo
2623 2374 2885 2415 sermone
2915 2360 3147 2431 juvenis
3184 2377 3305 2418 sese
3346 2364 3627 2435 proripuit

1998 2465 2127 2504 cum
2180 2450 2291 2519 his,
2337 2466 2481 2522 quos
2534 2456 2788 2507 armatos
2838 2453 3255 2509 Macedonicum
3299 2455 3361 2510 iu
3404 2471 3623 2512 morem

1999 2543 2378 2616 promptiores
2431 2544 2680 2600 habebat
2723 2546 2793 2601 ad
2841 2545 3173 2603 bellandum
3214 2565 3227 2602 :
3277 2564 3531 2622 namque
3566 2553 3625 2605 et

1998 2636 2121 2692 aliis
2147 2637 2422 2693 subnixus
2444 2638 2776 2695 advenerat.
2800 2639 3013 2695 Cohors
3039 2645 3229 2697 tamen
3271 2657 3401 2714 quae
3435 2644 3625 2715 appel-

1997 2731 2223 2787 labatur
2271 2732 2678 2801 Macedonum,
2723 2736 2781 2788 et
2817 2734 3032 2789 viribus
3083 2736 3364 2807 corporis,
3403 2741 3461 2792 et
3502 2753 3625 2809 pro-

1997 2826 2229 2881 ceritate
2255 2827 2380 2899 ipsa
2407 2828 2681 2898 praestare
2719 2827 3132 2884 aestimabatur.
3175 2828 3389 2894 Quibus
3416 2846 3622 2902 appro~

1995 2920 2403 2992 pinquantibus
2464 2920 2686 2975 bellum
2742 2920 3001 2977 adolevit.
3060 2922 3269 2977 Contra
3330 2923 3400 2979 de
3458 2940 3624 2980 muro

1995 3014 2315 3085 promptius
2357 3014 2820 3081 decernentibus,
2866 3031 3005 3087 quos
3047 3019 3298 3071 extrema
3340 3014 3626 3088 urgebant

260 3103 551 3160 fremebat
574 3106 836 3173 Joannes,
866 3103 1283 3160 insidiabantur
1305 3104 1545 3177 singulis
1572 3121 1676 3178 per
1699 3105 1896 3161 minis-
1915 3135 1971 3211 Ο
1997 3108 2247 3179 pericula
2264 3150 2279 3176 ,
2335 3114 2391 3163 et
2445 3123 2732 3164 successus
2779 3108 3073 3181 praesentis
3126 3109 3452 3167 certaminis
3495 3114 3619 3167 aui-

263 3203 384 3254 tros
436 3215 566 3254 suos
617 3215 629 3252 :

261 3294 509 3348 humum
553 3291 996 3364 discerpebatur.
1049 3292 1260 3347 Eorum
1310 3309 1540 3366 quoque
1589 3294 1688 3366 qui
1737 3293 1893 3350 abie-

262 3389 397 3441 rant
450 3384 696 3458 proximi
752 3385 1155 3441 cruciabantur
1197 3387 1331 3458 (77),
1377 3388 1478 3442 aut
1528 3388 1680 3443 cruci
1730 3388 1897 3444 afﬁxa

261 3479 673 3552 plerorumque
725 3480 998 3535 cadavera
1053 3478 1167 3535 suis
1229 3479 1329 3553 qui
1389 3480 1566 3554 elapsi
1631 3482 1891 3552 fuerant,

259 3572 716 3629 ostentabantur.
753 3574 793 3628 E
835 3572 1059 3628 diverso
1105 3572 1278 3629 etiam
1321 3573 1427 3645 ipsi
1474 3590 1703 3630 murum
1747 3590 1890 3647 qua-

262 3667 401 3722 dam
445 3666 836 3739 patibulorum
878 3670 1070 3738 segete
1112 3670 1564 3738 pretexuerant,
1615 3667 1773 3741 quasi
1821 3668 1891 3722 de

259 3761 598 3817 adversariis
632 3761 1068 3834 triumphantes,
1116 3762 1161 3815 si
1206 3777 1351 3833 quos
1391 3761 1462 3817 de
1510 3762 1624 3817 suis
1665 3762 1737 3817 ad
1778 3763 1890 3818 Ro-

260 3871 461 3910 manos
500 3854 641 3911 velle
681 3853 991 3927 confugere
1028 3853 1567 3926 deprehendisseut,
1615 3858 1678 3910 ut
1724 3856 1889 3911 caete-

256 3964 355 4004 ros
399 3948 857 4021 transgredicudi
902 3953 1091 4004 metus
1128 3948 1454 4004 incesseret.
1493 3949 1687 4004 Nullus
1733 3949 1892 4005 locus

252 4043 532 4098 immunis
575 4041 916 4112 acerbitatis,
965 4041 1102 4097 foris
1146 4041 1461 4114 captivitas,
1497 4042 1651 4097 intus
1691 4042 1888 4111 fames,

252 4136 511 4193 formido
548 4136 882 4208 utrobique;
912 4136 1101 4191 minus
1135 4139 1329 4191 tamen
1354 4136 1708 4192 timebantur
1732 4152 1889 4192 arma

254 4247 437 4304 quam
489 4234 811 4299 tormenta,
866 4230 1159 4302 leviusque
1213 4233 1333 4287 erat
1389 4229 1588 4285 conﬁci
1644 4231 1890 4287 tumultu

254 4323 449 4397 potius
490 4325 729 4394 hostico,
780 4340 953 4397 quam
1002 4323 1326 4396 parricidio.
1384 4324 1496 4379 Nec
1544 4324 1889 4381 intermitte-

252 4420 356 4474 bat
395 4423 593 4474 tamen
637 4418 825 4473 Caesar
864 4418 1101 4473 invitare
1138 4417 1447 4473 factionum
1490 4418 1780 4491 principes
1820 4419 1890 4474 ad

685 3198 730 3253 si
783 3198 909 3271 quis
957 3199 1159 3271 fugere
1210 3202 1484 3267 tentaret,
1536 3202 1748 3255 tractus
1793 3216 1897 3271 per
1924 3198 1970 3211 "'
1996 3201 2190 3257 mabat
2221 3220 2235 3257 :
2271 3218 2401 3257 cum
2440 3202 2739 3258 inferiores
2777 3219 2811 3257 a
2851 3202 3237 3275 superioribus
3265 3204 3625 3279 frequentius

1992 3296 2485 3368 transﬁgereutur,
2515 3296 2585 3351 ad
2611 3296 2936 3368 superiores
2977 3314 3092 3353 non
3133 3298 3328 3353 omnia
3366 3300 3625 3370 perveni-

1994 3392 2127 3444 rent
2176 3389 2421 3461 spicula;
2475 3388 2623 3444 ﬁlius
2675 3393 2866 3445 tamen
2924 3390 3077 3462 regis
3119 3391 3354 3462 juventa
3402 3392 3621 3460 alacris,

1994 3482 2172 3537 armis
2227 3481 2525 3551 munitior,
2579 3482 2857 3538 comitatu
2911 3483 3276 3553 succinctior,
3321 3485 3459 3541 alios
3510 3486 3624 3542 elu-

1995 3576 2165 3631 debat
2203 3575 2367 3644 ictus,
2408 3574 2725 3648 repellebat
2754 3575 2916 3643 alios,
2953 3592 3098 3649 quos
3132 3577 3305 3633 etiam
3345 3580 3412 3633 ut
3455 3595 3621 3635 cave-

1996 3673 2083 3724 ret
2134 3667 2581 3741 suggerentibus
2631 3668 2825 3736 sociis,
2880 3668 3271 3725 instruebatur
3319 3688 3334 3726 :
3386 3673 3446 3727 et
3492 3670 3622 3728 ideo

1995 3764 2221 3836 integer
2244 3779 2278 3818 a
2299 3761 2627 3817 vulneribus
2663 3761 3076 3835 perseveravit;
3118 3761 3218 3818 sed
3253 3762 3325 3819 de
3356 3764 3619 3821 Macedo-

1998 3873 2137 3913 num
2173 3857 2404 3912 cohorte
2450 3856 2709 3929 plerique
2746 3855 3041 3929 (quoniam
3077 3856 3282 3929 pudori
3323 3857 3618 3929 putabant,

1993 3951 2165 4007 etiam
2207 3954 2422 4006 natura:
2460 3955 2557 4006 aut
2598 3949 2972 4005 munimentis
3009 3950 3234 4022 cedere)
3271 3951 3621 4024 pertinacius

1992 4044 2335 4117 praeliantes,
2382 4044 2758 4100 vulnerantur
2792 4043 2929 4116 (79).
2972 4045 3164 4117 Itaque
3205 4048 3413 4101 conatu
3462 4046 3620 4102 irrito

1992 4154 2208 4194 cessere
2251 4136 2640 4211 superioribus
2686 4154 2697 4191 :
2743 4137 2891 4193 docti
2933 4137 3111 4193 etiam
3153 4137 3259 4194 viri
3298 4138 3617 4195 Macedoni-

1991 4233 2097 4287 bus
2130 4232 2174 4287 si
2202 4231 2415 4287 vellent
2447 4231 2696 4301 vincere,
2726 4233 2785 4287 et
2815 4231 3171 4289 alacritatem
3209 4233 3512 4289 Alexandri
3551 4234 3621 4289 ad

1992 4326 2375 4399 prmliandum
2421 4341 2542 4381 esse
2589 4326 2987 4394 necessariam,
3037 4331 3097 4382 et
3143 4326 3406 4384 vincendi
3447 4343 3619 4384 even-

1992 4429 2133 4476 tum.
2176 4421 2431 4492 Namque
2486 4419 2581 4475 ille
2627 4436 2758 4474 cum
2811 4419 3099 4475 obsideret
3145 4419 3347 4476 urbem
3396 4436 3623 4476 moran-

253 4528 423 4585 spem
476 4511 801 4568 deditionis.
853 4513 1112 4583 Namque
1158 4512 1385 4567 structis
1432 4511 1739 4583 aggeribus
1789 4512 1886 4567 de-
1910 4502 1969 4575 D
1994 4514 2141 4569 tibus
2179 4513 2419 4581 caeteris,
2460 4518 2518 4569 et
2558 4512 2706 4568 circa
2744 4513 3035 4569 solemnes
3078 4513 3373 4569 machinas
3414 4514 3621 4569 immo-

256 4605 582 4674 nuntiabat,
614 4622 729 4661 non
764 4606 938 4677 longe
977 4605 1313 4661 abfuturum
1347 4605 1534 4678 operis
1569 4605 1835 4661 effectum
1871 4622 1883 4661 :

252 4700 562 4756 imminere
614 4699 743 4754 urbi
801 4698 1048 4767 excidia;
1104 4699 1470 4754 consulerent
1523 4698 1661 4767 sibi,
1717 4704 1782 4754 ut
1834 4705 1891 4755 et

253 4794 503 4849 salutem
533 4794 912 4860 lucrarentur,
956 4795 1014 4847 et
1052 4793 1339 4865 templum
1375 4793 1654 4849 incendiis
1696 4794 1885 4867 eripe-

252 4890 432 4943 retur.
461 4886 525 4943 Id
551 4903 666 4959 quo
692 4886 912 4942 facilius
941 4886 1260 4955 crederent,
1294 4886 1602 4958 amputatis
1632 4886 1889 4961 plerique

250 4981 585 5039 Iudaeorum
646 4979 911 5035 manibus
968 4979 1393 5053 dirigebantur,
1447 4996 1517 5036 ne
1565 4981 1888 5037 voluntario

256 5074 573 5147 transfugio
613 5074 880 5130 transisse
920 5073 989 5129 ad
1031 5074 1315 5129 Romanos
1354 5074 1794 5142 aestimarentur,
1833 5080 1891 5130 et

253 5169 416 5241 quasi
467 5167 697 5241 perﬁdis
752 5184 865 5223 non
918 5167 1212 5223 deferrent
1254 5168 1461 5233 ﬁdem,
1510 5168 1593 5222 vel
1643 5184 1738 5223 eos
1783 5168 1889 5240 ipsi

256 5268 545 5319 necarent.
603 5266 672 5319 At
732 5278 864 5317 vero
921 5262 1004 5316 illi
1070 5278 1173 5333 pro
1238 5262 1631 5319 admonitione
1696 5262 1891 5319 sedula

254 5356 454 5429 gravia
503 5356 917 5429 retorquebant
970 5356 1229 5411 convicia
1283 5373 1296 5411 :
1348 5357 1726 5413 funestiorem
1783 5356 1889 5413 sibi

257 5450 674 5507 humanitatem
717 5449 971 5519 Cmsaris,
1018 5466 1189 5522 quam
1234 5451 1635 5508 crudelitatem
1676 5451 1888 5522 videri;

253 5545 409 5618 quod
435 5546 615 5601 altera
644 5543 973 5601 libertatem
1002 5544 1268 5617 eriperet,
1296 5544 1482 5601 altera
1504 5544 1681 5601 vitam
1709 5546 1892 5601 aufer-

318 5668 415 5729 (76)
446 5666 741 5732 Augebant.
775 5667 902 5718 Mox
934 5681 1063 5719 vero
1088 5666 1374 5731 afﬁgonm.
1412 5668 1589 5721 Baan.

322 5740 417 5803 (77)
450 5738 899 5790 Trucidabantur.
930 5740 1009 5790 ID.

323 5813 421 5874 (78)
448 5810 771 5877 Legendum
811 5811 1048 5875 videtur,
1088 5811 1299 5878 illoque,
1332 5812 1387 5863 id
1431 5814 1533 5873 est,
1562 5812 1617 5863 in
1666 5811 1892 5877 paradi-

1991 4610 2152 4663 rante
2205 4606 2489 4675 exercitu,
2547 4605 2816 4679 appositis
2872 4604 3125 4678 impiger
3176 4606 3339 4662 scalis
3390 4623 3622 4663 murum

1990 4701 2246 4756 ascendit
2299 4717 2312 4754 :
2367 4699 2694 4772 fugatisque
2748 4699 3130 4771 praesentibus
3178 4701 3278 4773 qui
3334 4701 3406 4758 de
3457 4717 3620 4757 muro

1990 4794 2411 4866 repugnabant,
2449 4792 2600 4847 solus
2638 4809 2698 4846 se
2743 4791 2803 4846 in
2846 4791 3047 4847 urbem
3090 4792 3313 4865 dejecit.
3346 4795 3459 4850 Nec
3502 4800 3625 4849 erat

1989 4888 2287 4960 temporis,
2315 4891 2380 4942 ut
2407 4887 2528 4958 ipse
2568 4885 2675 4941 sibi
2710 4886 2832 4941 sine
2873 4885 3082 4942 comite
3121 4889 3315 4958 portas
3354 4887 3619 4959 aperiret,

1990 4997 2118 5037 cum
2165 4985 2441 5053 urgerent
2489 4979 2737 5052 pericula
2784 4996 2796 5034 :
2850 4979 2948 5035 sed
3004 4979 3347 5035 immodicus
3397 4979 3621 5036 animus

1990 5093 2055 5131 ac
2104 5075 2353 5131 victoriae
2402 5074 2629 5141 avidus,
2679 5074 2738 5129 in
2788 5072 3006 5129 hostem
3058 5073 3337 5146 prosiluit.
3391 5074 3619 5131 Cessere

1989 5169 2251 5242 agmina,
2308 5168 2409 5223 sed
2464 5170 2713 5240 quantos
2762 5169 2984 5239 poterat
3026 5167 3183 5223 solus
3228 5169 3618 5239 prosternere!

1993 5262 2212 5318 Deinde
2237 5278 2345 5334 per
2371 5260 2622 5317 diversas
2646 5260 2806 5317 urbis
2833 5260 3050 5333 plateas
3083 5258 3620 5317 circumfundeban-

1992 5361 2084 5412 tur
2123 5356 2312 5411 hostes
2342 5371 2356 5411 :
2396 5355 2442 5410 si
2478 5355 2539 5410 in
2582 5371 2754 5410 unam
2782 5357 3009 5428 partem
3047 5353 3373 5411 Alexander
3407 5354 3625 5410 incum-

1990 5450 2177 5519 beret,
2210 5449 2334 5505 aliis
2374 5452 2506 5522 post
2554 5465 2613 5505 se
2658 5448 3128 5505 circumvallandi
3176 5448 3406 5520 copiam
3445 5448 3623 5503 daret.

1992 5545 2381 5619 Retorquebat
2429 5544 2622 5616 itaque
2662 5543 2847 5599 victor
2889 5542 3213 5616 ingressum
3266 5542 3378 5615 (80)
3435 5558 3624 5609 suum,

1993 5683 2136 5730 sum,
2364 5667 2788 5719 transferendos.
2817 5667 3117 5721 GALLAND.

2056 5740 2149 5803 (79)
2191 5738 2635 5791 Vulnsrubantur.
2667 5740 2793 5793 Mox
2822 5741 2929 5791 viri
2958 5741 3300 5794 Macedonici.
3333 5740 3509 5793 ΒΑΜ(

2056 5812 2159 5879 (80)
2192 5811 2458 5862 Graecum.
2490 5810 2572 5862 In.
