4128 6194
590 263 726 318 2263
776 272 779 275 ν
846 226 847 229 γ

1930 238 1933 239 ί
2038 259 2094 311 s.
2136 254 2449 309 AMBROSII

3765 260 3875 313 Ὧθαὶ

521 429 525 433 .
590 401 662 440 ne
689 401 724 440 a
751 384 964 455 populo
990 382 1458 439 circumdaretur.
1491 382 1563 435 At
1600 380 1683 434 illi
1718 379 1954 441 conferti
1979 379 2132 433 inter
2161 392 2220 432 se
2243 390 2301 461 Α
2322 377 2621 431 siluerunt.
2657 375 2805 431 Nihil
2840 375 2926 429 his
2964 374 3097 428 viris
3136 374 3424 441 audacius,
3462 375 3592 430 nihil
3627 378 3878 436 terribilius

589 494 794 551 urgere
831 480 1146 549 eruperunt,
1177 475 1564 530 inhorrescere
1595 489 1767 545 super
1798 488 1930 527 eum
1974 471 2221 527 telorum

588 574 670 628 vis
736 571 1016 636 maxima,
1084 568 1396 623 resultabat
1461 569 1619 640 galea
1681 567 1925 632 tinnitu,
1991 566 2219 636 clypeus

590 670 817 738 fragore
846 679 1132 723 saxorum.
1166 666 1240 716 Ac
1264 662 1324 716 ni
1363 663 1687 717 metuentes
1719 660 1846 717 duci
1884 658 2222 732 irrupissent

588 759 941 826 Macedones,
977 757 1159 813 victor
1195 753 1702 810 innumerabilium
1761 754 2019 825 gentium
2068 753 2220 807 intra

590 854 791 909 urbem
825 851 1091 922 exiguam
1126 849 1315 904 fuerat
1354 864 1676 920 oppressus.
1717 847 1841 902 Fuit
1882 847 2060 918 igitur
2099 846 2215 901 ala-

591 947 825 1016 critatis,
861 946 1013 1017 quod
1055 958 1285 999 murum
1320 941 1556 997 insilivit
1580 982 1594 1007 ,
1631 941 1849 995 hostem
1893 939 2119 1011 dejecit,
2165 939 2221 993 in

596 1042 794 1098 urbem
837 1039 988 1095 solus
1022 1036 1353 1107 triumphali
1395 1035 1544 1090 saltu
1585 1050 1709 1089 sese
1754 1034 2056 1105 proripuit,
2108 1033 2215 1087 im-

593 1141 732 1207 petu
774 1150 875 1189 suo
912 1131 1130 1204 fugavit
1167 1130 1408 1202 populos
1441 1146 1453 1184 :
1482 1129 1588 1184 fuit
1617 1131 1807 1183 tamen
1846 1128 2016 1183 etiam
2057 1143 2223 1186 even?

591 1235 682 1284 tus
719 1227 818 1300 qui
856 1226 1104 1282 maxime
1144 1223 1273 1279 duci
1313 1222 1663 1279 necessarius
1702 1226 1805 1291 est,
1851 1221 2004 1292 quod
2051 1220 2221 1276 tantis

592 1320 991 1394 ingruentibus
1040 1318 1293 1390 populis,
1345 1320 1428 1372 tot
1473 1316 1807 1388 sagittarum
1852 1315 2084 1385 jaculis,
2140 1320 2224 1369 tot

594 1414 889 1478 ruentibus
914 1412 1166 1485 spiculis,
1197 1411 1387 1466 nullus
1421 1410 1532 1465 fuit
1556 1409 1758 1465 lethali
1791 1408 2014 1464 vulneri
2041 1409 2218 1463 locus.

591 1510 903 1566 Periculum
944 1507 1135 1578 itaque
1174 1505 1352 1559 virtus
1383 1505 1674 1570 attulerat,
1704 1508 1952 1558 mortem
1992 1518 2220 1574 quoque

534 1624 541 1627 ν
594 1602 851 1660 alacritas
889 1601 1202 1666 invexerat,
1246 1597 1292 1652 si
1330 1602 1564 1653 eventus
1599 1597 1905 1651 bellantem
1947 1594 2223 1650 deseruis-

590 1703 690 1753 set.
740 1694 985 1766 Ingressi
1028 1697 1164 1748 sunt
1207 1690 1539 1747 Macedones
1584 1695 1857 1762 prorupta
1900 1691 2098 1760 porta;
2145 1688 2223 1742 sic

2321 486 2386 525 eo
2424 469 2572 524 bello
2614 484 2677 524 ex
2725 469 2863 524 urbe
2900 469 2958 523 in
2996 468 3219 524 hostem
3267 466 3546 539 processit.
3575 469 3631 523 In
3668 472 3875 529 medium

2321 579 2572 635 namque
2622 562 2871 617 hostium
2920 564 3263 633 proruentes
3316 576 3428 615 non
3479 561 3875 633 trepidaverunt,

2320 674 2435 712 non
2474 658 2939 724 retractaverunt,
2972 655 3072 709 sed
3112 658 3389 726 tanquam
3412 654 3755 710 familiarium
3777 674 3876 713 suo-

2321 767 2452 806 rum
2504 749 2801 806 consortiis
2852 748 3161 816 immorati,
3216 764 3334 803 non
3385 751 3513 804 ante
3560 751 3877 807 remeandnni

2322 847 2616 915 putarunt,
2658 859 2789 898 cum
2833 842 3081 914 undique
3126 842 3186 897 in
3229 858 3325 897 eos
3367 841 3498 912 pila,
3545 842 3760 913 sagittae,
3798 845 3878 915 spi-

2322 938 2443 993 cula
2473 938 2821 1009 jacerentur,
2852 952 3024 1008 quam
3066 935 3335 1007 subjectis
3378 934 3597 1006 ignibus
3637 935 3880 992 adolerent

2321 1030 2684 1087 obsidialium
2736 1030 3117 1085 instrumenta
3169 1029 3579 1083 machinarum.
3624 1032 3879 1085 Concursus

2321 1126 2525 1196 ingens
2564 1123 2804 1180 Romani
2844 1123 3138 1190 exercitus,
3171 1126 3234 1177 ut
3262 1122 3582 1177 incendium
3615 1123 3877 1195 restingue-

2322 1222 2482 1274 retur
2521 1216 2884 1273 :Judazorum
2926 1233 3152 1289 quoque
3193 1217 3410 1272 clamor
3448 1220 3503 1271 et
3541 1215 3764 1271 studium
3792 1234 3878 1289 quo

2322 1313 2684 1369 subtexerent
2726 1311 3158 1383 impedimenta,
3209 1309 3485 1379 Romanis
3519 1326 3585 1364 ne
3622 1309 3881 1364 subvenire-

2324 1411 2437 1463 tur.
2489 1407 2571 1462 llli
2612 1404 2817 1461 arietes
2856 1404 3244 1477 properabant
3284 1403 3528 1458 ﬂammis
3569 1402 3834 1458 subducere
3868 1421 3877 1456 :

2323 1500 2414 1554 isti
2440 1500 2627 1554 adhuc
2653 1499 3002 1571 spargebant
3024 1497 3305 1554 incendia.
3336 1497 3493 1553 Unde
3520 1496 3882 1567 comprehensis

2325 1593 2590 1649 omnibus
2631 1609 2759 1665 quas
2795 1592 2884 1648 uri
2921 1594 3209 1663 poterant,
3237 1592 3524 1658 Romanos
3562 1589 3778 1644 ﬂammae
3808 1589 3883 1643 cir-

2324 1687 2825 1754 cumvallaverant,
2870 1686 2980 1741 nisi
3029 1687 3250 1740 mature
3291 1683 3707 1740 consuluissent.
3742 1685 3880 1738 Insta-

589 1788 881 1845 temeritas
920 1786 1219 1841 victoriam
1256 1784 1495 1851 invenit,
1537 1786 1597 1839 et
1635 1789 1871 1837 eventus
1907 1783 2219 1853 periculum
2242 1755 2298 1826 Β
2321 1780 2464 1836 bant
2493 1780 2650 1835 enim
2687 1780 2894 1835 acriter
2926 1779 3129 1847 Judaei,
3173 1783 3347 1851 atque
3388 1778 3495 1833 hoc
3531 1778 3646 1848 ipso
3679 1775 3809 1849 quod
3839 1776 3880 1829 in

590 1886 649 1939 in
690 1881 934 1954 gloriam
963 1879 1152 1935 vertit.
1198 1879 1400 1934 Noster
1444 1892 1670 1949 quoque
1706 1877 1882 1932 David
1913 1892 2041 1932 cum
2076 1892 2219 1948 pug-

589 1981 754 2034 naret
792 1975 1091 2031 adversum
1132 1972 1414 2043 gigantes,
1458 1971 1710 2025 invectus
1748 1970 1857 2039 (81)
1890 1969 1947 2023 in
1988 1970 2216 2024 hostem

591 2088 625 2126 a
654 2072 819 2141 tergo
851 2081 1242 2139 percussorem
1274 2064 1558 2131 habebat;
1591 2064 1691 2119 sed
1731 2063 2036 2118 librantem
2081 2063 2220 2118 ictus

509 2196 513 2200 -
591 2178 725 2219 suos
752 2177 953 2219 comes
992 2159 1144 2231 regis
1180 2157 1375 2213 Abisai
1412 2157 1705 2229 praevenit.
1741 2157 1945 2211 Verum
1987 2157 2222 2211 Alexan-

592 2257 758 2311 drum
790 2256 1026 2310 eventus
1054 2251 1313 2316 servavit,
1345 2250 1687 2321 prophetam
1715 2250 1915 2320 gratia.

1219 2344 1441 2398 CAPUT
1479 2343 1583 2397 XX.

660 2439 907 2498 Cedente
936 2439 1127 2511 itaque
1154 2437 1411 2493 Antiochi
1453 2436 1609 2507 regis
1645 2435 1950 2507 Comageni
1980 2436 2118 2503 ﬁlio,
2164 2447 2217 2492 et

588 2535 963 2606 cognoscente
1014 2546 1129 2587 non
1185 2530 1336 2602 quod
1387 2528 1731 2598 formidinis,
1783 2530 1885 2585 sed
1940 2531 2218 2586 cautionis

590 2631 739 2685 esset
797 2624 1036 2683 Romani
1090 2623 1374 2680 exercitus
1418 2639 1705 2695 perpensa
1754 2623 2102 2694 moderatio,
2158 2631 2221 2679 ut

592 2719 898 2793 aggeribus
945 2722 1004 2773 et
1056 2717 1256 2782 vineis,
1304 2715 1575 2771 arietibus
1625 2732 1854 2788 quoque
1905 2722 1962 2771 et
2001 2718 2221 2772 caeteris

588 2811 1064 2869 machinamentis
1122 2826 1354 2864 murum
1407 2808 1796 2879 adorirentur,
1853 2810 2218 2865 exstrueban-

2321 1891 2388 1930 ea
2425 1879 2587 1946 parte
2629 1877 2861 1928 conatus
2904 1872 3094 1927 irritos
3136 1888 3251 1927 non
3287 1871 3614 1940 habuerant,
3652 1886 3883 1925 successus

2320 1967 2611 2023 audaciam
2638 1967 2844 2023 alebat.
2873 1966 3130 2038 Denique
3166 1982 3278 2022 non
3314 1965 3566 2043 contenti
3597 1965 3706 2036 jam
3737 1961 3883 2017 muni-

2321 2063 2535 2116 mentis
2594 2060 2926 2129 muralibus,
2981 2060 3130 2115 ultra
3177 2058 3706 2132 progrediebantur,
3754 2062 3885 2128 atque

2323 2156 2469 2227 ipsas
2528 2157 2919 2211 Romanorum
2987 2154 3341 2209 incessebant
3393 2152 3690 2219 custodias,
3747 2156 3795 2206 et
3833 2150 3884 2203 ad

2321 2249 2616 2304 castellum
2648 2249 2705 2317 in
2733 2264 2849 2321 quo
2879 2246 3318 2320 praetendebant
3343 2246 3586 2302 Romani
3614 2246 3746 2300 ultro
3765 2260 3881 2299 ever-

2322 2358 2471 2411 sum,
2515 2346 2903 2414 perrexerant.
2941 2343 3010 2396 Et
3047 2340 3160 2396 nisi
3198 2340 3445 2396 Romani
3483 2338 3712 2394 nominis
3747 2337 3885 2411 gloria

2322 2442 2377 2491 et
2417 2436 2632 2492 militiae
2669 2438 2829 2491 vetus
2867 2434 3185 2507 disciplina,
3217 2450 3348 2507 quae
3390 2434 3579 2488 munia
3615 2430 3885 2504 hujusmodi

2322 2532 2580 2586 deserere
2611 2529 2882 2601 gravioris
2915 2545 3099 2600 poenae
3134 2533 3355 2583 arceret
3392 2525 3709 2594 formidine,
3734 2525 3882 2580 furen-

2320 2624 2471 2679 tibus
2534 2623 2992 2695 repugnavisset,
3059 2626 3484 2693 expugnatores
3546 2620 3758 2676 urbium
3808 2618 3883 2690 ipsi

2323 2718 2569 2790 propriis
2595 2719 2878 2772 cesserant
2911 2714 3348 2771 munitionibus.
3389 2716 3555 2770 Versa
3592 2714 3765 2785 itaque
3789 2726 3883 2783 spe-

2321 2812 2431 2866 cies
2473 2810 2628 2876 belli,
2678 2815 2733 2865 et
2781 2825 2913 2864 usus
2955 2807 3264 2865 obsidionis
3306 2825 3319 2864 :
3361 2808 3651 2881 catapultis
3690 2810 3740 2862 et
3774 2805 3886 2860 velo-

592 2912 684 2962 tur
725 2920 966 2981 aggeres
1017 2919 1119 2976 per
1161 2919 1428 2959 numeros
1472 2918 1643 2974 opere
1695 2901 1870 2957 diviso
1904 2919 1916 2956 :
1945 2903 2218 2975 praecipui
2321 2905 2484 2960 cioris
2527 2903 2750 2976 generis
2780 2902 2989 2974 jaculis
3028 2918 3148 2958 sese
3185 2902 3563 2958 defensabant
3598 2898 3822 2967 Romani,
3842 2903 3886 2951 ut

592 3004 842 3072 quatuor
890 2999 1339 3065 insurrexerant,
1393 3014 1457 3052 ex
1505 2996 1709 3068 quibus
1757 3013 1899 3051 unus
1926 3015 1956 3052 e
1986 2997 2219 3068 regione
2317 2999 2543 3055 Judzeos
2579 2996 2946 3069 repellerent,
2977 3013 3090 3069 quo
3129 2996 3264 3068 ipsis
3303 3000 3440 3052 ante
3480 3011 3676 3069 genere
3711 2992 3884 3048 resiste-

591 3092 926 3151 munitionis
956 3092 1063 3162 (cui
1100 3107 1309 3147 nomen
1346 3090 1613 3159 Antonia)
1654 3106 1757 3162 per
1795 3091 2046 3147 mediam
2089 3092 2295 3195 duc-C
2320 3093 2504 3148 batur.
2559 3093 2713 3147 Inter
2755 3107 2883 3163 quae
2932 3090 3086 3145 Titus
3133 3090 3384 3159 advenit,
3429 3091 3663 3145 clamore
3699 3087 3885 3150 excitus,

588 3194 680 3242 tus
741 3191 862 3243 erat
924 3185 1238 3257 piscinam,
1302 3200 1476 3255 quam
1506 3234 1509 3237 γ
1540 3184 1858 3239 Struthiam
1918 3186 2215 3241 vocabant.

590 3282 751 3336 Hunc
776 3294 1049 3352 aggerem
1075 3278 1306 3350 quintus
1333 3293 1607 3333 numerus
1635 3277 1866 3349 triginta
1894 3279 2215 3335 cubitorum

588 3375 649 3430 in
693 3371 1350 3443 altitudinemgfecerat,
1377 3370 1539 3441 juxta
1591 3371 1820 3426 Joannis
1868 3375 2213 3443 sepulcrum.

590 3465 804 3530 Quibus
865 3482 897 3519 e
934 3464 1180 3527 diverso
1238 3467 1484 3529 Joannes
1542 3463 1812 3536 princeps
1872 3465 2217 3521 seditionum

591 3559 920 3615 cuniculum
960 3556 1222 3637 suffodit;
1250 3561 1308 3613 et
1344 3557 1741 3614 Romanorum
1778 3574 1950 3629 opera
1987 3576 2219 3631 suspen-

590 3652 674 3708 dit
724 3669 737 3707 :
790 3651 1181 3723 ignorantibus
1235 3651 1344 3718 his,
1379 3651 1495 3722 qui
1545 3652 1654 3723 (82)
1706 3652 1903 3708 latenti
1956 3653 2217 3711 cuniculo

586 3746 767 3802 Judaei
812 3746 1129 3803 machinati
1175 3746 1384 3812 forent,
1444 3747 1576 3817 quia
1624 3746 1848 3802 fulturis
1894 3746 2216 3803 tabularum

586 3840 831 3901 materia
867 3855 1055 3915 mque
1119 3839 1403 3910 subjecta,
1472 3839 1762 3911 superiora
1828 3841 2217 3896 cuniculorum

588 3933 1023 4007 suspenderent,
1053 3933 1208 3988 fraus
1247 3933 1438 3988 omnis
1477 3933 1707 3989 latebat.
1754 3936 1947 4006 Itaque
1986 3934 2081 3989 ubi
2117 3951 2217 4007 op-

588 4026 909 4098 portunitas
953 4025 1089 4096 visa,
1131 4026 1330 4098 ignem
1367 4042 1701 4098 apposuere,
1732 4027 1829 4099 qui
1858 4027 2082 4083 adultus
2112 4029 2220 4083 sul-

587 4121 772 4191 phure
799 4123 859 4175 et
881 4120 1027 4191 pice,
1055 4120 1262 4192 quibus
1287 4119 1427 4175 illita
1457 4124 1580 4175 erat
1605 4121 1871 4179 materies
1898 4137 2027 4192 quae
2050 4122 2219 4177 fultu-

587 4230 715 4270 ram
752 4206 1015 4269 cuniculo
1051 4212 1242 4282 dabat,
1270 4213 1425 4284 ligna
1456 4214 1654 4269 omnia
1680 4214 1838 4269 facile
1863 4216 2221 4287 consumpsit

589 4306 950 4374 incendium,
996 4305 1382 4377 subjectornm
1423 4306 1591 4362 ruina
1636 4312 1829 4363 secuta
1870 4311 1975 4362 est.
2021 4309 2217 4379 Itaque

587 4402 981 4457 Romanorum
1007 4415 1184 4472 opera
1209 4399 1396 4455 subito
1428 4400 1609 4471 lapsa,
1642 4400 1893 4456 sonitum
1920 4401 2218 4474 ingentem

2320 3191 2379 3242 et
2427 3185 2736 3240 accersitus
2801 3184 2875 3239 ad
2937 3183 3288 3253 remedium;
3358 3183 3622 3241 Romanis
3674 3179 3886 3237 continuo

2317 3279 2461 3335 vires
2492 3278 2701 3336 additae
2730 3280 3007 3351 praesente
3040 3279 3280 3346 Cmsare,
3311 3284 3369 3333 et
3400 3279 3580 3351 pudor
3605 3276 3731 3331 aluit
3752 3272 3881 3328 auda-

2319 3374 2484 3429 ciam.
2535 3373 2824 3429 Clamante
2866 3372 2991 3427 Tito
3039 3388 3211 3444 grave
3257 3372 3502 3427 Romani
3546 3369 3770 3427 nominis
3811 3383 3883 3437 op-

2318 3466 2634 3537 probrium,
2683 3466 2729 3520 si
2772 3481 2933 3521 versa
2974 3465 3095 3521 vice
3143 3482 3277 3521 suos
3328 3467 3683 3532 amitterent,
3727 3460 3885 3535 quibus

2311 3563 2437 3632 jam
2482 3558 2733 3615 hostium
2782 3559 2937 3614 muri
2981 3559 3079 3631 qui
3124 3558 3512 3630 diruerentur,
3559 3558 3881 3613 defecerant:

2319 3653 2642 3710 diffidentes
2674 3653 2897 3710 Judmos
2934 3651 3381 3721 munitionibus,
3421 3652 3539 3709 sola
3574 3651 3672 3706 niti
3708 3644 3885 3705 temeri-

2317 3753 2432 3803 tate
2463 3765 2476 3803 :
2513 3752 2733 3803 starent
2759 3747 3162 3802 tantummodo
3199 3748 3467 3815 Romani,
3508 3744 3777 3801 victoriam
3798 3753 3884 3795 non

2320 3842 2663 3897 defuturam.
2706 3843 2898 3913 Itaque
2946 3839 3229 3896 hortando
3275 3840 3494 3913 pariter
3532 3856 3593 3895 ac
3633 3832 3884 3912 praeliando

2318 3936 2471 3991 Titus
2511 3934 2706 3991 statuit
2744 3951 2898 4003 suos,
2935 3934 3138 3990 avertit
3174 3933 3420 4003 Judaaos,
3462 3934 3558 4007 qui
3606 3948 3708 3988 non
3742 3929 3882 3984 solum

2321 4030 2530 4084 animis
2571 4029 2645 4084 ad
2687 4034 2927 4085 mortem
2965 4027 3186 4101 parati,
3229 4027 3332 4083 sed
3372 4029 3496 4101 ipso
3534 4028 3651 4083 nisu
3688 4018 3883 4095 corporis

2318 4123 2702 4194 ingruebant,
2756 4128 2821 4177 ut
2882 4123 3166 4177 Romanos
3220 4122 3400 4193 gradu
3469 4121 3758 4176 moverent.
3801 4114 3883 4168 Nec

2319 4217 2609 4273 mediocre
2672 4216 2781 4270 fuit
2839 4216 3159 4287 periculum
3212 4216 3455 4272 Caesaris
3513 4215 3654 4269 inter
3701 4207 3884 4265 confusa

2321 4310 2545 4378 omnia,
2590 4326 2722 4364 cum
2768 4308 2837 4364 ab
2890 4309 3050 4364 hoste
3103 4310 3288 4364 socius
3329 4326 3445 4363 non
3486 4304 3881 4365 discerneretur:

2318 4403 2471 4458 inter
2519 4419 2646 4475 qum
2694 4403 2849 4458 Titus
2899 4402 2958 4457 in
3008 4402 3197 4471 medio
3231 4402 3559 4457 versabatur
3601 4396 3793 4454 :audax
3820 4392 3883 4463 ju-

587 4492 812 4550 dedere.
867 4494 1103 4549 Pulvere
1155 4493 1350 4564 itaque
1401 4497 1458 4549 et
1503 4493 1663 4549 fumo
1721 4494 1938 4566 repleta
1994 4490 2294 4564 omnia,D
2319 4503 2501 4566 venta,
2540 4502 2598 4552 et
2638 4497 2831 4569 gloriae
2870 4495 3179 4567 cupiditate
3220 4495 3291 4550 ad
3324 4494 3690 4568 praeliandum
3725 4486 3879 4549 acrior:

585 4588 901 4659 plurimum
951 4587 1320 4643 tenebrarum
1375 4586 1769 4655 obduxerant,
1823 4590 2217 4662 majoremque

578 4686 866 4739 .terrorem
909 4680 1213 4736 induxerat
1251 4681 1433 4737 latens
1473 4697 1659 4736 causa.
1692 4681 1900 4737 Deinde
1943 4682 2042 4737 ubi
2078 4699 2212 4738 con-

583 4773 828 4845 sumptis
873 4773 1166 4830 alimentis
1217 4775 1435 4831 casteris
1487 4774 1694 4846 quibus
1745 4776 1929 4847 primo
1985 4780 2215 4847 opertus

584 4870 725 4936 erat,
764 4867 909 4924 liber
951 4873 1143 4938 postea
1181 4866 1336 4939 ignis
1378 4869 1589 4940 erupit,
1632 4868 1826 4924 dolum
1856 4869 2128 4941 prodidit,
2161 4873 2217 4924 et

586 4961 856 5018 Romanis
881 4960 955 5017 ad
994 4976 1249 5032 praesens
1294 4960 1529 5033 quidem
1567 4962 1816 5018 formido
1857 4963 2089 5034 periculi
2137 4963 2216 5017 di-

581 5055 823 5121 minuta,
870 5054 969 5109 sed
1018 5055 1278 5111 evacuati
1327 5055 1538 5111 laboris
1587 5072 1756 5128 grave
1808 5056 2076 5112 successit
2122 5061 2215 5112 tae-

581 5148 778 5217 dium;
807 5148 976 5205 simul
1016 5149 1172 5221 quod
1215 5148 1566 5205 insultabant
1600 5150 1801 5218 Judaei,
1845 5168 1961 5206 non
2003 5151 2212 5206 medio-

580 5242 690 5298 cris
748 5242 999 5315 angebat
1053 5243 1243 5314 pudor
1303 5260 1314 5298 :
1373 5248 1430 5298 et
1482 5244 1540 5300 in
1599 5244 1884 5315 reliquum
1943 5245 2210 5315 parandae

580 5335 1017 5408 expugnationis
1043 5353 1172 5408 spes
1196 5336 1439 5392 refrixit.
1468 5340 1540 5393 At
1582 5337 1641 5392 in
1686 5340 1847 5409 parte
1887 5327 1998 5394 alia
2037 5339 2211 5395 biduo

576 5433 730 5499 post,
757 5446 887 5486 cum
916 5430 1040 5502 jam
1075 5447 1275 5487 murus
1315 5429 1487 5501 ariete
1529 5434 1883 5503 quateretur,
1929 5433 2213 5504 Teptheus

577 5520 648 5575 de
700 5521 955 5592 Catilina,
1018 5525 1387 5597 Magassalus,
1454 5530 1511 5580 et
1569 5525 1831 5593 Jahenus,
1894 5530 1950 5580 et
1996 5528 2210 5597 Agyras

577 5612 817 5684 direptis
874 5617 1091 5674 facibus
1144 5619 1201 5673 in
1259 5619 1719 5676 machinamenta
1784 5617 2024 5675 muralia
2088 5635 2213 5690 pro-

644 5735 744 5799 (81)
766 5739 1014 5790 Intentus.
1042 5741 1219 5795 Buta.

637 5806 734 5871 (82)
763 5807 915 5869 Quid.
947 5809 1027 5861 In.

2316 4608 2428 4663 quo
2470 4591 2705 4647 celerius
2748 4590 2982 4646 victoria
3018 4595 3536 4655 consummarctur,
3580 4588 3634 4642 in
3676 4576 3881 4639 secundis

2317 4684 2594 4756 triumphi
2622 4700 2845 4756 ponens
2870 4699 3070 4738 curam
3094 4684 3308 4738 salutis.

2938 4778 3159 4854 CAPUT
3197 4777 3329 4832 XXI.

2388 4871 2644 4943 Depulsis
2689 4877 2878 4926 tamen
2925 4871 3180 4926 hostibus
3224 4886 3435 4943 anceps
3476 4855 3879 4925 consiliumzalii

2316 4965 2713 5021 reformandos
2768 4981 3043 5038 aggeres,
3097 4964 3420 5037 reparanda
3483 4958 3880 5019 machinamenta

2316 5059 2560 5114 muralia
2596 5059 2977 5131 opinabantur
3019 5076 3033 5114 :
3073 5058 3169 5114 alii
3203 5058 3593 5114 absistendum
3632 5045 3879 5110 obsidionis

2315 5153 2582 5225 periculis
2607 5152 3023 5225 suggerebant;
3055 5153 3247 5209 deesse
3274 5151 3572 5225 reparandi
3600 5143 3877 5204 materiam:

2316 5263 2617 5304 commune
2659 5263 2787 5302 cum
2829 5246 3021 5301 multis
3062 5246 3173 5318 (83)
3217 5247 3570 5319 periculum:
3602 5256 3747 5297 muro
3771 5236 3880 5290 clau-

2317 5340 2561 5395 dendum
2594 5340 2789 5395 urbem
2830 5340 3143 5395 consultius
3186 5339 3626 5403 arbitrabantur,
3663 5338 3728 5413 ut
3748 5323 3878 5385 conﬁ-

2315 5439 2473 5489 ceret
2515 5434 2717 5503 fames,
2765 5434 2998 5489 defectis
3043 5434 3307 5489 subsidiis
3334 5434 3731 5489 alimentorum.
3763 5426 3876 5479 Prw-

2315 5527 2651 5599 ponderavit
2691 5527 3019 5600 huiusmodi
3065 5528 3370 5597 sententia,
3417 5532 3481 5582 ut
3519 5519 3874 5581 clauderentur.

2314 5639 2385 5676 ne
2449 5623 2654 5677 liberos
2716 5639 2985 5677 excursus
3039 5623 3347 5691 haberent,
3399 5638 3512 5694 quo
3571 5615 3786 5691 amplius
3834 5614 3869 5658 εί

2376 5744 2474 5806 (83)
2516 5743 2686 5794 Victis.
2722 5743 2848 5794 Mox
2876 5742 3115 5807 defectos.
3144 5743 3228 5794 In.
