4128 6194
315 297 448 346 2265

307 511 531 562 rentur.
559 507 758 562 Divisis
811 509 1000 579 itaque
1031 525 1134 580 per
1182 526 1488 564 numerum
1528 510 1633 580 (84)
1669 510 1941 582 portioni-

306 600 435 668 bus,
484 618 725 673 propere
772 618 970 656 murus
1020 603 1284 671 surrexit,
1341 621 1454 674 quo
1500 620 1600 676 per
1645 604 1940 660 circuitum

307 710 538 748 omnem
581 696 798 750 inclusa
844 702 930 750 est
977 696 1200 752 civitas.
1258 697 1550 751 Distribuit
1595 698 1782 752 ofﬁcia
1828 697 1940 752 suis

306 789 511 855 Cmsar,
554 792 614 842 ut
665 789 925 844 noctibus
965 806 1194 862 quoque
1234 789 1586 846 custodiendi
1631 791 1778 846 vices
1825 808 1941 846 non

308 881 656 936 omitterent.
712 882 892 937 Prima
951 883 1148 954 vigilia
1206 883 1324 954 ipse
1378 884 1634 938 obeundi
1683 885 1939 955 singulos

303 974 694 1030 custodiarum
755 976 983 1031 ordines
1035 977 1235 1032 munia
1306 978 1574 1043 curabat;
1632 978 1938 1032 secundam

302 1069 558 1140 vigiliam
609 1069 928 1124 Alexandro
999 1070 1320 1142 deputavit;
1378 1071 1625 1142 denique
1680 1087 1784 1142 per
1845 1088 1933 1126 or—

304 1162 502 1216 dinem
589 1161 828 1216 tribunis
897 1165 1087 1234 (prout
1169 1165 1444 1237 cujusque
1515 1170 1634 1219 erat
1710 1164 1937 1220 solertia

304 1255 614 1328 comperta)
671 1256 819 1310 vices
878 1257 1194 1312 mandatae.
1251 1257 1501 1313 Castellis
1555 1264 1675 1313 erat
1740 1276 1936 1314 murus

301 1367 408 1420 per
453 1350 751 1404 intervalla
818 1350 1090 1421 intextus,
1146 1351 1204 1405 in
1281 1351 1368 1406 his
1424 1369 1626 1407 manus
1686 1353 1934 1409 militum

299 1443 699 1514 praetendebat
729 1461 740 1497 :
771 1443 966 1516 vigiles
995 1462 1058 1499 ex
1105 1462 1268 1517 inquo
1310 1445 1413 1500 sibi
1445 1463 1673 1502 somnos
1701 1451 1758 1501 et
1783 1453 1928 1502 tem-

309 1553 445 1607 pora
475 1536 799 1608 vigiliarum
830 1537 1228 1594 sortiebantur.
1254 1539 1639 1596 Circumibant
1667 1557 1929 1596 momen-

304 1629 376 1682 tis
403 1629 668 1684 omnibus
704 1646 952 1698 murum,
992 1649 1094 1703 per
1125 1633 1303 1704 spatia
1329 1633 1569 1706 quisque
1603 1636 1932 1706 praescripta

301 1739 404 1777 suo
433 1724 678 1793 muneri;
711 1723 781 1778 de
810 1725 1040 1780 castello
1065 1726 1124 1779 in
1149 1727 1439 1780 castellum
1477 1745 1488 1780 :
1521 1745 1625 1799 per
1645 1730 1926 1796 ordinem,

301 1820 360 1870 ct
387 1832 692 1872 munerum
725 1819 868 1874 vices
901 1835 1009 1874 nox
1040 1819 1533 1891 frequentabatur.
1565 1823 1800 1877 Praecisa
1833 1840 1931 1877 un-
1951 1795 2006 1866 B

297 1910 470 1982 dique
534 1927 661 1982 spes
725 1912 1088 1982 Judaaorum,
1137 1913 1456 1986 clausisque
1512 1932 1572 1970 se
1644 1916 1931 1971 infuderat

297 2004 502 2072 fames,
555 2010 726 2076 atque
758 2006 814 2060 in
865 2006 1014 2077 ipsas
1068 2007 1260 2079 populi
1291 2008 1570 2064 medullas
1625 2010 1924 2065 descende-

298 2103 407 2153 rat.
471 2099 852 2154 Personabant
906 2099 1101 2155 omnia
1156 2101 1464 2172 gemitibus
1507 2101 1927 2174 deplorantium

295 2191 632 2245 miserabilis
685 2192 884 2247 mortis
936 2193 1234 2265 supplicia.
1293 2196 1524 2266 Repleta
1577 2200 1743 2251 erant
1799 2195 1924 2250 uui-

295 2299 456 2338 versa
507 2301 636 2339 cum
694 2285 910 2342 semine
967 2288 1074 2359 (85)
1110 2288 1450 2343 cadaverum
1496 2305 1509 2343 :
1546 2295 1601 2344 et
1641 2290 1684 2343 si
1728 2280 1924 2361 paulu-

295 2377 417 2431 lum
449 2381 827 2449 exspectares,
855 2380 1004 2434 intra
1026 2387 1377 2436 momentum
1403 2382 1762 2451 deﬁciebant,
1786 2399 1929 2454 quos

295 2471 544 2526 viventes
597 2488 912 2544 repereras.
961 2475 1070 2546 ipsi
1126 2492 1353 2547 quoque
1383 2476 1480 2547 qui
1529 2477 1714 2531 adhuc
1745 2477 1924 2547 spira-

292 2564 450 2630 bant,
508 2567 687 2622 macie
731 2567 971 2622 coufecti
1015 2569 1328 2640 imaginem
1372 2569 1567 2624 mortis
1623 2571 1924 2642 gerebant.

297 2658 566 2714 Exhausti
602 2661 755 2716 fame
795 2667 852 2716 et
894 2662 1024 2717 tabe
1080 2662 1272 2731 luridi,
1317 2680 1421 2719 nec
1461 2664 1653 2719 oculos
1695 2666 1926 2736 quidem

294 2752 490 2808 faciles
516 2755 788 2824 attollere;
817 2756 949 2828 quia
978 2757 1200 2811 nullum
1221 2757 1483 2828 vigorem
1513 2759 1788 2814 naturalis
1816 2777 1928 2815 mo-

293 2851 407 2915 tus,
440 2852 775 2920 consumpta
787 2849 1009 2922 jejunio
1028 2849 1344 2905 substantia
1364 2851 1553 2906 dabat.
1585 2851 1790 2922 Figura
1809 2854 1929 2909 sola

291 2941 548 2997 hominis
583 2948 958 3011 remanserat,
994 2961 1124 2998 usus
1172 2944 1557 3000 interciderat.
1615 2945 1928 3002 Simulacra

292 3053 575 3102 cerneres,
635 3036 821 3091 ofﬁcia
896 3038 1270 3093 desiderares.
1339 3039 1508 3094 Arida
1568 3039 1712 3094 cutis
1771 3040 1928 3094 siccis

291 3129 548 3184 haerebat
587 3130 823 3184 ossibus.
870 3131 927 3185 Si
969 3131 1104 3186 levis
1144 3137 1332 3186 motus
1383 3132 1664 3188 viventem
1720 3133 1923 3204 prode-
1948 3160 2002 3234 Ο

293 3228 400 3290 ret,
448 3225 612 3278 foetor
646 3225 1027 3297 redarguebat
1068 3242 1080 3279 :
1128 3227 1296 3281 exiles
1351 3229 1506 3281 artus
1546 3230 1602 3281 et
1655 3227 1808 3282 color
1849 3229 1926 3282 ita

291 3317 480 3389 niger,
532 3321 594 3372 ut
641 3319 902 3373 umbram
938 3325 1185 3390 putares.
1233 3321 1342 3375 Nec
1385 3321 1663 3375 humandi
1709 3321 1927 3376 miseris

291 3410 476 3466 ofﬁcia
550 3412 990 3484 suppeditabant
1050 3431 1061 3467 :
1119 3414 1408 3468 exhaustis
1485 3414 1672 3486 primo
1735 3416 1923 3471 omni-

290 3507 397 3560 bus
425 3512 480 3561 et
521 3507 789 3561 continuo
823 3507 1133 3562 morituris.
1167 3509 1232 3562 Et
1284 3509 1330 3562 si
1379 3509 1470 3563 cui
1515 3509 1660 3564 vires
1711 3509 1926 3582 aliquas

290 3599 575 3654 recentior
616 3600 775 3654 cibus
813 3600 1006 3667 dabat,
1042 3602 1336 3672 congestio
1382 3602 1718 3657 cadaverum
1764 3619 1925 3673 spem

289 3691 608 3760 ademerat,
675 3693 1194 3764 impossibilitatem
1261 3694 1595 3750 incusserat.
1667 3695 1922 3766 Plerique

289 3785 466 3840 etiam
495 3786 810 3841 condendis
833 3804 1064 3842 suorum
1097 3787 1390 3842 funeribus
1423 3789 1920 3854 immoriebautur,

293 3883 352 3932 et
395 3880 674 3952 inexpleta
714 3881 964 3952 supremi
1013 3881 1268 3936 muneris
1303 3881 1508 3951 ofﬁcia,
1557 3900 1658 3937 suo
1697 3899 1923 3956 quoque

291 3973 453 4028 obitu
509 3974 998 4046 derelinquebant.
1055 3976 1315 4030 Ruebant
1366 3993 1540 4048 super
1600 3977 1922 4047 defunctos,

290 4083 436 4138 quos
466 4074 833 4139 susceperant
870 4069 1230 4138 muniendos,
1267 4074 1328 4124 ut
1362 4071 1482 4142 ipse
1511 4088 1741 4142 quoque
1765 4072 1925 4126 oneri

293 4161 611 4231 accederet,
661 4162 750 4217 cui
797 4163 1038 4218 levando
1093 4164 1429 4234 advenerat,
1483 4165 1748 4237 indigens
1802 4167 1926 4237 ejus

294 4255 616 4310 ministerio
642 4256 792 4328 quod
839 4256 932 4311 alii
971 4257 1274 4312 deferebat.
1327 4259 1438 4312 Nec
1479 4262 1600 4312 erat
1642 4259 1789 4313 ullus
1819 4260 1922 4314 do-

293 4349 403 4403 lori
460 4351 611 4404 locus
659 4350 714 4404 in
765 4351 1061 4406 communi
1114 4351 1370 4406 omnium
1422 4353 1777 4420 calamitate,
1820 4354 1926 4408 nisi

292 4442 447 4515 quod
489 4448 744 4498 auctores
797 4448 970 4499 tanta:
1023 4445 1265 4500 miseriae
1322 4445 1765 4518 superviverent,
1825 4463 1926 4502 nec

1342 293 1427 348 DE
1468 293 1742 349 EXCIDIO
1784 292 1976 348 URBIS
2015 291 2370 347 HIEROSOL.
2413 293 2540 346 LIB.
2589 295 2644 345 ν.

311 415 711 486 desperatione
769 416 1043 487 fugiendi,
1082 422 1138 470 et
1187 416 1502 488 indigentia
1545 417 1652 471 cibi
1694 416 1936 471 conﬁce-
1962 420 2320 498 Anocturno
2383 415 2608 470 silentio

3542 295 3677 346 2266

2667 431 2680 468 :
2738 416 3056 485 periculosa
3118 415 3276 481 licet,
3331 414 3422 486 pia
3478 421 3671 470 tamen

2041 508 2192 564 furta
2227 511 2646 580 persuaserant.
2677 509 2871 578 Itaque
2905 524 3005 579 pro
3033 524 3142 562 uno
3182 509 3375 578 plures
3403 507 3672 581 insepulti

2032 602 2317 674 jacebant,
2371 608 2425 657 et
2475 618 2543 657 eo
2597 601 2751 675 quod
2804 601 2899 656 uni
2949 601 3167 656 deferre
3206 601 3518 672 gestierant
3565 618 3668 673 pro

2041 697 2327 751 honorum
2401 711 2637 750 munere
2729 697 2835 766 (87)
2912 693 3393 750 defraudabantur
3471 713 3484 749 :
3565 695 3667 750 sed

2041 789 2215 844 etiam
2245 789 2340 843 ubi
2382 789 2556 844 hostis
2599 789 2813 856 deerat,
2859 788 3038 843 fames
3087 786 3448 858 Operabatur.
3479 789 3668 860 Sepul-

2038 887 2129 938 tor
2157 883 2492 954 plerumque
2521 882 2905 954 praeveniebat
2931 881 3340 953 sepeliendum,
3371 887 3426 936 et
3445 883 3666 937 tumulo

2039 993 2108 1030 eo
2135 992 2308 1047 quem
2339 974 2432 1031 alii
2472 981 2788 1048 paraverat,
2826 975 3222 1031 includebatur
3257 973 3442 1030 subito
3472 977 3666 1030 exani-

2037 1069 2146 1123 mis
2177 1086 2189 1123 :
2223 1073 2280 1124 et
2307 1070 2495 1141 lapsus
2522 1085 2651 1123 cum
2698 1068 2931 1135 defodit,
2984 1070 3137 1122 velut
3182 1068 3431 1140 quodam
3479 1068 3666 1124 studio

2036 1163 2222 1234 operis
2269 1162 2388 1232 sui,
2431 1164 2527 1234 jus
2585 1162 2924 1217 vindicabat.
2981 1163 3046 1217 Et
3102 1162 3195 1216 ubi
3245 1168 3400 1217 terra
3447 1162 3664 1230 deerat,

2035 1256 2279 1311 tabulata
2325 1256 2781 1324 innectebantur,
2825 1262 2889 1311 ut
2943 1255 3341 1311 defunctorum
3395 1256 3667 1312 cadavera

2034 1350 2234 1405 loculis
2256 1349 2702 1405 includerentur.
2720 1350 2976 1421 Plerique
3006 1366 3104 1404 eos
3125 1349 3229 1404 sibi
3256 1349 3363 1421 ipsi
3387 1349 3663 1421 parabant

2033 1443 2296 1499 manibus
2316 1444 2452 1513 suis,
2475 1460 2543 1498 ne
2575 1443 2842 1499 deﬁceret
2869 1443 3203 1514 hujusmodi
3227 1442 3612 1498 ministerium
3643 1461 3656 1508 ;

2033 1543 2205 1610 atque
2234 1538 2290 1592 in
2321 1537 2408 1592 his
2453 1554 2575 1592 sese
2610 1555 2758 1609 saepe
2803 1541 3001 1609 sponte
3042 1537 3381 1605 condebant,
3416 1537 3659 1607 suspecti

2033 1648 2103 1686 ne
2131 1648 2284 1686 mors
2320 1633 2676 1703 praeveniret,
2716 1637 2773 1686 et
2825 1632 3078 1702 sepultor
3125 1631 3362 1686 deesset.
3405 1628 3661 1685 Silebant

2033 1725 2224 1780 omnia
2258 1730 2434 1793 metu,
2458 1726 2648 1780 inedia
2691 1742 2888 1780 vocem
2931 1725 3241 1791 ademerat,
3272 1723 3465 1778 civitas
3492 1722 3659 1796 plena

2030 1819 2247 1886 mortis,
2324 1825 2381 1874 et
2441 1819 2630 1873 nullus
2695 1819 2938 1889 ejulatus
2997 1819 3053 1872 in
3122 1817 3408 1888 exsequiis
3487 1815 3663 1872 totius

2029 1913 2184 1967 urbis
2237 1932 2250 1967 :
2309 1917 2365 1967 et
2425 1929 2555 1967 cum
2619 1927 2814 1968 sensus
2864 1912 3094 1984 quidem
3157 1911 3367 1966 doloris
3428 1910 3658 1964 interie-

2030 2012 2137 2073 rat,
2188 2005 2400 2077 injuria
2472 2023 2583 2060 non
2646 2005 2970 2060 desistebat.
3014 2005 3136 2060 Non
3193 2004 3431 2059 deerant
3488 2003 3660 2057 etiam

2030 2101 2088 2155 in
2157 2099 2327 2154 tantis
2391 2100 2580 2168 malis,
2637 2098 2944 2155 deteriores
3011 2098 3306 2164 omnibus,
3362 2095 3664 2151 violatores

2031 2193 2206 2249 etiam
2272 2194 2652 2266 sepultorum.
2723 2192 2872 2257 Quid
2939 2192 3128 2246 dicam
3200 2208 3314 2246 non
3377 2189 3663 2244 horruisse

2029 2304 2158 2342 cum
2214 2287 2514 2343 illuderent
2575 2286 2848 2353 mortuis,
2911 2291 2967 2340 et
3027 2285 3350 2357 gladiorum
3423 2299 3663 2339 suorum

2028 2381 2206 2436 aciem
2264 2381 2324 2435 in
2369 2381 2762 2436 defunctorum
2805 2379 3179 2434 cadaveribus
3208 2379 3662 2450 praetentarent?

2029 2475 2290 2530 Nonnulli
2358 2475 2526 2529 etiam
2590 2473 2899 2528 viventium
2969 2473 3152 2527 adhuc
3212 2471 3486 2542 urgendis
3548 2470 3656 2542 (88)

2029 2568 2361 2639 corporibus
2391 2566 2810 2638 experirentur,
2853 2565 2898 2619 si
2948 2565 3059 2620 tela
3084 2564 3188 2619 sibi
3231 2565 3396 2617 acuta
3429 2563 3613 2617 forent
3650 2585 3658 2613 :

2029 2666 2088 2716 et
2117 2662 2206 2716 hic
2246 2666 2438 2716 tamen
2471 2677 2603 2715 usus
2643 2659 2930 2731 plerisque
2969 2657 3301 2730 rogantibus
3343 2655 3661 2728 denegaba-

2029 2761 2139 2823 tur,
2173 2759 2234 2810 ut
2272 2755 2508 2810 miseros
2548 2755 2614 2808 ad
2653 2753 2914 2826 graviora
2959 2752 3238 2824 supplicia
3273 2751 3450 2804 fames
3491 2751 3661 2821 depa-

2029 2852 2300 2904 sceretur.
2355 2850 2726 2920 Nequaquam
2784 2851 2970 2902 tamen
3017 2845 3151 2900 ultio
3200 2843 3487 2899 morituris
3534 2844 3660 2898 dee-

2027 2950 2113 2997 rat
2145 2961 2157 2997 :
2192 2960 2320 2997 nam
2353 2944 2504 3015 quod
2548 2942 2656 2995 vivi
2693 2958 2809 2996 non
2849 2943 3170 3013 potuerant,
3204 2937 3570 2993 vindicabant
3601 2954 3658 2990 se

2028 3037 2260 3103 mortui,
2292 3035 2539 3091 ultorem
2587 3035 2671 3090 sui
2713 3035 2973 3090 faetorem
3022 3037 3298 3102 creantes,
3343 3048 3455 3104 quo
3493 3047 3552 3085 se
3591 3031 3660 3085 de

2028 3130 2342 3185 latronibus
2402 3130 2820 3185 ulciscerentur.
2881 3128 2986 3193 Qui
3055 3128 3305 3199 graviter
3366 3126 3660 3180 smvientes

2030 3233 2465 3300 quaerentesque
2510 3228 2853 3295 remedium,
2893 3226 3146 3297 speciem
3176 3223 3488 3296 quamdam
3535 3223 3656 3293 pic-

2029 3322 2155 3376 tatis
2200 3321 2523 3388 induerant,
2565 3321 2737 3377 etiam
2778 3320 2882 3392 ipsi
2931 3320 3026 3392 qui
3069 3317 3570 3384 latrocinabantur,
3600 3318 3662 3368 ut

2027 3433 2120 3470 eos
2169 3416 2238 3471 de
2296 3415 2520 3487 publico
2579 3414 2782 3470 mrario
2835 3413 3064 3486 sepeliri
3101 3412 3396 3484 juberent.
3428 3410 3536 3466 Sed
3566 3409 3656 3463 ubi

2027 3510 2328 3581 nequitum
2367 3525 2690 3576 occurrere,
2742 3509 2811 3563 de
2858 3525 3025 3564 muro
3087 3507 3488 3563 defunctorum
3536 3504 3662 3558 reli-

2025 3603 2188 3676 quias
2239 3603 2298 3656 in
2349 3602 2634 3672 profunda
2685 3601 3001 3673 praecipitia
3055 3599 3415 3673 dejiciebant.
3466 3600 3658 3669 Itaque

2025 3695 2305 3768 aspiciens
2347 3696 2500 3750 Titus
2541 3699 2857 3767 prteruptos
2912 3711 3114 3766 specus
3168 3696 3367 3765 plenos
3417 3691 3655 3747 cadave-

2025 3808 2173 3861 rum,
2216 3790 2434 3860 saniem
2485 3789 2555 3844 de
2599 3787 2856 3844 laceratis
2896 3789 3005 3860 (89)
3047 3787 3354 3842 visceribus
3399 3785 3660 3839 innatan-

2027 3891 2161 3952 tem,
2209 3884 2321 3939 alte
2368 3883 2689 3954 ingemuit;
2719 3885 2775 3938 et
2817 3898 3020 3937 manus
3058 3881 3126 3936 ad
3171 3880 3375 3935 coelum
3409 3878 3656 3945 elevans,

2027 3978 2340 4033 testabatur
2401 3977 2841 4049 haudquaquam
2889 3975 3031 4030 illud
3073 3973 3173 4029 sibi
3233 3971 3655 4036 ascribendum,

2026 4071 2124 4144 qui
2166 4072 2427 4126 voluisset
2471 4071 2697 4125 veniam
2750 4071 2904 4137 dare,
2935 4069 2982 4123 si
3033 4067 3246 4124 deditio
3284 4065 3655 4138 procederet:

2032 4169 2380 4238 exspectasse
2413 4181 2472 4221 se
2497 4167 2562 4219 ut
2608 4179 2806 4235 pacem
2853 4165 3161 4234 rogarent:
3205 4163 3469 4234 paratum
3511 4173 3567 4212 sc
3601 4161 3659 4212 ut.

2032 4260 2347 4316 incolumes
2391 4262 2661 4324 servaret,
2704 4257 2748 4312 si
2774 4257 2986 4312 bellum
3027 4255 3462 4329 deposuissent:
3495 4253 3660 4326 jubet

2027 4355 2217 4426 itaque
2262 4369 2506 4426 aggeres
2542 4368 2737 4408 rursus
2778 4352 3007 4423 jacere,
3056 4349 3229 4405 etiam
3262 4366 3378 4405 non
3422 4347 3655 4420 propin-

2029 4447 2338 4520 quantibus
2364 4447 2534 4516 silvis,
2563 4447 2697 4518 quia
2713 4445 2923 4501 succisa
2941 4447 3108 4500 erant
3131 4443 3322 4498 omnia
3339 4441 3653 4496 suburbana

294 4543 517 4607 tempus
570 4537 818 4608 querelae
870 4538 1059 4592 liberis
1117 4538 1356 4610 quidem
1401 4539 1524 4610 jam
1590 4540 1839 4610 vocibus,
1883 4531 2005 4602 siD
2031 4557 2272 4596 nemora
2313 4541 2603 4596 silvarum.
2635 4540 2932 4594 Vehebant
2963 4537 3262 4592 materiam
3300 4534 3530 4602 milites,
3561 4550 3656 4604 spe

292 4631 449 4701 loqui
482 4634 726 4702 possent.
755 4631 900 4698 Quid
932 4631 1085 4686 enim
1123 4631 1227 4687 sibi
1253 4633 1376 4704 jam
1419 4633 1727 4689 morientes
1769 4635 1929 4690 time-

294 4728 442 4790 rent,
467 4725 565 4779 sed
588 4731 777 4781 tamen
806 4726 977 4780 mutis
997 4726 1118 4797 jam
1141 4726 1402 4782 sensibus
1424 4728 1763 4800 aspicientes
1779 4732 1923 4783 tem-

293 4818 474 4887 plum,
492 4819 652 4890 quasi
673 4819 803 4873 inde
835 4819 976 4874 ultio
1007 4823 1127 4873 tam
1151 4820 1259 4875 diri
1280 4821 1464 4876 exitus
1486 4822 1928 4892 deposceretur?

291 4912 579 4965 Aruerant
597 4928 997 4984 supremorum
1029 4929 1333 4968 numerum
1361 4915 1467 4985 (86)
1492 4916 1770 4985 Iacrymae,
1796 4915 1927 4985 quia

291 5019 525 5058 omnem
576 5004 844 5060 affectum
897 5006 976 5060 vis
1041 5004 1172 5060 mali
1234 5008 1533 5062 clauserat.
1587 5007 1928 5080 Obriguerat

293 5097 539 5167 animus,
572 5099 755 5154 omnis
799 5116 997 5153 sensus
1042 5099 1311 5170 haerebat,
1369 5101 1490 5172 plus
1528 5118 1697 5172 quam
1742 5101 1922 5173 lacry-

294 5192 499 5245 manda
530 5193 907 5248 tolerantibus
947 5210 958 5246 :
999 5192 1196 5249 deerat
1223 5193 1347 5265 jam
1373 5199 1517 5249 terra
1549 5195 1804 5265 tumulis,
1833 5197 1927 5249 de-

290 5285 456 5339 fossis
498 5286 765 5341 omnibus
819 5287 970 5342 intra
1017 5287 1220 5341 urbem
1262 5288 1418 5356 locis,
1455 5305 1582 5359 quae
1619 5294 1926 5360 potuerunt

297 5379 431 5433 dare
473 5395 639 5434 usum
701 5381 959 5452 sepulcri.
1008 5382 1324 5436 Tentabant
1365 5382 1538 5454 aliqui
1591 5383 1738 5437 inter
1786 5383 1926 5436 duos

293 5489 506 5542 muros,
539 5490 747 5528 novum
779 5474 988 5528 ostium
1023 5478 1390 5547 veteremque
1428 5477 1584 5530 urbis
1614 5477 1922 5548 procedere

354 5641 451 5702 (84)
484 5642 584 5690 Per
602 5653 870 5690 numeros.
897 5641 1075 5693 ΒΑΜ.

351 5713 454 5772 (83)
480 5712 693 5773 Repletas
722 5717 876 5761 erant
900 5713 1163 5762 universae
1185 5714 1394 5762 semitm.
1427 5714 1508 5762 In.

357 5784 452 5844 (86)
481 5785 535 5832 Μ
539 5795 778 5833 unerum.
805 5783 885 5833 In.

355 5855 451 5914 (87)
482 5855 750 5905 Bonorum
776 5867 993 5920 operum
1025 5869 1254 5907 munere.
1294 5857 1375 5905 In.

2027 4633 2275 4689 victoriae
2301 4635 2544 4688 solantes
2567 4634 2844 4688 laborem.
2879 4634 2990 4686 Nec
3027 4638 3214 4688 tamen
3251 4629 3660 4702 frangebantur

2029 4727 2236 4782 animis
2272 4727 2558 4799 principes
2599 4727 2961 4782 seditionum.
3006 4725 3250 4780 Furebat
3287 4725 3507 4791 Simon,
3554 4738 3657 4776 nec

2029 4825 2322 4876 tantorum
2368 4820 2645 4876 mortibus
2699 4823 3056 4876 exsaturatus
3104 4820 3340 4875 cedebat
3376 4836 3392 4887 ς
3427 4824 3481 4872 et
3527 4817 3660 4889 quia

2029 4915 2245 4970 inimici
2293 4915 2486 4970 deesse
2517 4920 2824 4987 coeperant,
2869 4915 2927 4968 in
2977 4914 3158 4970 socios
3200 4911 3654 4967 convertebatur.

2633 5010 2849 5064 CAPUT
2901 5009 3051 5062 XXII.

2099 5104 2360 5175 Denique
2415 5119 2517 5158 nec
2562 5103 2853 5157 Matthiam
2897 5101 3149 5172 quidem,
3179 5117 3290 5172 quo
3343 5103 3572 5153 auctore
3601 5097 3657 5150 in

2028 5197 2228 5251 urbem
2259 5203 2519 5269 receptus
2547 5201 2650 5265 est,
2679 5195 3061 5251 excruciatum
3114 5193 3333 5248 necavit
3361 5192 3496 5259 (90),
3526 5191 3656 5245 nul-

2027 5290 2134 5345 lius
2182 5291 2331 5362 apud
2376 5307 2433 5346 se
2480 5290 2798 5344 convictum
2853 5289 3080 5360 ﬂagitii,
3123 5288 3222 5343 sed
3263 5286 3656 5341 insimulatum

2027 5384 2364 5456 proditionis
2415 5389 2470 5438 et
2516 5387 2842 5456 suspectum
2897 5382 3114 5437 consilii
3181 5381 3332 5452 quod
3381 5381 3439 5434 in
3490 5396 3657 5433 usum

2028 5478 2206 5550 plebis
2257 5478 2454 5533 sedulo
2504 5483 2562 5533 et
2615 5477 2734 5532 sine
2786 5477 2892 5531 ulla
2921 5476 3140 5544 fraude,
3191 5479 3463 5546 tanquam
3494 5474 3656 5528 fami-

2088 5647 2184 5707 (88)
2211 5645 2475 5709 Figendis.
2507 5646 2591 5695 Al.
2623 5644 2771 5694 rivis.
2806 5646 2875 5692 In.

2091 5719 2186 5776 (89)
2226 5717 2558 5766 Dilaceratis.
2597 5717 2676 5765 In.

2090 5787 2185 5847 (90)
2219 5787 2409 5838 Codex
2438 5791 2567 5846 vet.,
2600 5788 3036 5838 inexcruciatum.
3071 5788 3151 5838 lu.
