4128 6194
531 272 670 326 2267
1943 274 2000 328 S.
2041 273 2161 330 ΑΜΕ

2199 272 2354 329 ωδιι
3091 265 3093 267 ’
3719 279 3829 333 2288

529 393 658 450 liari
701 395 1023 450 crediderat
1062 394 1496 450 insinuandum.
1555 395 1617 451 1d
1663 397 1774 451 alte
1823 397 2161 468 impressum
2186 407 2244 480 Α
2266 393 2463 464 tionis,
2505 394 2658 466 quod
2713 397 2766 450 te
2801 393 3153 450 induxerim.
3197 394 3319 448 Tibi
3357 394 3580 466 quando
3614 397 3838 468 proditor

531 487 864 560 aliquandiu
905 487 1110 556 tenuit,
1162 504 1268 544 nec
1303 489 1426 560 jam
1471 505 1531 544 se
1582 492 1646 543 ut
1681 489 1861 545 amico
1905 489 2160 557 credidit,
2263 503 2385 544 esse
2421 487 2609 560 ccepi?
2644 487 2700 544 Si
2741 486 3081 560 fugiendum
3133 491 3439 559 putassem,
3487 488 3837 546 consulueram

532 581 632 637 sed
719 581 858 638 aluit
934 580 1426 653 indignationem,
1503 582 1711 638 indicio
1790 583 2159 638 dissimulato.
2263 579 2426 650 mihi,
2460 597 2576 636 non
2602 580 2940 639 violaveram
2978 580 3178 652 patrias
3221 581 3698 638 necessitudinem.
3725 583 3841 648 Quis

535 675 680 745 Ergo
728 673 1120 730 insimulatum
1175 675 1325 746 apud
1370 693 1450 743 se,
1513 675 1667 748 quod
1713 691 1844 731 cum
1896 675 2164 730 Romanis
2261 674 2417 729 enim
2451 674 2674 731 hostem
2705 690 2818 730 non
2838 674 3078 746 defugit,
3111 678 3170 729 et
3207 673 3430 730 hostem
3459 674 3746 730 internum.
3786 681 3839 732 At

540 768 726 823 studio
775 773 1117 840 congrueret
1169 775 1227 824 et
1287 768 1632 837 conveniret,
1681 770 1803 841 rapi
1853 785 1984 824 eum
2035 769 2164 824 ﬁliis
2262 773 2319 822 te
2369 767 2551 823 civem
2585 769 2931 841 putavimus,
2989 768 3090 824 sed
3138 767 3360 824 hostem
3407 767 3728 824 invenimus.
3776 771 3843 825 Ad

525 861 708 932 jubet.
726 860 1048 918 Accersitur
1072 862 1202 933 (91),
1232 878 1336 917 nec
1367 862 1716 918 defensionis
1743 864 1857 918 ulla
1884 864 2046 935 copia
2072 864 2163 918 da-
2263 861 2535 917 auxilium
2580 861 2812 933 petitus,
2859 861 2994 934 quid
3035 861 3378 933 rependisti?
3412 861 3554 926 Quid
3589 865 3708 917 ante
3743 864 3840 934 pol-

531 958 664 1011 tur:
695 958 828 1010 ante
874 971 1119 1010 examen
1163 955 1520 1026 adjudicatur
1558 957 1857 1028 supplicio,
1887 973 1993 1012 nec
2040 957 2166 1028 ejus
2264 954 2490 1009 licitus?
2529 959 2587 1010 et
2627 971 2744 1028 quo
2795 957 2988 1026 postea
3031 955 3369 1010 conversus?
3406 956 3684 1026 Ingressus
3724 971 3843 1022 eras,

536 1047 758 1103 soboles
813 1048 1122 1120 excipitur,
1166 1049 1265 1103 sed
1321 1065 1504 1121 poema
1549 1050 1908 1121 adjungitnr.
1959 1049 2168 1104 Orabat
2265 1055 2328 1106 ut
2370 1050 2596 1107 hostem
2641 1047 2973 1120 expelleres,
3023 1064 3136 1103 non
3167 1051 3228 1102 ut
3265 1048 3488 1102 hostem
3535 1063 3793 1104 excrceres
3834 1066 3844 1103 :

534 1157 648 1198 non
681 1141 807 1197 vitm
865 1158 1114 1210 usuram,
1156 1143 1256 1198 sed
1300 1143 1497 1198 mortis
1537 1143 1905 1211 celeritatem,
1945 1147 2166 1198 natura:
2267 1149 2328 1197 ut
2349 1144 2599 1198 ferocem
2637 1141 2812 1214 ipsius
2857 1141 3139 1214 impetum
3186 1141 3546 1214 reprimeres,
3595 1157 3700 1198 non
3725 1143 3846 1197 atad

535 1235 800 1290 ordinem
836 1253 848 1290 :
883 1241 943 1291 ut
981 1235 1138 1308 prior
1178 1236 1552 1305 occideretur,
1593 1253 1666 1293 ne
1709 1237 1952 1292 ﬁliorum
2002 1251 2168 1293 neces
2263 1237 2475 1292 bellum
2529 1251 2907 1307 provocarcs;
2955 1240 3016 1290 ut
3059 1234 3398 1307 prohiberes
3449 1234 3650 1290 civium
3693 1250 3848 1300 neces,

537 1333 836 1401 spectaret,
889 1346 994 1384 nec
1068 1335 1352 1403 superstes
1411 1333 1557 1386 esset
1613 1331 1908 1386 funeribus
1967 1330 2167 1385 libero-
2267 1347 2382 1386 non
2411 1333 2474 1385 ut
2499 1329 2616 1400 ipse
2652 1329 3030 1401 adjungeres;
3063 1334 3124 1385 ut
3162 1328 3524 1385 latrocinium
3563 1327 3849 1400 repelleres,

536 1438 664 1477 rum
703 1438 973 1494 suorum,
1021 1424 1140 1496 ipse
1183 1425 1453 1482 continuo
1500 1425 1674 1482 funus
1716 1425 1943 1480 futurus
1989 1442 2002 1480 :
2051 1440 2167 1479 non
2269 1441 2381 1479 non
2411 1430 2470 1479 ut
2507 1424 2628 1496 ipse
2658 1423 3097 1493 latrocinareris,
3135 1423 3235 1478 sed
3274 1427 3336 1478 ut
3364 1421 3681 1478 subvenires
3712 1421 3850 1477 inno-

539 1515 863 1588 impetravit
897 1517 1047 1590 quod
1088 1518 1208 1590 ipsa
1244 1519 1425 1591 pietas
1470 1518 1752 1591 exigebat,
1794 1517 2014 1573 etiamsi
2051 1534 2168 1573 non
2270 1518 2420 1573 centi
2436 1517 2665 1590 populo.
2696 1517 2809 1573 Cur
2844 1517 2900 1571 in
2927 1516 3114 1588 ipsum
3143 1520 3237 1572 tua
3279 1531 3439 1572 arma
3467 1515 3715 1571 vertisti?
3738 1518 3854 1570 Ante

539 1616 783 1682 rogaret.
818 1612 930 1667 Hoc
960 1612 1196 1684 rogabat
1239 1612 1344 1667 sibi
1383 1613 1542 1669 reddi
1588 1629 1689 1684 pro
1721 1628 1982 1678 munere,
2017 1611 2164 1684 quod
2267 1611 2562 1666 latrocinio
2621 1610 3038 1682 appetebantur
3089 1611 3214 1682 (96),
3264 1616 3325 1666 tu
3383 1609 3593 1666 bellum
3635 1608 3854 1664 intulisti.

537 1703 589 1759 ei
611 1703 816 1760 urbem
847 1705 1162 1776 aperuisset
1191 1723 1204 1760 :
1234 1723 1362 1761 reus
1388 1705 1623 1778 quidem
1655 1705 1876 1778 patrias,
1909 1704 2012 1760 sed
2034 1721 2166 1760 con-
2193 1777 2196 1778 ν
2271 1708 2414 1760 Ante
2445 1703 2739 1778 pauciores
2765 1704 2834 1759 ad
2865 1709 3112 1760 mortem
3134 1703 3528 1776 rapiebantur,
3555 1707 3618 1758 tu
3641 1705 3856 1772 stragem

539 1796 757 1853 ciliator
786 1798 1052 1854 Simonis.
1088 1798 1358 1854 Debuerit
1383 1777 1473 1854 ille
1499 1800 1902 1873 hancpmnam
1935 1799 2166 1867 civibus,
2190 1777 2247 1851 Β
2272 1777 2617 1870 populorum
2652 1796 2856 1852 fecisti.
2895 1797 3033 1862 Quis
3071 1797 3336 1868 proditor
3376 1797 3596 1868 patrius,
3623 1797 3739 1868 quis
3766 1795 3854 1850 Ro-

542 1890 784 1946 debebat
831 1897 1022 1948 tamen
1081 1893 1134 1946 ei
1186 1892 1387 1948 Simon
1428 1893 1688 1965 gratiam.
1726 1895 1847 1958 Quo
1888 1893 2172 1948 crudelior
2271 1907 2442 1947 mana
2477 1907 2640 1946 arma
2675 1891 2802 1963 plus
2831 1890 2999 1961 juvit,
3045 1890 3157 1946 nisi
3199 1890 3333 1963 quia
3374 1889 3644 1946 exstinxit
3694 1889 3860 1962 patrias

537 1985 634 2056 qui
685 2001 790 2040 nec
841 1985 1022 2041 amico
1073 1986 1348 2058 pepercit,
1396 2003 1502 2042 nec
1539 1993 1778 2058 patrono
1832 1986 2171 2058 receptionis
2272 1985 2764 2058 propugnatores?
2810 1984 2919 2039 nisi
2957 1983 3054 2057 qui
3101 1983 3317 2056 eripuit
3361 1988 3650 2040 tantorum
3688 1982 3860 2039 civium

539 2094 656 2133 suae
677 2094 902 2149 poenam
937 2079 1224 2135 relaxavit.
1259 2080 1493 2136 Ducitur
1529 2081 1597 2135 ad
1641 2081 1978 2152 supplicium
2015 2084 2173 2151 pater
2273 2077 2708 2135 defensionem?
2743 2077 2851 2134 nisi
2890 2078 2989 2150 qui
3020 2077 3091 2133 ab
3146 2078 3310 2134 hoste
3355 2078 3415 2133 in
3455 2079 3632 2134 socios
3665 2077 3861 2133 detorsit

542 2187 672 2226 cum
698 2171 876 2226 tribus
917 2172 1110 2228 liberis
1155 2190 1168 2228 :
1209 2189 1340 2229 nam
1383 2178 1614 2246 quartus
1653 2175 1788 2246 fuga
1831 2191 1888 2228 se
1941 2189 2168 2229 exeme-
2272 2173 2647 2229 mucronem?
2685 2171 2871 2228 Hostis
2910 2177 3070 2228 extra
3116 2188 3309 2226 muros
3351 2187 3558 2244 pacem
3608 2169 3862 2240 oﬁ’erebat,

543 2267 648 2318 rat.
677 2264 955 2320 Statuitur
981 2266 1040 2321 in
1071 2270 1376 2339 conspectu
1405 2267 1645 2324 Romani
1674 2268 1958 2322 exercitus
1988 2266 2170 2322 insul-
2274 2274 2335 2322 tu
2376 2267 2528 2322 intra
2563 2282 2754 2322 muros
2786 2264 3124 2337 praeliabare
3167 2284 3179 2320 :
3229 2265 3323 2321 ille
3349 2265 3702 2322 obsidionem
3750 2264 3865 2318 vole-

541 2356 772 2414 talionis
820 2359 1035 2430 specie,
1091 2364 1154 2414 ut
1203 2360 1546 2432 supplicium
1595 2361 1716 2432 ejus
1764 2361 2047 2431 viderent,
2100 2360 2173 2416 ad
2271 2361 2373 2416 bat
2398 2360 2633 2431 solvere,
2680 2364 2739 2415 tu
2783 2359 3268 2432 expugnationem
3317 2359 3727 2432 approperabas
3759 2357 3864 2412 :ille

483 2497 490 2506 ,
540 2467 682 2523 quos
720 2452 911 2522 egredi
963 2453 1359 2509 desiderasset.
1412 2455 1680 2510 Liberent
1739 2457 1794 2510 te
1850 2455 2076 2528 itaque,
2127 2455 2173 2510 si
2273 2455 2607 2528 prohibebat
2647 2453 2913 2510 incendia
2959 2456 3168 2508 nostrae
3213 2453 3391 2522 urbis,
3441 2458 3505 2509 tu
3548 2454 3789 2508 ﬂammas
3819 2451 3863 2505 in

540 2551 794 2616 possunt,
822 2547 990 2602 amici
1020 2548 1120 2603 tui.
1148 2547 1512 2604 Deducuntur
1537 2552 1594 2604 et
1619 2547 1739 2616 ﬁlii,
1773 2565 1880 2605 nec
1905 2564 2174 2620 suprema
2274 2550 2393 2620 ipsa
2435 2547 2632 2620 templi
2669 2546 2922 2620 jaciebas
2962 2546 3188 2619 fastigia
3233 2563 3246 2602 :
3281 2547 3371 2602 ille
3414 2551 3727 2602 nostrorum
3757 2561 3863 2600 con-

549 2639 742 2695 liberis
794 2641 985 2696 oscula
1035 2640 1200 2705 dare,
1256 2657 1358 2697 nec
1421 2642 1621 2697 ultimo
1678 2643 1977 2715 complexa
2033 2642 2174 2696 ﬁlios
2274 2642 2419 2697 tuitu
2464 2648 2956 2697 sacramentorum
2997 2640 3250 2696 inducias
3293 2640 3490 2708 dabat,
3514 2646 3575 2697 tu
3614 2656 3712 2713 per
3747 2640 3868 2711 ipsos

542 2733 823 2805 suscipere
845 2735 1194 2806 permissus:
1231 2751 1348 2790 non
1374 2735 1666 2791 fraudatus
1691 2740 1874 2790 tamen
1897 2735 2046 2792 vocis
2071 2752 2169 2807 pa-
2275 2751 2564 2790 sacrorum
2623 2735 2744 2790 dies
2777 2734 2970 2790 altaria
3011 2735 3110 2790 Dei
3156 2750 3434 2807 supremo
3473 2734 3630 2789 urbis
3659 2731 3869 2799 excidio,

547 2830 722 2883 ternae
750 2827 858 2897 (92)
889 2828 1170 2897 libertate,
1202 2828 1508 2885 miserabili
1536 2829 1681 2884 ﬁlios
1704 2829 1952 2901 alloquio
1981 2845 2169 2900 prose-
2275 2828 2634 2885 sacerdotum
2681 2845 2910 2901 quoque
2965 2828 3238 2901 sanguine
3284 2829 3680 2902 restinguebas
3742 2844 3754 2880 :
3796 2826 3869 2880 ille

545 2920 843 2992 quebatur.
869 2923 1008 2994 Ego,
1027 2921 1148 2992 ﬁlii,
1179 2921 1338 2978 vobis
1362 2923 1582 2978 hostem
1613 2923 1834 2993 induxi,
1866 2939 1974 2995 ego
1991 2923 2172 2978 carni-
2275 2939 2486 2990 muros,
2531 2928 2593 2979 tu
2657 2922 2937 2994 templum
2999 2922 3326 2978 obsederas.
3386 2921 3735 2979 Coacerbabo
3784 2919 3870 2989 (96)

545 3013 675 3070 ﬁces
704 3015 957 3084 adhibui,
1003 3016 1234 3088 quando
1275 3016 1572 3072 Simonem
1603 3016 1827 3088 ingredi
1877 3017 1935 3071 in
1973 3017 2175 3072 urbem
2275 3016 2517 3072 crimina
2546 3032 2696 3072 mea.
2735 3016 2854 3088 Ego
2890 3016 3086 3088 patrias
3131 3031 3334 3072 manus
3371 3015 3563 3084 intuli,
3591 3031 3693 3087 ego
3738 3018 3870 3068 tuum

548 3109 760 3181 rogavi.
791 3109 887 3166 llle
915 3109 1036 3164 dies
1061 3109 1225 3166 nobis
1269 3111 1469 3166 mortis
1506 3110 1694 3181 hujus,
1727 3111 1821 3165 ille
1853 3109 2170 3182 parricida-
2195 3147 2250 3222 Ο
2275 3110 2530 3166 furorem
2577 3109 2814 3177 armavi,
2860 3126 2968 3181 ego
3011 3110 3134 3165 haec
3195 3110 3468 3166 universa
3527 3109 3869 3165 deliramento

545 3202 613 3256 lis
668 3219 839 3259 causa
889 3204 1209 3275 spectaculi.
1257 3203 1466 3271 Merui,
1526 3204 1732 3273 fateor,
1788 3220 1892 3259 nec
1949 3202 2532 3278 culpamuquodam
2582 3203 2889 3259 senectutis
2934 3203 3098 3258 initia
3146 3203 3253 3274 (97)
3307 3203 3598 3277 impressi.
3649 3205 3868 3274 Agnosco

547 3312 752 3351 excuso
819 3314 832 3352 :
900 3297 1037 3352 dum
1099 3313 1280 3353 unum
1338 3298 1656 3369 reprimere
1717 3297 1934 3370 gestio,
1994 3313 2177 3353 accer-
2275 3297 2557 3354 dementis
2602 3297 2781 3353 astatis
2825 3297 3299 3368 imprudentiam.
3343 3297 3703 3354 Confessioue
3745 3295 3869 3350 leve-

548 3389 650 3444 sivi
697 3390 1066 3447 deteriorem.
1110 3391 1189 3446 Ad
1245 3391 1516 3448 auxilium
1582 3391 1784 3448 Simon
1831 3391 2068 3464 petitus,
2122 3396 2178 3446 ct
2277 3409 2426 3463 mus,
2453 3391 2748 3464 pudorem,
2777 3391 3052 3465 quoniam
3081 3391 3344 3464 negando
3374 3394 3674 3464 peccatum
3696 3402 3870 3445 exuere

548 3484 618 3540 ad
663 3484 1034 3556 parricidium
1074 3486 1275 3558 patriae
1323 3502 1621 3542 conversus
1656 3503 1670 3541 :
1710 3486 1907 3542 sedula
1947 3485 2179 3540 consilia
2277 3501 2390 3542 non
2417 3501 2740 3558 possumus.
2782 3484 2903 3540 Duo
2941 3500 3061 3557 prae
3108 3484 3328 3540 ceteris
3375 3483 3663 3540 excidium
3704 3479 3869 3555 patria

548 3579 605 3634 in
660 3578 876 3634 crimen
910 3578 1174 3635 deduxit.
1231 3580 1330 3636 Rei
1376 3579 1589 3636 fuimus
1639 3580 1744 3651 (93)
1804 3580 2032 3652 patrias,
2081 3579 2178 3653 qui
2277 3579 2708 3636 acceleravimus
2752 3595 2764 3633 :
2817 3595 2925 3651 ego
2969 3594 3164 3633 errore
3204 3577 3460 3647 consilii,
3509 3582 3571 3633 tu
3620 3574 3872 3650 proposito

552 3671 914 3729 defensorem
946 3673 1328 3746 quaesivimus.
1367 3676 1437 3731 Et
1461 3678 1612 3731 recte
1641 3674 1875 3746 quidem
1912 3674 2179 3729 solvimus
2281 3673 2590 3746 parricidii.
2646 3673 2837 3728 Pcndo
2899 3671 3095 3743 igitur,
3147 3671 3348 3744 patria,
3389 3671 3500 3728 tibi
3545 3669 3747 3729 deditas
3789 3667 3873 3738 (98)

546 3782 774 3838 pcenam
796 3765 1213 3839 imprudentiae,
1244 3784 1360 3823 non
1390 3771 1584 3823 tamen
1616 3768 1891 3840 perﬁdiae.
1923 3767 2183 3823 Absolvit
2281 3783 2474 3840 poenas
2499 3784 2512 3835 ;
2543 3769 2602 3821 et
2629 3767 2738 3822 hoc
2776 3769 2899 3838 ipso
2926 3765 3144 3821 Simoni
3173 3765 3380 3839 gratias
3419 3782 3549 3838 ago,
3581 3763 3727 3839 quod
3749 3761 3871 3818 ciue-

549 3876 651 3916 nos
705 3860 905 3917 Simon
953 3860 1099 3932 ipse,
1153 3860 1290 3917 dum
1343 3861 1572 3934 perimit
1619 3878 1632 3917 :
1685 3862 1783 3935 qui
1850 3861 2183 3934 pronuntiat
2280 3862 2442 3917 ribus
2471 3859 2583 3916 tuis
2609 3861 2894 3932 superstes
2919 3876 3032 3915 non
3054 3876 3175 3915 ero.
3204 3862 3384 3932 Atque
3403 3860 3628 3916 utinam
3644 3873 3748 3915 non
3767 3855 3874 3911 libe-

552 3970 667 4010 nou
698 3953 805 4011 sibi
843 3971 876 4009 a
925 3971 1018 4010 me
1066 3955 1359 4023 donatum,
1395 3956 1493 4010 sed
1545 3956 1748 4028 patrias
1783 3956 2034 4012 contuitu
2079 3971 2178 4028 pe-
2282 3956 2359 4011 ris
2404 3970 2586 4010 essem
2639 3953 2950 4027 superstes!
3002 3953 3111 4009 Sed
3149 3953 3222 4008 ad
3270 3953 3504 4009 sceleris
3546 3953 3649 4022 tui,
3692 3952 3872 4015 Simon,

553 4047 744 4116 titum,
773 4054 835 4105 ut
860 4053 1057 4104 contra
1083 4048 1317 4105 Joannis
1355 4050 1638 4104 saevitiam
1679 4049 1891 4106 auxilio
1935 4049 2178 4117 futurus,
2282 4049 2668 4117 acerbitatem,
2699 4047 2947 4105 ﬁliorum
2975 4047 3130 4103 necis
3149 4050 3433 4120 spectator
3471 4047 3685 4104 assiste.
3711 4041 3874 4108 Merui,

550 4159 722 4214 quam
758 4143 1008 4214 primum
1043 4143 1280 4211 adesset,
1311 4145 1368 4197 et
1406 4143 1688 4199 Idumaeos
1726 4144 2042 4200 induceret.
2073 4145 2179 4198 Pu-
2284 4143 2482 4211 fateor,
2511 4141 2649 4214 quia
2675 4141 2782 4214 (99)
2811 4143 3085 4197 Joannem
3123 4141 3339 4212 pictum
3377 4141 3575 4198 videre
3596 4157 3703 4196 non
3726 4135 3874 4211 potui,

551 4235 838 4303 tabamus,
886 4235 1109 4292 duobus
1145 4235 1297 4291 inter
1321 4253 1380 4291 se
1422 4237 1843 4292 conferentibus
1874 4237 2000 4308 (94),
2038 4237 2179 4292 libe-
2285 4240 2342 4293 et
2364 4241 2419 4292 te
2448 4240 2733 4292 armatum
2758 4234 2984 4308 elegi.0
3004 4234 3354 4307 praecipitem
3374 4233 3749 4291 senectutem!
3770 4231 3877 4286 ima-

554 4345 674 4384 ram
700 4329 928 4401 plebem
961 4330 1233 4384 futuram.
1267 4330 1402 4396 Quis
1432 4330 1575 4385 mihi
1611 4330 1892 4398 crederet,
1924 4346 2039 4386 non
2079 4330 2180 4385 tibi
2286 4330 2482 4403 ginem
2507 4329 2828 4397 timuimus,
2855 4331 3166 4400 tyrannum
3194 4327 3594 4400 expetivimus.
3626 4329 3733 4398 Ego
3760 4323 3874 4380 ﬁde-

550 4424 611 4478 id
637 4439 768 4479 meo
808 4424 996 4479 studio
1035 4424 1323 4492 detulisse,
1356 4423 1458 4479 sed
1495 4424 1566 4479 de
1601 4424 1786 4492 malis,
1825 4425 1933 4480 hoc
1977 4425 2180 4481 tolera-
2279 4425 2470 4496 jussor
2508 4426 2660 4493 tuus,
2695 4437 2803 4494 ego
2855 4421 3186 4494 deprecator
3235 4426 3368 4478 tuus
3408 4423 3744 4494 legationem
3777 4431 3875 4490 per-

552 4517 720 4572 bilius
775 4517 1168 4590 aestimavisse,
1223 4518 1330 4575 nisi
1379 4523 1437 4574 tu
1490 4518 1827 4574 occideres?
1883 4517 1993 4575 Sed
2045 4518 2260 4591 quidl)
2283 4517 2404 4573 tuli.
2432 4519 2550 4589 Ego
2571 4521 2625 4572 te
2639 4515 2936 4572 dominum
2955 4509 3868 4588 rogavi,pereussoremintroduxi.

554 4627 662 4684 ego
687 4611 764 4667 sic
790 4611 1010 4686 loquor,
1053 4613 1212 4686 quasi
1247 4613 1463 4670 crimen
1509 4629 1776 4670 excusem
1796 4613 1825 4667 ?
1853 4611 2002 4667 Nihil
2043 4628 2181 4668 sane
2282 4612 2617 4684 Spectemus
2643 4625 2782 4683 ergo
2802 4625 2932 4683 quas
2950 4608 3226 4665 fecimus:
3249 4608 3484 4665 Joannis
3522 4625 3625 4665 nos
3641 4623 3762 4664 cera
3779 4609 3870 4660 ter-

554 4721 679 4760 mea
703 4706 989 4763 sententia
1015 4707 1244 4778 gravius
1285 4708 1470 4763 facere
1513 4707 1694 4780 potui,
1723 4722 1900 4780 quam
1947 4705 2100 4778 quod
2127 4711 2182 4761 te
2283 4705 2416 4775 ruit,
2449 4703 2695 4760 Simonis
2737 4702 3032 4759 latrocinia
3071 4703 3514 4759 delectaverunt.
3559 4702 3874 4758 Acceleretur

554 4800 610 4854 in
638 4799 948 4857 cervicibus
983 4799 1189 4855 nostris
1227 4801 1424 4856 locavi.
1453 4800 1565 4857 Sed
1599 4801 1660 4856 in
1709 4817 1777 4855 eo
1803 4800 2002 4872 patriae
2030 4816 2180 4869 reus,
2284 4799 2474 4871 itaque
2503 4813 2715 4870 pompa
2756 4795 3032 4864 funebris,
3065 4795 3257 4852 veniat
3280 4797 3559 4864 carnifex,
3598 4795 3736 4852 ﬁlios
3767 4795 3872 4846 ante

556 4911 667 4949 non
695 4894 796 4950 tibi
824 4893 1049 4950 fuerim.
1082 4894 1382 4950 Debuerim
1401 4910 1509 4967 ego
1542 4893 1756 4950 civibus
1781 4897 2052 4965 mortem,
2083 4893 2182 4950 sed
2284 4909 2381 4947 ora
2406 4891 2605 4964 patris,
2632 4893 2970 4963 patremque
2998 4889 3300 4945 obtruncet
3337 4905 3511 4963 super
3536 4889 3771 4945 ﬁliorum
3797 4899 3872 4937 ca-

556 4991 616 5043 tu
658 4988 801 5044 mihi
841 4988 1103 5060 gratiam.
1139 4987 1440 5043 Debuerim
1482 4987 1680 5059 patria:
1726 5004 1945 5060 poenam
1989 4987 2179 5060 prodi-
2284 4983 2798 5043 davera.ﬂauriam
2824 4983 3158 5039 miserabilis
3187 4998 3357 5040 senex
3399 4984 3576 5039 ictum
3615 4976 3872 5038 carniﬁcis.

616 5125 713 5186 (9|)
742 5123 1057 5175 Arcessitur.
1086 5123 1264 5174 ΒΑΜ.
2286 5119 2581 5185 rigendum
2636 5121 2837 5183 putant
2892 5123 3265 5178 coacervaret,
3327 5123 3391 5169 ut
3451 5117 3546 5169 hic
3611 5111 3872 5186 Barrensis.

615 5185 712 5258 (92)
739 5196 952 5247 Patriae.
984 5196 1066 5245 ID.
2290 5191 2666 5244 Conflrmatur
2712 5194 2981 5256 praeterea
3024 5189 3221 5242 eadem
3269 5189 3433 5242 lectio
3480 5185 3784 5242 conca-bubo
3821 5193 3873 5232 ex

617 5267 710 5331 (93)
741 5268 949 5318 Sumus.
980 5266 1060 5316 ID.
2285 5262 2527 5328 simplici
2582 5261 2794 5324 acerbo,
2853 5261 3005 5328 quod
3048 5263 3256 5327 smptus
3317 5260 3532 5313 auctori
3587 5259 3870 5331 usurpatum

615 5322 710 5403 (94)
743 5336 1160 5389 trementibus.
1191 5336 1268 5385 In.
2285 5322 2498 5386 videas.
2553 5333 2676 5384 Lib.
2725 5322 2783 5395 ης
2833 5322 2952 5399 cap.
3003 5333 3052 5384 ο.
3105 5322 3183 5384 Νο
3229 5333 3460 5385 alterum
3505 5328 3728 5403 παφα,
3767 5322 3872 5376 αω-

613 5399 714 5470 (95)
741 5408 1146 5474 Appatabamur.
1180 5408 1263 5458 In.
2285 5419 2407 5456 rum
2451 5418 2706 5456 arcessas.
2753 5405 2888 5457 item
2933 5404 3029 5456 lib.
3074 5416 3154 5465 ιν,
3199 5417 3316 5470 cap.
3371 5403 3432 5457 13
3473 5419 3486 5453 :
3521 5399 3716 5474 Bellum
3752 5406 3873 5474 gaer-

614 5466 711 5544 (96)
753 5466 1102 5532 Coacmabo.
1143 5479 1231 5530 In.
1263 5505 1318 5514 -
1369 5478 1742 5531 Retinendum
1788 5477 2014 5530 videtur
2054 5489 2187 5527 roa-
2287 5475 2484 5526 babant
2525 5476 2639 5526 sine
2681 5475 2838 5526 omnia
2879 5475 3182 5533 deditionis,
3227 5466 3287 5526 et
3329 5474 3519 5539 plures
3561 5469 3703 5522 alibi.
3749 5466 3873 5520 GAL-

552 5553 791 5602 corvabo.
827 5551 922 5604 Sic
955 5552 1105 5603 enim
1141 5551 1296 5616 loqui
1335 5554 1481 5602 amat
1519 5553 1727 5601 auctor.
1772 5548 2044 5613 Superius
2085 5547 2178 5597 lib.
2288 5559 2460 5598 LAND.

553 5635 670 5685 cap.
713 5623 776 5674 25
812 5637 981 5688 prope
1017 5624 1087 5674 ab
1131 5623 1289 5673 initio
1338 5637 1349 5670 :
1401 5624 1462 5672 Ut
1508 5623 1820 5685 Hyrcanum
1869 5625 1917 5670 et
1957 5619 2184 5680 Antipa-
2351 5619 2446 5680 (97)
2476 5617 2679 5669 Exilia.
2711 5617 2887 5668 ΒΑΜ.

555 5699 696 5745 trum
755 5695 1007 5748 incubare
1060 5695 1286 5755 alienis,
1344 5709 1461 5760 qua:
1520 5693 1684 5745 sibi...
1744 5696 1923 5759 erepta
1978 5691 2183 5755 forent,
2353 5689 2448 5751 (98)
2475 5688 2708 5760 Debitas.
2747 5689 2825 5737 In.

553 5771 736 5834 questu
798 5766 1109 5826 gravissimo
1175 5759 1524 5830 (Antigonus)
1599 5776 2043 5834 coacuamaa'r.
2108 5763 2186 5812 Ita
2351 5760 2449 5822 (99)
2481 5760 2597 5822 Qui.
2632 5759 2711 5808 ID.

557 5835 727 5888 editio
775 5834 1050 5898 princeps,
1085 5834 1180 5884 ubi
1224 5837 1409 5888 minus
1450 5840 1600 5889 recte
1646 5837 1874 5889 fortasse
1920 5833 2017 5886 alii
2063 5845 2189 5886 cor-
