4128 6194
396 289 532 339 2269

1432 287 1517 342 DE
1558 286 1828 343 EXCIDIO
1867 283 2063 342 UBBIS
2100 283 2460 342 HIEROSOL.
2502 284 2628 338 LIB.
2672 286 2734 336 V.

3620 285 3754 339 2270

395 427 568 483 super
619 411 764 466 colla
808 411 1114 483 pignorum
1158 412 1426 468 vibrantis
1466 413 1538 484 (1)
1584 415 1848 469 securim.
1898 412 2021 477 Quo
2041 409 2240 494 Alum
2267 409 2430 466 illum
2459 409 2603 465 Juda
2632 410 2922 466 novellum
2949 410 3245 479 dilectum,
3277 426 3451 483 quem
3475 425 3632 467 mare
3659 411 3749 466 fu-

389 505 712 576 spectaculo
755 504 898 560 nihil
934 504 1233 573 funestius,
1268 506 1377 560 nisi
1412 506 1508 562 ille
1549 507 1648 578 qui
1668 506 1855 578 jubet.
1888 506 2022 561 Cru-

395 598 557 666 delis,
621 599 873 666 sceleste,
939 599 1087 654 facio
1138 599 1290 670 quod
1351 599 1632 672 praecipis,
1695 600 1854 667 facio,
1922 599 2021 654 sed

392 692 622 746 invitus.
653 692 838 747 Habeo
868 696 1063 747 tamen
1089 693 1537 749 consolationem
1575 696 1752 749 tanta:
1789 692 2015 748 calami-

391 786 542 840 tatis.
575 785 764 842 Patior
792 785 1069 857 quidquid
1098 786 1490 843 miserrimum
1529 791 1616 842 est
1642 787 1782 842 dum
1813 791 1874 842 tu
1893 787 2014 858 jus-

390 880 532 935 seris
575 899 584 934 :
620 880 899 951 quidquid
928 884 1014 935 est
1043 879 1523 936 immanissimum
1555 881 1730 937 subeo
1757 882 2017 948 libenter,

394 979 448 1029 te
478 973 710 1029 arbitro.
742 973 992 1045 Implesti
1015 989 1349 1029 mensuram
1377 975 1655 1031 scelerum
1689 975 2020 1030 saevissimo-

395 1085 523 1123 rum
553 1085 567 1122 :
595 1067 765 1122 liceat
795 1068 994 1123 saltem
1022 1067 1182 1123 affari
1214 1068 1440 1134 liberos,
1475 1071 1791 1126 extremum
1822 1069 2024 1141 pigno-

397 1161 550 1216 ribus
574 1160 906 1217 valedicere.

469 1256 549 1311 Sit
590 1254 825 1310 ultimus
870 1255 1029 1310 locus
1078 1256 1284 1312 osculis
1328 1256 1425 1328 (2),
1473 1273 1599 1328 quin
1645 1256 1808 1312 nobis
1851 1257 2024 1312 etiam

395 1366 528 1404 eum
569 1348 706 1404 feris
740 1349 1069 1404 communia
1106 1353 1254 1404 sunt.
1284 1351 1407 1404 Non
1443 1349 1814 1421 prohibeatur
1853 1351 2020 1407 mise-

397 1442 588 1498 rabilis
614 1442 910 1513 amplexus
939 1447 1178 1510 naturae,
1211 1459 1385 1515 quem
1409 1443 1581 1498 etiam
1616 1443 1897 1500 defunctis
1923 1461 2022 1516 po-

398 1540 508 1591 test
533 1552 692 1591 casus
711 1535 948 1592 donare.
973 1537 1130 1602 Quod
1151 1536 1327 1608 igitur
1344 1537 1414 1592 ad
1435 1553 1664 1608 poenam
1685 1538 2020 1610 praecepisti,

395 1630 648 1701 proticiat
698 1629 771 1684 ad
815 1629 1090 1700 pietatem
1135 1630 1296 1685 mihi.
1350 1631 1560 1686 Cadam
1608 1648 1781 1703 super
1821 1632 2026 1688 funera

393 1739 543 1790 mea,
573 1729 625 1779 et
653 1723 938 1796 insepulta
964 1723 1150 1778 adhuc
1176 1725 1329 1780 velut
1352 1725 1606 1796 quodam
1633 1727 1888 1797 corporis
1911 1725 2025 1780 mei

394 1817 635 1888 cespite,
685 1794 910 1888 tegam,
955 1833 1026 1872 ne
1067 1794 1392 1890 discerpant
1433 1818 1708 1888 volucres,
1735 1794 1844 1875 Vaut
1888 1794 2102 1875 feraeB

395 1911 688 1967 devorent.
705 1911 976 1967 Lambam
993 1911 1189 1983 lingua
1205 1912 1390 1984 patria
1406 1913 1744 1983 sanguinem
1767 1930 2024 1970 meorum

393 2005 723 2077 pignorum,
752 2011 808 2060 et
836 2021 1034 2062 meum
1061 2005 1297 2074 diluam,
1326 2023 1398 2062 ne
1425 2007 1686 2062 lambant
1709 2007 1936 2076 bestiae;
1968 2012 2027 2063 et.

391 2100 632 2155 fortasse
658 2098 827 2154 addet
853 2099 959 2154 hoc
979 2099 1181 2170 pietas,
1205 2105 1261 2155 et
1281 2100 1568 2156 miseratio
1587 2105 1806 2156 natura).
1825 2100 2021 2172 ipsius,

393 2195 455 2246 ut
483 2191 801 2247 arctissimo
829 2192 1098 2264 amplexu
1128 2193 1396 2262 moriens,
1428 2193 1638 2249 liberos
1667 2210 1830 2250 meos
1855 2194 2021 2249 strin-

395 2302 526 2358 gam
549 2302 564 2340 :
590 2302 664 2341 ne
689 2289 752 2340 tu
774 2302 1036 2357 separare
1058 2287 1254 2358 possis,
1277 2303 1408 2342 cum
1435 2287 1592 2343 velis.
1615 2288 1779 2342 Certe
1801 2287 1849 2343 si
1869 2305 2026 2359 sepa-

394 2379 547 2435 rabis
567 2395 823 2451 corpora,
845 2379 1066 2434 animas
1083 2385 1275 2436 tamen
1299 2397 1412 2436 non
1433 2381 1738 2452 separabis.
1760 2381 1872 2436 Sed
1891 2381 2024 2436 satis

390 2474 508 2543 jam
537 2474 918 2544 lacrymarum
946 2474 1210 2530 viaticum
1238 2475 1619 2546 sumpsimus:
1651 2474 1873 2546 praeite,
1903 2475 2021 2544 filii,

399 2569 456 2620 et
479 2569 742 2622 secuturo
771 2567 918 2638 patri
945 2567 1097 2622 viam
1123 2571 1342 2639 parate.
1372 2569 1428 2624 Si
1452 2573 1690 2641 potuero
1728 2569 2021 2641 consequi,

398 2660 714 2730 comitabor
739 2661 931 2731 simul,
958 2665 1017 2716 et
1036 2661 1144 2717 erit
1169 2662 1281 2717 illic
1306 2662 1720 2734 impedimento
1742 2667 2020 2730 senectus,

395 2772 506 2827 quo
534 2755 783 2810 viventes
804 2755 1044 2826 juvenes
1074 2755 1266 2812 minus
1296 2772 1633 2828 consequar.
1663 2755 1747 2810 Ad
1776 2756 2025 2812 mansio-

395 2865 533 2904 nem
573 2848 898 2921 prascedite,
926 2852 992 2905 ut
1029 2849 1242 2904 fessum
1283 2854 1507 2920 patrem
1545 2849 1857 2922 suscipiatis
1893 2850 2021 2906 diu-

401 2947 570 2999 turno
599 2942 864 3014 hospitio.
899 2943 1060 2998 Volui
1088 2943 1320 3014 quidem
1346 2943 1669 3016 praecedere
1696 2944 1817 3016 ipse
1846 2947 1904 3000 et
1927 2962 2020 3001 ro-

395 3037 542 3108 gavi,
584 3037 686 3092 sed
727 3053 842 3092 non
881 3036 1212 3108 impetravi;
1248 3039 1442 3092 tamen
1488 3037 1643 3109 quod
1688 3038 1760 3110 (3)
1803 3038 2023 3095 innoxii

396 3131 550 3200 estis,
581 3147 648 3186 eo
679 3130 914 3186 meliora
939 3130 1098 3186 vobis
1123 3130 1370 3202 hospitia
1397 3130 1746 3201 deferentur,
1774 3149 1948 3205 quam
1977 3135 2023 3189 si
2043 3163 2098 3236 ÎŸ

393 3225 516 3296 ipso
547 3223 849 3280 accersitor
873 3223 1116 3281 Simonis
1146 3224 1542 3296 praevenirem.
1571 3226 1780 3281 Gravat
1806 3243 1898 3284 me
1926 3227 2022 3282 illa

391 3318 624 3389 legatio,
655 3317 787 3373 licet
806 3335 839 3372 a
860 3318 1074 3373 civibus
1103 3317 1395 3386 mandata,
1426 3322 1659 3390 petente
1693 3321 1899 3392 populo
1925 3338 2020 3377 su-

389 3415 581 3482 specta
599 3412 694 3482 (4).
715 3411 1020 3468 Prtecedite
1045 3427 1204 3483 ergo,
1227 3410 1347 3478 filii,
1372 3411 1670 3469 mundiore
1700 3429 2021 3485 supernum

390 3505 497 3559 iter
526 3510 826 3576 carpentes
857 3505 1115 3576 vestigio.
1148 3507 1214 3561 Et
1243 3505 1576 3561 Macchabaai
1607 3509 1854 3563 matrem
1883 3524 2025 3579 prae-

390 3603 694 3664 venerunt;
725 3598 826 3652 sed
852 3598 935 3652 illi
961 3599 1028 3654 ad
1063 3599 1379 3670 prmmium,
1420 3616 1514 3654 vos
1553 3600 1620 3654 ad
1654 3602 2016 3672 supplicium.

390 3691 674 3763 Spectavit
699 3696 896 3746 tamen
924 3692 1019 3764 pia
1040 3697 1224 3748 mater
1246 3693 1556 3749 morientes
1580 3692 1743 3762 filios,
1770 3697 1826 3750 et
1849 3711 2023 3766 supra

389 3801 622 3840 suorum
649 3801 707 3839 se
736 3786 998 3841 volutans
1025 3786 1385 3858 sanguinem,
1408 3786 1550 3841 vidit
1577 3787 2024 3859 complectentes

392 3896 449 3934 se
478 3879 723 3935 invicem
758 3879 962 3934 fratres
1002 3885 1222 3934 naturae
1255 3880 1695 3949 necessitudine,
1718 3885 1776 3937 et
1809 3898 1910 3936 suo
1932 3881 2025 3937 las-

388 3972 612 4028 tabatur
634 3973 952 4044 triumpho,
978 3990 1155 4045 quem
1180 3973 1251 4028 de
1272 3978 1515 4046 tyranno
1541 3974 2020 4047 consequebatur.

393 4066 622 4121 Diversa
651 4066 883 4138 quidem
912 4067 1252 4139 patientium
1287 4067 1513 4135 merita,
1547 4068 1646 4123 sed
1678 4069 1878 4123 eadem
1918 4085 2022 4124 sa:-

394 4160 526 4215 vitia
564 4160 855 4232 utriusque
881 4161 1283 4233 praecipientis.
1315 4162 1532 4216 Invenit
1567 4162 1676 4217 hoc
1713 4162 2024 4218 Antiochus

393 4253 610 4309 Persica
635 4255 1028 4323 immanitate;
1055 4255 1209 4327 apud
1236 4257 1391 4328 ipsos
1419 4255 1575 4312 enim
1600 4273 1870 4311 novorum
1895 4262 2026 4312 sunt

393 4351 718 4404 commenta
749 4347 1175 4420 suppliciorum.
1218 4350 1298 4404 Tu
1337 4353 1634 4406 exsecutus
1669 4366 1728 4405 es
1742 4368 1760 4420 ;
1802 4349 1893 4405 ille
1933 4355 2021 4405 ta-

392 4457 526 4497 men
555 4441 797 4497 servavit
825 4441 1088 4498 ultimam
1117 4447 1358 4499 matrem
1383 4443 1457 4498 ad
1488 4443 1914 4514 persuasionem
1940 4460 2027 4498 re-

2123 504 2224 576 git,
2252 504 2342 559 cui
2368 504 2451 560 sol
2477 503 2651 571 stetit,
2674 501 2840 558 cessit
2855 503 3110 559 Iordanis
3133 520 3146 558 :
3169 504 3446 575 populum
3471 504 3753 577 (inquam)

2121 598 2301 668 illum,
2331 598 2422 653 cui
2451 597 2679 669 pervius
2704 596 2908 653 ï¬‚uctus
2933 595 3063 667 fuit,
3092 612 3189 652 aer
3213 597 3434 667 fertilis,
3463 601 3617 654 terra
3645 614 3753 654 coe-

2121 691 2277 746 lestis
2301 713 2311 744 :
2336 708 2465 763 quia
2490 707 2604 746 non
2630 694 2694 746 ut
2718 693 2904 748 vestra
2934 691 3003 761 (6)
3030 689 3156 746 haec
3182 693 3334 746 terra
3353 692 3605 763 speciem
3632 708 3752 748 cor-

2123 785 2399 857 ruptionis
2441 784 2720 852 induerit,
2762 784 2860 840 sed
2900 782 3330 842 resurrectionis
3374 784 3617 855 gratiam
3660 802 3749 840 as-

2121 879 2466 950 sumpserit:
2491 877 2704 933 servire
2732 894 2890 934 nunc
2914 876 3197 945 ldummis,
3221 883 3280 932 et
3297 876 3614 948 subjectum
3633 894 3754 934 esse

2123 973 2342 1030 Simoni
2365 972 2651 1028 latronum
2680 970 2944 1043 principi,
2967 986 3071 1026 nec
3097 971 3429 1031 servitutem
3453 971 3633 1043 ipsam
3659 972 3754 1028 ha-

2123 1067 2260 1122 bere
2282 1082 2562 1133 securam,
2585 1081 2694 1121 nec
2714 1064 3036 1137 periculum
3057 1080 3186 1120 cum
3210 1063 3492 1120 libertate.
3515 1063 3660 1129 Quid
3683 1064 3756 1120 ad

2123 1161 2247 1216 haec
2272 1175 2648 1232 responsuros
2678 1163 2966 1230 putamus,
2997 1157 3094 1230 qui
3125 1159 3423 1229 elegerunt
3451 1157 3598 1213 bello
3624 1174 3751 1230 per-

2123 1254 2228 1324 ire,
2258 1270 2435 1326 quam
2464 1252 2711 1308 libertati
2737 1251 2938 1324 patria).
2966 1251 3370 1323 supervivere?
3400 1251 3550 1317 Quid
3581 1251 3757 1308 etiam

2123 1347 2449 1404 Matathiam
2485 1362 2893 1418 responsurum
2928 1345 3405 1401 Macchabaeorum
3441 1348 3753 1413 auctorem,

2127 1442 2224 1513 qui
2267 1441 2448 1497 voluit
2489 1440 2562 1512 (7)
2613 1439 2965 1496 observando
3010 1440 3201 1510 legem
3243 1437 3484 1495 Sabbato
3522 1437 3785 1495 feriatus.

2124 1535 2290 1604 mori,
2323 1551 2496 1608 quam
2522 1534 2812 1606 proeliatus
2843 1533 3068 1589 vivere?
3103 1532 3164 1588 Si
3193 1531 3435 1589 audierit
3463 1532 3756 1605 quomodo

2125 1630 2346 1700 Simon,
2373 1645 2487 1684 non
2508 1629 2693 1684 solum
2718 1627 2964 1686 Sabbato
2987 1626 3168 1682 caedes
3189 1626 3400 1682 civium
3425 1626 3757 1683 innumeras

2125 1723 2444 1796 agitaverit,
2473 1722 2574 1778 sed
2611 1721 2765 1794 ipsos
2803 1721 3124 1777 sacerdotes
3157 1719 3401 1788 Domini,
3439 1719 3756 1777 neomeniis

2127 1821 2184 1874 et
2211 1817 2480 1874 omnibus
2499 1815 2710 1872 sanctis
2729 1815 2885 1871 festis
2903 1814 3244 1874 celebritatis
3269 1814 3467 1870 diebus
3483 1813 3755 1885 jugulare

2125 1911 2420 1984 coegerit?
2447 1911 2736 1975 Quantum
2773 1908 3110 1980 ingemiscat
3134 1908 3451 1976 Jechonias,
3493 1923 3624 1964 cum
3651 1923 3754 1962 au-

2125 2005 2294 2061 dierit
2314 2005 2629 2070 Simonem,
2655 2002 2753 2074 qui
2773 2001 3148 2058 seditionibus
3168 2002 3353 2073 primo
3376 2000 3578 2058 urbem
3603 2016 3758 2056 ever-

2127 2099 2278 2165 terit,
2311 2098 2466 2154 caade
2497 2097 2706 2152 civium
2744 2095 3042 2152 violaverit
3073 2095 3275 2167 templi
3305 2097 3582 2150 vetustam
3623 2093 3755 2150 reli-

2127 2194 2383 2266 gionem,
2416 2194 2764 2247 conventum
2796 2189 2984 2258 toties,
3013 2192 3077 2244 ut
3112 2188 3199 2245 sui
3233 2187 3528 2246 deditione
3554 2187 3759 2244 urbem

2127 2290 2354 2343 exueret
2389 2284 2676 2352 incendio,
2710 2284 2876 2339 malle
2913 2283 3102 2355 perire
3146 2283 3344 2338 omnia
3383 2281 3618 2349 excidio,
3661 2298 3756 2336 ur-

2123 2380 2275 2448 bem,
2299 2378 2578 2449 templum
2602 2377 2785 2444 exuri,
2814 2376 3040 2448 plebem
3069 2380 3248 2432 totam
3276 2375 3540 2442 interï¬ci,
3569 2391 3643 2430 ne
3671 2390 3757 2430 oc-

2125 2476 2345 2544 cupatae
2384 2471 2620 2528 inclinet
2657 2469 3069 2526 dominationis
3109 2468 3434 2539 fastigium!
3473 2468 3756 2532 Quantum

2126 2566 2398 2639 (inquam)
2431 2563 2644 2622 dolebit
2667 2562 2990 2630 Jechonias,
3020 2561 3152 2618 licet
3180 2565 3441 2633 tempore
3471 2561 3753 2616 malorum

2129 2659 2454 2733 urgentium
2483 2659 2674 2714 minus
2692 2657 2823 2713 felix
2851 2655 3118 2728 imperio,
3149 2654 3353 2710 melior
3377 2658 3573 2710 tamen
3600 2653 3754 2710 ï¬lio?

2126 2756 2290 2809 Pater
2319 2754 2475 2808 enim
2502 2752 2610 2807 sibi
2642 2750 2830 2807 minus
2865 2749 2994 2806 felix
3021 2765 3140 2805 esse
3169 2764 3344 2821 quam
3379 2747 3598 2820 patrias,
3629 2747 3760 2804 licet

2124 2846 2544 2916 miserabiliter,
2577 2846 2667 2917 pie
2706 2849 2895 2900 tamen
2933 2843 3155 2899 maluit.
3186 2845 3380 2914 Itaque
3411 2859 3470 2898 se
3497 2857 3628 2897 cum
3654 2857 3757 2896 sua

2124 2941 2409 3013 prosapia,
2450 2956 2703 3012 egressus
2743 2937 2965 3004 urbem,
3004 2937 3320 3008 Babyloniis
3362 2934 3754 2991 obsidentibus

2122 3036 2182 3089 in
2202 3034 2494 3090 servitium
2517 3033 2694 3101 dedit,
2719 3049 2791 3088 ne
2816 3046 3073 3086 eversam
3095 3031 3367 3102 patriam,
3391 3045 3462 3085 ne
3480 3029 3752 3101 populum

2124 3129 2221 3185 Dei
2255 3129 2542 3200 captivum
2587 3127 2824 3184 videret.
2865 3127 3040 3182 Filius
3076 3130 3269 3181 autem
3313 3139 3572 3178 aerumna
3609 3121 3752 3193 pari,

2124 3223 2223 3278 sed
2253 3223 2458 3278 aifectu
2484 3221 2694 3293 impari
2727 3238 2741 3276 :
2775 3221 2913 3277 dum
2944 3220 3051 3276 sibi
3079 3217 3303 3287 metuit,
3337 3222 3393 3272 et
3416 3233 3476 3272 se
3505 3217 3566 3271 in
3606 3216 3754 3270 exsi-

2121 3317 2262 3372 lium
2295 3321 2352 3372 et
2379 3316 2576 3372 urbem
2608 3315 2666 3370 in
2698 3315 2986 3370 excidium
3027 3311 3280 3370 deduxit.
3321 3310 3418 3366 Hic
3453 3310 3643 3382 itaque
3669 3309 3752 3363 iu-

2123 3410 2254 3466 felix
2299 3411 2522 3483 patrias,
2563 3426 2670 3465 nec
2714 3409 2819 3464 sibi
2866 3408 2998 3465 felix
3039 3407 3138 3479 qui
3179 3411 3238 3463 et
3277 3405 3486 3461 liberos
3523 3418 3656 3459 suos
3701 3406 3757 3457 et

2128 3503 2316 3559 oculos
2344 3503 2568 3570 amisit;
2598 3503 2695 3558 ille
2723 3505 2917 3558 autem
2950 3499 3308 3572 prudentior,
3336 3497 3434 3570 qui
3461 3497 3754 3569 captivita-

2123 3603 2241 3653 tem
2301 3597 2511 3652 civium
2564 3613 2666 3651 sua
2717 3594 2966 3650 redemit
3013 3592 3353 3665 captivitate.
3398 3591 3650 3664 Denique
3697 3590 3755 3645 id

2125 3691 2304 3747 exitus
2343 3689 2573 3745 docuit:
2606 3689 2709 3745 iste
2751 3689 2809 3742 in
2854 3703 3034 3758 regno
3075 3685 3283 3753 senior,
3325 3685 3418 3740 ille
3453 3684 3655 3754 junior
3697 3682 3756 3739 in

2125 3784 2352 3842 servitio
2379 3783 2605 3852 defecit,
2635 3782 2898 3855 quamvis
2923 3780 2978 3836 ei
3002 3782 3200 3853 postea
3225 3779 3501 3835 thronum
3532 3776 3758 3849 regium

2127 3878 2466 3951 Babylonius
2495 3893 2594 3934 rex
2625 3877 2791 3948 juxta
2823 3891 2881 3932 se
2917 3873 3294 3940 constituerit,
3324 3878 3381 3927 et
3412 3870 3628 3927 consilii
3657 3869 3757 3926 de-

2125 3952 2334 4029 tulerit.
2365 3970 2825 4045 praerogativam,
2877 3969 3102 4026 miserae
3151 3965 3487 4022 calamitatis
3533 3963 3754 4021 solatio.

2127 4067 2382 4140 Denique
2409 4065 2765 4122 tolerabilior
2785 4064 2912 4136 jam
2949 4078 3078 4119 mea
3110 4078 3228 4117 sors
3255 4064 3358 4130 est,
3392 4063 3522 4131 post
3549 4057 3758 4114 libero-

2125 4178 2255 4217 rum
2294 4176 2521 4228 necem,
2567 4159 2714 4215 mori
2751 4175 2925 4231 quam
2965 4156 3149 4213 vivere
3197 4172 3212 4210 :
3268 4159 3330 4208 ut
3379 4154 3541 4221 scias,
3585 4168 3758 4224 quam

2127 4254 2369 4311 crudelis
2418 4255 2490 4310 sit
2526 4254 2626 4326 qui
2653 4253 2800 4309 ï¬lios
2825 4255 2956 4308 ante
2987 4267 3086 4307 ora
3113 4248 3286 4322 patris
3309 4247 3554 4320 jugulet.
3590 4246 3760 4317 Cujus

2129 4349 2301 4405 etiam
2330 4348 2552 4420 regalia
2580 4363 2822 4403 munera
2852 4345 3136 4406 deteriora
3166 4348 3299 4398 sunt
3327 4357 3503 4414 quam
3538 4339 3761 4412 pietatis

2129 4443 2389 4499 vulnera.
2429 4445 2542 4497 Aut
2583 4442 2737 4497 enim
2779 4445 2898 4496 tam
2943 4438 3122 4510 impia
3165 4437 3374 4493 inferre
3412 4435 3600 4506 primo
3648 4449 3762 4488 non

400 4536 509 4606 giae
537 4536 875 4603 voluntatis;
905 4540 964 4590 tu
992 4537 1206 4592 servari
1227 4537 1446 4609 jussisti
1465 4540 1690 4610 patrem
1721 4538 1794 4593 ad
1816 4538 2026 4592 crucia-
2046 4532 2104 4604 D
2128 4537 2346 4604 debuit,
2382 4542 2479 4591 aut
2513 4540 2633 4590 tam
2671 4535 2954 4589 honorata
2983 4535 3184 4604 postea
3213 4529 3573 4597 substituere,
3603 4528 3762 4599 quasi

398 4633 520 4685 tum
553 4630 779 4702 paterni
818 4630 1050 4686 doloris.
1089 4631 1477 4686 Consolamini
1514 4648 1633 4698 vos,
1674 4632 1776 4686 ï¬lii
1813 4631 2025 4686 charis-

395 4723 555 4793 simi;
579 4723 833 4796 patimur
861 4740 960 4779 uos
987 4724 1138 4795 quod
1165 4725 1316 4795 passi
1348 4731 1479 4780 sunt
1508 4729 1807 4798 martyres.
1829 4724 2027 4781 Simon

395 4817 610 4887 statuit,
642 4817 796 4889 quod
827 4819 1159 4890 persecutor
1192 4818 1466 4874 barbarus
1491 4819 1726 4888 invenit,
1754 4824 2028 4890 tyrannus

395 4911 682 4983 praecepit.
712 4910 1138 4967 Proï¬ciscamur
1163 4912 1341 4984 igitur
1367 4914 1637 4981 volentes,
1661 4917 1717 4968 et
1734 4913 2028 4984 fugiamus

395 5008 705 5061 conventus
734 5007 1043 5061 latronum.
1077 5008 1224 5062 Sane
1257 5023 1386 5062 cum
1417 5006 1474 5062 in
1500 5006 1651 5062 illam
1684 5010 2026 5078 perpetuam

399 5099 638 5154 domum
661 5098 1092 5154 discesserimus
1113 5100 1186 5170 (5)
1207 5118 1220 5167 Í¾
1244 5099 1289 5154 si
1309 5100 1408 5172 qui
1427 5100 1498 5156 ad
1523 5117 1627 5156 nos
1650 5101 1909 5156 venerint
1929 5101 2024 5171 qui

393 5192 689 5264 requirant
716 5193 856 5264 quid
884 5193 1003 5264 agit
1027 5193 1123 5248 ille
1151 5194 1435 5264 quondam
1462 5195 1559 5251 Dei
1588 5195 1862 5266 populus;
1891 5195 2024 5265 quid

392 5287 500 5342 illis
527 5286 1046 5357 respondebimus?
1066 5287 1304 5343 Maxime
1334 5289 1377 5342 si
1407 5289 1584 5356 vobis,
1619 5292 1814 5361 utpote
1836 5287 2026 5360 junio-

393 5379 550 5435 ribus
585 5379 814 5452 integer
850 5381 954 5436 Ï‰Î½á½¶
985 5381 1274 5448 Jonathas,
1304 5382 1446 5438 mihi
1476 5384 1627 5451 Saul,
1663 5387 1860 5456 utpote
1890 5399 2022 5454 pee-

392 5473 571 5530 catori
591 5475 918 5531 occurrerit.
938 5475 1086 5540 Quid
1108 5475 1385 5548 (inquam)
1407 5476 1686 5544 dicemus,
1709 5477 1821 5531 nisi
1848 5492 2022 5547 popu-

463 5641 475 5702 (
485 5642 525 5703 l)
557 5639 841 5691 Librantis.
870 5641 1041 5692 Î’Î‘Îœ..

459 5712 520 5774 (2)
556 5713 635 5763 Sit
663 5711 805 5762 ullus
831 5712 1029 5764 ultimis
1063 5712 1204 5765 locus
1230 5712 1412 5764 oculis.
1445 5713 1524 5761 Io.

458 5785 522 5845 (3)
558 5785 682 5845 Quo.
720 5785 799 5834 ID.

459 5856 524 5915 (4)
551 5855 818 5922 Suscepto.
844 5856 922 5906 11).

2130 4630 2344 4703 quasvis
2379 4628 2623 4701 dignitas
2663 4627 2863 4684 redimi
2910 4625 3091 4698 possit
3129 4624 3384 4679 filiorum
3427 4620 3759 4686 amissione,

2129 4730 2227 4780 aut
2265 4721 2614 4794 compensari
2656 4720 2842 4776 caedes
2881 4719 3088 4776 sobolis
3119 4718 3315 4791 quovis
3345 4733 3450 4772 usu
3481 4713 3717 4773 honoris
3750 4732 3761 4767 :

2129 4819 2288 4874 nulla
2316 4816 2597 4889 profecto,
2629 4814 2784 4870 nulla
2808 4815 3058 4887 dignitas
3085 4817 3305 4869 tantum
3344 4811 3600 4866 dolorem
3624 4808 3761 4866 alle-

2129 4917 2241 4967 vat.
2271 4910 2462 4966 Nullus
2489 4909 2675 4964 honor
2699 4913 2858 4964 curat
2893 4908 3003 4963 hoc
3039 4906 3260 4974 vulnus,
3291 4903 3401 4959 nisi
3435 4903 3552 4958 sola
3587 4918 3760 4969 mors,

2130 5022 2259 5078 quae
2285 5019 2519 5060 sensum
2539 5001 2775 5072 adimat,
2798 5000 3259 5057 recordationem
3281 4997 3518 5054 auferat.
3539 4995 3765 5051 Festina

2129 5116 2285 5172 ergo,
2317 5094 2614 5170 percussor
2648 5115 2659 5150 :
2693 5110 2981 5152 remorare
3013 5099 3233 5160 tamen,
3269 5091 3406 5147 dum
3440 5089 3648 5146 liberos
3681 5089 3762 5142 vi-

2130 5193 2255 5264 deo,
2286 5193 2423 5249 dum
2452 5191 2608 5264 prius
2645 5206 2820 5262 quam
2856 5188 3198 5256 moriantur,
3239 5184 3450 5256 aspicio
3481 5202 3495 5239 :
3525 5199 3598 5240 ne
3639 5183 3764 5255 quis

2129 5287 2311 5344 astatis
2348 5286 2582 5343 forsitan
2623 5283 3042 5339 immaturitate
3082 5279 3370 5348 turbatus,
3411 5281 3658 5334 mortem
3701 5277 3765 5332 ti-

2130 5386 2298 5452 meat,
2327 5397 2458 5436 cum
2487 5379 2781 5435 suaviorem
2812 5377 3012 5433 evadat
3048 5379 3376 5447 tyrannum.
3419 5371 3764 5428 Beneï¬cium

2127 5479 2230 5544 est,
2271 5475 2394 5543 filii,
2438 5472 2610 5539 mori,
2643 5488 2714 5526 ne
2752 5471 2951 5543 patriae
2989 5469 3287 5524 videamus
3327 5466 3707 5550 captivitatem
3745 5482 3757 5518 :

2194 5643 2261 5703 (á½…Î¸
2289 5640 2688 5693 Decassorimus.
2721 5638 2741 5687 Î™
2749 5651 2800 5691 n.

2194 5713 2256 5772 (6)
2287 5713 2500 5764 Nostra.
2538 5709 2616 5758 In.

2191 5785 2259 5843 (7)
2285 5780 2497 5833 Maluit.
2533 5782 2612 5833 ll).
