4032 6194
342 260 345 269 ’
433 272 561 324 227i

430 483 780 542 tolerabilius
798 492 854 542 et
871 489 1088 543 vestras
1112 504 1283 542 neces
1302 492 1497 559 specto
1527 504 1665 559 quas
1689 485 2062 558 refugiebam,

430 594 503 634 ne
529 582 784 651 spectem
810 597 974 637 neces
1000 580 1060 636 in
1096 597 1403 637 commune
1434 580 1716 650 omnium,
1746 596 1818 635 ne
1847 579 2065 634 videam

426 672 627 743 patria:
663 672 893 728 bustum
930 677 988 729 et
1015 676 1191 729 totam
1226 674 1428 730 urbem
1472 675 1797 745 sepulcrum
1836 687 2061 728 eorum.

431 765 655 821 Beatior
680 771 870 822 tamen
907 767 1008 840 qui
1039 773 1299 823 mortuus
1334 767 1507 823 fuerit
1537 784 1710 840 quam
1749 766 1843 839 qui
1881 782 2059 821 reser-

428 863 608 914 vatus.
649 860 883 916 Summe
924 846 1094 930 Deus,
1145 879 1215 917 ne
1259 861 1409 916 inter
1451 860 1816 917 innoxiorum
1862 875 2064 932 greges

431 956 720 1008 sternatur
754 953 954 1009 Simon
992 970 1125 1009 eum
1163 954 1357 1011 liberis
1394 955 1538 1021 suis;
1570 959 1785 1026 spectet
1812 954 2064 1025 captivus

430 1061 603 1118 quem
656 1047 845 1102 intulit
898 1066 910 1101 :
964 1049 1081 1103 imo
1135 1048 1403 1118 minime,
1466 1048 1736 1115 minime,
1790 1048 2059 1119 inquam;

434 1154 570 1194 nam
598 1156 773 1211 quem
799 1144 989 1213 potest
1020 1141 1292 1213 cogitare,
1322 1144 1503 1213 potest
1528 1141 1702 1208 ferre,
1732 1156 1835 1195 nec
1864 1143 2060 1194 tamen

433 1240 500 1287 ea
514 1232 811 1304 imprecor.
835 1234 1167 1291 Consideret
1187 1251 1353 1307 quam
1379 1235 1596 1306 grande
1617 1235 1776 1289 nefas
1797 1234 1889 1301 sit,
1909 1232 2062 1305 quod

433 1341 546 1381 non
582 1330 767 1398 potest
806 1328 887 1382 vel
927 1331 1055 1382 voto
1096 1331 1430 1399 retorquere
1465 1328 1562 1399 qui
1602 1327 1844 1399 patitur;
1892 1342 2062 1399 quam

433 1418 638 1474 acerba
666 1419 826 1487 ultio,
853 1437 1025 1492 quam
1048 1438 1192 1476 saeva
1214 1421 1505 1476 commissi
1529 1420 1760 1476 sceleris
1792 1420 2059 1475 immani-

434 1515 536 1582 tas,
566 1514 716 1585 quod
743 1517 901 1585 optat
934 1514 1134 1586 patrias
1169 1514 1423 1587 captivus
1459 1517 1765 1586 superstes,
1799 1514 1933 1586 quia
1962 1529 2059 1585 pe-

425 1606 555 1677 jora
590 1610 725 1661 sunt
751 1606 876 1662 vitae
907 1607 1154 1662 ludibria
1180 1624 1350 1680 quam
1390 1608 1592 1664 mortis
1629 1607 1923 1679 supplicia.
1954 1606 2062 1662 Sed

424 1699 548 1770 jam
598 1699 726 1756 ﬁnis
778 1701 1077 1756 verborum
1133 1702 1222 1758 sit.
1280 1702 1528 1771 Festina,
1586 1701 1871 1769 carnifex,
1926 1702 2063 1756 dum

433 1798 790 1850 cruentatum
824 1795 1104 1869 sanguine
1129 1795 1377 1851 filiorum
1411 1795 1665 1868 gladium
1704 1796 1891 1867 geris;
1928 1811 2060 1867 per-
2083 1770 2141 1843 Β

433 1892 563 1942 cute
604 1893 847 1959 patrem,
895 1893 960 1944 ut
1011 1889 1196 1944 nullus
1243 1889 1315 1961 (8)
1358 1889 1677 1961 refrigeret.
1726 1891 1838 1945 Hoc
1883 1889 2066 1944 solum

434 1978 713 2037 morituro
742 1982 1226 2039 medicamentum
1254 1989 1369 2053 est;
1398 1984 1505 2038 hoc
1532 1983 1652 2038 solo
1676 2000 1790 2038 non
1820 1983 2065 2039 sentitur

432 2073 576 2129 ictus
620 2076 943 2146 mucronis,
988 2076 1148 2133 dolor
1191 2077 1453 2132 vulneris.
1503 2079 1739 2133 Percute
1778 2076 1882 2131 sub
1922 2093 2059 2131 con-

433 2170 627 2238 spectu
666 2169 908 2224 Romani
949 2169 1246 2240 exercitus,
1289 2169 1431 2225 sicut
1466 2170 1814 2241 imperatum
1858 2176 1964 2240 est,
2000 2174 2065 2225 ut

433 2265 688 2332 spectent
720 2261 1079 2318 vindicaturi.
1122 2263 1448 2320 Misereatur
1482 2264 1679 2332 hostis,
1710 2264 1844 2336 quia
1880 2263 2062 2318 socius

432 2369 546 2408 non
576 2353 911 2424 miseretur;
939 2356 1199 2428 judicent
1228 2357 1494 2425 Romani,
1535 2356 1671 2429 quia
1698 2357 1892 2413 Simon
1923 2357 2062 2413 occi-

433 2446 515 2503 dit
541 2447 662 2503 sine
683 2448 929 2520 judicio;
955 2454 1124 2505 testes
1145 2454 1279 2505 sunt
1298 2451 1426 2523 ipsi,
1450 2468 1542 2506 me
1567 2467 1683 2506 non
1711 2451 2061 2524 proditorem

430 2540 650 2612 patriae,
684 2541 783 2597 sed
826 2543 1182 2599 defensorem
1216 2544 1408 2612 fuisse,
1441 2546 1538 2617 qui
1584 2550 1939 2618 pugnantem
1982 2547 2059 2600 vi—

430 2634 657 2701 derunt,
692 2652 805 2690 non
836 2635 1220 2693 deserentem.
1258 2638 1472 2694 Liberis
1515 2655 1621 2711 ego
1663 2638 1823 2706 meis,
1872 2639 1915 2692 si
1956 2655 2056 2710 po-

429 2727 683 2795 tuissem,
724 2729 951 2785 hostem
991 2732 1339 2800 avertissem,
1373 2749 1484 2788 non
1533 2733 1752 2787 hostem
1792 2732 2055 2787 accersis-

430 2838 548 2876 sem
577 2838 590 2877 :
625 2825 795 2895 atque
820 2824 1040 2879 utinam
1066 2841 1169 2880 nec
1198 2824 1493 2881 Simonem
1522 2825 1919 2881 accersissem!
1950 2828 2060 2881 Nec

430 2914 556 2971 linis
613 2916 757 2971 ullus
814 2917 1101 2973 adhibitus
1164 2922 1334 2973 tanta:
1392 2919 1735 2975 crudelitati.
1793 2918 2061 2974 Jacebant

430 3009 615 3064 adhuc
647 3026 775 3064 cum
807 3015 968 3082 patre
1000 3011 1269 3083 insepulti
1296 3011 1463 3068 liberi
1495 3030 1507 3067 :
1541 3012 1871 3085 adjungitur
1896 3017 1952 3068 et
1979 3029 2059 3067 sa-

431 3103 728 3174 crilegium
776 3105 1093 3176 spectaculo
1136 3105 1478 3176 parricidali.
1529 3107 1774 3163 Caeditur
1812 3106 2132 3213 AnaniasC

428 3198 711 3267 sacerdos,
742 3197 892 3252 claro
935 3214 1145 3269 genere
1176 3201 1353 3266 ortus,
1385 3199 1518 3256 licet
1550 3216 1721 3255 nemo
1751 3200 1958 3255 clarior
1988 3201 2059 3255 sit

429 3288 728 3359 splendore
777 3290 1036 3361 generis,
1087 3307 1257 3363 quam
1302 3307 1541 3347 munere
1595 3292 1903 3365 religionis.
1956 3294 2056 3350 Illo

430 3381 584 3437 enim
616 3381 916 3438 affectatur
948 3383 1234 3453 nobilitas,
1264 3385 1371 3441 hoc
1399 3402 1514 3441 non
1546 3385 1913 3443 desideratur.
1945 3389 2054 3443 lla-

428 3474 561 3529 beat
608 3474 713 3530 sibi
753 3481 913 3531 vetus
948 3478 1215 3550 prosapia
1258 3478 1612 3535 diversorum
1659 3481 1833 3536 fasces
1874 3481 2053 3536 hono-

428 3584 580 3637 rum,
615 3568 825 3624 habent
863 3574 917 3624 et
957 3571 1271 3627 sacerdotia
1299 3589 1430 3628 suos
1460 3573 1656 3643 fasces,
1690 3574 1786 3645 qui
1821 3576 2047 3629 elevan-

428 3665 520 3716 tur
542 3678 658 3717 non
698 3663 975 3734 humeris,
1014 3666 1113 3721 sed
1152 3665 1433 3737 moribus,
1477 3673 1533 3723 et
1575 3668 1913 3724 attolluntur
1941 3685 2055 3724 non

426 3755 717 3828 virgarum
762 3757 1123 3830 proceritate,
1160 3760 1260 3815 sed
1304 3760 1560 3816 laborum
1610 3763 2053 3833 perseverantia,

423 3848 560 3906 ﬁdei
625 3850 956 3923 altitudine,
1021 3852 1244 3926 pietatis
1297 3854 1548 3927 fastigio.
1615 3857 1917 3911 Percussus
1973 3861 2057 3911 est

425 3941 595 3999 etiam
628 3944 813 4000 scriba
837 3945 1106 4002 Aristaeus
1132 3948 1297 4002 clarae
1325 3950 1381 4004 et
1409 3949 1528 4020 ipse
1555 3948 1811 4022 originis,
1842 3954 1898 4005 et
1923 3966 2055 4005 cum

422 4036 559 4109 ipsis
584 4037 676 4093 alii
706 4038 774 4095 de
799 4039 961 4111 plebe
987 4040 1310 4112 quindecim
1336 4043 1774 4115 praeminentes
1801 4044 2054 4113 czeteris;

422 4130 552 4186 licet
602 4131 874 4203 injustam
924 4150 1161 4204 necem,
1213 4151 1325 4190 non
1380 4136 1645 4191 nobilitas
1696 4137 1897 4206 faciat,
1954 4137 2050 4193 sed

422 4224 770 4280 innocentia.
799 4227 1276 4298 Prmoccupantur
1300 4230 1473 4284 etiam
1504 4230 1607 4284 viri
1635 4231 1924 4299 undecim,
1955 4232 2054 4304 qui

422 4317 639 4389 pariter
664 4320 1145 4391 conspiraverant,
1171 4323 1439 4378 commoti
1462 4324 1740 4380 scelerum
1764 4325 1884 4397 ejus
1907 4329 2053 4381 atro-

422 4410 589 4466 citate
625 4427 637 4464 :
667 4418 727 4466 et
756 4412 861 4467 sibi
889 4413 1127 4487 quisque
1159 4419 1442 4484 metuens,
1481 4433 1608 4489 qua:
1639 4418 1696 4471 in
1725 4418 1866 4473 alios
1891 4435 2049 4475 exer-

1896 268 1950 320 S.
1992 263 2306 320 AMBROSII

430 390 804 447 tolerabiliora
852 393 1101 464 corporis
1157 409 1330 466 quam
1387 394 1595 449 mentis
1641 380 1902 449 vulnera.
1945 393 2069 446 Jam
2093 402 2147 474 Α

3639 274 3750 328 2272

2763 384 2987 446 CAPUT
3025 390 3202 445 XXIII.

2234 483 2467 541 Clausus
2515 484 2818 540 tenebatur
2863 482 3095 555 Josephi
3140 486 3332 555 pater,
3377 500 3473 539 uec
3519 486 3650 541 ullus
3692 490 3751 562 (9)

2167 579 2241 634 ad
2268 592 2401 633 eum
2428 594 2682 634 accessus
2709 577 2960 650 patebat.
2993 578 3072 632 Eo
3098 576 3400 631 studiosius
3424 578 3670 650 Iosephus
3693 585 3750 638 ad

2165 671 2517 727 deditionem
2540 670 2815 727 invitabat
2833 670 3077 738 Judmos,
3101 673 3159 725 et
3173 670 3533 726 inconsultius
3555 689 3747 731 murum

2166 772 2531 833 successerat,
2574 768 2636 820 ut
2678 764 2950 820 liberaret
2992 763 3234 835 patriam
3275 779 3402 819 cum
3442 767 3612 835 patre.
3652 767 3751 832 Quo

2165 859 2274 913 loci
2302 875 2434 913 saxo
2462 861 2633 930 caput
2662 873 2961 930 percussus
2998 856 3263 924 concidit,
3293 873 3357 911 ac
3400 872 3538 929 pene
3566 859 3752 928 jactatis

2167 952 2415 1023 desuper
2439 952 2564 1007 telis
2591 967 2899 1025 Oppressus
2924 950 3131 1017 fuerat,
3160 950 3222 1004 ni
3247 954 3527 1022 praacepto
3548 953 3749 1009 Caasaris

2166 1045 2321 1100 missi
2359 1046 2562 1114 forent,
2607 1046 2705 1117 qui
2740 1060 2871 1100 eum
2910 1047 3232 1116 protectum
3264 1043 3473 1116 clypeis
3505 1045 3752 1117 eriperent

2163 1138 2307 1194 neci.
2336 1139 2634 1211 Comperto
2672 1143 2852 1194 mater
2893 1137 2994 1192 lilii
3035 1137 3119 1192 sui
3160 1138 3411 1204 vulnere,
3441 1141 3497 1191 et
3520 1138 3755 1195 insultan-

2163 1233 2309 1287 tium
2336 1233 2623 1287 latronum
2651 1236 3015 1287 consternata
3039 1230 3287 1300 vocibus,
3321 1232 3519 1286 mortis
3543 1232 3650 1303 ejus
3672 1234 3755 1288 for-

2166 1325 2441 1382 midinem
2458 1326 2627 1381 simul
2642 1331 2698 1381 et
2714 1326 2886 1381 fidem
2907 1324 3098 1380 induit
3122 1341 3135 1379 :
3160 1324 3551 1381 miserabiliter
3566 1343 3757 1399 quoque
3839 1311 3843 1313 Α

2165 1420 2458 1491 deplorare
2496 1419 2733 1492 occaepit
2766 1435 2779 1474 :
2825 1419 2891 1473 ad
2935 1419 3037 1473 hos
3075 1418 3293 1474 fructus
3334 1418 3676 1474 fecunditatis
3710 1439 3755 1475 se

2166 1519 2528 1582 reservatam,
2559 1520 2620 1569 ut
2641 1530 2747 1569 nec
2769 1512 2955 1568 officio
2982 1512 3220 1568 viventis
3244 1511 3346 1567 ﬁlii
3366 1513 3647 1584 potiretur,
3672 1531 3755 1570 nec

2165 1607 2430 1679 sepeliret
2462 1607 2815 1663 defunctum.
2849 1606 2969 1661 Voti
2997 1605 3227 1679 quidem
3254 1606 3343 1661 sui
3370 1606 3556 1674 fuisse,
3584 1611 3641 1662 ut.
3661 1607 3756 1679 ipse

2165 1701 2355 1773 potius
2378 1701 2548 1757 matri
2570 1702 2923 1773 sepulturam
2945 1700 3105 1755 daret
3129 1716 3142 1755 :
3168 1700 3320 1754 inter
3341 1700 3464 1772 ejus
3490 1716 3672 1755 manus
3687 1718 3754 1756 su-

2167 1811 2428 1868 premum
2460 1795 2557 1852 ille
2587 1794 2877 1850 exhalaret
2912 1793 3205 1866 spiritum;
3237 1793 3333 1849 ille
3370 1794 3602 1866 frigidos
3631 1800 3759 1849 artus

2166 1888 2481 1945 deﬁcientis
2502 1890 2740 1956 foveret,
2769 1888 2864 1944 ille
2886 1887 3115 1943 ultimos
3135 1903 3232 1943 ore
3255 1887 3544 1942 anhelitus
3558 1889 3760 1960 legeret,

2163 1983 2356 2039 oculos
2384 1982 2678 2038 morientis
2704 1981 3019 2050 clauderet,
3047 1981 3141 2036 ille
3172 1981 3448 2053 spirantia
3485 1981 3655 2037 adhuc
3680 1998 3761 2037 ora

2163 2081 2551 2148 componeret.
2575 2077 2681 2133 Sed
2702 2077 2840 2147 quia
2857 2079 2981 2130 voto
3003 2074 3306 2143 exciderat,
3327 2075 3584 2130 solatium
3596 2075 3760 2141 fuisse,

2163 2171 2211 2225 si
2245 2171 2329 2226 vel
2372 2171 2497 2242 ipsa
2535 2171 2805 2225 interesse
2839 2170 3119 2241 potuisset
3143 2168 3243 2224 filii
3275 2169 3578 2224 morientis
3602 2185 3763 2241 supre-

2162 2265 2294 2334 mis,
2336 2261 2643 2319 miserabili
2682 2263 2915 2335 quidem
2946 2269 3118 2331 sorte,
3146 2262 3246 2318 sed
3272 2262 3554 2317 tolerabili
3578 2266 3762 2329 tamen,

2165 2361 2226 2413 ut
2252 2373 2424 2430 quem
2457 2356 2819 2429 superstitem
2851 2360 3159 2428 optaverat,
3183 2357 3306 2428 ejus
3330 2357 3423 2410 vel
3445 2356 3609 2411 funus
3638 2362 3765 2410 tene-

2162 2455 2271 2507 ret.
2301 2452 2716 2507 Verumtamen
2738 2451 2824 2506 vel
2844 2450 2914 2505 de
2937 2466 3122 2519 muro,
3145 2450 3355 2523 inquit,
3381 2452 3627 2522 spectare
3646 2449 3763 2504 mihi

2162 2560 2293 2599 mea
2319 2544 2527 2599 funera
2553 2544 2721 2599 liceat
2754 2560 2767 2598 :
2798 2548 2855 2598 et
2884 2544 2930 2598 si
2971 2543 3303 2616 contingere
3346 2559 3461 2598 non
3504 2543 3646 2610 licet,
3681 2542 3768 2598 uti-

2163 2656 2297 2694 nam
2321 2638 2552 2710 quidem
2576 2654 2746 2694 nemo
2766 2637 3010 2693 arceret!
3033 2637 3137 2693 Sed
3161 2653 3333 2709 quem
3362 2642 3612 2691 metuam
3634 2640 3763 2690 tanto

2162 2732 2432 2787 destituta
2450 2731 2606 2787 ﬁlio?
2624 2731 2767 2797 Quid
2795 2731 3216 2803 pertimescam,
3238 2730 3331 2785 cui
3354 2730 3678 2785 beneﬁcium
3701 2733 3768 2784 est

2159 2825 2344 2880 mori?
2364 2825 2593 2882 Utinam
2632 2826 2689 2879 in
2727 2841 2816 2880 me
2854 2825 2966 2880 tela
2995 2841 3098 2880 sua
3136 2840 3341 2880 omnes
3362 2826 3763 2896 contorqueanl,

2160 2935 2363 2975 omnes
2397 2919 2586 2991 gladio
2622 2935 2716 2973 me
2749 2919 3118 2990 transfigant!
3148 2918 3299 2991 quod
3333 2918 3528 2974 vivens
3557 2934 3660 2972 non
3685 2933 3761 2988 po-

2158 3014 2263 3083 tui,
2294 3018 2518 3068 mortua
2544 3013 2741 3069 saltem
2767 3011 2868 3067 ﬁlii
2899 3012 3010 3068 mei
3038 3028 3244 3084 corpus
3271 3017 3430 3067 veste
3458 3028 3582 3067 mea
3606 3014 3765 3084 prole.

2160 3124 2313 3180 gam.
2360 3107 2622 3162 Abundat
2662 3106 2832 3161 unius
2875 3105 3279 3161 vestimentum
3319 3105 3400 3161 ad
3447 3104 3767 3178 sepulturam

2158 3202 2449 3256 duorum:
2484 3204 2540 3256 et
2580 3200 2811 3256 fortasse
2853 3200 3159 3272 quisquam
3200 3199 3461 3255 hostium
3502 3196 3764 3253 miserebi-

2159 3299 2271 3365 tur,
2293 3300 2355 3349 ut
2375 3294 2587 3351 amictu
2611 3293 2713 3348 filii
2735 3292 2928 3348 matris
2951 3293 3141 3348 oculos
3166 3296 3343 3364 tegat,
3372 3296 3433 3348 et
3458 3293 3641 3347 oculos
3663 3308 3766 3346 ocu-

2158 3389 2249 3458 lis,
2285 3404 2488 3444 manus
2531 3387 2816 3455 manibus,
2850 3386 2935 3442 ori
2971 3402 3070 3441 ora
3108 3390 3434 3442 conuectat.
3472 3384 3765 3457 Proripiens

2158 3482 2349 3555 itaque
2376 3498 2434 3537 se
2459 3482 2528 3537 ad
2561 3497 2773 3550 muros,
2796 3482 3000 3536 coelum
3028 3480 3219 3552 ipsum
3247 3479 3569 3535 miserabili
3595 3480 3765 3552 questu

2157 3576 2430 3648 replebat.
2471 3574 2826 3630 lnsultabaut
2867 3575 2975 3642 sui,
3022 3574 3241 3629 flebant
3282 3572 3529 3628 Romani
3577 3589 3588 3626 :
3638 3569 3761 3643 apud

2158 3669 2341 3726 socios
2377 3668 2700 3738 crudelitas,
2738 3666 2892 3739 apud
2928 3668 3116 3723 hostes
3152 3666 3571 3723 misericordia.
3610 3664 3762 3738 Figite

2157 3762 2382 3836 (inquit)
2430 3779 2545 3833 me,
2593 3763 2638 3818 si
2680 3779 2794 3835 qua
2837 3768 2922 3816 est
2968 3760 3145 3833 pietas
3189 3780 3200 3816 :
3237 3778 3347 3833 ego
3397 3761 3573 3833 genui
3618 3772 3762 3831 quem

2158 3856 2620 3930 persequendum
2660 3855 2884 3928 putatis.
2926 3856 3044 3927 Ego
3085 3854 3335 3910 infelicia
3382 3854 3559 3909 ubera
3601 3850 3714 3908 dedi
3751 3868 3761 3903 :

2158 3967 2248 4007 me
2274 3950 2639 4023 exstinguite,
2672 3949 2717 4004 si
2750 3949 2821 4005 de
2844 3949 2941 4003 illo
2967 3948 3283 4004 vindictam
3312 3948 3590 4021 quaeritis.

2742 4043 2963 4099 CAPUT
3014 4043 3191 4099 XXIV.

2230 4138 2370 4192 Dum
2402 4137 2495 4191 illa
2529 4136 2808 4208 deplorat,
2841 4152 2971 4191 ecce
2997 4135 3069 4191 ad
3102 4152 3299 4191 vocem
3341 4135 3543 4191 matris
3564 4148 3756 4207 proces-

2156 4231 2226 4285 sit
2249 4230 2526 4302 Josephus
2547 4235 2605 4285 et
2624 4230 2833 4286 deflere
2856 4230 3024 4302 cmpit
3045 4231 3196 4302 quod
3223 4231 3491 4298 evaserit,
3514 4228 3601 4284 cui
3625 4226 3758 4283 dulce

2157 4325 2329 4381 fuerit
2345 4327 2477 4380 ante
2495 4324 2743 4397 patriam
2760 4325 2928 4392 mori,
2950 4328 3005 4379 et
3021 4340 3123 4396 pro
3141 4322 3353 4396 patria,
3371 4323 3509 4379 dum
3528 4319 3759 4377 salutaria

2155 4418 2373 4489 suadet,
2395 4417 2793 4490 procumbere.
2812 4416 2922 4474 Sed
2932 4417 3053 4489 jam
3072 4433 3187 4472 non
3210 4434 3311 4489 pro
3332 4420 3628 4489 parentum
3649 4428 3756 4469 con-

423 4505 539 4560 ceri
579 4505 824 4577 videbat,
866 4509 1019 4581 quod
1061 4508 1306 4566 inﬁdelis
1344 4510 1519 4565 etiam
1554 4512 1753 4567 amicis
1787 4513 1958 4579 foret,
1999 4520 2053 4569 et
2075 4511 2131 4581 ί)
2156 4513 2384 4569 tendere
2407 4512 2612 4580 salute,
2636 4511 2729 4583 qui
2754 4511 2998 4583 depositi
3026 4527 3146 4565 aevo
3170 4527 3302 4565 cum
3328 4511 3390 4566 in
3415 4526 3631 4566 carcere
3648 4506 3753 4560 vita:

422 4615 551 4672 spes
585 4600 874 4671 adempta,
912 4604 1216 4675 populante
1256 4604 1544 4660 universos
1581 4605 1752 4674 fame,
1782 4605 2051 4661 Romanis
2150 4606 2324 4662 finem
2364 4621 2693 4678 supremum
2725 4606 2972 4678 exigant,
3004 4604 3320 4660 liberantur
3358 4605 3407 4659 si
3450 4603 3751 4663 moriantur,

414 4693 536 4762 jam
550 4692 791 4765 jamque
814 4692 1114 4767 irrupturis
1138 4714 1152 4752 :
1174 4697 1399 4754 turbato
1420 4698 1652 4754 Simone
1672 4700 1739 4755 ad
1763 4715 1929 4771 opem
1958 4699 2051 4754 de-

418 4785 718 4855 fensionis,
757 4787 1068 4844 bacchante
1102 4790 1170 4845 ad
1203 4791 1487 4847 oftlcinam
1526 4791 1893 4861 crudelitatis,
1923 4792 2053 4848 faci-

420 4879 573 4951 lique
602 4879 870 4937 illecebra
896 4881 1257 4954 proditionis,
1279 4884 1431 4958 quod
1456 4885 1628 4941 ludas
1655 4902 1802 4940 unus
1822 4902 1890 4941 ex
1916 4886 2051 4958 ipsis

420 4973 625 5029 turrim
656 4975 928 5030 tuendam
957 4984 1300 5049 susceperat.
1326 4980 1376 5034 ls
1400 4978 1576 5051 igitur
1604 4996 1736 5034 cum
1770 4981 2051 5037 Romanos

418 5073 662 5136 vocaret,
693 5069 1041 5126 traditurum
1068 5086 1125 5126 se
1156 5071 1426 5143 pollicens
1456 5074 1681 5141 turrim,
1710 5073 2046 5129 fastidienti-

421 5161 528 5216 bus
567 5162 693 5217 aliis
736 5164 886 5235 quod
935 5168 1051 5221 tam
1095 5183 1222 5221 sero
1267 5166 1510 5238 proditio
1553 5168 1901 5239 procederet,
1932 5166 2051 5222 aliis

425 5252 841 5326 dubitantibus,
887 5258 1021 5332 quia
1072 5259 1398 5332 frequenter
1439 5260 1721 5332 promissa
1764 5260 2049 5317 deditione

423 5345 617 5402 dolum
656 5358 971 5423 paraverat,
1010 5354 1283 5427 praevenit
1324 5354 1541 5424 Simon,
1572 5358 1630 5410 et
1669 5355 1740 5411 de
1780 5354 2051 5410 universis

421 5441 853 5511 conspirationis
877 5446 1044 5502 sociis
1064 5463 1290 5518 paenam
1316 5449 1542 5519 exegit:
1569 5465 1802 5521 corpora
1825 5464 2050 5521 quoque

422 5547 621 5586 eorum
649 5535 717 5589 de
752 5553 915 5593 muro
941 5540 1317 5611 praecipitata.

493 5746 557 5806 (8)
595 5744 809 5794 Vulnus.
839 5746 1015 5797 Bana.

493 5817 557 5879 (9)
596 5813 715 5864 Ulli.
749 5814 829 5864 In.

2152 4699 2250 4756 sed
2278 4716 2379 4772 pro
2406 4716 2527 4769 ara,
2555 4715 2658 4771 pro
2686 4700 2925 4771 templo,
2954 4715 3058 4772 pro
3085 4698 3370 4754 semirutis
3406 4698 3591 4753 adhuc
3623 4693 3752 4750 urbis

2153 4793 2433 4849 mceuibus
2459 4792 2767 4865 trepidare.
2796 4792 3078 4848 Obtulisse
3101 4808 3159 4848 se
3180 4791 3425 4860 vulneri,
3448 4808 3520 4848 ne
3540 4788 3748 4863 patriam

2153 4887 2331 4943 everti
2357 4886 2589 4943 videret.
2621 4886 2742 4951 Qua
2765 4886 2988 4942 excitati
3016 4886 3272 4959 querela,
3294 4885 3554 4958 plerique
3578 4883 3642 4938 ad
3667 4882 3751 4935 Ro.

2153 4998 2352 5038 manus
2378 4980 2791 5037 transeundum
2826 4980 2948 5051 rati,
2971 4996 3084 5053 qua
3110 4982 3420 5053 potuerunt
3437 4979 3546 5047 via,
3567 4976 3752 5032 subtrao

2153 5078 2360 5132 xerunt
2389 5091 2512 5131 sese
2537 5074 2759 5131 insidiis
2796 5073 3264 5130 latrocinantium
3297 5076 3353 5129 et
3378 5071 3623 5129 custodia
3646 5084 3751 5140 pro-

2153 5168 2507 5225 tendentium
2529 5169 2658 5241 (10).
2677 5168 2721 5233 Ο
2732 5168 2891 5223 uibus
2910 5168 3141 5241 quidem
3158 5168 3314 5223 'l‘itus
3329 5163 3742 5222 misericordiam

2152 5263 2491 5336 promissam
2521 5261 2778 5329 servavit,
2812 5262 2907 5317 sed
2943 5260 3052 5316 alia
3088 5261 3315 5334 gravior
3342 5276 3595 5316 aerumna
3623 5255 3742 5311 acci-

2153 5357 2252 5413 dit.
2295 5358 2551 5426 Namque
2592 5355 2685 5410 nbi
2726 5355 2858 5411 data
2893 5355 3152 5411 alimenti
3191 5354 3375 5427 copia,
3417 5353 3583 5425 coepit
3610 5346 3741 5405 oneri

2154 5466 2273 5506 esse
2307 5448 2466 5505 cibus
2509 5450 2608 5521 qui
2649 5449 2803 5521 prius
2844 5449 2965 5504 usui
3002 5454 3142 5520 erat,
3180 5448 3540 5520 desuetisque
3569 5438 3739 5501 edendi

2153 5543 2373 5611 ofﬁciis,
2409 5542 2792 5599 ministerium
2828 5543 3159 5598 feriabatur.
3200 5543 3359 5597 Nulla
3384 5543 3466 5596 vis
3497 5536 3736 5597 dentium,

2154 5641 2218 5692 ut
2246 5637 2435 5692 cibum
2465 5636 2828 5705 manderent,
2851 5637 3006 5691 nulla
3025 5637 3360 5691 arteriarum
3391 5628 3734 5689 subsistentia.

2216 5757 2312 5819 (I0)
2343 5756 2793 5808 Pratendontium.
2828 5757 2904 5808 In.
