4032 6194
272 289 412 341 2‘273

1302 288 1388 342 DE
1431 288 1700 345 EXCIDIO
1735 287 1934 344 URBIS
1976 285 2328 341 HIEROSOL.
2375 287 2495 340 LIB.
2539 285 2600 338 V.

3495 288 3635 340 2274

266 427 470 483 panem
513 411 962 470 arroderennllo
988 415 1258 484 poterant
1288 413 1475 468 modo.
1509 415 1564 469 Si
1597 414 1729 485 quid
1761 429 1899 466 sane
1923 411 2236 495 Ainsuper
2273 412 2445 468 etiam
2496 427 2645 464 saeva
2695 411 3048 467 crudelitate.
3099 411 3266 466 Multa
3311 411 3513 466 acerba
3567 428 3633 465 eo

264 505 572 560 sorbuisset
621 505 895 561 mollioris
941 505 1246 574 alimonim,
1301 508 1587 563 interclusi
1625 509 1750 578 jam
1786 507 1901 560 fau-

264 600 417 652 cium
455 599 744 654 meatibus
787 599 1310 670 strangulabantur.
1346 601 1724 672 Obriguerant
1749 601 1899 654 inte-

263 692 410 748 riora
467 693 772 760 viscerum,
829 694 1103 749 obstructi
1158 700 1320 749 erant
1375 695 1574 749 ductus
1623 694 1899 748 ciborum.

262 787 765 858 Aruerantjecoris
785 804 965 856 venae,
993 805 1120 859 quae
1142 789 1295 842 cibos
1318 789 1633 843 attrahunt.
1655 788 1903 843 Perierat

265 896 420 948 usus,
450 879 687 935 aviditas
734 881 1148 950 cumulabatur,
1183 882 1358 936 virtus
1389 881 1690 950 defecerat,
1735 897 1902 951 appe-

268 972 448 1026 tentia
481 974 768 1028 manebat.
793 974 1049 1029 Ruebant
1076 991 1246 1046 supra
1267 975 1421 1029 cibos
1445 973 1639 1028 miseri
1667 977 1725 1027 et
1751 974 1902 1027 inva—

261 1065 406 1120 lidos
436 1083 678 1133 morsus,
707 1084 864 1122 more
902 1068 1206 1122 infantium
1237 1067 1684 1122 meditabantur.
1721 1066 1900 1120 Pleri-

264 1176 376 1230 que
404 1160 535 1214 visis
566 1161 873 1230 alimentis,
921 1163 1042 1232 ipso
1078 1161 1290 1232 gaudio
1335 1160 1699 1227 deficiebant,
1727 1163 1902 1231 atque

263 1255 412 1309 inter
436 1260 727 1324 exoptatos
747 1255 851 1309 sibi
881 1255 1035 1310 cibos
1080 1255 1502 1310 moriebantur:
1540 1254 1707 1309 solati
1739 1254 1901 1308 misc-

266 1347 436 1414 riam,
484 1348 635 1418 quod
683 1352 877 1402 votum
918 1348 1313 1419 impleverant.
1366 1348 1475 1404 Sed
1518 1353 1639 1402 erat
1693 1363 1902 1418 pompa

263 1440 666 1512 lacrymabilis,
715 1458 845 1495 cum
884 1443 1075 1513 plures
1101 1459 1129 1496 a
1153 1442 1279 1496 cibo
1329 1441 1398 1495 ad
1440 1441 1756 1512 periculum
1786 1457 1898 1494 sur-

267 1539 490 1602 gerent,
518 1550 691 1605 quam
720 1534 791 1588 ad
829 1534 1089 1604 salutem,
1115 1538 1179 1589 ut
1209 1538 1265 1589 et
1312 1534 1487 1588 victus
1534 1538 1778 1588 noceret.
1809 1535 1898 1588 In-

267 1625 557 1682 flabantur
585 1627 736 1682 enim
799 1628 1020 1682 insolito
1054 1628 1179 1682 cibo
1229 1644 1463 1699 corpora
1504 1627 1687 1698 potius
1730 1642 1902 1698 quam

267 1721 692 1786 reﬁciebantur,
718 1724 775 1774 et
795 1721 952 1792 quasi
968 1721 1208 1792 quodam
1232 1721 1554 1793 hydropisis
1579 1720 1773 1775 morbo
1793 1723 1833 1789 (1
1851 1720 1899 1788 1)

267 1815 512 1869 distenta
538 1820 665 1869 cute
710 1791 902 1886 poenas
932 1791 1158 1870 dabant.
1194 1791 1328 1870 Etsi
1359 1791 1564 1886 quibus
1586 1814 1694 1868 ulla
1717 1813 1903 1868 adhuc
1922 1791 1979 1863 B

267 1908 446 1962 virtus
460 1907 688 1975 edendi,
707 1908 940 1962 aviditas
963 1909 1198 1963 modum
1223 1909 1430 1977 nescia,
1448 1907 1598 1979 quod
1611 1907 1758 1962 ferre
1783 1923 1899 1962 non

262 2004 565 2073 poterant,
612 2018 784 2073 supra
827 2017 1152 2056 mensuram
1198 2001 1551 2073 ingerebant,
1600 2000 1902 2072 repentino

267 2094 392 2150 cibo
410 2094 536 2149 farti
561 2095 1076 2166 disrumpebantur.
1093 2095 1234 2159 Quid
1252 2094 1405 2150 enim
1428 2111 1596 2166 grave
1625 2111 1736 2148 non
1757 2097 1898 2161 erat,

267 2189 474 2260 quibus
505 2194 626 2244 erat
655 2190 841 2260 gravis
883 2194 940 2243 et
981 2190 1134 2243 solus
1173 2189 1428 2258 affectus,
1463 2192 1527 2242 ut
1551 2189 1778 2243 obesset
1818 2188 1899 2241 vi-

269 2282 422 2336 disse
466 2282 621 2353 quod
667 2282 1168 2338 desideraverant?
1200 2284 1496 2355 lncapaces
1522 2283 1676 2338 enim
1727 2282 1895 2336 affec-

270 2381 438 2430 tuum
476 2393 579 2447 per
613 2376 846 2447 longam
887 2376 1119 2444 famem,
1165 2376 1446 2448 oppressit
1484 2376 1654 2431 etiam
1706 2391 1901 2430 sensus

268 2475 492 2524 naturae
531 2487 542 2524 :
572 2475 630 2524 et
655 2469 771 2540 ipse
806 2470 996 2542 gaudii
1032 2475 1220 2524 motus
1252 2469 1521 2541 gravavit.
1551 2470 1697 2523 Nihil
1723 2469 1902 2540 igitur

276 2562 508 2631 mirum,
531 2565 574 2616 si
607 2564 895 2618 exhaustis
916 2563 1169 2635 periculo
1195 2563 1352 2618 cibus
1373 2569 1472 2618 est.
1502 2563 1752 2634 Denique
1780 2565 1904 2633 post

270 2656 916 2728 biduannmjejunium,
947 2657 993 2712 si
1022 2656 1160 2729 quid
1186 2657 1407 2711 avidius
1445 2655 1770 2727 sumpseris,
1799 2661 1902 2710 sta-

272 2750 378 2804 tim
407 2749 709 2805 crudescit.
739 2751 901 2805 Unde
929 2752 1214 2824 plerisque
1247 2751 1419 2805 moris
1447 2754 1549 2818 est,
1581 2755 1641 2804 ut
1671 2766 1912 2804 succum

269 2843 434 2898 lactis
489 2844 731 2899 infirmis
785 2844 1088 2899 visceribus
1145 2844 1478 2911 infundant,
1531 2860 1709 2915 eoque
1772 2859 1902 2897 cum

273 2938 448 2992 melle
489 2938 762 3008 permisto
806 2941 1130 3009 temperent
1168 2938 1478 2992 humorum
1516 2941 1903 3008 exasperatam

264 3031 508 3102 jejuniis
545 3030 1074 3103 intemperantiam,
1109 3034 1166 3084 et
1208 3030 1585 3085 defectionem
1630 3029 1899 3101 corporis,

273 3125 428 3178 velut
463 3123 762 3179 infantiam
803 3123 1109 3197 quamdam
1153 3125 1411 3179 molliore
1457 3123 1580 3178 cibo
1622 3122 1898 3178 nutriant.

270 3219 361 3273 Sic
389 3233 530 3289 ergo
563 3219 822 3272 nonnulli
851 3219 1195 3285 Judaaorum,
1229 3217 1326 3289 qui
1357 3217 1429 3272 ad
1455 3218 1739 3272 Romanos
1765 3233 1902 3271 con-

269 3312 566 3384 fugerant,
595 3314 864 3384 poterant
891 3311 1149 3378 evadere,
1174 3310 1421 3382 quadam
1449 3314 1570 3364 arte
1599 3314 1910 3382 pensantes

267 3406 665 3461 moderamina
720 3405 828 3460 cibi
876 3405 1057 3460 donec
1101 3405 1330 3460 desueta
1382 3404 1586 3459 edendi
1634 3421 1799 3470 caro,
1850 3404 1906 3458 in

271 3516 409 3554 suos
438 3498 652 3554 rediret
693 3516 841 3553 usus.
877 3499 987 3553 Nec
1023 3498 1130 3554 hoc
1179 3501 1372 3553 tamen
1411 3498 1623 3568 profuit
1665 3497 1907 3564 miseris,

270 3593 374 3649 sed
405 3609 580 3648 causa
607 3592 832 3664 majoris
867 3591 1022 3647 exitii
1058 3593 1182 3647 fuit.
1227 3593 1366 3646 Nam
1405 3608 1534 3646 cum
1565 3608 1632 3646 ex
1657 3591 1744 3645 his
1787 3591 1906 3662 ple-

270 3687 442 3758 rique
504 3691 734 3756 accepto
779 3686 904 3740 cibo
959 3685 1145 3740 alvum
1192 3689 1528 3757 purgarent,
1579 3691 1913 3756 egesserant

268 3779 452 3852 aliqui
485 3779 751 3834 bimones
785 3795 988 3834 aureos
1016 3795 1160 3850 quos
1189 3778 1624 3845 absorbuerant,
1655 3794 1784 3833 cum
1812 3778 1909 3833 ad-

269 3878 551 3928 ornarent
593 3873 829 3945 fugam:
870 3889 940 3927 ne
971 3872 1335 3944 deprehensi,
1383 3871 1517 3944 quia
1549 3870 1914 3926 insidiatores

269 3967 474 4023 omnia
521 3966 1040 4038 perscrutabantur,
1083 3983 1197 4021 non
1242 3967 1424 4020 solum
1475 3965 1790 4037 dispendio,
1815 3963 1914 4018 sed

270 4061 460 4117 etiam
489 4059 742 4131 periculo
768 4059 957 4115 forent
988 4077 1000 4114 :
1031 4061 1211 4114 scelus
1252 4059 1407 4114 enim
1461 4058 1787 4127 ducebatur,
1815 4075 1911 4111 au-

266 4171 411 4210 rum
446 4169 796 4225 quemquam
829 4156 1040 4224 praeter
1078 4154 1325 4208 latrones
1370 4152 1609 4207 habere.
1652 4153 1763 4206 Hoc
1809 4152 1912 4205 ita-

270 4265 394 4322 que
444 4265 458 4302 :
511 4251 706 4318 postea
735 4247 936 4315 Judaei,
969 4246 1155 4318 specie
1199 4246 1507 4300 miserabili
1543 4246 1696 4300 inter
1739 4245 1917 4316 inqui-

267 4347 560 4398 namenta
585 4341 691 4395 alvi
717 4357 921 4395 aurum
951 4339 1230 4412 legebant.
1267 4340 1560 4410 Comperit
1599 4339 1657 4393 id
1689 4339 1919 4411 quidam

266 4435 541 4506 Assyrius
575 4436 700 4503 (t2),
732 4441 786 4489 et
811 4434 880 4489 ab
911 4450 1024 4488 uno
1065 4434 1124 4487 in
1170 4448 1372 4488 omnes
1413 4433 1610 4504 Opinio
1644 4433 1914 4487 manavit.

2003 505 2310 560 commissa
2355 504 2571 576 praelia,
2600 504 2740 558 nihil
2773 504 2880 558 hoc
2920 521 3036 558 uno
3067 505 3342 561 acerbius.
3374 505 3631 577 Denique

2004 615 2118 652 una
2152 605 2318 653 nocte
2369 598 2481 653 duo
2531 598 2709 652 millia
2750 598 2868 652 fere
2922 598 3170 652 virorum
3228 599 3453 653 discissa
3501 603 3636 654 sunt

2004 693 2097 747 tali
2168 692 2400 763 ﬂagitio,
2475 692 2782 762 divisisque
2837 690 3162 761 visceribus,
3205 696 3452 763 quaestus
3507 709 3636 748 suos

2003 787 2165 856 Syria
2192 785 2534 841 numerabat
2563 803 2576 840 :
2605 785 2813 840 Arabia
2848 785 3254 856 negotiationis
3305 786 3635 841 recensebat

2004 880 2422 947 emolumenta,
2467 896 2593 950 quae
2636 879 2757 933 sine
2787 879 3136 933 transfretati
3168 879 3337 933 maris
3373 881 3636 951 periculis

2003 990 2150 1028 novo
2193 973 2543 1028 crudelitatis
2591 975 2913 1028 commento
2961 972 3018 1026 in
3077 989 3240 1027 usum
3279 974 3418 1028 lucri
3453 981 3631 1030 verte-

2004 1073 2152 1134 rant,
2210 1072 2267 1121 et
2320 1083 2567 1121 mercem
2612 1066 2902 1137 putabant.
2946 1067 3104 1130 Quod
3154 1067 3325 1122 etiam
3378 1085 3528 1122 nunc
3577 1068 3633 1122 in

2002 1159 2329 1230 hujusmodi
2362 1160 2660 1215 hominum
2705 1176 2915 1230 genere
2958 1161 3226 1231 reperias,
3257 1165 3311 1215 et
3355 1161 3637 1216 nonnullis

2003 1271 2152 1325 sape
2183 1254 2599 1325 Egyptiomm,
2634 1259 2694 1307 ut
2721 1253 2984 1308 curandis
3014 1253 3309 1308 funeribus
3336 1255 3634 1325 negotien-

2005 1352 2115 1415 tur,
2151 1351 2209 1402 et
2238 1347 2425 1402 ofﬁcia
2452 1347 2821 1402 humanitatis
2848 1346 3101 1401 vendent
3127 1353 3460 1403 mercaturae
3491 1365 3640 1404 com-

2003 1440 2244 1512 pendiis.
2287 1441 2487 1495 Misera
2523 1441 2705 1495 fames
2747 1441 2870 1494 auri
2909 1457 2921 1494 :
2960 1440 3102 1495 nihil
3141 1442 3492 1512 sequendum
3530 1460 3633 1514 pu-

2003 1540 2105 1604 tat,
2144 1534 2250 1588 nisi
2281 1535 2434 1606 quod
2473 1535 2542 1588 ad
2583 1551 2828 1605 praesens
2870 1535 3154 1589 lucrosum
3200 1551 3213 1588 :
3251 1535 3394 1589 nihil
3429 1536 3633 1590 hones-

2002 1632 2146 1696 tum,
2191 1629 2340 1699 quod
2383 1627 2641 1698 pecuniae
2690 1643 2953 1683 vacuum.
2997 1627 3186 1682 Gravis
3220 1629 3346 1699 jam
3393 1628 3635 1696 dudum,

2004 1721 2193 1792 gravis
2250 1720 2481 1776 inolevit
2529 1721 2798 1776 humanis
2857 1720 3148 1776 affectibus
3191 1722 3488 1793 quaerendi
3537 1739 3634 1777 cu-

2002 1814 2154 1885 pido,
2196 1817 2253 1869 et
2295 1819 2606 1868 mercatura
2646 1815 2795 1868 facta
2833 1818 2917 1868 est
2953 1813 3065 1868 vita
3107 1813 3410 1870 hominum
3448 1831 3636 1870 :veno

2003 1912 2060 1962 et
2088 1913 2283 1978 empto
2315 1907 2536 1962 vivitur.
2580 1907 2793 1977 Serpsit
2826 1907 3016 1978 itaque
3049 1907 3246 1962 vitium
3278 1907 3337 1962 in
3365 1908 3632 1964 innume-

2003 2019 2130 2069 ros,
2174 2001 2377 2072 utjam
2422 2000 2774 2056 tolerabilior
2822 2001 3193 2056 commutatio
3235 2002 3511 2057 mercium
3565 2003 3638 2056 sit

2003 2111 2179 2166 quam
2214 2111 2440 2150 morum
2484 2095 2945 2165 animorumque.
2975 2093 3175 2148 Infecit
3209 2095 3479 2166 Syrorum
3506 2113 3634 2151 ave-

2004 2188 2133 2243 ritia
2175 2189 2367 2244 etiam‘
2392 2189 2710 2243 Romanum
2751 2188 3084 2242 exercitum.
3125 2188 3274 2243 Nihil
3309 2189 3462 2244 enim
3497 2190 3636 2244 faci-

2001 2282 2110 2336 lius
2157 2282 2214 2336 in
2261 2282 2504 2337 alterum
2557 2281 2790 2349 transit,
2844 2298 3018 2353 quam
3063 2298 3228 2337 amor
3255 2283 3534 2354 pecunias,
3586 2289 3641 2339 et

2001 2375 2349 2431 desiderium
2399 2375 2646 2429 habendi
2708 2392 2721 2429 :
2779 2375 3095 2445 praesertim
3150 2375 3427 2430 finitimas
3475 2393 3633 2448 opes,

2001 2468 2204 2539 quibus
2259 2468 2474 2522 vicinus
2529 2467 2946 2523 abundaverat.
3008 2469 3114 2522 Nec
3164 2473 3251 2522 est
3288 2469 3406 2525 ulla
3454 2471 3636 2540 passio

2002 2578 2128 2634 quae
2168 2561 2353 2633 magis
2398 2561 2662 2617 virtutem
2715 2561 2893 2616 animi
2933 2560 3225 2617 effeminet
3266 2579 3438 2634 quam
3475 2564 3634 2634 cupi-

2003 2655 2148 2710 ditas
2212 2655 2564 2710 divitiarum.
2632 2655 2888 2726 Denique
2939 2655 3182 2710 versutia
3235 2656 3392 2711 laudi
3445 2657 3632 2727 datur,

2003 2753 2308 2821 paupertas
2337 2748 2549 2820 probro
2588 2748 2851 2804 habetur.
2891 2749 3185 2820 Impedivit
3229 2750 3334 2804 hoc
3374 2751 3635 2806 vindictae

2002 2843 2376 2909 severitatem,
2436 2842 2567 2913 quia
2639 2842 2928 2897 innumeri
2974 2844 3186 2914 reperti
3246 2847 3402 2898 tanto
3457 2845 3636 2900 furori

2002 2936 2229 2990 obnoxii
2298 2957 2308 2990 :
2368 2936 2606 3007 ideoque
2672 2935 2827 2990 Titus
2892 2937 2989 3007 qui
3043 2937 3244 2992 vallare
3298 2938 3638 2994 circumfuso

2002 3029 2281 3084 exercitus
2305 3029 2478 3101 Syros
2504 3035 2561 3084 et
2595 3029 2806 3084 Arabes
2836 3037 3234 3101 proposuerat,
3266 3033 3635 3104 comtempla-

2003 3123 2162 3178 tione
2206 3122 2590 3177 multitudinis
2629 3123 2913 3177 revocavit
2953 3123 3341 3179 sententiam:
3390 3130 3451 3180 ut
3479 3142 3640 3198 supe-

2011 3216 2173 3272 rioris
2221 3217 2409 3272 delicti
2449 3217 2692 3288 gratiam
2738 3216 2981 3283 faceret,
3018 3223 3073 3272 et
3119 3233 3192 3271 ne
3245 3223 3437 3290 postea
3483 3235 3636 3275 com-

2011 3311 2366 3379 mitteretur,
2459 3327 2687 3382 poenam
2766 3310 3162 3379 denuntiaret,
3230 3312 3642 3387 verborumque

2011 3405 2344 3460 austeritate
2381 3405 2626 3476 graviori
2666 3420 2798 3459 suos
2833 3408 3120 3481 argueret,
3156 3407 3309 3478 quod
3343 3424 3481 3463 auro
3518 3426 3640 3464 suco

2011 3499 2180 3553 cincti
2215 3501 2270 3553 et
2313 3503 2580 3570 argento,
2623 3498 3002 3571 pretiosisque
3047 3500 3173 3555 telis
3214 3501 3490 3572 nitentes,
3540 3521 3645 3558 nec

2011 3607 2170 3645 arma
2207 3608 2304 3645 sua
2352 3591 2778 3658 erubescerent,
2823 3595 2884 3645 ut
2929 3595 3088 3647 tanto
3125 3609 3185 3647 se
3229 3593 3505 3650 dedecore
3543 3596 3642 3650 de.

2014 3685 2406 3740 honestarent.
2464 3687 2535 3738 At
2578 3701 2709 3740 vero
2747 3689 2917 3756 Syros
2965 3691 3017 3740 et
3067 3685 3282 3741 Arabes
3327 3687 3644 3760 increpare,

2015 3777 2172 3850 quod
2220 3777 2588 3833 immemores
2631 3777 2869 3832 Romani
2908 3777 3176 3846 nominis,
3221 3779 3375 3835 dictu
3418 3798 3645 3854 quoque

2016 3871 2250 3926 horrida
2288 3872 2711 3942 excogitassent
2750 3888 2762 3924 :
2800 3871 3021 3925 venisse
3059 3888 3157 3927 eos
3193 3873 3265 3927 ad
3294 3873 3430 3929 belli
3466 3875 3644 3930 socie-

2018 3967 2214 4030 tatem,
2254 3981 2370 4019 non
2402 3965 2469 4019 ad
2521 3964 2847 4020 exercitium
2891 3964 3262 4035 ﬂagitiorum.
3297 3969 3357 4022 In
3398 3970 3648 4024 exercitu

2019 4058 2276 4112 Romano
2316 4074 2430 4112 non
2477 4059 2662 4112 solum
2712 4058 2979 4112 virtutem
3026 4059 3294 4130 corporis,
3337 4060 3434 4115 sed
3477 4062 3647 4118 etiam

2019 4151 2228 4205 mentis
2269 4151 2478 4222 requiri
2516 4168 2528 4204 :
2565 4167 2669 4206 nec
2713 4152 3111 4208 tantummodo
3155 4153 3550 4211 fortitudinem
3591 4158 3648 4213 in

2019 4245 2274 4312 hostem,
2323 4245 2420 4300 sed
2471 4245 2643 4300 etiam
2689 4245 2998 4316 disciplina:
3051 4263 3314 4303 normam
3365 4253 3646 4321 spectari:

2023 4353 2092 4392 ne
2131 4339 2390 4406 crudelis,
2439 4355 2510 4392 ne
2549 4338 2778 4408 impius,
2817 4355 2888 4394 ne
2923 4339 3170 4395 insolens
3215 4342 3376 4397 miles
3408 4344 3509 4413 sit;
3551 4346 3651 4400 sed

2021 4448 2092 4486 ne
2118 4432 2325 4502 praedm
2373 4432 2562 4503 potius
2599 4449 2773 4503 quam
2805 4432 3052 4488 victoriae
3098 4433 3370 4490 intentus.
3405 4437 3481 4491 Ea
3517 4455 3649 4510 gra-

263 4527 447 4593 Quod
506 4543 683 4598 genus
736 4527 1035 4582 hominum
1082 4542 1334 4597 praeceps
1390 4525 1462 4579 ad
1509 4526 1805 4580 avaritiam
1865 4525 2109 4599 etDvia
2160 4524 2332 4580 videri
2379 4525 2596 4578 militias
2644 4524 2861 4594 ﬂagitia
2920 4531 2976 4579 et
3032 4526 3307 4583 vindicari
3359 4531 3648 4587 atrociter.

267 4624 546 4695 paratum
575 4621 646 4674 ad
699 4621 1027 4688 versutiam,
1059 4625 1119 4674 ut
1149 4619 1288 4674 nihil
1334 4627 1452 4673 tam
1477 4625 1639 4673 atrox
1669 4619 1738 4673 sit
1766 4619 1917 4689 quod

265 4715 555 4785 refugiat,
606 4714 747 4768 nihil
797 4716 914 4768 tam
967 4718 1134 4786 turpe
1191 4713 1345 4784 quod
1393 4713 1690 4767 erubescat
1736 4711 1920 4766 studio

265 4808 563 4882 pecuniae.
594 4810 638 4860 A
668 4807 819 4879 Syris
860 4808 919 4860 in
950 4807 1164 4861 Arabas
1215 4805 1420 4861 diffusa
1461 4808 1608 4860 fama
1654 4809 1758 4871 est,
1792 4805 1918 4876 qui-

261 4903 388 4958 bus
441 4909 498 4956 et
556 4917 668 4954 non
722 4899 914 4955 minor
963 4900 1217 4970 avaritia,
1272 4905 1328 4954 et
1371 4899 1564 4953 feritas
1613 4898 1922 4953 barbariem

261 4994 526 5069 prapior
583 4993 956 5058 immanitati,
1013 5009 1081 5047 eo
1151 4992 1304 5064 quod
1372 4992 1500 5046 farti
1547 5008 1686 5046 auro
1744 4991 1922 5046 Judaei

255 5090 472 5147 forent
511 5104 524 5140 :
571 5087 849 5158 diripiunt
892 5101 1284 5158 quoscumque
1347 5085 1701 5139 offenderant
1763 5085 1924 5139 adve-

259 5185 530 5251 nientes,
555 5186 751 5236 contra
776 5180 878 5249 fas,
923 5183 1122 5234 contra
1170 5179 1327 5250 leges
1355 5177 1688 5242 deditionis,
1727 5184 1925 5233 contra

256 5278 626 5355 promissum
657 5275 908 5343 Ctesaris,
949 5272 1101 5346 quod
1154 5272 1330 5328 occidi
1361 5289 1471 5326 non
1529 5271 1730 5327 licebat
1760 5272 1924 5327 :inci-

256 5375 430 5428 dunt
472 5371 657 5425 adhuc
703 5370 976 5434 viventes,
1024 5366 1380 5437 cruentisque
1427 5366 1696 5421 manibus
1727 5365 1927 5421 evisce-

255 5470 420 5524 rant
455 5465 668 5518 ventris
721 5467 960 5518 secreta.
1009 5462 1211 5516 Alvum
1273 5463 1618 5526 scrutantur,
1659 5465 1718 5514 et
1778 5459 1927 5514 inter

258 5558 410 5630 ejus
447 5557 735 5612 manantia
788 5558 1173 5627 purgamenta
1217 5570 1419 5608 aurum
1463 5553 1766 5625 requirunt
1812 5569 1925 5607 non

255 5652 482 5710 minus
532 5650 776 5721 turpiter
814 5664 989 5720 quam
1043 5647 1121 5702 illi
1165 5663 1310 5718 quos
1355 5646 1633 5716 adigebat
1687 5647 1866 5702 fames
1911 5663 1922 5699 :

354 5779 456 5842 (Η)
487 5775 772 5840 Hydropis.
807 5776 888 5826 In.

2020 4621 2174 4674 lnter
2211 4634 2368 4672 arma
2414 4634 2638 4689 quoque
2678 4618 2833 4689 leges
2864 4619 3050 4673 valere
3080 4636 3094 4674 ε
3129 4620 3237 4676 fide
3279 4623 3485 4678 melius
3511 4624 3654 4680 bella

2021 4712 2164 4782 geri,
2197 4728 2321 4782 quae
2367 4714 2626 4766 servetur
2668 4711 2837 4766 etiam
2886 4711 3162 4768 hostibus.
3196 4714 3256 4770 Si
3299 4732 3440 4788 ergo
3467 4725 3524 4773 et
3561 4737 3648 4773 ar-

2025 4805 2188 4859 matis
2222 4803 2484 4871 debetur,
2512 4808 2727 4875 quanto
2766 4805 2952 4876 magis
2989 4808 3378 4877 precantibus!
3413 4811 3654 4866 Proinde

2022 4902 2284 4952 caverent
2309 4897 2380 4951 ab
2417 4897 2751 4968 hujusmodi
2791 4898 3038 4969 ﬂagitiis,
3088 4917 3160 4954 ne
3197 4905 3252 4956 et
3288 4902 3532 4959 victoria
3565 4922 3654 4961 ex-

2023 4994 2220 5061 sortes,
2261 4994 2318 5045 et
2361 4991 2552 5046 salutis
2597 4991 2822 5065 ﬁerent.
2871 4993 3064 5064 Neque
3104 5010 3164 5048 se
3208 4995 3420 5051 diutius
3465 5015 3658 5069 passuo

2027 5102 2174 5154 rum,
2225 5090 2283 5139 ut
2335 5101 2533 5139 eorum
2584 5087 2812 5140 scelesta
2851 5085 3067 5157 flagitia
3109 5088 3382 5144 Romanis
3410 5092 3654 5148 ascribe-

2026 5182 2244 5246 rentur,
2290 5178 2387 5250 qui
2433 5178 2558 5250 plus
2601 5180 2758 5233 oneri
2812 5195 2986 5250 quam
3039 5183 3164 5235 usui
3209 5182 3419 5240 forent.
3460 5188 3658 5257 Itaque

2025 5272 2298 5342 repressit
2359 5273 2804 5344 aliquantulum,
2870 5289 2981 5328 non
3047 5277 3299 5331 exsecuit
3361 5279 3658 5337 avaritiam

2026 5365 2318 5437 Syrorum,
2347 5371 2411 5420 ut
2437 5364 2715 5420 arbitrum
2758 5366 3045 5436 fugerent,
3075 5383 3188 5423 non
3218 5373 3280 5424 ut
3314 5377 3659 5444 praeceptum

2026 5458 2304 5514 foverent.
2337 5459 2595 5530 Denique
2636 5459 2925 5530 explorato
2966 5461 3120 5531 prius
3162 5463 3206 5517 si
3233 5463 3380 5521 forte
3418 5467 3663 5523 Romani

2027 5552 2222 5607 militis
2253 5552 2477 5608 deesset
2521 5553 2846 5623 prmsentia,
2877 5553 2948 5609 de
2986 5555 3328 5613 miserorum
3362 5559 3664 5617 visceribus

2027 5645 2376 5702 exsecrabile
2403 5646 2624 5700 lucrum
2653 5647 3072 5717 proferebatur,
3105 5666 3209 5706 nec
3238 5655 3428 5708 tamen
3459 5654 3516 5709 in
3541 5671 3661 5712 om-

356 5848 457 5912 (12)
487 5848 529 5897 Ε
553 5847 716 5910 Syris.
751 5845 892 5898 Vide
921 5845 1250 5910 Josephum,
1274 5845 1338 5897 de
1374 5843 1504 5896 Βοιι.
1535 5844 1679 5902 Jud.,
1714 5843 1815 5894 lib.
1850 5855 1926 5904 vx,
1957 5854 2078 5907 cap.
2103 5843 2181 5894 15.
2215 5842 2391 5894 ΒΑΜ.
