4128 6194
502 291 638 342 2275

1993 286 2045 338 S.
2088 285 2402 341 AMBROSII

3697 287 3814 340 2276

496 415 663 469 nibus
721 411 1066 485 sequebatur
1122 412 1295 466 etiam
1356 412 1563 484 prada
1623 416 1878 480 eventus,
1919 409 2022 465 sed
2075 412 2132 465 in
2155 413 2641 497 Aconspiratum.
2674 411 2861 466 Totius
2897 409 3052 466 enim
3105 407 3353 480 periculo
3389 408 3698 465 certaminis
3741 410 3822 465 de-

494 505 725 578 paucis,
781 520 895 576 quo
945 503 1228 560 crudelior
1279 504 1476 560 feritas
1529 522 1542 560 :
1592 505 1726 576 quia
1781 521 1896 559 non
1947 504 2132 559 solum

495 606 735 672 propter
807 614 976 670 opes,
1051 597 1148 653 sed
1220 599 1393 653 etiam
1464 601 1701 670 propter
1770 613 1929 668 spem
1993 597 2133 652 lucri

494 693 727 764 plurimi
783 691 1293 763 exstinguebantur
1339 709 1352 746 :
1403 708 1531 746 cum
1583 692 1837 746 latrones
1885 691 2022 762 ipsi,
2078 695 2136 745 et

497 785 763 842 saeviores
813 785 1013 857 piratas
1061 785 1410 852 latronibus,
1466 802 1498 838 τι
1547 783 1846 840 latronicio
1912 790 2132 856 tempe-

501 883 658 947 rent,
711 879 810 934 ubi
869 879 1120 950 praedam
1172 895 1284 934 non
1353 881 1683 934 senserant.
1741 877 1922 933 Solius
1976 879 2134 933 enim

492 972 808 1028 barbaricae
863 971 1230 1026 immanitatis
1285 977 1386 1038 est,
1458 971 1636 1042 gratis
1708 987 1936 1027 nocere.
1994 973 2137 1026 Nam

499 1069 558 1121 et
603 1067 742 1138 ipsae
782 1066 937 1133 ferae,
981 1071 1043 1120 ut
1087 1064 1455 1131 interficiant,
1501 1063 1755 1136 praedam
1796 1070 2134 1137 sequuntur.

501 1160 659 1214 Foris
700 1160 891 1230 itaque
924 1175 1108 1228 poena).
1148 1159 1384 1222 acerbas,
1431 1157 1586 1212 intus
1622 1159 1936 1214 immanior
1962 1161 2133 1215 Joan-

498 1269 619 1309 nes.

1095 1323 1318 1378 CAPUT
1357 1324 1508 1378 XXV.

574 1440 831 1511 Denique
887 1455 1018 1494 cum
1061 1440 1191 1494 talia
1234 1444 1573 1510 gererentur
1609 1455 1643 1492 a
1694 1437 1869 1509 Syris,
1922 1435 2138 1492 etiamsi

503 1533 627 1588 aliis
681 1534 779 1604 qui
820 1539 1238 1603 revocarentur,
1282 1533 1496 1588 indicio
1538 1537 1852 1604 comperto,
1902 1531 2140 1586 transfu-

503 1643 636 1697 gere
675 1631 866 1682 tamen
914 1627 1012 1682 alii
1059 1644 1176 1682 non
1214 1626 1570 1682 desinebant.
1603 1628 1753 1681 Inter
1799 1641 1944 1697 quos
1984 1625 2137 1680 Man-

503 1735 644 1775 neus
695 1719 882 1775 Lazari
937 1721 1034 1792 qui
1077 1719 1364 1775 asserebat
1408 1735 1512 1792 per
1558 1735 1726 1774 unam
1763 1723 1988 1790 portam
2031 1718 2138 1772 sibi

2233 505 2602 574 cernebatur;
2672 505 2810 577 quia
2866 511 2923 560 et
2980 503 3250 559 Romanis
3307 503 3565 559 solvenda
3631 502 3819 560 obsidio

2233 600 2396 666 foret,
2429 599 2473 654 si
2513 615 2753 672 aggeres
2802 603 2860 653 et
2896 598 3104 653 arietes
3145 597 3594 663 incenderentur,
3642 597 3820 669 quibus

2235 709 2338 764 per
2391 692 2642 764 inopiam
2695 691 2962 747 silvarum
3011 690 3388 763 reparationis
3433 689 3671 744 subsidia
3727 707 3822 746 nou

2235 786 2609 858 suppetebant
2653 804 2666 840 :
2717 789 2775 840 et
2817 786 3030 841 Iudaeis
3067 783 3357 840 excidium
3395 783 3584 855 patria:
3629 785 3821 838 incum-

2233 881 2412 948 beret,
2456 879 2501 934 si
2554 896 2724 935 manu
2761 880 3058 948 cederent,
3102 895 3231 933 cum
3266 883 3520 949 quassata
3563 892 3824 932 murorum

2235 973 2484 1045 repetitis
2521 974 2764 1029 arietum
2808 971 3013 1028 ictibus
3056 973 3490 1027 resolverentur.
3532 971 3827 1025 Processere

2238 1067 2429 1138 itaque
2479 1065 2658 1122 Judaei
2710 1083 2838 1122 cum
2893 1066 3104 1121 facibus
3151 1064 3294 1120 adeo
3341 1065 3577 1130 feroces,
3627 1070 3680 1116 ut
3724 1067 3826 1118 tan-

2237 1176 2411 1232 quam
2457 1177 2683 1216 cessuro
2729 1160 2834 1214 sibi
2886 1161 3137 1215 Romano
3180 1158 3453 1224 exercitu,
3506 1157 3748 1211 incendia
3780 1157 3827 1210 in

2239 1255 2527 1310 machinas
2570 1258 2941 1326 spargerent,
2993 1253 3346 1308 obsidionem
3396 1251 3696 1306 solverent.
3742 1251 3829 1304 Sed

2238 1349 2532 1403 exhaustas
2587 1349 2708 1420 jam
2747 1348 2894 1402 vires
2954 1347 3106 1402 fame
3155 1350 3212 1401 et
3258 1362 3348 1400 res
3389 1345 3596 1412 fractae,
3648 1345 3830 1415 priore:

2239 1457 2528 1496 successus
2574 1447 2892 1512 negarunt;
2936 1440 3241 1495 substantia
3287 1438 3590 1505 defecerat,
3634 1436 3832 1490 audacia

2238 1535 2527 1589 manebat.
2571 1537 2780 1592 Contra
2822 1534 3093 1589 Romanis
3131 1533 3312 1604 major
3356 1531 3558 1604 pudor,
3594 1531 3637 1585 si
3672 1529 3733 1584 ab
3762 1529 3834 1583 bis

2239 1629 2335 1702 qui
2381 1635 2702 1684 extremum
2753 1628 2908 1684 fame
2970 1627 3234 1700 spiritum
3277 1626 3598 1692 traherent,
3639 1623 3833 1678 victoria

2241 1723 2309 1778 de
2364 1722 2630 1778 manibus
2679 1722 3040 1793 diriperetur.
3093 1723 3366 1778 Conserto
3413 1721 3598 1790 itaque
3647 1716 3831 1788 przelio,

503 1813 779 1869 creditam
850 1819 1082 1870 centum
1141 1813 1467 1885 quindecim
1537 1813 1717 1868 millia
1781 1808 2212 1879 mortuorumB
2238 1816 2442 1887 repulsi
2486 1815 2772 1887 principes
2811 1815 3122 1884 seditionis,
3166 1815 3234 1869 ad
3277 1827 3573 1868 murorum
3620 1809 3834 1864 subsidia

503 1907 683 1978 elata,
726 1907 934 1963 additis
985 1908 1171 1962 adhuc
1211 1908 1554 1979 octingentis
1597 1907 1886 1978 octoginta
1927 1907 2138 1961 funeri-

504 2001 630 2069 bus,
663 2001 814 2071 quod
856 2001 976 2072 ipse
1016 1999 1218 2055 tuendi
1255 2000 1440 2056 vicem
1478 2000 1805 2071 huiusmodi
1836 2001 2139 2071 recepisset

508 2095 766 2148 muneris
812 2109 826 2147 :
872 2094 1042 2164 idque
1081 2095 1197 2148 solo
1253 2110 1456 2149 eorum
1514 2109 1755 2148 numero
1809 2094 2135 2161 collectum,

507 2188 604 2258 qui
645 2201 714 2241 ex
758 2187 1021 2242 mercede
1057 2187 1284 2258 publica
1323 2188 1532 2260 sepulti
1575 2187 1778 2254 forent,
1809 2189 2018 2258 praeter
2043 2201 2139 2241 eos

503 2295 647 2351 quos
677 2280 1025 2352 sepelierant
1066 2282 1176 2336 sui.
1219 2283 1354 2346 Quae
1393 2285 1590 2336 autem
1632 2281 1912 2352 sepulcra,
1944 2279 2048 2334 nisi
2079 2285 2140 2334 ut

505 2375 576 2429 de
621 2389 786 2428 muro
823 2373 1099 2430 cadavera
1137 2375 1568 2445 dejicerentur?
1603 2376 1735 2429 Post
1786 2375 1974 2446 ipsum
2020 2373 2136 2445 ple-

503 2467 665 2539 rique
707 2483 824 2523 non
874 2468 1156 2540 ignobiles
1197 2468 1326 2535 viri,
1361 2467 1758 2539 confugientes
1807 2467 1877 2521 ad
1915 2468 2134 2532 Titum;

503 2567 763 2617 sexcenta
788 2562 965 2616 millia
1009 2562 1404 2630 (kfunctorum
1437 2561 1628 2630 fuisse,
1657 2577 1784 2634 quae
1815 2577 1920 2633 per
1947 2565 2138 2632 portas

506 2654 658 2710 elata
685 2659 980 2710 numerata
1014 2655 1146 2724 sint,
1181 2654 1733 2711 commemorabant.
1763 2657 1968 2711 Eorum
2005 2671 2137 2710 vero

505 2748 848 2804 cadaverum
875 2765 1003 2821 quae
1039 2753 1275 2821 propter
1314 2749 1599 2804 infinitam
1645 2764 1962 2820 pauperum
1991 2749 2134 2802 mul-

503 2842 806 2898 titudinem
854 2841 1044 2898 efferri
1096 2843 1484 2916 nequiverint,
1539 2848 1708 2914 atque
1768 2841 1824 2896 in
1878 2841 2140 2896 maximis

506 2935 768 2991 domibus
793 2936 1262 3008 diversorumque
1303 2951 1544 3008 operum
1592 2935 1788 3008 spatiis
1823 2937 2140 3006 constipata

504 3028 647 3099 sint,
697 3045 1004 3085 numerum
1061 3030 1231 3086 fuisse
1297 3029 1787 3085 inaestimabilem.
1849 3030 1915 3083 Et
1959 3028 2141 3083 adhuc

505 3127 626 3180 erat
678 3140 976 3196 processus
1039 3123 1355 3192 malorum,
1417 3140 1545 3196 quas
1596 3123 1715 3195 jam
1781 3123 2190 3202 superiorum,

504 3217 763 3272 omnium
791 3218 964 3273 linem
1009 3217 1278 3272 vicerant.
1319 3216 1514 3273 Adhuc
1560 3232 1705 3272 saeva
1741 3215 1978 3283 obsidio,
2018 3215 2134 3271 bel-

503 3311 626 3365 lum
669 3326 836 3381 grave
876 3328 889 3364 :
922 3310 1231 3381 majoribus
1271 3311 1396 3381 jam
1438 3314 1631 3366 tamen
1660 3311 1984 3365 Iudaeorum
2011 3309 2135 3363 ani-

508 3403 616 3458 mis
639 3419 816 3475 quam
843 3403 1073 3458 viribus.
1101 3404 1280 3474 Super
1317 3403 1508 3458 omnia
1530 3420 1664 3458 vero
1702 3404 1882 3459 fames
1917 3403 2136 3471 tetrior,

506 3513 634 3570 quin
678 3496 1042 3553 insidiaretur
1078 3497 1352 3568 jumentis
1399 3497 1590 3552 alvum
1629 3496 2032 3570 purgantibus,
2082 3501 2138 3553 et

505 3595 725 3646 vetusta
768 3591 1081 3646 rimaretur
1123 3590 1301 3646 boum
1357 3596 1608 3647 stercora
1650 3609 1662 3646 :
1713 3596 1774 3646 ut
1821 3591 1973 3662 quod
2016 3592 2138 3646 visu

505 3689 625 3740 erat
648 3683 944 3752 horribile,
977 3685 1081 3739 hoc
1121 3683 1286 3740 fieret
1328 3701 1453 3742 esca
1476 3685 1873 3741 esurientibus.
1918 3684 2140 3740 Misera-

504 3777 631 3832 bilis
658 3778 956 3850 congeries
993 3777 1411 3851 insepultorum
1458 3793 1786 3851 corporum,
1815 3781 1871 3834 et
1901 3779 2136 3833 circuitu

503 3871 677 3944 longo
730 3875 878 3927 terra
920 3872 1045 3943 ipsa
1094 3877 1239 3927 tecta
1290 3871 1685 3938 cadaveribus,
1739 3870 1956 3942 repleta
2007 3876 2138 3926 ante

507 3981 699 4020 muros
752 3965 978 4033 omnia,
1028 3965 1294 4020 terribilis
1353 3965 1595 4037 species,
1657 3965 1862 4020 horror
1918 3964 2132 4036 gravis,

506 4059 646 4115 odor
688 4059 999 4131 pestilens;
1057 4059 1154 4131 qui
1195 4075 1299 4114 nec
1349 4059 1606 4128 victores,
1664 4075 1768 4114 nec
1815 4058 1988 4114 victos
2031 4057 2138 4112 dis-

507 4156 808 4209 cerneret:
840 4152 1088 4223 utrisque
1129 4153 1296 4207 simul
1338 4152 1559 4219 noxius,
1591 4156 1646 4207 et
1681 4152 1890 4223 majore
1930 4152 2135 4207 Roma-

506 4245 596 4300 nis
624 4245 1064 4316 impedimento,
1095 4245 1299 4315 quibus
1344 4262 1574 4300 necesse
1617 4249 1742 4300 erat
1765 4246 2018 4316 jacentes
2046 4262 2133 4299 re-

505 4339 711 4411 liquias
757 4343 1050 4394 cruentato
1090 4344 1383 4409 proterere
1426 4339 1662 4410 vestigio
1696 4356 1709 4393 :
1770 4343 1920 4393 terra
1961 4339 2138 4410 ipsius

503 4435 735 4499 inculta,
789 4433 1017 4488 succisis
1057 4432 1324 4487 omnibus
1375 4449 1502 4504 quae
1551 4432 1621 4486 ad
1652 4447 1815 4487 usum
1860 4432 2055 4487 militis
2085 4438 2140 4487 et

2235 1909 2381 1965 bello
2413 1909 2658 1981 impares
2683 1913 3069 1964 recurrerunt.
3099 1907 3206 1964 Sed
3253 1906 3352 1962 ubi
3383 1905 3553 1960 dubia
3579 1918 3832 1959 murorum

2237 2019 2452 2058 caesura
2501 2004 2608 2074 (l3)
2656 2001 2913 2074 repetitis
2966 2001 3187 2068 ictibus,
3233 2003 3481 2056 Joannes
3527 1997 3671 2052 haud
3714 1997 3838 2050 incu-

2236 2099 2419 2154 riosus
2468 2096 2704 2153 extremi
2739 2095 2995 2163 subsidii,
3041 2094 3446 2166 circumspexit
3493 2110 3505 2147 :
3553 2091 3836 2147 interiorem

2238 2207 2472 2247 murum
2507 2189 2670 2262 quasi
2713 2190 2771 2244 in
2818 2191 2857 2244 C
2899 2190 3149 2244 litteram
3194 2188 3368 2243 duxit.
3426 2188 3646 2244 Postero
3678 2184 3838 2254 itaque

2239 2285 2328 2340 die
2377 2284 2646 2339 convulsa
2686 2287 2851 2355 parte
2899 2282 3135 2348 murali,
3186 2282 3376 2352 fragor
3409 2279 3644 2334 labentis
3689 2277 3836 2332 bene-

2239 2377 2354 2433 ficii
2395 2378 2526 2449 (14),
2563 2383 2620 2432 et
2654 2377 2865 2432 clamor
2903 2375 3148 2431 Romani
3177 2373 3461 2430 exercitus
3491 2372 3652 2426 simul
3685 2370 3837 2424 incre-

2239 2471 2382 2542 puit,
2423 2472 2585 2543 quasi
2632 2475 2849 2542 patrato
2891 2470 3112 2525 excidio
3156 2469 3306 2524 muri
3349 2466 3724 2540 prolapsione.
3750 2463 3840 2518 Sed

2243 2565 2338 2619 ubi
2395 2565 2759 2619 conclamatas
2799 2563 2954 2618 urbis
3008 2562 3300 2618 insultavit
3337 2576 3514 2616 sonus
3549 2558 3673 2629 (15),
3707 2570 3841 2610 versa

2241 2658 2357 2713 vice
2414 2674 2628 2726 rerum,
2674 2658 2803 2712 novi
2841 2657 2988 2712 muri
3035 2656 3268 2728 species,
3312 2654 3617 2726 improvisa
3658 2652 3840 2706 Roma-

2241 2768 2444 2807 norum
2495 2752 2693 2822 gaudia
2749 2750 3040 2806 restrinxit
3088 2753 3219 2822 (t6),
3268 2750 3593 2804 Judaeorum
3635 2743 3842 2800 audacia

2242 2845 2525 2912 successit,
2553 2846 2689 2916 quia
2715 2845 3032 2916 periculum
3075 2843 3471 2898 differebatur.
3501 2842 3649 2896 Tunc
3689 2839 3842 2892 Ca'sar

2241 2939 2554 2994 exercitum
2581 2938 2868 2994 adhortari
2897 2938 3084 3010 coepit,
3113 2941 3180 2992 ut
3206 2951 3422 2991 novum
3456 2935 3614 2989 illum
3642 2945 3840 2987 murum

2242 3033 2362 3088 sine
2389 3033 2504 3087 ulla
2549 3033 2907 3088 cunctatione
2957 3030 3330 3087 adoriendum
3373 3034 3659 3101 putarent,
3695 3039 3838 3096 quem

2241 3126 2583 3183 constructio
2642 3142 2836 3182 recens
2893 3125 3183 3180 infirmum
3244 3129 3300 3179 et
3351 3123 3517 3178 facile
3580 3118 3842 3175 solubilem

2241 3220 2512 3292 proderet
2544 3219 2862 3275 :auderent
2904 3219 3070 3274 modo
3110 3217 3318 3273 animis
3356 3215 3687 3288 procedere,
3721 3211 3843 3280 frag-

2238 3318 2430 3369 menta
2480 3313 2724 3368 muralia
2768 3311 3111 3368 ascendendi
3161 3311 3491 3366 facilitatem
3541 3309 3757 3374 datura,
3794 3308 3842 3357 ut

2240 3408 2570 3479 praeliantes
2614 3407 2874 3476 Romani,
2925 3405 3134 3461 Iudaeis
3191 3405 3261 3460 de
3306 3403 3587 3476 superiori
3634 3401 3745 3456 loco
3769 3397 3844 3451 de-

2238 3501 2628 3568 cernentibus,
2691 3501 3158 3571 adtequarentur.
3214 3500 3278 3554 Et
3344 3498 3484 3570 quia
3556 3495 3843 3550 cunctantes

2239 3594 2466 3649 videbat
2511 3594 2591 3649 rei
2630 3592 2984 3660 difficultate,
3013 3591 3386 3647 validissimos
3430 3605 3676 3662 quosque
3708 3587 3842 3656 juxta

2239 3705 2298 3743 se
2330 3703 2708 3758 congregans,
2742 3687 2801 3741 in
2829 3685 3043 3740 bellum
3075 3684 3432 3740 accendebat
3455 3683 3548 3739 tali
3577 3680 3807 3737 oratione
3832 3694 3840 3727 :

2848 3779 3068 3834 CAPUT
3106 3779 3301 3834 XXVII.

2310 3874 2578 3930 Omnium
2617 3889 2807 3929 rerum
2847 3873 3029 3927 exitus
3077 3873 3206 3943 plus
3255 3872 3477 3942 negotii
3505 3886 3666 3942 quam
3707 3865 3837 3939 prin-

2240 3969 2386 4041 cipia
2413 3968 2641 4037 habere,
2669 3967 2813 4022 nulli
2850 3966 3210 4038 incognitum
3249 3971 3352 4032 est,
3399 3964 3683 4020 fortissimi
3723 3976 3842 4015 com-

2241 4063 2553 4129 militones,
2607 4061 2742 4133 quia
2811 4060 3227 4116 consummatio
3306 4059 3554 4130 suscepti
3627 4051 3842 4110 muneris

2240 4155 2518 4226 majorem
2571 4153 2777 4228 quaerit
2830 4154 3078 4209 laborem
3132 4170 3143 4207 :
3197 4153 3486 4224 siquidem
3536 4158 3647 4206 toto
3694 4147 3841 4202 libera

2240 4249 2383 4304 mari
2420 4248 2596 4304 currit
2619 4247 2798 4316 navis,
2845 4247 2946 4303 etsi
2993 4263 3104 4302 non
3136 4262 3368 4318 semper
3410 4263 3445 4301 a
3473 4259 3657 4318 puppe
3683 4242 3840 4296 vento

2238 4359 2368 4398 rum
2404 4342 2656 4414 aspirent
2692 4340 2945 4410 flamina,
2985 4340 3334 4413 gubernator
3385 4345 3578 4394 tamen
3625 4335 3840 4405 obliquat

2239 4437 2497 4492 velorum
2545 4436 2720 4503 sinus,
2759 4439 2816 4490 et
2860 4434 2980 4488 sine
3027 4433 3277 4505 refragio
3322 4433 3598 4489 scinditur
3636 4431 3837 4485 fretum.

503 4528 897 4584 machinarum
952 4526 1266 4582 necessario
1301 4526 1772 4581 conveherentur.
1815 4528 1922 4581 Per
1961 4526 2345 4619 trede-Dsed
2399 4529 2494 4584 ubi
2539 4530 2608 4584 ad
2655 4531 2887 4600 portum
2945 4528 3188 4592 venitur,
3236 4533 3560 4598 opportuna
3609 4533 3838 4579 aurarum

507 4623 619 4676 cim
649 4622 830 4675 ferme
857 4621 914 4674 in
960 4620 1200 4680 circuitu
1237 4620 1397 4675 urbis
1442 4619 1681 4675 millinra
1717 4621 1883 4692 longe
1913 4621 2133 4691 lateque

503 4719 719 4770 vastata
744 4715 976 4782 humus,
1001 4718 1058 4768 et
1086 4714 1303 4768 nudum
1327 4714 1686 4785 gignentium
1717 4713 1923 4769 solum.
1953 4714 2136 4769 Omne

503 4808 645 4864 illud
683 4808 1036 4880 pomarium,
1077 4808 1150 4861 in'
1181 4823 1294 4879 quo
1339 4812 1474 4862 ante
1531 4824 1768 4863 nemora
1809 4806 2134 4874 viridantia,

506 4902 660 4957 horti
705 4902 1027 4957 inhalantes
1067 4900 1322 4969 ﬂoribus,
1365 4900 1584 4955 diversa
1614 4902 1888 4973 pomaria,
1934 4899 2134 4955 subur-

503 4997 654 5052 bana
695 4995 911 5067 praedia
949 5000 1169 5067 gratam
1209 4993 1294 5049 sui
1339 4994 1584 5066 speciem
1627 4994 1862 5063 dabant,
1919 4995 1964 5048 si
2012 4994 2139 5066 quis

502 5093 697 5163 postea
723 5089 861 5144 vidit
890 5089 1116 5160 hospes,
1142 5088 1461 5160 ingemuit:
1498 5087 1678 5143 incola
1713 5104 1826 5143 non
1870 5103 2139 5160 recogno-

504 5183 606 5250 vit,
633 5186 690 5239 et
717 5182 785 5238 ad
813 5181 1119 5254 genitalem
1162 5197 1454 5254 regressus
1493 5180 1701 5248 locum,
1734 5195 1862 5236 cum
1891 5197 2140 5251 praesens

507 5277 751 5347 adesset,
779 5276 1020 5347 patriam
1047 5275 1356 5347 quasrebat.

1109 5368 1325 5427 CAPUT
1355 5368 1526 5423 XXVI.

580 5464 868 5537 Reparatis
902 5465 1090 5537 itaque
1132 5462 1439 5535 aggeribus
1480 5467 1531 5518 et
1581 5461 1775 5529 vineis,
1808 5463 2143 5534 ceterisque

506 5557 790 5614 machinis
843 5557 1185 5625 obsidionis,
1242 5559 1548 5612 renovatus
1607 5562 1690 5612 est
1753 5555 1888 5611 belli
1942 5556 2142 5625 furor;

506 5650 668 5722 quasi
691 5649 762 5704 ad
791 5654 1108 5706 extremam
1146 5649 1332 5720 operis
1370 5664 1605 5706 manum
1641 5649 1912 5720 utrinque
1949 5649 2146 5705 studiis

571 5770 669 5834 (t3)
707 5767 956 5819 Cossum.
983 5770 1165 5822 Bm.

579 5841 676 5904 {14)
704 5841 789 5889 An
820 5834 1067 5896 aediﬁcii?
1089 5839 1388 5891 GALLAND.

2237 4623 2542 4695 temperies
2605 4622 2922 4677 necessaria
2985 4624 3101 4689 est,
3171 4627 3227 4675 et
3283 4625 3527 4692 angusto
3594 4620 3839 4687 ingressus

2237 4717 2462 4772 navium
2482 4719 2777 4771 coercetur
2801 4715 3007 4769 limite.
3030 4714 3206 4784 Major
3228 4714 3422 4786 itaque
3451 4710 3678 4785 periculi
3703 4720 3836 4769 cura,

2237 4809 2334 4864 ubi
2373 4826 2501 4881 spes
2557 4809 2876 4880 propinqua
2893 4827 2920 4877 ;.
2962 4807 3373 4862 mdiﬁcantibus
3433 4819 3656 4878 quoque
3705 4799 3838 4872 plana

2239 4904 2464 4960 exordia
2497 4903 3026 4967 fundamentorum,
3070 4901 3168 4955 sed
3197 4901 3374 4955 ardua
3405 4900 3673 4954 celsorum
3697 4906 3837 4964 opera

2239 4998 2613 5069 fastigiorum.
2668 4997 2733 5050 Et
2788 4996 3126 5067 plerumque
3179 4995 3237 5049 in
3294 4995 3418 5066 ipso
3479 4991 3661 5065 operis
3715 4987 3834 5042 clau-

2241 5091 2411 5147 dendi
2460 5090 2592 5155 fine,
2619 5089 2897 5144 mercedis
2933 5105 3048 5144 sua:
3094 5104 3337 5143 munere
3375 5085 3724 5143 defraudatur
3750 5078 3832 5132 mi-

2243 5185 2519 5240 serandus
2557 5183 2746 5250 faber,
2795 5185 2896 5238 aut
2938 5181 3206 5237 culminis
3243 5181 3404 5253 lapsu
3447 5179 3704 5242 obrutus,
3754 5171 3835 5226 aut

2246 5277 2486 5332 instabili
2517 5277 2790 5348 deceptus
2829 5275 3086 5347 vestigio,
3117 5279 3178 5330 ut
3203 5275 3276 5329 ad
3318 5273 3586 5330 inferiora
3625 5265 3831 5324 decidat.

2245 5371 2320 5426 De
2343 5370 2592 5442 agricola
2635 5370 2770 5442 quid
2811 5370 3016 5439 dicam,
3062 5369 3152 5424 cui
3196 5368 3514 5440 procinctus
3543 5357 3834 5420 laboriosior

2244 5465 2443 5520 messis
2486 5479 2660 5536 quam
2703 5464 2936 5534 segetis,
2978 5463 3276 5518 vindemia:
3310 5477 3484 5535 quam
3526 5451 3829 5530 putationis:

2245 5565 2301 5614 et
2337 5558 2545 5614 adultis
2586 5557 2864 5613 fructibus
2891 5557 3152 5630 graviora
3190 5572 3418 5628 semper
3441 5547 3727 5610 metuenda
3751 5557 3829 5616 pe-

2247 5651 2473 5707 ricula?
2507 5652 2656 5708 Nihil
2702 5668 2841 5724 ergo
2891 5667 3122 5721 novum,
3177 5650 3224 5706 si
3271 5649 3453 5707 adhuc
3506 5662 3600 5701 nos
3644 5643 3696 5696 in
3730 5639 3831 5710 ίΡ³⁰

2309 5775 2407 5837 (l5)
2430 5773 2735 5826 Resultauit.
2762 5774 2942 5827 Buta.

2315 5846 2413 5908 (16)
2443 5845 2715 5896 Restinrn‘t.
2745 5844 2825 5896 In.
