4128 6194
309 300 449 351 2277

1353 301 1440 357 DE
1480 255 1747 358 EXClDlO
1784 301 1986 358 ΗΕΒΙὸ
2027 301 2382 358 HIEROSOL.
2429 305 2552 359 LIB.
2599 257 2657 358 νῖ

3525 315 3665 368 2278

303 425 475 493 portu
504 423 946 478 consummandi
975 438 1171 479 cursus
1195 425 1514 497 periculum
1545 433 1768 482 manet:
1799 428 1936 498 quia
1958 441 2015 512 Α
2036 426 2384 502 cidaverunt.
2436 427 2582 493 Quid
2631 430 2897 484 timemus
2952 447 3047 487 eos
3097 449 3238 504 quos
3274 435 3393 505 jam
3447 436 3658 502 fames,

304 529 411 586 per
451 515 786 587 angustiora
829 515 1053 574 viarum
1095 517 1483 575 scandendum
1531 525 1618 574 est
1659 519 1730 574 ad
1770 525 1936 576 Ante.

304 607 462 664 niam
510 627 523 664 :
571 625 686 681 quo
727 608 964 680 dejectis
1009 610 1144 667 inde
1183 611 1536 683 adversariis,
1581 613 1937 686 superiorem

302 707 645 774 occupantes
688 703 909 771 locum,
958 719 1023 759 ac
1066 721 1236 776 supra
1280 706 1549 762 verticem
1593 706 1756 762 locati
1805 707 1934 762 hos-

302 794 482 865 tium,
523 795 674 867 ipsos
723 797 1147 868 quodammodo
1191 799 1477 854 anhelitus
1515 815 1718 856 eorum
1757 800 1932 855 inter-

302 887 621 944 cludamus.
679 889 789 946 Sed
844 890 1074 946 difﬁcile
1130 891 1240 947 hoc
1294 893 1460 948 nobis
1514 893 1620 964 (17)
1677 892 1934 960 videtur,

302 982 741 1054 commilitones,
769 984 931 1057 quasi
961 1001 1094 1041 vero
1126 984 1200 1041 ad
1230 986 1448 1057 ludum,
1479 1003 1593 1042 non
1621 986 1694 1040 ad
1718 986 1937 1041 bellum

303 1077 675 1132 convenimus
708 1095 720 1131 :
751 1078 808 1133 in
851 1095 964 1149 quo
1002 1083 1101 1135 aut
1139 1081 1504 1148 vincendum,
1550 1086 1650 1136 aut
1687 1081 1933 1135 morien-

303 1168 442 1224 dum
463 1169 534 1226 sit
547 1171 702 1226 viris.
720 1173 872 1227 Tunc
893 1189 1033 1246 ergo
1054 1174 1379 1230 debueratis
1394 1191 1685 1245 excusare,
1704 1173 1934 1246 quando

302 1262 375 1318 ad
404 1263 667 1335 prelium
708 1266 1037 1336 veniebatis,
1067 1271 1133 1323 ut
1167 1267 1531 1324 vindicaretis
1568 1267 1788 1324 cladem
1824 1268 1934 1322 Ro-

301 1357 463 1412 mani
489 1359 786 1427 exercitus,
810 1363 868 1416 et
892 1362 1194 1418 maculate
1215 1362 1434 1417 militie
1453 1361 1733 1434 probrum
1761 1361 1937 1416 dilue-

302 1450 459 1505 retis.
509 1451 567 1508 Si
620 1452 855 1509 Neronis
908 1458 1171 1528 tempore
1226 1455 1608 1511 ulciscendam
1663 1454 1935 1526 injuriam

300 1543 546 1600 Romani
578 1547 829 1602 nominis
864 1548 1246 1616 estimabatis,
1286 1549 1422 1621 quid
1461 1565 1558 1604 vos
1594 1549 1760 1604 decet
1793 1547 1936 1605 velle

301 1636 651 1709 Vespasiano
708 1641 1093 1713 imperatore?
1142 1643 1416 1698 Lavemus
1472 1641 1778 1714 superioris
1832 1643 1936 1697 im-

301 1731 447 1802 perii
480 1737 694 1802 notam,
726 1751 797 1789 ne
830 1741 1022 1791 nostro
1051 1735 1349 1792 adhereat
1379 1753 1392 1793 :
1428 1753 1602 1810 quam
1631 1737 1774 1792 Nero
1805 1737 1933 1807 qui-

303 1823 439 1879 dem
493 1833 816 1882 remoturus
873 1845 977 1901 per
1038 1830 1445 1901 Vespasianum
1510 1806 2014 1896 estimabatnr,B

301 1917 674 1990 Vespasianus
731 1938 834 1993 per
893 1922 1079 1979 Titum
1138 1924 1197 1978 in
1253 1940 1312 1978 se
1369 1923 1768 1990 transfuderit,
1827 1922 1934 1977 nisi

300 2010 607 2068 vicerimus
637 2031 650 2068 :
681 2017 1044 2088 exsequenda
1070 2017 1234 2073 nobis
1271 2017 1666 2072 tantummodo
1701 2016 1930 2087 supple-

303 2111 502 2162 menta
526 2107 770 2164 victorie
798 2114 958 2180 pater
981 2111 1211 2182 reliquit
1240 2127 1253 2166 :
1283 2127 1397 2183 quo
1438 2109 1576 2165 fusis
1618 2110 1677 2165 in
1707 2125 1932 2165 cassum

304 2200 482 2254 tantis
507 2199 820 2273 laboribus,
851 2203 1157 2260 dedecores
1182 2203 1462 2276 inultiqne
1486 2204 1797 2260 referemus
1824 2203 1932 2274 (18)

305 2292 574 2363 gradum,
620 2294 912 2352 victoriam
955 2297 1455 2370 derelinquentes?
1492 2297 1653 2369 quasi
1693 2313 1809 2352 non
1851 2297 1931 2353 le-

302 2386 422 2440 vius
467 2387 682 2445 crimen
732 2391 806 2446 sit
845 2391 915 2446 de
961 2390 1164 2447 militia
1204 2391 1497 2461 decedere,
1537 2407 1713 2463 quam
1755 2390 1930 2446 victo-

305 2479 452 2536 riam
480 2482 742 2539 deserere
774 2501 786 2538 :
815 2484 953 2541 illud
985 2485 1138 2540 enim
1166 2483 1504 2554 formidinis,
1531 2485 1641 2539 hoc
1668 2484 1935 2556 proditio-

306 2572 398 2628 nis
449 2581 550 2631 est.
602 2576 712 2632 Sed
761 2577 1141 2649 periculosum
1191 2578 1405 2651 putatis
1450 2579 1510 2632 in
1563 2577 1790 2633 hostem
1834 2577 1931 2633 de-

309 2668 600 2737 scendere,
646 2675 702 2726 et
745 2687 975 2727 murum
1021 2671 1194 2727 armis
1235 2673 1655 2727 circumsonare
1710 2689 1723 2726 :
1775 2672 1933 2743 quasi

311 2776 443 2816 vero
474 2763 767 2819 muliebria
802 2765 870 2820 de
908 2765 1090 2835 nobis,
1120 2771 1176 2822 et
1211 2781 1324 2820 non
1368 2765 1554 2820 virilia
1589 2781 1764 2836 Opera
1810 2765 1934 2836 ipsa

303 2860 512 2910 natura
567 2861 808 2929 expetat,
868 2875 993 2931 que
1047 2859 1206 2914 nobis
1259 2858 1388 2914 ideo
1439 2859 1672 2914 vitalem
1726 2858 1934 2914 infudit

302 2947 592 3020 spiritum,
621 2956 684 3006 ut
718 2969 852 3006 eum
890 2969 994 3024 pro
1037 2952 1220 3024 gloria
1257 2951 1500 3007 libenter
1538 2951 1929 3007 refundamus.

302 3042 390 3097 Ad
433 3060 562 3114 que
605 3043 810 3116 igitur,
858 3045 965 3101 nisi
1013 3046 1084 3101 ad
1132 3045 1378 3100 maxima
1430 3062 1669 3118 queque
1713 3063 1747 3100 a
1789 3045 1931 3100 duce

303 3152 410 3192 suo
450 3136 693 3193 bellator
729 3139 1116 3196 adhortandus
1151 3139 1272 3195 est?
1322 3140 1460 3194 Nam
1501 3139 1693 3195 usitati
1745 3139 1933 3212 operis
1953 3174 2010 3250 Ο

301 3229 657 3300 adhortatio,
697 3249 812 3288 non
854 3235 1038 3289 solum
1078 3233 1391 3302 conventis,
1439 3233 1536 3289 sed
1579 3232 1752 3288 etiam
1795 3248 1930 3287 con-

302 3325 663 3382 venientibus
700 3327 866 3382 aﬂ‘ert
889 3328 1188 3400 pudorem,
1229 3334 1287 3382 ut
1319 3328 1516 3400 exigas
1547 3327 1701 3398 quod
1736 3329 1934 3398 sponte

302 3417 545 3474 debetur
587 3437 600 3475 :
646 3419 702 3474 id
748 3421 904 3476 enim
951 3421 1022 3476 de
1068 3438 1126 3477 se
1173 3421 1413 3476 militem
1457 3425 1729 3492 prestare
1773 3436 1935 3492 opor-

189 3513 192 3515 λ
302 3515 403 3566 tet.
454 3512 524 3566 Et
562 3516 754 3569 tamen
798 3513 932 3586 quid
977 3514 1423 3570 immoderatum
1461 3531 1492 3568 a
1529 3513 1686 3568 vobis
1730 3512 1936 3585 exigo?

302 3603 507 3661 Nonne
559 3611 790 3678 prestat
841 3607 990 3663 mori
1041 3623 1143 3681 per
1192 3607 1460 3663 virtutem
1521 3623 1696 3679 quam
1747 3606 1935 3661 vivere

305 3697 377 3753 ad
436 3698 854 3771 ignominiam?
914 3701 977 3756 ln
1039 3701 1258 3757 medias
1323 3701 1720 3756 Romanorum
1787 3700 1937 3754 acies

302 3791 640 3865 frequenter
701 3793 934 3850 ludens
995 3794 1276 3864 excurrit,
1334 3811 1400 3849 ac
1457 3809 1577 3850 sese
1637 3793 1938 3849 hostilibus

303 3886 502 3943 cuneis
549 3887 872 3959 impavidus
922 3887 1205 3956 infundit,
1261 3904 1376 3944 non
1431 3888 1502 3942 ad
1555 3903 1714 3959 spem
1769 3886 1938 3942 victo-

303 3979 430 4050 rie,
474 3980 576 4036 sed
619 3981 693 4036 ad
742 3981 1019 4037 indicium
1064 3981 1439 4049 fortitudinis,
1491 3985 1547 4037 et
1597 3981 1933 4037 ostentatio-

303 4089 440 4128 nem
499 4073 717 4145 gloriae.
780 4075 922 4144 Vos,
980 4075 1186 4148 quibus
1242 4079 1394 4130 terra
1452 4079 1509 4130 et
1563 4075 1708 4130 mari
1764 4091 1937 4130 nemo

303 4167 544 4239 impune
581 4167 766 4224 adhuc
804 4169 1028 4239 restitit,
1057 4169 1261 4241 quibus
1296 4185 1410 4224 non
1450 4174 1535 4224 est
1573 4184 1779 4224 novum
1811 4169 1933 4223 vin-

306 4277 468 4332 cere,
508 4264 567 4317 et
611 4262 828 4317 crimen
881 4279 995 4318 non
1035 4262 1264 4330 vicisse,
1306 4278 1438 4317 cum
1485 4266 1638 4318 tanta
1685 4261 1938 4318 habeatis

308 4355 573 4412 vincendi
616 4355 904 4428 suffragia,
950 4372 1055 4412 nec
1100 4357 1275 4412 semel
1320 4355 1554 4428 quidem
1594 4355 1936 4427 proripuisse

306 4449 370 4504 in
404 4449 631 4506 hostem
671 4450 915 4522 gradum
959 4467 1076 4505 non
1116 4448 1331 4521 pudet?
1358 4448 1456 4505 sed
1485 4454 1730 4504 armatos
1757 4448 1939 4504 otium

2036 520 2205 592 ignis,
2256 521 2639 590 latrocinium,
2691 521 2890 579 seditio
2946 526 3252 582 exstinxit?
3294 528 3441 592 Quid
3490 529 3660 586 desti-

2036 614 2251 672 tuimus
2285 615 2474 672 divina
2497 615 2809 672 beneficia?
2833 617 3006 688 Cujus
3045 619 3204 674 enim
3243 621 3352 676 nisi
3383 622 3483 678 Dei
3520 629 3663 678 nutu
3709 655 3714 657 -

2037 710 2094 766 in
2124 727 2225 766 sua
2252 710 2431 767 collisi
2459 725 2620 766 arma
2651 711 2824 766 sunt?
2854 711 3116 768 Destitnti
3145 729 3369 786 quoque
3397 715 3662 772 subsidiis

2036 803 2473 871 alimentorum,
2530 820 2636 859 nec
2696 804 2844 859 nllus
2899 804 3191 860 domestici
3248 806 3380 862 ﬁnis
3433 808 3662 865 furoris.

2037 897 2247 954 Vereor
2290 914 2362 953 ne
2395 898 2520 969 jam
2564 899 2624 951 et
2669 897 3010 968 religionem
3059 898 3356 955 videamur
3403 901 3664 971 rebelles,

2038 992 2136 1062 qui
2175 996 2232 1047 et
2261 991 2490 1060 nostris,
2520 995 2576 1046 et
2611 990 2726 1045 suis
2755 990 3128 1062 religionibus
3167 991 3376 1049 inﬁdos
3414 1000 3528 1049 tam
3567 994 3665 1050 diu

2034 1099 2407 1140 reservamus.
2448 1085 2656 1139 Verum
2701 1088 2853 1153 esto,
2896 1084 2968 1139 sit
3007 1088 3172 1142 atrox
3207 1085 3420 1142 bellum
3455 1091 3513 1142 et
3550 1087 3663 1142 for-

2034 1177 2402 1234 midolosum.
2440 1177 2585 1242 Quid
2626 1177 2780 1233 enim
2823 1193 2923 1232 vos
2970 1177 3106 1234 belli
3147 1179 3439 1236 demulceo
3484 1181 3662 1236 facili-

2033 1273 2188 1327 tate?
2217 1272 2301 1328 Sit
2325 1271 2558 1327 victoria
2584 1271 2825 1342 incerta,
2856 1275 3076 1328 certum
3103 1271 3438 1344 periculum.
3469 1275 3666 1331 Nonne

2034 1364 2188 1435 apud
2227 1380 2324 1421 eos
2364 1365 2506 1420 mihi
2545 1380 2737 1420 sermo
2781 1369 2886 1433 est,
2926 1365 3024 1436 qui
3063 1366 3317 1421 humana
3357 1368 3668 1438 prudentia

2036 1459 2318 1526 noverint,
2363 1459 2422 1514 in
2461 1458 2727 1530 periculis
2771 1459 3190 1530 promptiorem
3237 1476 3357 1516 esse
3402 1462 3667 1518 omnium

2036 1552 2420 1608 animantium
2467 1551 2874 1608 fortitudinem
2919 1568 3092 1624 quam
3135 1553 3195 1607 in
3247 1553 3668 1611 remissioribus

2035 1644 2532 1702 contentionibus?
2573 1646 2729 1701 Fere
2765 1645 2904 1717 ipse
2943 1662 3074 1701 cum
3118 1663 3177 1702 se
3217 1647 3666 1704 circumvallatas

2035 1739 2206 1794 armis
2238 1741 2346 1811 (19)
2381 1738 2630 1794 viderint
2656 1739 2873 1809 majore
2899 1739 2958 1795 in
2991 1756 3086 1795 eos
3125 1740 3343 1812 impetu
3381 1746 3577 1808 ruunt,
3606 1746 3668 1797 ut

2034 1833 2087 1888 vi
2117 1833 2226 1888 sibi
2265 1833 2528 1905 aperiant
2563 1835 2696 1888 iter.
2726 1834 2794 1888 Et
2829 1834 3112 1890 atrociora
3144 1850 3380 1906 serpens
3418 1835 3665 1890 latibulis

2035 1943 2323 1995 excussus,
2350 1926 2602 1982 infundit
2629 1941 2869 1983 venena.
2897 1927 3041 1982 Sunt
3073 1927 3264 1996 etiam,
3295 1945 3426 2001 que
3462 1934 3666 1984 natura

2036 2019 2286 2090 innoxia,
2318 2020 2378 2075 in
2408 2019 2675 2092 periculis
2700 2021 2890 2075 tamen
2924 2020 3040 2076 suis
3076 2019 3150 2075 ad
3185 2021 3510 2077 nocendum
3543 2021 3661 2078 for-

2036 2113 2180 2168 tiora
2209 2116 2343 2168 sunt
2377 2113 2510 2184 (20).
2552 2111 2774 2168 Habent
2809 2111 2960 2168 cervi
3001 2129 3100 2169 sua
3139 2130 3318 2182 arma,
3354 2114 3401 2168 si
3444 2115 3574 2186 quis
3609 2131 3669 2170 se

2036 2206 2266 2262 obvium
2305 2207 2469 2274 ferat,
2513 2211 2570 2262 et
2612 2208 2857 2262 mortem
2895 2206 3164 2262 cornibus
3202 2207 3509 2279 repellunt.
3553 2209 3664 2264 Ha.

2033 2301 2175 2356 bent
2220 2305 2278 2356 et
2323 2301 2472 2355 lese
2520 2299 2760 2371 apicule
2805 2316 2939 2356 suos
2990 2317 3232 2356 morsus.
3283 2301 3430 2366 Quid
3475 2307 3667 2357 autem

2035 2394 2106 2449 de
2141 2393 2276 2448 viris
2318 2392 2686 2449 bellatoribus
2725 2392 2882 2464 apud
2922 2394 3207 2448 Romanos
3248 2395 3491 2466 loquar?
3534 2411 3667 2450 cum

2033 2486 2312 2542 Leonidas
2362 2486 2458 2541 ille
2517 2485 2924 2542 Lacedemone
2981 2486 3240 2557 genitus,
3305 2487 3666 2559 preliaturus

2033 2579 2302 2635 adversus
2384 2577 2862 2634 innumerabilem
2937 2580 3235 2634 Persarum
3309 2580 3663 2647 exercitum,

2034 2671 2241 2727 dixerit
2276 2687 2291 2728 :
2337 2673 2725 2727 Prandeamns
2769 2672 2828 2726 in
2870 2671 3056 2740 terris,
3099 2671 3252 2742 apud
3295 2673 3510 2728 inferos
3551 2689 3663 2730 coe-

2035 2765 2244 2820 naturi.
2284 2767 2526 2821 Tantum
2571 2765 2742 2820 valuit
2779 2764 2932 2837 apud
2963 2765 3186 2820 Grecos
3225 2764 3317 2820 hic
3349 2782 3559 2836 sermo,
3603 2771 3666 2822 ut

2034 2874 2153 2915 non
2202 2859 2388 2915 solum
2443 2858 2513 2914 de
2558 2857 2828 2914 trecentis
2874 2857 2984 2913 illis
3037 2857 3482 2915 Lacedemoniis
3531 2861 3664 2916 viris

2035 2951 2240 3023 quibus
2273 2952 2392 3023 ipse
2431 2957 2690 3022 preerat,
2741 2967 2798 3007 se
2835 2966 3006 3006 nemo
3049 2951 3410 3022 subtraxerit,
3455 2959 3666 3024 preter

2036 3060 2214 3100 unum
2242 3050 2485 3113 tantum,
2514 3061 2689 3116 quem
2718 3044 3084 3117 superstitem
3117 3049 3315 3117 postea
3343 3046 3531 3102 nullus
3569 3064 3662 3103 re-

2033 3139 2209 3210 cepit,
2233 3138 2330 3194 sed
2357 3139 2527 3194 etiam
2553 3138 2624 3194 de
2649 3139 2864 3194 ceteris
2889 3139 2988 3211 qui
3024 3139 3192 3194 simul
3228 3140 3299 3195 ad
3333 3139 3664 3197 bellandum

2034 3238 2436 3304 processerant,
2483 3231 2592 3287 nisi
2637 3247 2781 3303 quos
2822 3232 3105 3288 Leonidas
3151 3235 3310 3288 tanto
3347 3233 3666 3306 degeneres

2033 3325 2188 3381 bello
2251 3325 2589 3397 repudiavit.
2651 3326 2796 3391 Quid
2854 3326 2924 3382 de
2981 3327 3373 3382 Romanorum
3427 3327 3668 3400 integris

2035 3419 2356 3491 legionibus
2413 3419 2654 3491 loquar?
2707 3435 2849 3491 quos
2899 3419 3032 3475 Cato
3087 3421 3362 3476 Romane
3421 3429 3667 3478 assertor

2034 3513 2336 3583 facundie,
2385 3516 2442 3567 et
2480 3511 2731 3568 veritatis
2783 3513 3037 3568 sincerus
3085 3513 3391 3586 interpres,
3429 3517 3672 3572 asseruit

2037 3621 2169 3661 cum
2235 3605 2608 3661 exsultatione
2668 3605 2739 3661 ad
2800 3605 3016 3660 bellum
3077 3607 3416 3677 processisse
3485 3626 3498 3662 :
3567 3610 3669 3664 sed

2037 3714 2150 3770 quo
2206 3714 2264 3754 se
2318 3697 2606 3754 redituros
2656 3697 3090 3766 arbitrarentur,
3144 3699 3547 3772 universosque
3599 3701 3668 3756 li-

2035 3792 2239 3848 benter
2308 3791 2713 3863 procubuisse,
2782 3807 2854 3848 ne
2933 3795 3224 3847 mutarent
3297 3793 3664 3850 sententiam.

2040 3885 2190 3941 Beati
2239 3901 2486 3957 quorum
2532 3901 2701 3941 nemo
2741 3886 2859 3940 suis
2899 3885 3151 3941 hostium
3195 3885 3492 3942 victoriam
3531 3886 3664 3957 fuga

2036 3979 2414 4035 annnntiavit.
2444 3980 2521 4034 De
2559 3978 2826 4034 trecentis
2871 3985 3063 4034 tamen
3103 3979 3551 4035 Lacedemoniis
3585 3981 3668 4034 vir

2038 4089 2187 4129 unus
2237 4073 2583 4144 subterfugit
2620 4088 2634 4125 :
2674 4072 2759 4127 illi
2805 4072 2864 4127 in
2915 4071 3195 4144 angustiis
3237 4072 3664 4144 preliabantnr,

2036 4183 2108 4222 ne
2133 4165 2708 4221 circumvenirentur.
2731 4165 2810 4221 De
2837 4165 3114 4221 Romanis
3133 4166 3454 4238 legionibus
3478 4167 3670 4223 nullus

2037 4260 2215 4316 vitam
2250 4259 2444 4331 elegit,
2473 4259 2576 4315 sed
2611 4275 2812 4314 omnes
2847 4259 3046 4314 mortis
3083 4259 3492 4329 hereditatem,
3523 4273 3665 4334 quo-

2039 4369 2166 4409 rum
2206 4370 2306 4408 vos
2343 4353 2558 4425 posteri
2603 4351 2735 4408 estis
2764 4369 2778 4407 :
2810 4352 2855 4408 si
2889 4357 3221 4424 contemptu
3259 4354 3668 4426 periculorum,

2037 4446 2200 4519 quasi
2261 4447 2512 4518 gloriosa
2571 4446 2823 4513 indoles,
2883 4446 3109 4501 virtutis
3166 4447 3493 4518 prosapiam
3549 4465 3669 4504 non

307 4547 506 4600 tenere
530 4586 545 4612 ,
621 4547 678 4598 et
750 4543 1043 4614 procinctu
1117 4543 1330 4614 positos
1353 4584 1366 4611 ,
1443 4541 1655 4598 feriatis
1730 4541 2018 4620 animisD
2039 4540 2326 4596 abnuatis.
2365 4539 2502 4604 Quis
2536 4541 2690 4594 enim
2724 4539 2960 4594 fortium
2995 4540 3245 4595 virorum
3275 4553 3398 4596 esse
3423 4557 3485 4596 se
3511 4557 3667 4597 mor-

309 4642 632 4708 exspectare
691 4641 753 4691 ut
808 4637 988 4692 fames
1045 4653 1148 4708 pro
1215 4635 1379 4691 nobis
1445 4635 1707 4704 dimicet,
1766 4641 1935 4707 atque

307 4729 497 4784 inedia
551 4729 738 4801 potius
787 4746 890 4785 sna
941 4746 1117 4802 quam
1166 4729 1376 4786 nostris
1423 4729 1532 4784 fusi
1593 4729 1820 4800 gladiis,
1877 4728 1936 4783 in

309 4822 676 4894 opprobrium
705 4822 868 4878 nobis
895 4823 1307 4879 erubescendos
1331 4825 1556 4878 vertant
1581 4822 1937 4894 triumphos?

309 4915 434 4970 Non
490 4914 686 4986 pudet,
736 4916 995 4988 inquam,
1047 4917 1270 4971 strenui
1318 4914 1751 4985 commilitones,
1808 4914 1932 4970 nni-

311 5024 607 5064 versarum
656 5009 896 5066 victores
941 5011 1226 5081 gentium,
1274 5009 1421 5064 nihil
1467 5008 1537 5064 de
1587 5008 1762 5063 armis
1808 5024 1933 5080 spe-

311 5118 462 5172 rare,
506 5102 649 5159 nihil
697 5103 768 5159 de
812 5103 1046 5168 viribus,
1091 5102 1192 5157 sed
1237 5101 1308 5156 de
1349 5103 1470 5157 sola
1516 5101 1835 5168 obsidione,
1882 5108 1938 5158 et

311 5195 526 5268 operiri
568 5197 795 5268 quando
840 5195 1018 5252 hostis
1061 5194 1268 5252 morbo
1317 5199 1716 5262 consenescat,
1767 5200 1939 5266 atque

311 5291 373 5346 in
415 5307 518 5347 suo
563 5291 840 5347 moriatur
880 5290 1124 5348 lectulo?
1167 5291 1234 5348 Et
1277 5304 1407 5362 que
1445 5293 1631 5360 potest
1662 5303 1783 5344 esse
1819 5288 1939 5344 sine

310 5383 466 5440 bello
517 5383 782 5440 victoria?
836 5384 1031 5440 omnia
1086 5387 1220 5439 sunt
1263 5383 1485 5455 repleta
1542 5381 1938 5449 cadaveribus,

314 5475 605 5533 deformes
624 5477 842 5534 exuvie
855 5477 1070 5550 jacent,
1092 5492 1409 5548 exsangues
1429 5474 1686 5547 reliquie
1706 5473 1940 5530 defunc-

313 5573 533 5639 torum,
577 5571 686 5626 nisi
730 5587 875 5643 quos
920 5571 1021 5642 ipsi
1068 5569 1218 5626 inter
1257 5585 1314 5623 se
1354 5569 1470 5623 suis
1507 5567 1776 5623 manibus
1815 5571 1936 5622 trn-

377 5703 473 5764 (17)
507 5701 678 5754 Vobis.
705 5703 883 5756 Buta.

379 5774 474 5838 (18)
502 5772 808 5837 Rofsrimus.
839 5774 919 5824 In.

381 5843 475 5907 (19)
506 5843 757 5895 Annalis.
788 5843 869 5893 In.

2035 4634 2210 4688 talem
2271 4647 2390 4688 non
2448 4632 2701 4699 noverit,
2758 4631 3138 4704 omnibusque
3194 4633 3441 4705 positum
3493 4635 3666 4692 tinem

2036 4725 2303 4780 vivendi?
2337 4725 2562 4788 Quanto
2603 4723 2779 4796 igitur
2820 4725 3020 4780 melius
3066 4725 3264 4797 patrie
3305 4726 3664 4799 impendere,

2038 4817 2190 4890 quod
2232 4825 2456 4874 nature
2501 4817 2735 4887 debeas,
2775 4821 2834 4873 et
2870 4819 3267 4874 necessitatem
3311 4826 3666 4876 commutare

2039 4912 2222 4984 gloria
2259 4927 2271 4962 :
2305 4927 2410 4967 nec
2450 4911 2673 4966 anhele
2714 4914 3026 4968 senectutis
3065 4912 3321 4984 suspiriis
3361 4913 3664 4970 obnoxiam

2039 5006 2214 5061 vitam
2239 5005 2483 5076 dejicere
2510 5005 2642 5075 (2t),
2683 5021 2786 5062 nec
2815 5005 3084 5062 ferventis
3118 5006 3473 5078 egritudinis
3505 5023 3665 5064 casus

2038 5099 2428 5166 reformidare,
2473 5115 2609 5154 cum
2653 5099 2922 5170 depositis
2971 5115 3091 5155 evo
3132 5099 3464 5172 quotidiana
3509 5101 3662 5157 fasti-

2040 5193 2135 5248 dia
2164 5191 2316 5248 sint?
2345 5193 2577 5248 Illorum
2603 5199 2816 5259 autem,
2846 5193 2944 5264 qui
2969 5193 3245 5265 languore
3283 5197 3664 5264 marcescunt,

2039 5285 2435 5342 deﬁcientibus
2479 5284 2692 5340 viribus
2736 5285 2949 5357 pariter
2989 5302 3052 5340 ac
3093 5286 3372 5357 sensibus,
3417 5291 3478 5342 ut
3515 5290 3663 5344 mul-

2041 5385 2228 5434 torum
2273 5378 2468 5451 opinio
2512 5378 2717 5445 habet,
2768 5378 2979 5433 anime
3034 5379 3202 5434 simul
3252 5395 3384 5435 cum
3435 5396 3667 5454 corpore

2040 5472 2297 5543 sepulcro
2331 5470 2750 5543 adjndicentnr.
2780 5473 2853 5526 At
2887 5487 3021 5527 vero
3058 5471 3402 5530 bellatorum
3444 5481 3502 5530 et
3533 5479 3670 5532 stre.

2043 5565 2450 5622 nuissimorum
2479 5565 2755 5632 virorum,
2784 5564 2883 5637 qui
2918 5580 2976 5619 se
3014 5581 3118 5635 pro
3146 5567 3349 5637 patria,
3388 5584 3494 5639 pro
3520 5567 3663 5627 libe-

2103 5699 2199 5764 (20)
2228 5699 2412 5751 Fortia
2438 5697 2563 5748 sint.
2594 5698 2674 5747 In.

2104 5771 2202 5836 (it)
2224 5771 2435 5834 Degere.
2465 5768 2544 5819 In.
