4128 6194
538 294 671 345 2-279
2002 287 2053 339 S.
2098 283 2412 341 AMBROSII
3716 292 3831 347 2280

533 413 638 478 ris,
698 429 801 484 pro
859 411 1138 482 religione
1190 411 1360 466 morti
1419 410 1754 466 devoverint
1813 409 2032 464 animas
2093 409 2163 463 de
2189 409 2404 491 Asuit,
2452 425 2572 463 nec
2634 409 2887 479 dejectus
2955 408 3166 479 gradu,
3228 423 3331 463 nec
3391 424 3549 466 muro
3609 429 3835 469 excussus

532 505 770 561 vinculis
820 506 1070 576 corporis
1121 505 1288 575 hujus
1333 505 1482 559 ferro
1533 504 1816 559 absolutas
1869 502 2008 557 nulli
2058 501 2158 556 du-
2267 507 2381 571 est,
2435 502 2538 557 nisi
2595 508 2884 570 mortuus;
2947 502 3126 556 tribus
3178 518 3400 574 quoque
3451 503 3567 558 aliis
3621 509 3832 572 necatis,

529 599 719 666 bium,
778 599 916 671 quin
969 615 1205 672 purum.
1234 598 1372 652 illud
1431 599 1748 652 eethereum
1806 596 2157 651 elementum
2265 601 2390 650 octo
2434 596 2771 662 semineces,
2821 597 2952 651 licet
2989 613 3021 650 a
3057 597 3273 651 caeteris
3315 601 3500 652 tamen
3542 597 3694 653 exitio
3735 601 3835 655 sub-

532 692 828 747 stellarum
861 692 1074 746 lumine
1113 691 1425 762 refulgens,
1457 691 1514 745 in
1552 691 1869 746 coelestibus
1903 689 2166 759 suscipiat
2266 691 2448 745 tracti.

537 785 905 852 habitaculis,
960 785 1204 856 hospitio
1268 785 1515 856 quodam
1572 800 1833 855 supernae
1890 782 2093 853 quietis
2148 799 2159 836 :
2865 807 3085 861 CAPUT
3123 808 3290 862 ΧΧῙΧ,

533 881 595 934 in
622 879 790 934 terris
819 895 1047 951 quoque
1076 893 1395 944 remanere,
1429 878 1649 949 insigne
1678 876 1906 948 aliquod
1933 881 2014 930 est
2043 891 2163 947 gra-

535 973 629 1028 tiae
673 974 758 1028 vel
800 972 1029 1043 injuria:
1071 973 1203 1043 (22),
1240 976 1304 1026 ut
1336 976 1392 1026 et
1423 972 1697 1042 languore
1728 975 2165 1025 commaceratos

534 1066 741 1120 oblivio
778 1065 1130 1120 abscondat:
1173 1071 1230 1120 et
1263 1064 1560 1119 adversum
1602 1066 1800 1135 pectus
1840 1064 1898 1116 in
1942 1064 2165 1118 hostem

533 1159 802 1227 ferentes,
845 1159 890 1213 si
933 1175 1084 1213 mors
1127 1158 1472 1226 convenerit,
1521 1161 1794 1229 sequatur
1831 1156 2035 1228 gloria.
2080 1156 2163 1210 Ad

533 1253 657 1307 haec
688 1268 786 1307 vos
813 1250 988 1306 invito
1018 1251 1280 1321 praemia,
1304 1251 1743 1317 commilitones,
1771 1253 1830 1303 ut
1857 1249 1915 1304 in
1942 1249 2164 1303 hostem

535 1361 858 1417 pergamus,
903 1360 1071 1415 quem
1118 1345 1374 1398 clausum
1422 1350 1684 1399 tenemus
1734 1360 1746 1398 :
1794 1343 2164 1399 ascendamus

531 1441 592 1495 in
633 1455 860 1494 murum
895 1454 996 1508 per
1035 1437 1261 1491 ruinam
1302 1438 1450 1492 muri
1486 1437 1793 1503 validioris,
1834 1453 1962 1508 quae
2002 1436 2165 1490 nobis

533 1533 689 1587 velut
713 1531 1024 1602 quemdam
1049 1547 1319 1602 aggerem
1348 1535 1602 1602 praestat,
1631 1535 1689 1586 et
1713 1536 1975 1602 aequatur
2001 1547 2164 1585 muro

533 1625 810 1681 inferiori.
880 1624 1145 1695 Quisquis
1205 1624 1428 1678 virtutis
1489 1623 1756 1679 vexillum
1823 1623 2160 1696 praeferens,

533 1719 754 1790 primus
803 1717 860 1772 in
911 1734 1141 1772 murum
1192 1718 1532 1786 ascenderit,
1585 1719 1671 1772 vel
1723 1717 2023 1784 secundus,
2076 1717 2163 1770 vel

533 1813 771 1880 tertius,
820 1812 906 1867 vel
957 1812 1217 1883 pluribus
1261 1828 1478 1877 comes;
1525 1812 1971 1883 haudquaquam
2019 1810 2162 1864 mihi

533 1923 648 1962 non
705 1906 950 1962 donatus
1002 1906 1193 1977 opimo
1250 1905 1428 1960 abibit
1485 1921 1724 1960 munere
1781 1923 1792 1959 :
1851 1904 1952 1960 etsi
2009 1904 2164 1959 nulla

533 2001 721 2071 major
765 1999 1152 2055 remuneratio
1191 2015 1363 2070 quam
1406 1998 1753 2053 fortitudinis
1794 1997 1991 2069 gloria,
2035 2013 2161 2068 quae

532 2094 873 2164 plerumque
924 2097 1008 2146 est
1057 2092 1252 2147 tutior.
1311 2093 1452 2146 Nam
1503 2092 1600 2146 ubi
1652 2091 1903 2163 primum
1957 2090 2164 2145 animis

535 2191 591 2241 et
616 2186 829 2240 viribus
853 2186 1373 2240 conﬁdentissimus
1407 2185 1534 2257 quis
1569 2184 1906 2252 ascenderit,
1939 2185 2164 2255 fugient

534 2280 630 2352 qui
666 2279 1019 2346 resistebant,
1063 2284 1160 2334 aut
1197 2278 1270 2333 ad
1309 2278 1581 2332 inferiora
1613 2295 1671 2332 se
1717 2278 2033 2344 conferent,
2066 2281 2164 2330 aut

532 2373 784 2429 latibulis
823 2372 1212 2428 abscondent:
1256 2373 1332 2426 ita
1372 2371 1522 2442 quod
1571 2372 1817 2426 maximo
1863 2387 2012 2425 nunc
2060 2387 2159 2441 pe-

532 2468 712 2522 riculo
743 2467 833 2533 sit,
863 2467 905 2521 si
935 2467 991 2520 in
1028 2465 1394 2520 inferioribus
1431 2465 1779 2537 quaerimus;
1811 2465 1931 2520 sine
1969 2464 2160 2518 labore

529 2577 744 2632 magno
767 2566 1054 2632 sequetur,
1085 2565 1147 2615 ut
1175 2559 1404 2630 dejectis
1443 2558 1697 2613 hostibus
1735 2559 1949 2614 bellum
1981 2557 2158 2613 confi-

532 2655 733 2710 ciatur.

2335 924 2441 977 Nec
2485 927 2705 977 tantum
2748 927 2856 994 (25)
2906 940 3022 977 non
3071 925 3275 978 terrori
3319 924 3547 994 reliquis
3590 941 3725 979 mors
3761 927 3839 980 Sa.

2263 1015 2404 1085 bini,
2433 1017 2529 1070 sed
2556 1017 2841 1070 incentivo
2869 1017 2996 1070 fuit.
3028 1017 3163 1070 Nam
3204 1016 3448 1072 Romani
3478 1016 3575 1071 viri
3610 1018 3695 1088 qui
3724 1035 3839 1088 prae-

2264 1110 2565 1164 tenderant
2591 1109 2910 1180 vigiliarum
2945 1110 3161 1178 munia,
3195 1126 3561 1180 compensare
3586 1111 3842 1182 cupientes

2265 1204 2452 1272 operis
2477 1202 2705 1272 effectu,
2734 1204 2889 1274 quod
2931 1203 3122 1258 Sabini
3161 1203 3347 1258 studio
3387 1204 3646 1274 praeventi
3669 1203 3842 1270 forent,

2267 1294 2461 1366 viginti
2503 1312 2742 1350 numero
2784 1297 2983 1350 ineunt
3024 1296 3325 1351 consilium
3373 1313 3638 1367 magnum
3671 1303 3722 1351 et
3747 1314 3843 1352 me-

2265 1389 2538 1444 morabile
2590 1407 2603 1443 :
2655 1395 2717 1444 ut
2769 1390 3043 1444 advocato
3093 1389 3276 1461 quinti
3326 1390 3536 1444 ordinis
3584 1390 3844 1460 signifero,

2264 1490 2319 1537 et
2357 1483 2581 1537 duobus
2620 1483 2904 1553 equestris
2943 1482 3161 1538 militiae
3198 1483 3331 1536 viris
3356 1499 3495 1554 quos
3522 1484 3849 1554 promptiores

2263 1576 2707 1644 arbitrabantur,
2736 1581 2906 1647 atque
2936 1592 3048 1630 uno
3077 1576 3350 1643 tubicine,
3379 1577 3575 1646 quinta
3600 1576 3724 1630 hora
3748 1594 3850 1630 noc-

2263 1669 2334 1724 tis
2374 1669 2599 1724 silentio
2635 1685 2738 1740 per
2773 1686 3013 1740 aggeres
3048 1686 3172 1724 sese
3213 1670 3657 1740 fragmentorum
3691 1685 3846 1724 mura-

2183 1788 2240 1858 Β
2263 1763 2405 1817 lium
2433 1762 2489 1816 in
2522 1762 2822 1832 superiora
2847 1762 3197 1828 attollerent,
3235 1763 3505 1834 caesisque
3544 1763 3844 1828 custodibus,

2261 1855 2522 1913 Antoniae
2567 1872 2798 1910 murum
2845 1859 3206 1927 occuparent.
3251 1857 3376 1920 Quo
3420 1859 3674 1927 peracto,
3717 1857 3848 1910 terri-

2262 1950 2430 2004 bilior
2456 1949 2622 2004 solito
2661 1949 2881 2004 sonitus
2911 1949 3194 2020 increpuit
3228 1950 3397 2014 tubae,
3436 1953 3497 2003 ut
3527 1948 3650 2003 fessi
3688 1949 3848 2002 labore

2261 2043 2440 2098 Judaei
2481 2047 2538 2097 et
2577 2059 2781 2097 somno
2825 2042 3014 2110 soluti,
3057 2042 3126 2097 de
3166 2043 3472 2114 improviso
3506 2042 3851 2114 perturbaren-

2263 2140 2376 2203 tur,
2421 2136 2556 2208 quia
2603 2135 2801 2190 omnia
2847 2137 3061 2207 repleta
3107 2136 3363 2191 hostibus
3404 2135 3708 2190 crederent.
3734 2137 3850 2188 Ante

2261 2229 2453 2301 itaque
2495 2229 2694 2299 fugere
2739 2233 3035 2300 cmperunt
3081 2245 3253 2300 quam
3297 2230 3417 2284 veri
3467 2229 3602 2283 ﬁdes
3647 2230 3851 2299 pateret.

2265 2324 2458 2394 Neque
2493 2322 2646 2377 enim
2686 2322 2923 2394 periculi
2965 2339 3082 2377 sors
3125 2324 3550 2393 tenebrosaque
3587 2321 3748 2376 noctis
3779 2336 3851 2374 ca-

2263 2417 2378 2487 ligo
2426 2416 2775 2486 patiebatur,
2816 2419 2880 2470 ut
2927 2417 3128 2486 quanti
3185 2421 3394 2484 essent,
3444 2418 3852 2487 cognosceretur.

2266 2511 2329 2564 Et
2370 2511 2556 2566 Caesar
2598 2509 2790 2564 audito
2834 2509 3062 2580 fragore
3108 2509 3280 2578 tubae,
3322 2510 3532 2564 armari
3582 2507 3855 2562 exercitum

2257 2603 2463 2672 jubet:
2499 2604 2618 2674 ipse
2660 2619 2789 2657 cum
2833 2602 3023 2657 electis
3066 2603 3284 2673 primus
3329 2604 3388 2657 in
3434 2618 3655 2657 murum
3691 2616 3854 2654 ascen-

1110 2725 1332 2780 CApUT
1369 2724 1590 2778 XXVI”
2265 2697 2378 2762 dit,
2431 2695 2548 2751 suis
2601 2696 2848 2762 auxilio,
2904 2696 3158 2750 hostibus
3214 2696 3646 2768 impedimento.
3703 2693 3857 2746 Illuxit

2264 2790 2403 2856 dies,
2433 2793 2490 2843 et
2523 2791 2644 2860 jam
2674 2791 2860 2845 Caesar
2890 2789 3227 2860 conspicuus
3259 2806 3289 2844 e
3320 2806 3490 2845 muro
3525 2805 3650 2844 suos
3682 2786 3856 2842 adhor-

2264 2883 2493 2938 tabatur
2521 2900 2534 2937 :
2567 2883 2664 2937 alii
2694 2883 2958 2938 manibus
2984 2900 3218 2938 suorum
3248 2883 3306 2937 in
3340 2899 3569 2938 murum
3601 2879 3856 2936 elevaban-

2265 2983 2376 3043 tur,
2415 2977 2514 3031 alii
2555 2993 2660 3047 per
2695 2976 3040 3044 cuniculum,
3081 2993 3252 3047 quem
3288 2978 3539 3032 Joannes
3572 2976 3635 3030 ad
3671 2974 3857 3029 subver-

2264 3071 2462 3126 tendos
2505 3071 2897 3125 Romanorum
2937 3087 3179 3142 aggeres
3223 3069 3556 3137 defoderat,
3594 3070 3651 3124 in
3690 3067 3857 3122 urbem

2182 3151 2321 3225 Cse
2376 3164 2712 3218 deferebant
2765 3163 2900 3234 (26).
2959 3164 3123 3218 Versa
3180 3163 3235 3218 in
3298 3164 3609 3234 perniciem
3668 3158 3858 3233 perfidis

2262 3256 2513 3312 subsidia
2549 3273 2670 3325 sua,
2701 3257 2907 3312 exclusi
2944 3257 3196 3327 undique
3236 3257 3294 3310 in
3335 3258 3613 3328 templum
3652 3272 3708 3309 se
3747 3269 3856 3308 con-

2263 3353 2471 3408 ferunt.
2505 3352 2581 3405 Eo
2622 3367 2850 3422 quoque
2891 3351 3143 3406 volentes
3179 3350 3426 3405 Romani
3470 3351 3698 3416 irruere,
3727 3347 3856 3402 cohi-

2259 3445 2470 3499 bentur
2495 3445 2776 3516 angustiis
2802 3443 3092 3516 armisque
3122 3443 3510 3514 repelluntur.
3539 3443 3619 3498 Fit
3645 3442 3699 3496 in
3722 3439 3858 3494 vesti-

2260 3539 2394 3592 bulo
2434 3555 2603 3610 grave
2644 3538 2929 3609 praelium,
2956 3554 3061 3592 nec
3090 3538 3212 3608 jam
3252 3537 3485 3609 spiculis
3521 3540 3618 3592 aut
3651 3533 3856 3606 sagittis,

2261 3631 2362 3687 sed
2413 3632 2618 3703 gladiis
2670 3631 2931 3686 cominus
2982 3631 3222 3702 geritur,
3271 3647 3483 3686 manus
3529 3631 3597 3686 ad
3641 3628 3855 3693 vulnera,

2262 3724 2482 3797 gladius
2513 3742 2683 3797 super
2724 3724 2999 3795 gladium,
3033 3724 3174 3778 ictus
3203 3740 3377 3794 super
3413 3725 3591 3779 ictum
3619 3741 3630 3778 :
3662 3735 3856 3794 percus-

2261 3836 2355 3874 sor
2381 3831 2657 3874 cassorum
2700 3818 2976 3889 sanguine
3020 3818 3494 3888 perfundebatur,
3545 3822 3603 3872 ut
3640 3817 3746 3888 ipse
3779 3828 3857 3885 po-

2259 3913 2372 3967 tius
2418 3929 2719 3983 percussus
2763 3911 3164 3966 aestimaretur.
3208 3913 3270 3966 In
3315 3912 3439 3983 ipso
3484 3911 3686 3982 templo
3726 3908 3856 3962 furor

2259 4005 2498 4060 bellicus
2553 4005 2975 4060 dominabatur.
3047 4004 3316 4059 Natabant
3385 4006 3698 4077 pavimenta
3752 4016 3853 4053 san-

2261 4100 2434 4170 guine
2465 4117 2477 4153 :
2511 4099 2878 4154 morientium
2921 4101 3185 4172 gemitus,
3223 4098 3574 4154 vincentium
3615 4099 3856 4152 clamores

2259 4194 2382 4247 sine
2412 4192 2613 4247 ordine
2655 4199 2712 4247 et
2755 4192 2927 4247 modo
2972 4192 3402 4266 personabant:
3433 4193 3707 4248 Romanos
3747 4202 3851 4259 per-

2260 4286 2481 4344 ﬁciendi
2507 4286 2835 4340 certaminis
2862 4303 2990 4358 spes
3013 4286 3376 4354 accenderat,
3397 4286 3604 4342 Iudaeis
3625 4296 3853 4354 suprema

2261 4379 2462 4452 patriae.
2506 4379 2720 4434 excidia
2765 4380 3105 4435 ademerant
3152 4380 3352 4434 mortis
3393 4379 3763 4435 formidinem.
3803 4373 3851 4425 lli

2261 4479 2488 4545 sumptu
2532 4473 2726 4545 glorise
2765 4472 3032 4528 virtutem
3075 4472 3326 4542 alebant,
3371 4474 3452 4528 illi
3498 4469 3853 4543 desperatione

2261 4566 2456 4622 salutis
2512 4583 2681 4621 omne
2734 4565 3106 4621 effundebant
3156 4567 3379 4634 virtutis
3440 4567 3718 4630 viaticum,
3770 4573 3852 4614 nec

605 2843 701 2896 Vix
755 2856 1082 2896 sermonem
1132 2841 1286 2894 Titus
1335 2841 1652 2905 clauserat,
1706 2843 1764 2893 et
1813 2838 2056 2894 Sabinus
2103 2856 2160 2891 se

530 2936 738 2993 obtulit
776 2952 843 2989 ex
887 2934 1063 3006 Syria).
1107 2933 1268 3002 viris,
1314 2932 1578 3003 egregius
1616 2931 1880 2998 bellator,
1927 2938 1981 2986 et
2031 2937 2162 2986 ante

531 3031 814 3085 Caesarem
876 3027 1206 3094 consistens,
1272 3025 1349 3080 ait
1402 3043 1414 3080 :
1463 3024 1705 3081 Obedire
1757 3041 1814 3078 se
1884 3024 2161 3094 imperiis,

533 3113 851 3178 ascensioni
907 3125 1207 3191 paratum,
1261 3120 1307 3172 si
1365 3121 1598 3172 eventus
1650 3117 1757 3171 sibi
1807 3117 2044 3183 adesset,
2103 3120 2164 3170 ut

529 3215 730 3273 Caesari
777 3216 1024 3286 placeret
1081 3231 1094 3267 :
1153 3213 1196 3266 si
1255 3213 1645 3266 destrueretur
1697 3210 1806 3282 (23)
1863 3210 2158 3277 secundis,

530 3309 673 3364 nihil
701 3313 910 3379 praeter
935 3323 1092 3377 spem
1119 3305 1222 3360 sibi
1250 3304 1530 3371 accidere,
1562 3303 1660 3374 qui
1685 3303 1901 3374 judicio
1932 3304 2160 3375 proprio

529 3401 833 3472 delegisset
895 3415 996 3470 pro
1065 3399 1284 3453 Caesare
1349 3398 1518 3453 mori.
1576 3398 1670 3452 His
1727 3397 1888 3452 dictis
1957 3397 2158 3452 laevam

527 3494 862 3560 extendens,
890 3494 1151 3564 clypeum
1191 3507 1359 3563 supra
1389 3495 1562 3562 caput
1593 3491 1815 3559 extulit,
1845 3496 1900 3545 et
1927 3491 2160 3545 dextera

527 3590 752 3645 vibrans
800 3587 1074 3660 gladium,
1127 3587 1383 3640 immane
1430 3590 1706 3657 quantum
1759 3585 1816 3638 in
1865 3601 2028 3638 arma
2070 3584 2155 3637 in-

527 3682 772 3739 surrexit
814 3698 826 3735 :
873 3687 933 3735 ut
969 3679 1150 3752 quivis
1193 3696 1325 3734 eum
1367 3696 1483 3734 non
1532 3681 1935 3750 cognosceret,
1987 3693 2160 3749 quem

526 3778 700 3850 paulo
743 3782 877 3830 ante
918 3774 1078 3829 exilis
1116 3775 1365 3845 corporis
1396 3773 1580 3844 specie
1625 3771 2023 3843 despicabilem
2062 3787 2158 3842 pu-

524 3877 772 3936 taverat,
816 3869 1001 3923 subito
1041 3884 1171 3923 cum
1210 3867 1430 3921 videret
1456 3881 1695 3938 pergere
1736 3866 1793 3919 in
1836 3866 2155 3931 adversum,

525 3970 582 4020 et
611 3963 870 4018 hostibus
898 3963 1110 4034 pariter
1140 3967 1196 4016 et
1221 3959 1404 4014 muris
1447 3959 1760 4014 minantem
1797 3975 1918 4013 sese
1959 3962 2155 4013 exten-

525 4059 688 4127 dere,
735 4057 897 4128 quasi
935 4057 1059 4126 jam
1109 4056 1312 4110 celsior
1355 4054 1412 4108 in
1457 4052 1740 4124 subjectos
1783 4051 2154 4123 praaliaretur,

526 4157 582 4208 et
617 4167 845 4205 murum
885 4151 1148 4220 quateret
1184 4164 1380 4203 manu.
1423 4147 1820 4218 Sequebantur
1863 4163 1998 4200 eum
2045 4163 2155 4200 un-

525 4244 708 4300 decim
747 4243 846 4297 viri
885 4241 1120 4297 studiosi
1161 4241 1232 4295 ad
1273 4239 1640 4306 imitandum,
1675 4241 1773 4294 sed
1802 4240 2052 4310 impares
2088 4239 2155 4294 ad

525 4336 1007 4409 consequendum.
1041 4334 1464 4406 Repugnabant
1502 4333 1570 4388 de
1608 4349 1773 4387 muro
1817 4333 1995 4387 Judaei
2045 4335 2154 4404 spi-

526 4433 697 4498 culis,
754 4431 936 4499 saxis,
992 4429 1239 4501 sagittis;
1298 4433 1353 4482 et
1409 4427 1564 4498 quod
1626 4426 1899 4497 cujusque
1956 4443 2159 4481 manus

525 4527 823 4581 invenerat
860 4524 1061 4592 telum,
1099 4523 1158 4576 in
1201 4521 1477 4577 Sabinum
1517 4519 1906 4591 dejiciebatur.
1955 4525 2023 4574 At
2065 4520 2236 4592 illeD

524 4619 846 4688 interritus,
890 4634 1058 4671 cursu
1101 4615 1324 4670 concito
1359 4614 1557 4668 insiliit
1597 4615 1653 4667 in
1694 4613 2159 4684 fragmentorum

524 4659 846 4688 mmmw’
890 4659 1058 4671 ww“
1102 4659 1322 4670 vum"
1695 4659 2159 4716 ”’“⁰“””’””ἶ“’
2263 4659 2649 4716 reservabant.

522 4728 827 4786 aggerem,
881 4716 936 4765 et
981 4710 1039 4764 in
1086 4725 1309 4763 summo
1361 4709 1602 4773 locatus,
1650 4707 1872 4761 hostem
1925 4710 2154 4774 avertit,

706 4805 1004 4877 proximus
1053 4802 1294 4874 quisque
1343 4800 1615 4856 formidat
1663 4800 2000 4872 periculum.
2050 4801 2156 4855 Sed
2870 4783 3088 4839 CAPUT
3129 4783 3275 4839 ΧΧΧ.

523 4900 661 4956 dum
692 4917 750 4955 se
782 4899 953 4954 librat
994 4898 1052 4952 in
1091 4911 1324 4951 murum
1360 4895 1645 4963 attollens,
1675 4899 1729 4949 et
1768 4911 2000 4949 securus
2042 4895 2154 4948 vic-
2331 4899 2785 4953 Pulcherrimum
2837 4915 3067 4969 quoque
3121 4899 3340 4954 facinus
3388 4900 3620 4954 adorsus
3665 4900 3741 4951 est
3783 4895 3852 4946 Ju-

517 4995 682 5051 toriae
725 4995 782 5048 in
829 4993 1050 5046 hostem
1092 4989 1362 5058 intendit,
1410 4989 1594 5060 lapsus
1639 4989 1696 5043 in
1743 4989 1974 5056 faciem,
2025 5004 2154 5042 cum
2257 4992 2444 5045 lianus
2489 4991 2766 5058 centurio,
2810 4992 2895 5045 vir
2939 4993 3113 5046 armis
3159 4992 3460 5062 maximus,
3515 5009 3581 5046 ex
3630 4984 3854 5056 Bithynia

519 5088 774 5146 maximo
824 5085 1012 5142 sonitu
1061 5084 1196 5138 ruit.
1249 5083 1370 5147 Quo
1423 5082 1663 5136 revocati
1708 5080 1922 5149 Judaei,
1971 5097 2149 5152 coape-
2257 5085 2546 5154 profectus
2588 5086 2896 5156 provincia,
2944 5086 3043 5140 sed
3097 5085 3365 5140 Romanis
3413 5083 3742 5140 assuefactus
3780 5077 3848 5130 di-

519 5187 656 5240 runt
685 5184 973 5254 jacentem
1014 5177 1320 5232 missilibus
1358 5191 1588 5247 urgere.
1635 5176 1730 5229 Ille
1772 5192 1924 5246 genu
1965 5176 2151 5246 nixus,
2260 5177 2514 5249 sciplinis
2565 5179 2838 5249 bellisque
2880 5179 3187 5247 exercitus,
3238 5182 3296 5233 et
3337 5179 3626 5234 honorata
3665 5168 3848 5229 militiae

519 5284 577 5335 et
623 5294 681 5333 se
729 5281 1039 5350 protegens
1083 5275 1241 5327 scuto
1285 5269 1540 5343 quandiu
1591 5268 1797 5340 potuit,
1839 5285 1873 5322 a
1920 5269 2153 5324 vulnere
2255 5271 2436 5326 clarus
2483 5271 2806 5344 stipendiis.
2853 5272 2958 5336 Qui
3007 5287 3137 5327 cum
3184 5288 3362 5344 prope
3408 5273 3684 5327 Caesarem
3725 5267 3845 5319 asta-

521 5371 807 5438 defendit,
875 5385 980 5424 nec
1044 5368 1364 5421 immunem
1430 5363 1658 5434 reliquit
1719 5379 1893 5435 quem
1963 5364 2150 5434 proxi-
2253 5369 2362 5433 ret,
2405 5365 2504 5420 ubi
2548 5365 2811 5420 adversos
2853 5366 2957 5435 (27)
2999 5365 3139 5420 vidit
3185 5366 3486 5432 Romanos,
3534 5363 3659 5436 quia
3694 5351 3848 5414 Judaei

519 5480 680 5522 mum
716 5463 947 5535 reperit.
977 5460 1061 5517 Ad
1100 5464 1447 5532 postremum
1490 5460 1682 5511 tamen
1721 5442 2015 5512 consertus
2044 5457 2150 5526 (24)
2253 5474 2496 5513 numero
2543 5459 2917 5529 praestabant,
2965 5463 3023 5514 et
3069 5459 3255 5514 adhuc
3303 5459 3541 5514 Romani
3586 5452 3847 5527 pauciores

516 5557 874 5624 vulneribus,
929 5554 1193 5626 spiritum
1259 5552 1416 5622 prius
1471 5566 1642 5620 quam
1699 5549 1915 5604 bellum
1985 5551 2152 5620 depo-
2255 5551 2512 5618 aderant,
2555 5551 2745 5606 subito
2789 5552 2859 5606 de
2906 5552 3151 5608 Antonia
3197 5567 3255 5608 se
3300 5550 3596 5623 proripuit,
3641 5552 3692 5601 et
3730 5543 3847 5597 inse-

582 5697 682 5759 (22)
715 5695 822 5746 Vol.
849 5697 1031 5746 Bana.
1637 5712 1640 5714 ·
2315 5692 2408 5752 (ὅ)
2439 5691 2646 5741 Tamen.
2684 5693 2766 5742 In.

579 5767 677 5830 (23)
717 5765 1114 5816 Deatituarctur.
1145 5763 1226 5812 In.
2313 5763 2412 5825 (26)
2440 5761 2757 5825 Infantiam.
2793 5763 2872 5812 Ῑυ,

584 5838 683 5902 (24)
710 5833 1002 5893 Confectus.
1043 5833 1123 5880 ID.

2318 5832 2409 5897 (27)
2442 5837 2681 5884 Auernos.
2713 5835 2791 5883 In.
