4128 6194
223 345 352 400 2281

1264 347 1350 402 DE
1389 347 1659 405 EXCIDIO
1696 347 1893 404 URBlS
1931 347 2292 406 HIEROSOL.
2339 349 2458 404 LIB.
2503 350 2565 402 ν.

3465 349 3602 402 2282

224 473 465 540 quentes
499 468 702 524 avertit
731 485 744 525 :
777 486 881 525 nec
923 473 1055 525 sunt
1091 468 1211 525 ausi
1253 471 1537 542 resistere,
1575 473 1701 545 ipsa
1737 488 1860 545 spe-
1887 475 2164 558 Amento
2195 473 2489 546 angustias
2514 471 2779 527 Antoniae
2813 475 2992 537 ratus,
3017 470 3185 540 jubet
3220 469 3369 526 dirui
3403 471 3596 525 muni-

224 563 309 617 cie
338 563 851 634 praecellentissimi
887 564 1017 633 viri,
1050 569 1106 621 et
1145 566 1392 637 superba
1432 566 1682 638 quadam
1714 569 1864 622 ultra

224 657 542 712 humanam
582 658 829 714 formam
871 659 1093 714 virtutis
1126 660 1484 727 auctoritate,
1525 662 1603 716 ita
1639 667 1699 714 ut
1745 661 1862 733 ipse

225 752 415 805 Caesar
473 751 795 808 miraretur.
856 753 899 808 Ο
954 753 1106 808 varia
1171 757 1341 825 atque
1405 754 1649 822 incerta,
1710 756 1865 810 velut

225 845 492 916 quaedam
532 846 813 902 bellorum
853 847 1006 902 alea!
1051 864 1179 919 quae
1220 848 1364 903 sicut
1393 847 1555 918 jactu
1593 849 1862 920 quodam,

223 939 308 992 ita
349 955 480 993 casu
517 939 769 1011 quodam
803 942 987 1012 potius
1029 958 1204 1013 quam
1255 941 1478 1010 virtute,
1528 943 1863 1014 plerumque

225 1033 534 1103 inopinatis
571 1033 717 1089 ludit
755 1035 1080 1104 eventibus,
1112 1035 1402 1090 sufﬁciens
1441 1053 1618 1091 novos
1661 1037 1860 1091 exitus.

225 1127 487 1199 Namque
534 1130 592 1182 et
635 1128 725 1182 hic
764 1128 950 1199 jactus
994 1135 1146 1197 sunt,
1193 1146 1309 1184 non
1358 1134 1696 1185 tesserarum
1737 1131 1863 1202 qui-

227 1220 393 1288 dem,
440 1221 540 1275 sed
584 1221 955 1292 sagittarum,
997 1224 1360 1294 telorumque
1397 1224 1678 1296 plurium,
1726 1224 1866 1296 lapi-

226 1315 370 1368 dum
413 1332 668 1387 quoque,
711 1316 915 1387 quibus
959 1333 1107 1388 saepe
1146 1317 1324 1372 victor
1362 1319 1636 1373 sternitur
1677 1319 1864 1373 alieno

225 1408 487 1464 vulnere.
521 1410 587 1464 Et
623 1410 760 1464 dum
801 1411 986 1465 aliena
1023 1411 1203 1482 spolia
1245 1412 1413 1483 rapit,
1446 1412 1567 1484 ipse
1606 1413 1865 1484 dispolia-

229 1505 326 1557 tur
358 1519 371 1555 :
402 1504 554 1557 velut
584 1503 676 1558 hic
706 1503 978 1571 Julianus,
1019 1505 1116 1576 qui
1148 1509 1314 1577 tergo
1355 1506 1695 1561 imminebat
1732 1507 1862 1561 hos-

227 1597 399 1665 tium,
441 1597 574 1651 dum
619 1597 756 1652 alios
798 1598 1046 1668 perimit,
1079 1603 1135 1654 et
1172 1601 1419 1655 claustro
1462 1605 1707 1668 coercet,
1751 1601 1864 1671 ipsa

231 1690 522 1746 alacritate
555 1691 856 1760 incautior,
891 1692 1170 1748 conﬁxum
1209 1693 1376 1748 clavis
1411 1695 1863 1749 calceamentum

231 1800 458 1855 gerens,
495 1802 597 1840 usu
633 1785 966 1840 militarium
1003 1786 1254 1842 virorum
1286 1804 1298 1842 ε
1338 1804 1452 1842 non
1483 1788 1868 1844 consideravit

228 1854 411 1949 polito
456 1879 645 1950 lapide
689 1879 872 1934 solum
919 1885 1186 1948 stratum,
1231 1882 1381 1952 quod
1427 1882 1739 1937 cavendum
1779 1854 1943 1937 fo-B

231 1979 352 2041 ret;
387 1973 487 2027 sed
519 1973 679 2044 quasi
727 1974 783 2028 in
826 1991 1024 2045 campo
1065 1974 1423 2046 prazliaretur
1461 1993 1688 2030 securus
1731 1977 1867 2031 labi-

232 2073 348 2132 tur,
404 2069 462 2120 et
508 2067 804 2138 ingentem
853 2075 1039 2140 strage
1089 2086 1190 2123 sua
1238 2070 1487 2124 sonitum
1533 2070 1707 2125 dedit.
1755 2072 1865 2124 Nec

230 2159 419 2231 potuit
469 2176 768 2232 assurgere
811 2162 1026 2217 lubrico
1076 2164 1194 2218 solo
1248 2162 1424 2230 fusus,
1472 2179 1624 2235 genu
1673 2170 1865 2219 tamen

232 2270 290 2309 se
355 2253 678 2323 sustinens,
737 2271 1067 2327 regressum
1138 2257 1361 2312 hostem
1428 2257 1740 2328 repellebat
1803 2265 1866 2312 ut

235 2347 762 2419 appropinquantes
843 2349 1125 2414 crederet,
1194 2351 1507 2420 jaculantes
1587 2357 1866 2423 quantum

234 2447 449 2512 posset,
481 2446 725 2497 caveret.
760 2443 869 2498 Sed
900 2444 1022 2515 ipsa
1061 2444 1329 2515 fatigatus
1360 2450 1530 2516 atque
1563 2462 1868 2516 oppressus

237 2534 633 2602 multitudine,
702 2537 855 2591 solus
920 2537 1078 2604 licet,
1141 2538 1272 2608 quia
1333 2538 1524 2592 nullus
1587 2543 1745 2594 tanto
1810 2555 1867 2594 se

237 2629 495 2683 inserere
530 2630 779 2700 periculo
820 2631 1075 2699 auderet,
1107 2647 1221 2685 non
1255 2631 1615 2702 despicabilis
1654 2639 1866 2698 tamen,

244 2738 434 2792 neque
479 2723 705 2790 inultus,
750 2725 992 2796 impigre
1035 2725 1315 2780 occubuit.
1370 2725 1525 2779 Haud
1578 2725 1867 2797 equidem,

242 2821 305 2869 ut
346 2816 609 2882 arbitror,
651 2817 745 2872 tali
787 2818 995 2890 dignus
1038 2820 1195 2874 exitu
1239 2819 1365 2886 fuit,
1406 2825 1464 2874 ut
1504 2823 1663 2874 tanta
1697 2820 1871 2875 virtus

236 2910 346 2963 viri
388 2910 467 2964 sic
508 2910 886 2982 deciperetur.
927 2911 1037 2968 Sed
1082 2912 1394 2984 plurimum
1437 2914 1495 2968 in
1541 2913 1690 2968 bello
1743 2931 1872 2985 pru-

236 3003 432 3058 dentia
477 3005 644 3071 valet,
694 3023 821 3076 quas
865 3011 1028 3060 cauta
1073 3023 1296 3078 semper
1343 3011 1398 3062 et
1445 3009 1735 3080 perspicax
1784 3009 1867 3062 in-

233 3101 524 3152 certorum
586 3100 845 3170 providet
906 3116 1087 3155 casus.
1143 3101 1306 3156 Solus
1367 3117 1425 3156 se
1491 3103 1562 3156 de
1626 3102 1872 3158 Antonia

235 3191 553 3263 proripuit,
604 3195 752 3248 solus
800 3194 855 3248 in
901 3195 1127 3249 hostilia
1168 3195 1399 3267 agmina
1439 3196 1571 3263 ruit,
1618 3197 1767 3251 solus
1810 3213 1947 3300 sec

236 3286 473 3341 armatis
516 3287 759 3357 miscuit,
798 3289 951 3343 solus
983 3289 1040 3343 in
1088 3290 1366 3360 templum
1414 3291 1638 3345 Judzeos
1680 3291 1870 3346 redire

236 3380 527 3450 compulit.
565 3383 772 3436 Vereor
805 3398 875 3436 ne
916 3382 1066 3437 istud
1105 3382 1351 3438 obfuerit
1391 3385 1592 3455 magis,
1637 3387 1770 3456 quia
1801 3386 1871 3439 de

237 3475 453 3546 templo
502 3475 736 3530 fuerunt
787 3477 1210 3532 exterminandi
1261 3479 1372 3533 Deo
1419 3479 1701 3547 inﬁdeles,
1750 3481 1874 3535 ideo

236 3567 431 3638 lapsus
495 3587 608 3622 non
675 3569 892 3624 invenit
956 3571 1298 3626 remedium.
1358 3572 1657 3642 Spectabat
1720 3573 1874 3629 Titus

237 3662 561 3716 vincentem
598 3679 728 3717 cum
767 3663 1002 3735 gaudio,
1033 3664 1449 3735 periclitantem
1491 3683 1618 3720 cum
1650 3667 1871 3737 ingenti

235 3755 439 3810 dolore
478 3773 490 3810 :
537 3757 757 3811 volebat
797 3758 1120 3826 subvenire,
1166 3760 1261 3813 sed
1303 3761 1469 3830 longe
1515 3761 1728 3814 aberat.
1775 3763 1873 3815 Re-

237 3849 547 3904 vocabatur
574 3867 608 3904 a
647 3851 784 3917 suis,
824 3851 958 3922 quia
996 3851 1054 3906 in
1098 3853 1275 3908 milite
1307 3853 1474 3908 unius
1512 3871 1631 3908 sors
1679 3858 1782 3921 est,
1814 3856 1872 3909 in

235 3943 594 4014 imperatore
623 3945 1018 4000 universorum
1047 3947 1364 4017 periculum
1387 3965 1400 4002 :
1425 3948 1664 4002 docebat
1684 3965 1874 4003 exem-

235 4037 427 4108 plum,
483 4038 621 4108 quid
671 4039 986 4097 cavendum
1041 4041 1231 4111 potius
1285 4057 1456 4112 quam
1519 4043 1872 4112 sequendum

236 4131 448 4186 Caesari
513 4132 679 4186 foret.
748 4133 1004 4205 Denique
1071 4135 1147 4188 sic
1216 4136 1564 4190 consternati
1643 4138 1876 4192 fuerunt

234 4225 412 4291 socii,
469 4227 548 4280 sic
608 4227 736 4280 elati
787 4227 1134 4294 adversarii,
1185 4235 1249 4283 ut
1301 4235 1359 4284 et
1411 4246 1614 4301 corpus
1665 4232 1872 4286 Juliani

232 4320 293 4374 in
349 4323 684 4390 potestatem
743 4321 964 4376 veniret
1017 4323 1300 4391 hostium,
1358 4325 1519 4395 quasi
1577 4325 1762 4380 adhuc
1820 4333 1875 4381 et

234 4412 569 4468 defunctum
638 4415 934 4485 timerent,
1000 4416 1046 4471 si
1114 4418 1386 4472 Romanis
1453 4419 1871 4474 restitueretur.

236 4507 443 4564 Crateri
485 4508 706 4562 Juliano
754 4525 922 4577 caeso,
971 4509 1124 4565 facili
1171 4512 1397 4582 negotio
1444 4529 1684 4567 cessere.
1715 4514 1864 4568 Non-

1965 568 2179 624 tionem
2205 569 2326 639 ejus
2351 568 2629 634 funditus,
2657 571 2719 622 ut
2745 566 3136 636 congressuris
3160 566 3268 620 iter
3291 565 3348 620 in
3375 564 3596 620 hostem

1965 663 2309 735 aperiretur.
2359 666 2775 734 Compertoque
2824 659 2974 731 quod
3021 659 3349 714 solemnitas
3393 659 3600 714 Judaais

1961 756 2239 812 festorum
2269 757 2492 813 dierum
2531 755 3069 829 appropinquasset,
3101 753 3372 824 praecepit
3409 753 3593 807 inter-

1965 851 2180 922 pretari
2217 852 2527 922 Josephum
2567 850 2804 906 llebrzeo
2843 864 3126 914 sermone,
3158 863 3285 918 quas
3312 846 3431 917 ipse
3457 847 3595 900 allo-

1965 951 2260 1016 queretur.
2294 945 2454 1012 Qum,
2503 943 2752 999 malum!
2795 943 2938 998 ratio
2977 941 3178 998 Joanni
3223 941 3505 1009 suaderet,
3535 945 3600 994 ut

1965 1041 2254 1095 Romanos
2292 1038 2592 1094 lacesseret
2634 1036 2770 1108 (29).
2810 1035 2866 1091 Si
2918 1036 3138 1089 virtutis
3183 1033 3451 1089 ﬁduciam
3497 1050 3596 1104 ge-

1965 1140 2137 1201 reret,
2170 1133 2408 1204 eligeret
2445 1132 2616 1187 alium
2657 1147 2865 1203 pugnae
2900 1132 3090 1185 locum
3129 1146 3141 1182 :
3172 1146 3242 1184 eo
3285 1127 3599 1199 progrede-

1968 1233 2153 1294 retur,
2209 1226 2522 1281 dummodo
2576 1225 2704 1280 urbi
2760 1227 3022 1297 parceret
3078 1241 3090 1277 :
3151 1222 3429 1294 templum
3487 1238 3598 1275 non

1968 1321 2401 1383 contaminaret,
2441 1318 2714 1374 sacriﬁcia
2753 1320 3025 1373 festorum
3067 1317 3294 1371 dierum
3335 1333 3449 1370 non
3488 1315 3596 1370 im-

1967 1416 2221 1488 pediret;
2285 1414 2632 1485 relinqueret
2691 1430 2832 1485 quos
2896 1413 3127 1467 idoneos
3188 1410 3596 1466 sacriﬁciorum

1967 1509 2294 1565 ministeriis
2349 1508 2769 1576 aestimavisset;
2837 1505 3189 1561 fortitudinis
3246 1521 3362 1559 suae
3422 1505 3595 1559 docu-

1966 1607 2223 1658 mentum
2276 1603 2368 1657 ubi
2425 1602 2595 1656 vellet
2643 1604 2851 1672 praeter
2906 1600 3107 1655 urbem
3166 1605 3222 1654 et
3284 1599 3597 1670 templum,

1968 1698 2161 1754 ederet
2198 1714 2211 1752 :
2250 1697 2634 1768 congressioni
2679 1695 2889 1750 milites
2933 1693 3168 1750 Caesaris
3213 1709 3328 1747 non
3375 1693 3596 1747 defutu-

1966 1808 2062 1846 ros
2093 1809 2104 1846 :
2137 1791 2377 1845 invitum
2418 1807 2476 1845 se
2513 1790 2641 1861 cogi
2671 1789 2742 1844 ad
2788 1789 2958 1844 totius
2999 1789 3152 1842 urbis
3194 1787 3551 1842 eversionem
3585 1804 3597 1840 :

1967 1886 2129 1956 cujus
2172 1883 2443 1956 reliquias
2487 1900 2713 1938 servare
2760 1883 2954 1948 vellet,
3008 1883 3051 1934 si
3099 1884 3391 1952 pateretur
3434 1883 3598 1935 Joan-

1965 1996 2066 2034 nes
2104 1999 2114 2032 :
2148 1979 2451 2033 imminere
2499 1978 2712 2048 templo
2757 1977 2924 2042 faces,
2970 1992 3082 2030 non
3125 1975 3279 2046 quod
3322 1974 3598 2046 templum

1969 2073 2204 2128 Romani
2243 2071 2577 2127 festinarent
2618 2087 2880 2137 exurere,
2915 2069 3012 2123 sed
3051 2087 3080 2122 e
3120 2068 3335 2139 templo
3365 2068 3603 2122 educere

1967 2166 2096 2221 belli
2152 2165 2500 2220 incitatores.
2558 2165 2610 2219 Si
2670 2163 2848 2218 victos
2907 2181 2964 2218 se
3021 2163 3349 2229 crederent,
3406 2179 3606 2216 manus

1969 2261 2176 2315 darent
2205 2277 2216 2313 :
2250 2265 2306 2313 at
2333 2259 2377 2312 si
2409 2259 2648 2313 victores
2687 2259 2910 2312 futuros
2953 2262 3270 2328 sperarent,
3303 2273 3418 2310 non
3457 2255 3606 2309 intra

1968 2355 2214 2408 claustra
2246 2370 2304 2407 se
2334 2352 2679 2423 reciperent,
2711 2352 2806 2406 sed
2854 2351 2910 2404 in
2950 2350 3166 2421 campis
3204 2350 3604 2413 defenderent,

1968 2464 2080 2519 quo
2117 2447 2396 2517 templum
2435 2445 2756 2500 labentibus
2791 2446 2910 2514 jam
2950 2443 3234 2498 incendiis
3266 2442 3604 2513 eriperetur,

1968 2546 2194 2595 vacaret
2243 2539 2753 2610 puriﬁcationibus.
2813 2540 2876 2594 Et
2927 2537 3346 2607 interpretante
3396 2535 3609 2590 Juderis

1967 2634 2230 2704 Josepho,
2271 2650 2401 2687 cum
2437 2633 2662 2687 silentio
2698 2631 2908 2696 audita,
2952 2631 3187 2686 tacitum
3229 2630 3432 2700 vulgus
3474 2646 3603 2700 pro-

1969 2727 2158 2794 babat,
2208 2727 2306 2781 sed
2361 2726 2654 2781 metuebat
2705 2725 3044 2779 sententiam
3089 2740 3248 2778 suam
3293 2723 3544 2794 pandere
3593 2741 3603 2776 :

1970 2821 2177 2893 quibus
2236 2820 2552 2892 respondet
2603 2822 2885 2887 Joannes,
2950 2818 3170 2872 nullum
3233 2817 3609 2888 praestabilius

1971 2917 2083 2970 Deo
2133 2932 2254 2970 esse
2308 2914 2669 2982 sacriﬁcium,
2721 2930 2890 2985 quam
2947 2928 3050 2983 pro
3103 2912 3238 2979 aris,
3297 2927 3399 2982 pro
3450 2910 3606 2977 focis,

1973 3026 2075 3080 pro
2115 3009 2330 3080 templo
2377 3025 2589 3079 ponere
2637 3008 2906 3074 animam,
2954 3006 3104 3060 viros
3154 3006 3265 3059 Deo
3306 3011 3550 3059 sacratos
3595 3024 3603 3056 :

1973 3109 2028 3159 et
2076 3102 2206 3158 ideo
2255 3103 2300 3157 si
2352 3119 2583 3158 necesse
2633 3093 2734 3168 sit,
2781 3101 3027 3156 libenter
3078 3099 3454 3172 procumbere
3504 3116 3608 3170 pro

1971 3197 2249 3265 libertate,
2281 3203 2475 3251 tamen
2507 3212 2735 3267 sperare
2767 3212 2848 3261 se,
2879 3194 3029 3266 quod
3071 3193 3348 3248 excidium
3389 3195 3608 3264 perpeti

1976 3309 2090 3345 non
2123 3291 2301 3363 possit
2327 3289 2524 3344 civitas
2553 3289 2671 3358 Dei,
2715 3289 2869 3342 Titus
2906 3287 2978 3342 ad
3016 3288 3137 3342 haec
3168 3305 3180 3342 :
3212 3287 3402 3342 Merito
3438 3287 3614 3356 igitur

1974 3402 2177 3456 puram
2225 3385 2337 3440 Deo
2381 3383 2620 3438 servatis
2670 3383 2867 3437 urbem
2920 3389 2977 3436 et
3025 3388 3284 3436 sanctum
3338 3381 3610 3435 immacu-

1973 3479 2178 3547 latum,
2218 3477 2474 3531 necando
2513 3477 2683 3542 cives,
2717 3475 3108 3529 interﬁciendo
3143 3474 3419 3540 innoxios,
3456 3475 3607 3544 peri-

1975 3571 2190 3626 mendo
2235 3571 2553 3624 sacerdotes
2571 3569 2598 3622 Ὺ
2625 3569 2850 3622 Talibus
2894 3567 3119 3637 ﬂagitiis
3158 3584 3268 3620 non
3314 3567 3613 3636 placantur

1974 3664 2184 3731 divina,
2222 3665 2317 3718 sed
2355 3662 2742 3717 offenduntur.
2792 3661 3105 3715 Abdicastis
3142 3663 3316 3715 Deum
3367 3667 3610 3714 vestrum

1975 3759 2375 3814 sacriﬁciorum
2455 3757 2719 3811 cultibus.
2785 3756 2839 3810 Si
2921 3754 3020 3808 tibi
3095 3754 3297 3824 aliquis
3375 3761 3613 3824 negaret

1974 3854 2164 3908 cibum
2200 3853 2468 3917 Joannes,
2507 3866 2790 3921 quaereres
2837 3865 2966 3902 eum
3023 3865 3033 3900 :
3088 3849 3202 3902 Deo
3255 3845 3441 3902 vestro
3495 3865 3610 3901 suae

1975 3946 2175 4002 hostias
2218 3962 2330 4000 non
2371 3943 2772 4008 immolantur,
2819 3960 2930 3996 non
2976 3941 3292 3996 redduntur
3336 3958 3432 3995 sua
3483 3958 3610 3994 mu-

1977 4058 2133 4107 nera,
2173 4040 2513 4111 jugulantur
2556 4038 2837 4105 homines,
2883 4039 2939 4090 et
2987 4036 3170 4090 adhuc
3217 4041 3379 4106 putas
3431 4036 3610 4089 Deum

1974 4134 2275 4190 auxiliari?
2331 4135 2544 4188 Revera
2595 4131 2672 4185 sic
2731 4136 2890 4202 gesta
2947 4131 3219 4195 edocent,
3278 4130 3612 4184 testiﬁcatur

1975 4244 2250 4284 caesorum
2294 4227 2611 4298 congeries,
2653 4229 2710 4279 et
2753 4224 2962 4279 cumuli
3009 4228 3330 4278 vestrarum
3382 4224 3607 4278 calami-

1977 4327 2181 4376 tatum.
2226 4321 2363 4385 Quis
2405 4321 2522 4375 haec
2565 4319 2763 4374 videns
2803 4335 2917 4373 non
2956 4317 3332 4388 ingemiscat?
3371 4319 3481 4372 Nec
3522 4335 3614 4371 re-

1977 4416 2419 4487 prehenderem,
2449 4413 2604 4485 quod
2634 4429 2919 4484 pugnares
2953 4429 3056 4481 pro
3089 4412 3292 4482 patria,
3322 4412 3363 4464 si
3398 4412 3607 4465 nollem

1977 4526 2227 4582 parcere,
2277 4510 2319 4562 si
2367 4508 2578 4562 nollem
2623 4506 2864 4578 patriam
2907 4510 3149 4558 vestram
3191 4507 3288 4557 aut
3333 4504 3611 4575 templum

238 4600 377 4654 dum
434 4601 586 4655 enim
628 4603 998 4658 ascenderant
1049 4607 1363 4674 numerosi,
1415 4611 1472 4661 et
1519 4606 1728 4660 Judzeis
1777 4594 2282 4667 oc-Dreservare.
2331 4603 2525 4672 Neque
2577 4601 2732 4654 enim
2785 4599 2962 4669 digna
3001 4598 3312 4669 Carthago,
3361 4605 3460 4652 aut
3501 4615 3618 4653 me-

241 4695 396 4748 casio
450 4695 604 4749 necis
653 4696 773 4767 ejus
821 4697 1094 4753 virtutem
1151 4705 1389 4755 auxerat
1441 4719 1452 4754 :
1511 4702 1869 4773 promptissi-

243 4787 352 4842 mis
396 4805 464 4841 eo
511 4789 708 4859 praelia
753 4790 824 4845 ad
869 4793 1228 4863 repellendos
1269 4795 1556 4850 Romanos
1596 4796 1771 4850 Alexa
1818 4802 1874 4849 et

238 4881 427 4936 Gitteo
473 4881 581 4951 (28)
631 4885 861 4938 Joannis
907 4886 1246 4957 conjuratis,
1295 4888 1393 4959 qui
1442 4888 1705 4943 factionis
1751 4889 1874 4960 ejus

234 4981 698 5045 propugnatores
747 4977 937 5032 forent
978 4995 990 5032 :
1039 4995 1106 5034 ex
1153 4980 1401 5036 Simonis
1446 4997 1674 5053 quoque
1716 4985 1874 5052 parte

235 5067 474 5122 Melchio
541 5073 599 5123 et
669 5071 876 5126 Jacobo
950 5072 1333 5129 ldumzeorum
1409 5076 1547 5130 duce
1623 5077 1874 5148 egregiis

237 5159 612 5216 bellatoribus
671 5181 684 5218 :
740 5165 1035 5222 Arsimone
1099 5184 1325 5239 quoque
1381 5172 1438 5223 et
1491 5169 1634 5224 Juda
1691 5170 1873 5224 tertiae

238 5253 507 5310 factionis
580 5257 714 5313 viris
788 5260 1005 5331 pariter
1077 5262 1493 5331 adnitentibus,
1567 5264 1665 5336 qui
1740 5281 1874 5319 con-

235 5347 438 5420 juncta
503 5366 678 5406 manu
747 5353 937 5424 pulsos
1004 5356 1288 5411 Romanos
1352 5356 1500 5412 intra
1565 5358 1874 5414 Antoniam

240 5442 495 5499 clausere
505 5486 518 5499 .

848 5519 1066 5576 CAPUT
1096 5521 1237 5575 XXXI
1249 5561 1260 5574 .

318 5633 532 5688 Contra
570 5633 724 5688 Titus
765 5650 876 5689 non
922 5636 1282 5692 munimento
1329 5637 1434 5692 sibi
1477 5637 1578 5692 sed
1625 5639 1873 5710 impedi-

275 5764 710 5888 h(?8)B.Iosepbus
738 5768 990 5833 Gyptheo.
1029 5767 1097 5819 Et
1129 5782 1256 5821 mox
1291 5770 1558 5821 Malachia
1599 5783 1697 5834 pro
1735 5770 1879 5822 Mal-

312 5850 384 5887 ιο.
459 5851 590 5888 ana.

246 5850 384 5887 οηιο.
413 5850 590 5889 UARR.

312 5908 414 5975 (39)
438 5908 615 5961 Vetus
645 5909 769 5961 cod.
800 5912 1060 5964 Romanos
1087 5913 1144 5962 in
1177 5912 1353 5976 templi
1377 5909 1637 5964 excidium
1663 5911 1878 5964 lacesse-

580 6002 862 6070 PATROL.
908 6003 1036 6070 XV.
1081 6003 1265 6086 (XIV,
1313 6024 1468 6070 rans
1513 6005 1618 6089 ll.)

1973 4697 2220 4754 tuendus
2273 4695 2544 4750 Hebraeus
2593 4693 2881 4758 Annibali,
2935 4693 3032 4764 qui
3085 4696 3307 4764 partem
3363 4693 3608 4747 mediam

1976 4791 2128 4847 orbis
2174 4789 2417 4845 Romani
2459 4788 2762 4858 subegerat
2806 4803 2817 4841 :
2867 4792 2925 4841 et
2967 4790 3160 4841 tamen
3214 4787 3330 4858 ipsa
3383 4803 3609 4858 quoque

1976 4890 2232 4956 reparata
2264 4884 2565 4954 Carthago,
2598 4899 2726 4954 quae
2763 4897 2940 4952 usque
2979 4881 3051 4934 ad
3091 4881 3374 4935 excidium
3407 4882 3488 4934 sui
3523 4897 3606 4934 re-

1974 4979 2146 5034 belles
2194 4978 2401 5032 civium
2449 4977 2668 5030 animos
2714 4976 2859 5030 tulit.
2910 4975 3037 5029 Fide
3085 4991 3235 5044 mea,
3293 4975 3441 5028 salva
3490 4975 3616 5050 haec

1974 5073 2168 5126 omnia
2222 5071 2323 5125 tibi
2379 5071 2570 5125 futura
2621 5070 2910 5141 spondeo,
2964 5069 3188 5122 veniam
3245 5068 3347 5122 tibi
3409 5067 3608 5123 salutis

1975 5166 2262 5238 polliceor,
2306 5181 2421 5220 non
2467 5180 2570 5234 pro
2616 5163 2877 5218 mercede
2922 5162 3172 5229 sceleris,
3220 5161 3316 5216 sed
3363 5179 3467 5233 pro
3516 5180 3604 5216 re-

1977 5258 2309 5331 demptione
2366 5257 2541 5326 urbis,
2599 5261 2660 5311 ut
2713 5273 2745 5310 a
2792 5262 2848 5311 te
2893 5255 3168 5311 redimam
3225 5255 3607 5326 periturorum

1976 5353 2292 5409 culminum
2339 5355 2572 5406 statum.
2619 5350 2849 5404 Desinas
2895 5365 3104 5404 moneo
3150 5349 3459 5404 latrociniis
3498 5351 3609 5403 tuis

1975 5446 2318 5504 conturbare
2358 5444 2712 5517 propositum
2760 5442 2984 5514 pietatis
3022 5442 3316 5497 Romanae.
3347 5443 3465 5496 Non
3502 5443 3611 5498 for-

1975 5540 2284 5597 midabitur
2323 5539 2436 5612 (30)
2481 5538 2888 5609 Hierosolyma,
2931 5539 2995 5590 ut
3035 5536 3294 5591 diruatur
3330 5556 3342 5591 :
3377 5539 3608 5608 quando

1977 5635 2165 5708 potior
2213 5634 2425 5690 viribus
2476 5634 2755 5688 reservata
2806 5633 2891 5685 est
2939 5629 3258 5686 Antiochia.
3305 5632 3469 5687 Certe
3518 5635 3608 5687 Je-

1977 5775 2077 5820 ναι.
2109 5770 2188 5819 ID.

2043 5839 2145 5903 (30)
2169 5835 2570 5890 Formidabilis.
2602 5835 2683 5886 In.

3222 6001 3298 6064 72
