4128 6194
573 298 711 353 2283

575 532 687 578 sus,
717 516 1003 569 commisit
1037 532 1095 568 sc
1133 532 1264 569 cum
1307 516 1422 568 suis
1468 515 1743 585 proximis
1787 514 2082 568 barbarico
2116 514 2204 567 fu-

573 609 709 676 rori,
747 626 817 662 ne
854 615 1091 680 propter
1127 626 1184 663 se
1222 609 1418 662 civitas
1463 611 1832 663 everteretur.
1875 607 2207 662 Celebratur

575 719 608 756 a
633 701 787 755 vobis
820 701 940 772 ejus
977 701 1277 768 memoria,
1312 701 1473 756 sicuti
1505 701 1672 755 vestri
1702 706 1962 756 asserunt
1989 717 2001 754 :
2035 700 2089 753 id
2120 704 2207 754 est

572 797 848 866 Josephus
883 801 1128 850 assertor
1177 796 1319 866 ejus,
1368 795 1822 865 celebritatisque
1870 795 2046 863 testis,
2094 811 2204 865 qua

574 890 874 944 honoratis
933 889 1147 956 virum,
1203 890 1299 960 qui
1363 905 1466 958 pro
1531 888 1714 959 patria
1778 905 1835 943 se
1898 888 2201 959 captivitati

574 982 798 1037 obtulit.
848 983 1095 1037 Servavit
1144 999 1274 1037 eum
1329 986 1385 1036 et
1432 983 1706 1036 barbarus
1749 984 1945 1048 Persa,
1997 989 2051 1035 et
2098 998 2204 1052 ego

575 1077 676 1131 tibi
706 1077 952 1147 spondeo
984 1076 1404 1146 impunitatem.
1441 1078 1606 1131 Certe
1646 1082 1702 1129 et
1741 1077 2014 1147 Iosephus
2048 1093 2204 1130 arma

575 1171 844 1224 Romanis
892 1171 1125 1224 adversa
1181 1170 1424 1223 intulit:
1476 1170 1642 1224 crede
1693 1169 1990 1239 promisso,
2044 1170 2204 1240 cujus

573 1270 628 1318 et
668 1263 991 1334 exemplum
1025 1263 1432 1334 praemisimus.
1478 1263 1690 1317 Vadem
1737 1263 1833 1317 tibi
1881 1263 2204 1335 sponsionis

571 1361 781 1412 nostrz-e
807 1357 1116 1428 Josephum
1145 1357 1346 1411 damus
1376 1375 1388 1411 :
1422 1357 1536 1410 imo
1559 1357 1683 1427 jam
1715 1357 1998 1426 dedimus,
2029 1374 2200 1428 quem

570 1452 996 1507 reservavimns.
1066 1451 1348 1522 Loquatur
1414 1450 1572 1505 vobis
1638 1467 1904 1506 sermone
1972 1451 2198 1521 patrio,

571 1546 781 1617 obliget
816 1561 872 1599 se
913 1544 1025 1600 ritu
1063 1562 1175 1615 quo
1208 1545 1399 1599 soletis
1431 1562 1443 1598 :
1478 1561 1592 1599 non
1639 1544 1817 1615 pudet
1862 1561 1953 1598 me
2002 1545 2202 1599 vadem

571 1656 860 1711 quaerere,
912 1639 1301 1708 fidcjussorem
1356 1639 1514 1707 dare,
1562 1656 1632 1693 ne
1681 1655 1996 1694 eversorem
2052 1639 2204 1693 exhi-

569 1734 737 1788 beam
789 1733 884 1804 qui
933 1733 1058 1787 volo
1109 1749 1363 1804 parcere.
1415 1734 1572 1786 Flere
1622 1733 1693 1786 ad
1740 1733 1861 1786 haec
1903 1733 2198 1803 Iosephus,

2045 298 2097 348 Β.
2142 294 2469 352 AMBROSII-

575 418 806 475 chonias
846 424 1031 475 vester
1065 424 1120 475 et
1161 421 1341 474 Persis
1385 420 1642 486 credidit,
1682 424 1734 474 et
1779 419 1975 473 urbem
2019 437 2206 490 egres-
2230 433 2283 503 Α

3755 302 3866 354 2284

2888 419 3104 474 CAPUT
3144 419 3358 474 XXXIII.

2375 515 2491 568 'l‘ali
2536 513 2708 569 affatu
2755 514 2989 570 Caesaris
3036 515 3090 567 et
3141 514 3378 584 repetita
3419 514 3678 580 oratione,
3709 515 3873 570 inﬂexa

2308 613 2393 662 est
2432 609 2757 679 aliquorum
2785 607 3090 676 sententia,
3130 608 3225 678 qui
3266 624 3322 661 se
3360 607 3675 662 subtrahere
3717 614 3874 679 potue-

2306 707 2459 769 runt,
2499 706 2565 756 ut
2604 703 2674 756 ad
2721 703 3010 757 Romanos
3052 701 3444 756 convenirent.
3489 705 3711 757 Cazteros
3745 720 3872 758 revo-

2305 799 2450 851 cavit
2486 796 2720 868 periculi
2747 800 2954 866 metus,
2988 795 3087 867 qui
3117 813 3150 850 a
3179 795 3490 850 latronibus
3527 796 3874 852 intendebatur

2307 891 2383 961 (et
2437 892 2576 946 forte
2635 890 2902 963 quaedam
2963 890 3252 944 inclinatio
3314 889 3586 944 mentium
3647 893 3768 958 erat,
3820 909 3872 944 ne

2305 986 2495 1055 plures
2540 985 2897 1055 eriperentur
2940 984 3146 1038 futurae
3189 983 3480 1053 eversioni)
3522 1001 3534 1036 :
3570 999 3698 1054 quos
3731 986 3876 1038 Caesar

2304 1078 2699 1149 confugientes
2748 1079 2819 1132 ad
2866 1095 2956 1143 se,
3011 1078 3144 1149 quia
3192 1083 3354 1132 erant
3398 1078 3541 1131 inter
3583 1093 3672 1132 eos
3711 1084 3759 1133 et
3796 1079 3874 1132 viri

2304 1173 2678 1227 sacerdotales
2709 1188 2836 1226 cum
2869 1172 3018 1238 filiis,
3048 1177 3106 1225 et
3141 1171 3232 1225 alii
3270 1170 3654 1242 splendidioris
3681 1171 3875 1224 familiar

2304 1267 2438 1334 viri,
2496 1266 2738 1338 suscepit
2788 1265 2940 1320 bona
2989 1265 3206 1336 gratia,
3257 1265 3522 1334 pollicens
3566 1265 3876 1318 securitatem

2305 1361 2532 1428 salutis,
2580 1361 2674 1430 jus
2728 1359 3148 1430 possessionum
3193 1375 3456 1427 suarum;
3504 1363 3664 1429 atque
3705 1357 3768 1410 ad
3802 1375 3876 1411 ur-

2302 1454 2430 1509 bem
2472 1455 2560 1508 cui
2605 1470 2814 1508 nomen
2855 1453 3054 1520 Gosna,
3104 1451 3328 1518 direxit,
3375 1468 3446 1506 ne
3488 1451 3621 1522 quid
3667 1451 3879 1505 offensio-

2305 1549 2392 1602 nis
2422 1548 2668 1602 oriretur
2702 1549 2813 1601 ritu
2852 1546 3060 1618 dispari
3088 1549 3146 1600 et
3174 1547 3359 1600 cultus
3387 1545 3719 1599 diversitate.
3754 1544 3878 1608 Quod

2303 1641 2374 1696 ab
2416 1641 2522 1710 his,
2561 1641 2660 1711 qui
2706 1641 2762 1694 in
2812 1640 2951 1694 urbe
3001 1638 3164 1710 positi
3204 1637 3600 1710 repugnabant
3638 1641 3744 1708 (seu
3777 1637 3880 1708 quia

2303 1735 2631 1805 hujusmodi
2680 1734 2926 1805 suspicio
2977 1734 3316 1799 incesserat,
3365 1731 3478 1786 sive
3524 1733 3665 1786 ullus
3703 1748 3880 1800 compo-

569 1844 774 1898 rogare
809 1803 1125 1893 Joannem,
1170 1826 1467 1897 deplorare
1511 1827 1707 1898 patriae
1749 1829 1978 1895 statum,
2037 1803 2490 1883 obse-Bsuerat
2529 1829 2678 1895 dolo,
2726 1803 2796 1883 ne
2840 1828 3027 1898 plures
3067 1826 3483 1897 dilaberentur)
3530 1827 3587 1879 in
3631 1841 3881 1896 argumen-

569 1937 726 1976 crare
763 1937 1025 1974 sermone
1064 1919 1256 1986 ﬂebili,
1293 1921 1579 1991 appellare
1621 1923 1680 1974 ut
1714 1920 1914 1987 civem,
1947 1921 2044 1975 sed
2089 1937 2197 1974 cm-

571 2015 705 2068 teris
732 2014 1176 2085 pertinaciorem
1207 2031 1218 2068 :
1255 2017 1461 2067 testare
1506 2014 1600 2068 Dei
1632 2014 2042 2084 omnipotentis
2070 2030 2197 2085 gra-

571 2109 727 2177 tiam,
766 2109 979 2161 salvum
1024 2108 1142 2162 fore
1184 2124 1312 2162 cum
1351 2107 1496 2176 suis;
1530 2108 1931 2162 tantummodo
1968 2109 2197 2162 desiste-

568 2208 655 2257 ret
700 2203 944 2257 excitarc
986 2202 1226 2255 militem
1273 2202 1590 2256 Romanum
1636 2202 1704 2255 ad
1754 2202 1910 2255 urbis
1955 2203 2197 2257 eversio-

570 2312 721 2351 nem.
773 2297 955 2360 Quem
1010 2295 1102 2350 ubi
1149 2295 1376 2350 ﬂectere
1425 2295 1683 2367 nequivit
1729 2315 1741 2350 :
1791 2298 1908 2351 Non
1969 2296 2198 2362 mirum,

568 2391 772 2462 inquit,
817 2392 1087 2457 Joannes,
1118 2391 1161 2444 si
1206 2401 1534 2460 perSeveras
1581 2406 1759 2461 usque
1805 2390 1877 2444 ad
1920 2389 2201 2444 excidium

567 2484 786 2556 patriae,
831 2501 959 2538 cum
987 2485 1110 2556 jam
1156 2483 1494 2554 reliquerint
1529 2500 1656 2538 eam
1689 2484 1949 2555 prmsidia
1988 2483 2195 2540 divina.

569 2578 678 2634 Sed
726 2579 939 2632 mirum
986 2579 1140 2648 quod
1186 2577 1498 2649 perituram
1542 2595 1657 2634 non
1700 2578 1901 2646 credis,
1944 2595 2074 2632 cum
2118 2579 2198 2633 le-

569 2673 720 2744 geris
774 2671 1138 2744 propheticos
1195 2672 1396 2738 libros,
1456 2672 1662 2742 quibus
1720 2672 1938 2728 excidia
2003 2672 2200 2744 patriae

567 2765 730 2820 nobis
755 2765 1091 2819 annuntiata
1131 2770 1280 2832 sunt,
1310 2769 1367 2819 et
1404 2768 1667 2836 reparata
1704 2765 1971 2833 culmina,
2009 2782 2200 2820 rursus

566 2879 599 2915 a
653 2861 906 2914 Romano
964 2859 1243 2915 diruenda
1307 2859 1580 2914 exercitu.
1637 2858 1782 2924 Quid
1833 2859 1989 2914 enim
2049 2859 2201 2915 aliud

566 2956 774 3009 clamat
811 2953 1045 3008 Daniel?
1082 2954 1201 3007 Non
1244 2953 1403 3007 enim
1453 2953 1603 3023 quod
1640 2954 1759 3024 jam
1804 2954 2017 3008 factum
2058 2957 2197 3021 erat,

567 3047 663 3104 sed
714 3047 870 3118 quod
924 3049 1054 3118 post
1103 3047 1379 3112 futurum,
1439 3047 1821 3118 prophetabat
1866 3063 1878 3100 :
1935 3064 2061 3118 quae
2117 3051 2202 3101 est

565 3141 912 3197 abominatio
987 3141 1378 3206 desolationis,
1449 3157 1621 3210 quam
1698 3141 2042 3195 vociferatus
2116 3145 2199 3194 est

567 3235 927 3289 venientibus
993 3235 1258 3288 Romanis
1314 3235 1466 3298 fore,
1527 3235 1634 3288 nisi
1695 3233 1797 3288 ista
1862 3251 1987 3305 quae
2051 3252 2196 3289 nunc

569 3327 868 3383 imminet?
923 3328 1074 3398 quod
1131 3331 1216 3382 est
1267 3327 1402 3382 illud
1458 3328 1772 3395 oraculum,
1825 3329 1980 3399 quod
2022 3347 2055 3383 a
2093 3346 2196 3385 no-

567 3423 655 3477 bis
705 3438 854 3494 saepe
907 3425 1421 3476 commemoratum
1470 3428 1582 3489 est,
1628 3439 1661 3476 a
1709 3439 1932 3476 summo
1983 3423 2200 3478 denun-

567 3517 770 3571 tiatum
817 3517 931 3570 Deo
976 3533 988 3569 :
1036 3518 1170 3570 tunc
1211 3516 1422 3570 scilicet
1465 3515 1777 3587 perituram
1825 3516 2022 3571 urbem
2066 3517 2195 3571 fun-

568 3610 741 3677 ditus,
785 3626 915 3664 cum
956 3610 1159 3664 civium
1202 3610 1467 3664 manibus
1498 3610 1826 3665 contribulis
1870 3627 2001 3664 suus
2029 3611 2200 3666 fuerit

569 3705 914 3773 exstinctus,
969 3704 1076 3758 nisi
1129 3703 1280 3774 quod
1328 3720 1481 3759 nunc
1533 3704 1758 3774 impleri
1799 3704 2094 3759 videmus?
2146 3709 2199 3759 et

567 3800 836 3865 fortasse,
878 3798 1012 3870 quia
1049 3799 1169 3869 jam
1221 3798 1450 3853 defendi
1493 3799 1772 3868 templum
1820 3814 1938 3852 non
1984 3799 2196 3869 placet,

566 3892 866 3968 interdicto
914 3893 1257 3947 maculatum
1304 3892 1609 3964 sanguine,
1657 3892 1890 3963 purgari
1937 3893 2199 3948 incendio

569 3988 770 4058 placet.

1153 4070 1374 4125 CAPUT
1412 4071 1611 4144 xxxn.

639 4199 953 4270 Complevit
995 4214 1316 4252 sermonem
1357 4199 1658 4269 Iosephus,
1700 4199 1797 4253 sed
1830 4198 1996 4253 nullis
2031 4201 2198 4254 Joan-

570 4311 672 4350 nes
713 4297 977 4348 movetur
1013 4292 1271 4357 ﬂetibus,
1309 4309 1413 4346 nec
1457 4293 1744 4362 promissis
1782 4293 2046 4348 ﬂectitur.
2099 4294 2199 4347 Ur-

573 4389 745 4460 gebat
794 4389 938 4442 Deus
981 4385 1324 4457 jamdudum
1376 4387 1613 4457 perlidas
1659 4389 1916 4455 mentes,
1970 4404 2037 4441 ex
2088 4405 2201 4458 quo

570 4483 746 4554 impio
773 4499 830 4536 se
859 4481 1164 4552 parricidio
1193 4482 1697 4548 commacularunt,
1729 4482 2006 4536 Cumsrliu
2033 4483 2202 4536 Iesum

2303 1929 2423 1978 tum
2463 1927 2547 1977 est
2580 1923 2897 1978 derivatum
2928 1920 3101 1989 necis,
3129 1926 3193 1975 ut
3232 1920 3492 1975 exstincti
3534 1919 3878 1990 objicerentur.

2306 2018 2381 2072 Eo
2427 2020 2745 2086 comperto,
2788 2019 3077 2070 revocatos
3119 2013 3275 2068 Titus
3313 2013 3485 2084 jussit
3527 2029 3651 2067 cum
3687 2011 3881 2082 losepho

2304 2111 2538 2182 propius
2595 2127 2787 2164 muros
2836 2109 3028 2175 obire,
3089 2113 3150 2163 ut
3201 2125 3234 2161 a
3288 2107 3405 2161 suis
3463 2109 3881 2178 agnoscerentur.

2307 2205 2387 2259 Illi
2450 2221 2578 2258 cum
2642 2204 2904 2274 lacrymis
2969 2202 3304 2273 gemituque
3375 2217 3586 2272 magno
3649 2216 3752 2255 non
3809 2216 3885 2252 sua

2303 2298 2531 2367 deﬂere,
2574 2299 2674 2353 sed
2714 2298 2914 2369 patriae
2956 2296 3271 2368 templique
3314 2295 3531 2351 excidia
3563 2312 3574 2349 :
3608 2311 3790 2365 rogare
3827 2294 3884 2346 ci-

2304 2410 2426 2462 ves,
2495 2397 2555 2446 ut
2617 2396 3000 2463 sequerentur
3064 2390 3302 2444 Czesaris
3370 2389 3578 2458 fidem,
3650 2389 3887 2459 eriperent

2303 2488 2582 2557 templum
2629 2492 2821 2558 parato
2870 2484 3172 2553 incendio,
3215 2483 3354 2538 nihil
3407 2484 3513 2537 sibi
3559 2484 3800 2538 adversus
3837 2481 3887 2533 le-

2303 2597 2435 2652 gem
2483 2583 2865 2652 praaceptum,
2919 2579 3062 2633 nihil
3110 2578 3179 2632 de
3230 2578 3499 2633 libertate
3549 2576 3884 2632 imminutum.

2303 2675 2770 2745 Acquiescerent,
2828 2675 2886 2727 et
2937 2673 3040 2743 ipsi
3090 2672 3488 2744 experirentur
3548 2673 3886 2727 Romanorum

2302 2768 2704 2838 clementiam,
2751 2783 2996 2838 quorum
3042 2766 3491 2838 insuperabilem
3530 2766 3780 2820 virtutem
3819 2779 3885 2816 ex-

2303 2863 2449 2934 perti
2481 2867 2631 2918 sunt.

2887 2947 3109 3001 CAPUT
3147 2946 3362 3000 XXXIV.

2373 3078 2511 3131 Cum
2557 3075 2690 3130 talia
2727 3074 3128 3129 miserabiliter
3163 3073 3562 3144 deplorarent,
3605 3070 3891 3143 proturban-

2220 3172 2274 3244 ρ
2300 3175 2393 3226 tur
2419 3188 2451 3225 a
2490 3169 2624 3236 suis,
2667 3169 2997 3239 bellumque
3039 3167 3370 3223 accenditur
3403 3185 3416 3222 :
3451 3166 3701 3222 insiliunt
3729 3163 3886 3225 Jndmi,

2299 3269 2468 3337 atque
2499 3265 2554 3318 in
2591 3265 2717 3336 ipsa
2744 3264 3070 3334 irrumpunt
3101 3261 3428 3318 temeritate
3461 3262 3574 3331 (3t)
3601 3257 3887 3332 penetralia.

2296 3360 2504 3415 Omnes
2566 3374 2852 3424 recessus,
2916 3356 3106 3410 Omnia
3173 3359 3392 3410 secreta
3457 3357 3739 3426 occupant,
3795 3366 3890 3423 qua

2299 3454 2586 3508 inaccessa
2629 3451 2762 3505 viris
2801 3454 2964 3505 erant
2991 3466 3279 3504 sacrorum
3323 3450 3664 3505 exsortibus.
3696 3445 3892 3501 Romani

2297 3564 2528 3619 quoque
2575 3563 2632 3600 se
2678 3545 2875 3615 proelio
2924 3547 3128 3615 parant
3175 3561 3186 3597 :
3230 3547 3590 3598 temerantur
3639 3539 3890 3596 interdicta

2298 3646 2522 3712 patrum
2574 3639 2708 3692 belli
2754 3638 3120 3707 necessitate,
3168 3637 3383 3707 majore
3434 3643 3624 3691 tamen
3665 3637 3891 3690 Romano-

2297 3751 2449 3802 rum,
2481 3750 2653 3805 quam
2679 3749 2913 3788 suorum
2953 3731 3283 3786 reverentia.
3317 3731 3572 3786 Gentiles
3610 3730 3748 3786 enim
3789 3741 3888 3780 cum

2298 3827 2603 3883 formidine
2649 3826 2928 3896 templum
2969 3825 3314 3895 spectabant,
3355 3825 3536 3879 Judmi
3578 3839 3698 3878 cum
3739 3823 3889 3874 furore

2302 3938 2367 3976 ac
2402 3920 2723 3975 temeritate
2764 3919 3024 3987 adibant;
3057 3923 3114 3972 et
3151 3919 3411 3973 madidas
3448 3935 3648 3973 manus
3684 3917 3890 3969 humano

2302 4020 2566 4086 gerentes
2601 4013 2904 4085 sanguine,
2937 4013 3054 4082 ipsa
3099 4011 3488 4067 attrectabant
3533 4011 3738 4066 altaria.
3773 4007 3891 4060 Titus

2302 4113 2496 4163 tamen
2539 4107 2726 4161 adhuc
2777 4106 2836 4159 in
2884 4106 3178 4176 proposito
3228 4122 3495 4174 manens,
3545 4102 3893 4175 alloquebatur

2301 4204 2596 4267 Joannem,
2629 4206 2684 4255 et
2727 4200 2966 4254 invitum
3009 4217 3068 4254 se
3107 4199 3306 4254 deduci
3351 4200 3424 4254 ad
3465 4199 3732 4254 excidium
3769 4192 3891 4248 urbis

2305 4303 2361 4352 et
2415 4295 2613 4366 templi
2664 4294 3114 4358 contestabatur,
3171 4293 3361 4347 dicens
3413 4294 3484 4348 ad
3539 4309 3667 4348 eum
3719 4308 3729 4343 :
3779 4283 3891 4350 Quid

2303 4389 2408 4444 sibi
2447 4390 2659 4456 volunt,
2697 4389 2964 4457 Joannes,
3010 4387 3273 4458 impressi
3315 4387 3395 4440 illi
3438 4392 3572 4441 ante
3610 4386 3744 4439 fores
3779 4387 3890 4434 tem-

2304 4484 2380 4556 pli
2437 4483 2621 4554 apices
2677 4481 3142 4536 elementorum?
3193 4483 3397 4536 Nonne
3461 4479 3770 4551 signiﬁcant
3815 4489 3891 4526 ne-

571 4576 722 4632 cruci
762 4574 1114 4645 sufﬁgentes.
1145 4575 1239 4628 Hic
1268 4578 1352 4628 est
1387 4575 1480 4629 ille
1509 4575 1668 4645 cujus
1697 4591 1849 4629 mors
1880 4575 2203 4629 Judzeorum
2224 4544 2282 4615 D
2305 4577 2551 4640 minem,
2599 4577 2705 4630 nisi
2755 4581 3036 4630 sacratum
3089 4574 3297 4629 debere
3355 4574 3577 4644 templo
3624 4566 3890 4643 appropin-

573 4669 861 4725 excidium
901 4671 1005 4734 est,
1056 4674 1220 4722 natus
1265 4685 1332 4723 ex
1380 4669 1594 4723 Maria:
1627 4669 1724 4740 qui
1762 4670 1835 4723 ad
1875 4685 1998 4724 suos
2039 4672 2201 4731 venit,

572 4770 622 4818 et
647 4765 734 4818 sui
757 4778 876 4816 cum
907 4777 1012 4816 non
1039 4768 1354 4831 receperunt
1378 4763 1573 4830 (Joan.,
1598 4779 1634 4827 1,
1659 4764 1765 4831 11).
1792 4762 2030 4826 Quando
2052 4762 2205 4816 enim

574 4875 706 4912 suos
733 4873 848 4912 non
875 4855 1209 4910 occiderunt
1243 4855 1463 4909 Judaei?
1490 4857 1687 4911 Nonne
1724 4856 1905 4910 tilium
1945 4857 2080 4911 Saul
2120 4857 2205 4910 sui

574 4951 941 5008 occiderunt?
963 4950 1184 5005 Naboth
1209 4950 1488 5020 propheta
1512 4967 1544 5003 a
1564 4950 1679 5003 suis
1705 4951 1902 5021 utique
1925 4951 2206 5020 lapidatus

575 5051 661 5100 est
699 5062 712 5099 :
742 5045 940 5100 Juda-a
972 5043 1080 5100 fuit
1108 5042 1350 5111 Iezabel,
1382 5059 1509 5114 quae
1547 5043 1716 5113 jussit
1759 5044 1984 5110 Iudaeis,
2028 5043 2207 5098 senio-

572 5155 777 5210 resque
801 5142 1149 5210 prteceptum
1172 5136 1420 5191 exsecuti
1446 5139 1597 5190 sunt.
1620 5137 1846 5191 Judasus
1873 5137 2084 5207 Achab,
2109 5137 2206 5208 qui

572 5249 736 5288 causa
761 5232 960 5287 mortis
985 5232 1107 5302 ejus
1133 5231 1316 5285 factus
1343 5235 1444 5284 est.
1473 5231 1682 5294 Quanti
1711 5231 1806 5285 alii
1834 5249 1863 5284 a
1891 5231 2107 5286 civibus
2136 5231 2207 5286 ci-

574 5343 669 5383 ves
709 5326 1010 5398 perempti,
1042 5331 1098 5379 et
1137 5328 1326 5378 tamen
1360 5324 1458 5379 diu
1496 5324 1718 5396 integra
1753 5325 1948 5380 civitas
1977 5325 2204 5391 mansit,

573 5421 676 5476 etsi
706 5421 895 5474 diruta
935 5437 969 5474 a
999 5418 1320 5490 Babyloniis
1360 5425 1485 5489 post
1527 5435 1709 5473 annos
1740 5419 2203 5488 innumerabiles,

574 5514 671 5567 sed
709 5519 968 5583 reparata
999 5512 1226 5582 postea!
1272 5513 1384 5566 Hoc
1421 5516 1506 5566 est
1539 5527 1871 5583 supremum
1895 5513 2204 5580 excidium,

574 5609 698 5679 post
714 5606 866 5677 quod
882 5606 1252 5678 irreparabile
1274 5609 1392 5660 tem
1401 5606 1584 5677 plum,
1603 5605 1737 5678 quia
1753 5610 2082 5661 averterunt
2096 5622 2206 5661 sce-

574 5700 784 5756 leribus
804 5700 918 5753 suis
942 5701 1244 5770 praesulem
1266 5700 1486 5772 templi,
1511 5700 1883 5772 reparationis
1906 5699 2201 5756 arbitrum.

637 5869 733 5934 (31)
765 5867 982 5917 Temere.
1018 5865 1192 5917 ΒΑΗ.

2307 4671 2525 4742 quare?
2580 4669 2727 4734 Quid
2779 4669 2873 4723 illa
2926 4674 3085 4739 septa
3138 4685 3242 4738 pro
3297 4668 3557 4738 templo?
3608 4667 3803 4726 Nonne,
3844 4660 3893 4711 ιιί

2305 4768 2640 4835 conspectus
2686 4768 2918 4817 arceant
2962 4761 3359 4816 universorum
3404 4761 3643 4828 liberos,
3684 4756 3892 4824 solisque

2305 4858 2559 4929 mysticis
2609 4858 2718 4927 (32)
2763 4860 2957 4928 pateat
3004 4861 3356 4911 secretorum
3405 4854 3655 4926 cognitio
3701 4869 3713 4905 :
3759 4853 3896 4916 atque

2308 4952 2394 5006 his
2425 4952 2495 5007 sit
2525 4952 2666 5007 liber
2701 4955 2982 5022 aspectus,
3023 4950 3227 5020 quibus
3270 4953 3356 5004 est
3394 4949 3686 5020 legitimus
3717 4945 3895 5012 ingres-

2307 5049 2438 5101 sus?
2474 5049 2806 5117 Prospectus
2834 5044 3128 5099 excluditis
3166 5044 3626 5114 peregrinorum,
3657 5047 3709 5095 et
3743 5049 3892 5090 acces-

2308 5158 2402 5195 sus
2427 5141 2649 5211 cogitis.
2679 5138 2954 5204 Scribitis,
2986 5141 3049 5192 ut
3078 5139 3266 5192 nullus
3306 5137 3662 5209 ingrediatur
3696 5132 3890 5190 advena,

2309 5235 2495 5289 nullus
2542 5233 2882 5305 peregrinus
2933 5233 3211 5300 introeat;
3272 5235 3329 5286 et
3387 5229 3743 5302 peregrinum
3791 5236 3891 5275 san-

2308 5328 2545 5399 guinem
2579 5327 2726 5382 intra
2763 5327 3038 5398 templum
3070 5325 3328 5394 funditis,
3361 5325 3805 5390 advenarumque
3834 5311 3891 5365 si-

2309 5421 2428 5476 mul
2458 5424 2515 5475 et
2549 5420 2753 5475 civium
2791 5436 2991 5475 cruore
3025 5424 3205 5474 vestra
3239 5418 3434 5473 altaria
3474 5404 3894 5472 commaculatis?

2307 5513 2594 5570 Testiﬁcor
2645 5531 2754 5585 ego
2803 5530 2920 5568 non
2963 5513 3353 5584 impressionis
3396 5515 3602 5566 nostra:
3647 5520 3774 5572 esse,
3816 5496 3893 5552 sed

2309 5612 2505 5664 vestrae
2559 5607 3066 5679 prtevaricationis,
3122 5606 3272 5677 quod
3319 5605 3538 5660 violatis
3581 5617 3701 5675 qua:
3746 5599 3894 5651 vestra

2308 5705 2456 5758 sunt.
2507 5703 2624 5772 Ego
2665 5701 2882 5758 alienus
2919 5717 3038 5756 non
3069 5701 3262 5772 exigo,
3295 5699 3407 5755 imo
3448 5697 3712 5760 obtestor,
3754 5689 3794 5744 si
3828 5698 3892 5738 v0-

2376 5869 2469 5934 (32)
2496 5869 2661 5922 Forte
2685 5869 2887 5936 mustis.
2915 5867 3213 5924 GALLAND.
