4128 6194
254 246 397 302 2285

1284 248 1371 304 DE
1415 249 1687 307 EXCIDIO
1723 250 1925 307 URBIS
1974 248 2332 307 HIEROSOL.
2375 250 2502 305 LIB.
2546 250 2603 303 ν.

3486 250 3625 307 2286

250 367 369 424 litis
398 368 709 441 discedere,
746 369 1034 426 incolume
1072 373 1352 444 templum
1382 375 1670 445 futurum;
1705 375 1887 431 nemi-
1914 376 2177 461 Aspatia
2241 374 2518 446 depositis
2573 372 2839 429 omnibus
2892 389 3074 446 usque
3132 375 3201 429 ad
3251 375 3627 431 fundamenta

249 479 386 518 nem
447 465 839 521 Romanorum
901 466 1136 522 hostiles
1190 467 1583 540 irrogaturum
1649 486 1887 530 manus.

250 557 398 612 nihil
439 559 510 614 de
552 558 751 614 vestris
793 562 1193 617 temerandum
1237 578 1357 618 esse
1399 564 1708 620 sacriﬁciis.
1753 564 1885 621 Ser-

248 651 398 706 vabo
426 653 704 724 templum
739 654 896 709 vobis
932 660 989 710 et
1023 656 1315 728 proselytis
1338 656 1484 729 (33);
1513 659 1701 713 cultus
1735 658 1886 713 enim

248 761 542 801 sacrorum
603 747 886 815 diversus,
941 750 1036 803 sed
1103 750 1290 821 operis
1347 736 1665 808 communis
1724 768 1883 820 usus;

248 840 410 910 quod
445 841 629 895 cultus
657 841 783 909 fuit,
815 860 847 897 a
878 843 1038 898 vobis
1075 844 1333 913 recessit;
1365 845 1522 917 quod
1561 846 1750 917 operis
1783 850 1886 913 est,

247 933 559 989 victoribus
588 936 888 992 remansit.

844 1040 1067 1096 CAPUT
1105 1042 1296 1096 XXXV.

332 1141 437 1195 Ubi
478 1158 547 1195 ne
583 1142 672 1197 his
704 1143 936 1215 quidem
975 1160 1077 1215 per
1110 1144 1416 1214 Josephum
1459 1145 1759 1201 insinuatis
1797 1163 1886 1200 re-

244 1240 439 1296 vocari
499 1240 684 1293 Caesar
744 1236 984 1291 advertit
1042 1238 1330 1308 (factionis
1391 1238 1544 1293 enim
1603 1239 1889 1310 principes

245 1334 530 1407 putabant
555 1330 886 1387 difﬁdentia:
915 1331 1101 1403 potius
1132 1348 1305 1403 quam
1346 1332 1573 1403 pietatis
1609 1350 1730 1389 esse
1765 1338 1887 1388 tam

244 1429 609 1500 frequentem
650 1425 962 1480 desistendi
998 1426 1475 1497 conventionem),
1510 1427 1583 1481 ad
1622 1428 1884 1498 praelium

247 1521 590 1578 necessitate
646 1520 857 1574 invitus
911 1519 1162 1586 revertit,
1204 1520 1370 1590 jubet
1421 1520 1618 1575 adesse
1675 1521 1883 1576 Roma-

247 1633 378 1671 nos.
413 1614 522 1671 Sed
563 1613 698 1686 quia
736 1618 908 1667 tanta:
949 1613 1299 1668 multitudini
1341 1615 1604 1685 angustia
1645 1614 1883 1686 impedi-

246 1713 449 1765 mento
488 1714 627 1777 erat,
671 1706 906 1778 triginta
949 1706 1141 1762 electis
1183 1707 1338 1775 viris,
1380 1708 1608 1779 singula
1651 1708 1889 1780 deputat

245 1803 589 1860 bellatorum
626 1801 824 1856 millia.
863 1802 985 1856 Non
1022 1800 1180 1856 enim
1215 1804 1401 1857 totum
1440 1802 1751 1859 exercitum
1792 1820 1883 1858 re-

245 1900 508 1969 ciperent
562 1902 678 1951 tam
737 1895 914 1950 densa
966 1894 1339 1950 aediﬁciorum
1395 1896 1703 1951 obstacula.
1762 1899 1885 1968 lpse

244 2007 479 2063 quoque
534 1988 703 2044 simul
757 1987 1107 2044 descendere
1166 1989 1380 2056 volens,
1432 1989 1803 2045 revocabatur
1853 2009 1886 2046 a

244 2085 384 2152 suis,
436 2100 508 2139 ne
563 2084 623 2137 in
678 2086 921 2154 angusto
975 2082 1267 2137 nocturnis
1320 2083 1495 2138 etiam
1551 2084 1886 2155 plerumque

246 2176 623 2249 temporibus,
645 2175 851 2247 quibus
879 2191 1105 2231 necesse
1134 2182 1260 2231 erat
1283 2175 1675 2232 insidiantium
1701 2178 1883 2233 fraudi

245 2287 566 2339 occurrere,
611 2269 850 2340 periculi
902 2269 1111 2341 aliquid
1159 2269 1217 2324 in
1268 2285 1328 2325 se
1373 2270 1646 2325 excitaret
1693 2288 1707 2325 :
1753 2288 1883 2326 cum

244 2365 496 2436 amplius
534 2363 858 2435 proficeret,
900 2363 945 2417 si
981 2368 1263 2434 spectator
1302 2362 1438 2418 belli
1479 2364 1721 2433 adesset,
1754 2381 1885 2436 qua:

248 2457 642 2530 unusquisque
678 2457 995 2529 promptius
1030 2456 1137 2511 sibi
1175 2456 1603 2511 decernendum
1640 2457 1881 2512 arbitra-

248 2556 436 2619 retur,
469 2551 571 2607 sub
610 2551 787 2606 oculis
827 2550 1064 2606 Caesaris
1100 2550 1444 2622 prmliaturo.
1487 2550 1692 2607 Omnia
1730 2552 1884 2607 enim

254 2662 388 2717 quae
434 2646 574 2700 circa
619 2643 897 2717 templum
948 2649 1304 2715 gererentur,
1351 2644 1504 2699 velut
1556 2644 1612 2699 in
1663 2647 1884 2701 theatro

253 2740 522 2811 quodam,
561 2756 624 2793 ex
663 2739 790 2795 loco
829 2738 1090 2795 Antoniae
1130 2738 1377 2811 desuper
1415 2738 1761 2794 visebantur.
1794 2741 1881 2795 ln-

247 2831 427 2887 ﬂexus
470 2832 544 2887 ad
584 2848 715 2887 eam
757 2832 1104 2887 sententiam
1140 2834 1341 2899 Caesar,
1387 2832 1607 2888 Cereali
1651 2833 1888 2888 mandat

246 2926 577 2997 negotium,
625 2929 687 2980 ut
733 2925 1226 2997 praetendentibus
1270 2926 1417 2980 circa
1466 2927 1744 2999 templum
1788 2928 1882 2982 Ju-

249 3020 410 3085 daais,
460 3020 605 3075 hora
648 3019 832 3076 noctis
883 3036 1036 3075 nona
1084 3019 1495 3092 superveniret,
1546 3024 1885 3092 casterosque

1906 1757 1964 1830 B

1992 472 2182 535 terra},
2235 484 2363 541 quae
2415 474 2601 523 castro
2652 467 2742 522 cui
2789 467 3046 523 Antoniae
3098 486 3325 537 nomen,
3379 468 3625 524 Herodes

1989 563 2417 630 immuniverat,
2450 563 2615 617 latior
2652 562 2799 615 facta
2837 567 2923 616 est
2955 561 3045 615 via
3079 577 3208 632 quas
3244 562 3317 617 ad
3348 564 3622 634 templum

1991 656 2265 722 ducebat;
2299 662 2359 711 ut
2398 672 2513 711 non
2549 656 2728 710 solum
2771 655 3138 725 percursandi
3167 655 3445 710 militibus
3477 661 3626 711 esset

1990 749 2251 819 facultas,
2282 750 2378 804 sed
2412 750 2585 805 etiam
2629 749 2685 803 in
2719 750 3095 804 munimentis
3130 750 3539 804 constituendis
3570 757 3627 805 et

1991 845 2387 900 coacervandis
2441 844 2780 914 aggeribus,
2831 846 3114 915 quantum
3170 848 3317 897 esset
3369 860 3624 898 necessa-

1991 939 2138 993 rium
2164 939 2435 1006 locorum,
2467 943 2710 1009 pateret,
2740 953 2853 1008 quo
2881 937 3247 1008 pnlsarenlur
3276 936 3445 991 etiam
3473 943 3623 992 tem-

1990 1032 2069 1104 pli
2092 1031 2457 1104 fastigiorum
2489 1046 2744 1097 summa;
2769 1047 2869 1102 per
2899 1046 3028 1101 quae
3057 1031 3329 1085 Romanis
3354 1032 3627 1085 intentius

1990 1126 2451 1192 immorantibus,
2493 1141 2623 1180 cum
2667 1124 3079 1180 intolerabilius
3118 1126 3230 1195 (34)
3267 1124 3416 1179 fame
3458 1142 3626 1196 urge-

1990 1224 2189 1275 rentur
2225 1219 2428 1285 .ludaai,
2462 1222 2759 1290 cmperunt
2804 1217 3059 1272 insidiari
3106 1219 3499 1274 Romanorum
3533 1220 3627 1290 ju-

1991 1315 2197 1369 mentis
2228 1331 2241 1367 :
2275 1314 2322 1368 si
2359 1314 2487 1384 quis
2532 1313 2873 1368 bellatorum
2909 1329 3119 1383 equum
3157 1312 3369 1383 pabulo
3406 1313 3627 1368 laxave-

1988 1412 2099 1473 rat,
2137 1411 2237 1463 aut
2276 1408 2495 1463 mulum
2541 1407 2779 1462 levando
2821 1406 2983 1461 oneri
3027 1407 3428 1474 necessarium,
3464 1411 3628 1479 rapto

1988 1501 2342 1569 avertebant,
2387 1519 2488 1556 nec
2528 1503 2713 1556 solum
2756 1500 2919 1555 cibus
2960 1500 3039 1555 eis
3080 1500 3379 1572 dispendio
3419 1502 3619 1557 Roma.

1986 1612 2213 1663 norum,
2267 1596 2363 1651 sed
2417 1596 2587 1651 etiam
2642 1594 2881 1666 tlagitio,
2931 1594 3233 1665 petebatur
3279 1596 3406 1665 (35).
3454 1597 3627 1667 Cujus

1986 1690 2222 1744 incuriae
2285 1690 2562 1760 probrum
2621 1688 2675 1743 in
2734 1688 2973 1743 exordio
3026 1689 3248 1755 statim,
3302 1691 3629 1762 prtescripto

1987 1784 2142 1838 necis
2189 1784 2495 1855 supplicio,
2547 1784 2734 1838 Caesar
2785 1781 3049 1849 removit;
3099 1782 3360 1838 fraudem
3410 1787 3625 1849 tamen,

1987 1878 2360 1949 pervicaciam
2431 1894 2545 1932 non
2615 1878 2985 1948 compescuit.
3054 1877 3270 1932 Exclusi
3337 1878 3489 1932 enim
3556 1878 3628 1933 ab

1986 1970 2317 2043 hujusmodi
2383 1971 2603 2042 rapinae
2670 1969 2994 2025 necessario
3064 1970 3451 2025 esurientibus
3518 1972 3627 2027 ali-

1910 2074 1923 2084 '
1987 2070 2200 2133 mento,
2234 2065 2545 2120 herbarum
2585 2063 2835 2118 subsidia
2872 2069 3188 2135 captantes,
3220 2063 3628 2119 destruendum

1986 2175 2215 2213 murum
2255 2174 2427 2229 quem
2458 2158 2606 2213 circa
2634 2158 2952 2228 pomarium
2986 2157 3144 2213 Titus
3175 2157 3434 2225 duxerat,
3467 2160 3625 2229 cogi-

1989 2256 2269 2320 taverunt,
2322 2258 2384 2307 ut
2426 2252 2671 2323 vagandi
2716 2255 2771 2306 et
2813 2251 3151 2323 exquirendi
3204 2252 3422 2307 radices
3465 2254 3626 2307 arbo-

1988 2362 2140 2413 rum,
2179 2346 2637 2417 pabulorumque
2679 2345 2910 2400 liberior
2947 2345 3112 2400 ﬁeret
3148 2362 3435 2414 excursus,
3474 2349 3627 2417 quod

1989 2440 2058 2495 ad
2091 2440 2387 2510 cujusdam
2430 2440 2673 2495 carceris
2713 2439 2889 2493 vicem
2923 2439 3188 2494 circuitus
3229 2440 3378 2494 muri
3410 2441 3626 2495 clause-

1987 2537 2092 2601 rat,
2137 2550 2243 2588 nec
2284 2536 2404 2587 erat
2437 2533 2579 2603 jam,
2612 2550 2726 2604 quo
2768 2534 2975 2587 famem
3020 2534 3294 2588 levarent.
3334 2534 3631 2605 Obrepunt

1987 2628 2179 2699 itaque
2229 2633 2285 2682 et
2338 2644 2577 2682 excursu
2636 2627 2939 2698 repentino
2994 2627 3067 2682 ad
3120 2632 3378 2682 montem
3428 2629 3627 2683 Oliveti

1986 2721 2267 2792 ingruunt
2315 2720 2838 2792 prastendentibus;
2887 2739 2989 2776 nec
3040 2720 3115 2775 illi
3170 2720 3473 2776 commisso
3525 2722 3624 2776 de-

1987 2816 2146 2870 fuere
2187 2814 2431 2882 muneri,
2477 2821 2533 2869 et
2572 2814 2725 2869 tubae
2769 2814 2997 2869 classico
3043 2814 3114 2868 de
3154 2815 3373 2870 caeteris
3412 2819 3624 2871 castro-

1986 2926 2114 2964 rum
2151 2914 2249 2964 aut
2277 2909 2524 2963 turrium
2563 2908 2938 2964 munimentis
2980 2910 3122 2965 alios
3160 2916 3523 2965 accerserunt
3554 2912 3626 2965 ad

1987 3002 2169 3074 praelii
2210 3001 2540 3057 societatem
2573 3004 2704 3071 (36).
2744 3002 3070 3058 Conseritur
3108 3019 3302 3075 pugna
3343 3004 3526 3059 acrior
3569 3005 3627 3059 in

249 3113 519 3169 hortatur
559 3113 805 3169 studiose
854 3114 1123 3185 ingruere
1166 3113 1510 3183 certamine;
1556 3130 1614 3168 se
1656 3130 1884 3187 quoque

1988 3096 2268 3169 principio
2296 3113 2309 3150 :
2343 3095 2479 3150 dum
2514 3095 2697 3168 pudor
2726 3096 2850 3163 hos,
2883 3096 3010 3151 illos
3049 3097 3233 3151 fames
3276 3105 3441 3169 urget
3477 3115 3628 3153 saevo

247 3206 646 3263 dimicantium
685 3207 904 3263 meritis
940 3224 1054 3263 non
1091 3206 1443 3274 defuturum,
1476 3224 1604 3262 cum
1644 3207 1890 3280 desuper
1915 3189 1962 3201 “
1989 3190 2229 3262 imperio
2270 3206 2334 3244 ac
2376 3189 2722 3257 necessario;
2765 3190 2859 3245 sed
2902 3189 3319 3245 conﬂuentibus
3362 3193 3631 3247 Romanis

246 3305 347 3357 aut
394 3301 640 3372 ignaviae
688 3301 962 3374 cujusque
1017 3302 1194 3368 testis,
1247 3304 1347 3356 aut
1396 3301 1619 3356 virtutis
1671 3302 1890 3357 arbiter
1989 3285 2344 3355 repelluntur
2381 3284 2581 3351 δυάωίυ
2617 3289 2785 3356 atque
2830 3284 2903 3339 ad
2944 3284 3102 3339 urbis
3141 3302 3256 3339 3‘"?
3300 3302 3494 3341 ιηηιόε
3536 3304 3625 3343 ι’θ·

245 3410 505 3467 pugnam
550 3395 927 3450 examinaret.
964 3395 1213 3452 Cerealis
1253 3394 1585 3467 praescripto
1628 3398 1886 3467 tempore

249 3490 496 3561 impigre
554 3489 745 3558 adest,
800 3488 897 3544 sed
958 3489 1220 3545 custodes
1283 3488 1579 3560 vigilantes
1641 3489 1885 3560 reperit;

247 3582 516 3656 praelium
563 3582 905 3638 conseritur.
954 3581 1248 3653 Siquidem
1301 3586 1359 3636 et
1406 3582 1555 3636 intra
1603 3583 1886 3653 templum

247 3677 341 3731 siti
379 3692 497 3731 non
535 3675 915 3745 dormiebant,
955 3681 1015 3731 et
1044 3675 1544 3748 congredientibus
1581 3677 1675 3747 qui
1713 3691 1883 3731 excu-

247 3770 377 3825 bias
410 3769 667 3837 obibant,
708 3770 868 3825 facile
904 3786 961 3826 se
1002 3770 1194 3825 caeteri
1236 3769 1307 3823 ad
1347 3769 1558 3824 bellum
1595 3776 1883 3841 pararant.

247 3864 522 3919 Conferte
562 3863 815 3935 agmine,
854 3863 1105 3919 instabat
1148 3865 1432 3919 Romanus
1464 3880 1476 3917 :
1513 3863 1710 3932 Judaei,
1748 3864 1885 3918 dum

246 3957 508 4012 claustris
561 3961 731 4029 atque
782 3958 1062 4028 angustiis
1109 3957 1391 4024 nituntur,
1443 3974 1516 4012 ne
1566 3958 1884 4012 circumve-

245 4050 533 4119 nirentur,
564 4051 971 4121 percursabant
1009 4050 1265 4120 diversa;
1294 4057 1359 4106 ut
1390 4050 1744 4123 frequentius
1781 4052 1885 4107 sibi

243 4162 279 4200 a
331 4145 447 4200 suis
509 4150 657 4200 esset
716 4144 1070 4216 periculum,
1126 4144 1264 4200 dum
1331 4144 1390 4199 in
1454 4145 1708 4201 tenebris
1771 4162 1884 4201 non

246 4241 770 4309 cognoscerentur,
828 4241 886 4293 et
937 4239 1274 4310 plerumque
1334 4240 1804 4310 transfigerentur
1854 4256 1886 4293 a

246 4332 448 4399 sociis,
500 4332 637 4386 dum
702 4332 891 4386 hostes
952 4334 1247 4403 putantur.
1304 4332 1440 4396 Quis
1499 4332 1653 4388 enim
1720 4340 1885 4388 nocte

245 4425 620 4492 discerneret,
653 4425 806 4480 socio
842 4441 916 4479 an
957 4425 1103 4480 hosti
1142 4426 1500 4481 occurreret?
1535 4443 1664 4482 cum
1706 4427 1880 4483 inter-

247 4535 458 4590 rogare
497 4534 690 4574 serum
732 4523 900 4587 esset,
940 4535 1134 4574 cavere
1175 4519 1336 4587 utile,
1374 4521 1691 4575 consultum
1734 4538 1881 4593 prae-
1905 4499 1963 4570 D

249 4613 482 4681 venire;
539 4618 598 4668 et
648 4612 999 4668 tolerabilior
1056 4613 1237 4683 culpa:
1294 4613 1511 4682 exitus,
1568 4631 1759 4670 errare
1822 4616 1879 4669 in

247 4706 434 4763 alieno
463 4706 718 4774 vulnere,
749 4722 923 4780 quam
960 4706 1256 4778 proprium
1291 4706 1507 4779 eligere
1544 4708 1880 4779 periculum,

250 4799 346 4855 ubi
381 4799 557 4855 hostis
582 4799 836 4855 timetur.
863 4799 1109 4870 Ancipiti
1134 4800 1324 4873 itaque
1354 4817 1459 4872 per
1486 4806 1710 4858 noctem
1735 4802 1880 4874 peri-

247 4894 377 4950 culo
420 4893 760 4950 laborabant
806 4893 1011 4962 Judaei,
1058 4894 1146 4949 vel
1196 4893 1351 4965 quod
1399 4894 1637 4951 inferret
1684 4896 1882 4964 hostis,

248 4987 337 5044 vel
380 4988 440 5042 in
483 5003 597 5060 quo
640 4988 825 5043 socius
871 4993 1106 5043 erraret.
1149 4988 1259 5042 Nec
1307 4988 1534 5044 minore
1576 5006 1682 5060 per
1726 4990 1881 5045 diem

247 5082 541 5137 Romanus
570 5081 959 5137 vehementior
990 5081 1212 5152 aderat,
1244 5098 1413 5154 quem
1456 5082 1628 5138 totius
1660 5087 1881 5155 specta-

247 5178 342 5231 tor
368 5174 695 5231 certaminis
730 5175 889 5230 Titus
923 5175 1008 5229 vel
1042 5175 1243 5231 tacitus
1277 5176 1543 5247 urgebat.
1582 5178 1643 5232 ln
1682 5177 1883 5232 horam

248 5269 513 5341 quintam
569 5270 891 5340 pugnatum
945 5273 1032 5323 est
1082 5268 1285 5323 acriter
1329 5286 1341 5324 :
1393 5270 1603 5326 Judaais
1657 5287 1885 5343 quoque

248 5365 484 5418 strenue
518 5360 946 5431 rebellantibus,
986 5366 1047 5417 ut
1080 5365 1284 5417 neutra
1317 5380 1446 5434 pars
1473 5364 1600 5420 loco
1635 5366 1881 5420 cederet.

829 5474 1052 5532 CAPUT
1094 5474 1312 5530 XXXVI.

323 5578 464 5633 Dum
496 5578 617 5633 haec
647 5577 800 5633 inter
834 5593 893 5633 se
926 5577 1124 5650 praelia
1154 5582 1381 5651 gerunt,
1412 5584 1628 5650 septem
1659 5580 1884 5636 dierum

312 5744 415 5810 (33)
439 5745 553 5796 Etsi
580 5743 780 5796 nolitis.
813 5745 991 5799 BABR.

315 5817 412 5885 (se
438 5816 787 5871 ιηιοιοναωιε.
815 5816 899 5870 In.

1987 3378 2314 3434 ﬂectuntur.
2346 3379 2500 3433 Tunc
2537 3394 2688 3432 unus
2725 3395 2756 3431 e
2794 3383 2984 3433 turma
3028 3379 3309 3450 equitum,
3348 3380 3630 3435 Pedanius

1988 3473 2246 3538 nomine,
2302 3471 2523 3526 concito
2582 3487 2752 3541 equo,
2809 3471 3068 3526 dextram
3126 3473 3397 3539 extendit,
3458 3480 3515 3528 et
3568 3492 3627 3527 se

1987 3566 2279 3637 paululum
2333 3565 2635 3631 inclinans,
2692 3582 2866 3619 unum
2920 3566 2991 3618 de
3045 3566 3254 3620 Judmis
3307 3567 3626 3637 fugientem

1986 3658 2312 3729 suspendit,
2372 3658 2657 3729 captivum
2712 3657 2914 3712 Caesari
2971 3658 3191 3724 ferens,
3246 3659 3624 3731 gloriosmque

1986 3753 2165 3807 victor
2193 3751 2425 3822 rapinae,
2459 3751 2612 3806 velut
2649 3752 3004 3822 lepusculum
3045 3751 3257 3822 aquila,
3287 3756 3381 3805 aut
3419 3754 3622 3824 accipi-

1986 3852 2073 3902 ter
2116 3845 2346 3900 fulicam
2392 3850 2523 3901 ante
2568 3844 2742 3917 pedes
2785 3846 3021 3900 Caasaris
3065 3846 3343 3900 viventem
3394 3846 3623 3917 dejecit.

1984 3941 2106 4005 Quo
2148 3940 2456 3995 delectatus
2495 3938 2808 3994 admodum
2850 3939 3029 4006 Titus,
3062 3939 3348 3993 laudatum
3386 3956 3518 3994 eum
3566 3944 3621 3994 et

1987 4035 2334 4090 honoratum
2367 4033 2606 4088 dimisit.

2554 4150 2773 4207 CAPUT
2809 4150 3054 4206 XXXVII.

2055 4270 2177 4323 1am
2219 4267 2575 4323 circumfusae
2619 4268 2821 4338 templi
2863 4266 3144 4322 ardebant
3186 4268 3455 4338 porticus,
3498 4270 3621 4324 ubi-

1984 4380 2097 4436 que
2128 4363 2334 4430 luctus,
2364 4361 2575 4433 ubique
2614 4377 2800 4425 mors;
2833 4360 2971 4415 foris
3001 4361 3235 4428 bellum,
3267 4362 3420 4416 intus
3450 4380 3621 4434 supra

1985 4457 2200 4512 bellum
2256 4460 2312 4510 et
2364 4455 2717 4510 incendium.
2772 4455 2883 4508 Nec
2944 4454 3357 4524 frangebantur
3414 4457 3621 4510 animis

1985 4551 2165 4606 Judaei
2217 4568 2229 4604 :
2281 4548 2558 4621 putabant
2602 4547 2865 4602 vindictas
2920 4547 3123 4618 perire,
3169 4549 3447 4619 quidquid
3498 4550 3619 4603 sine

1985 4645 2180 4701 fraude
2221 4648 2492 4715 gererent
2530 4643 2616 4696 vel
2657 4640 2979 4696 insolentia.
3015 4641 3257 4705 Quando
3295 4642 3462 4698 aliter
3496 4645 3617 4715 jam

1985 4738 2323 4811 nequibant,
2361 4736 2739 4807 provocabant
2779 4736 3069 4790 Romanos
3106 4735 3176 4789 ad
3216 4736 3421 4791 excidii
3462 4740 3612 4793 cele-

1984 4834 2227 4888 ritatem.
2285 4830 2554 4886 Jonathes
2603 4829 2834 4901 quidam
2890 4829 3128 4900 exiguus
3182 4846 3455 4901 corpore,
3511 4831 3613 4885 de-

1984 4932 2175 4998 spectu
2212 4924 2462 4996 dignior,
2488 4925 2654 4994 juxta
2682 4923 2914 4979 Joannis
2951 4925 3269 4995 sepulcrum
3303 4924 3617 4979 lacessebat

1984 5021 2294 5085 Romanos,
2334 5024 2398 5072 ut
2439 5033 2628 5073 secum
2671 5019 2768 5090 qui
2814 5017 3003 5084 vellet,
3045 5033 3217 5072 manu
3259 5018 3613 5073 decerneret.

1983 5113 2117 5170 Aliis
2153 5111 2597 5185 despicientibus
2626 5111 2992 5183 pusillitatem
3030 5111 3301 5177 hominis,
3341 5111 3467 5165 aliis
3502 5112 3611 5167 fas-

1986 5206 2315 5263 tidientibus
2374 5222 2509 5261 cum
2575 5222 2645 5261 eo
2708 5205 3036 5273 decertare,
3097 5221 3270 5277 quem
3338 5205 3613 5260 continuo

1984 5302 2269 5371 captivum
2336 5300 2587 5356 habituri
2655 5299 2879 5365 forent,
2935 5299 3061 5353 aliis
3120 5298 3615 5354 considerantibus

1984 5395 2302 5466 periculoso
2348 5394 2657 5450 certamine
2706 5408 2831 5447 rem
2880 5392 3000 5464 geri
3042 5409 3170 5447 cum
3214 5393 3368 5460 viris,
3412 5394 3509 5463 qui
3554 5393 3611 5448 in

1985 5488 2254 5544 extremis
2305 5488 2501 5542 salutis
2550 5503 2666 5542 non
2712 5487 2898 5558 aliqua
2940 5484 3301 5553 fortitudine,
3346 5486 3445 5540 sed
3495 5488 3611 5541 sola

1984 5582 2303 5638 temeritate
2348 5579 2656 5635 vindictam
2702 5585 3025 5651 qumrerent
3069 5595 3082 5634 :
3129 5578 3386 5652 nihilque
3433 5579 3614 5635 laudis

2049 5748 2146 5815 (35)
2172 5748 2561 5801 Necessitatem.
2588 5745 2669 5797 In.

2050 5818 2149 5885 (36)
2176 5817 2553 5873 Pariobatur...
2586 5818 2820 5884 injuria.
2855 5817 2933 5869 In.
