4128 6194
599 306 741 395 2287

2069 296 2124 352 S.
2165 293 2481 353 AMBROSH

3788 307 3897 361 “2288

600 415 879 494 futurum,
914 426 959 480 si
998 425 1316 479 vinceretur
1353 423 1576 479 excidio
1620 422 1923 489 finitimus;
1960 424 2017 475 et
2057 421 2230 492 pluri-
2258 422 2544 503 ACaasar,
2592 439 2695 479 nec
2740 426 2998 495 poterat;
3044 423 3371 479 hortabatur
3414 429 3595 479 tamen
3638 428 3895 500 proximos,

603 538 761 576 mum
808 520 1119 586 dedecoris,
1162 518 1205 573 si
1252 519 1378 589 quis
1421 519 1582 589 lapsu
1627 518 1819 589 aliquo
1861 532 2231 570 communem

602 616 891 671 victoriam
955 617 1230 685 turparet.
1290 611 1542 668 Jactabat
1604 628 1660 667 se
1724 608 2229 675 insolentissimus,

600 713 657 764 et
706 715 925 764 metum
971 706 1268 778 objiciebat
1316 704 1617 760 victoribus
1666 721 1678 759 :
1726 702 1975 760 convicia
2023 702 2230 775 ferens,

597 803 752 875 quod
812 819 930 857 non
986 802 1102 856 suis
1154 800 1385 867 viribus,
1442 800 1535 854 sed
1591 798 1789 854 alienis
1843 796 2066 851 auxiliis
2119 797 2229 851 Ro-

598 896 756 952 mani
793 896 1205 963 inniterentur;
1235 910 1339 948 nec
1378 894 1601 948 Iudaeos
1640 892 1790 947 bello
1831 892 2100 956 hostium,
2134 889 2231 944 sed

597 988 921 1046 domesticis
968 988 1202 1043 afflictos
1257 987 1645 1043 seditionibus.
1694 988 1826 1041 Erat
1877 986 1933 1040 in
1989 1001 2230 1039 numero

598 1084 839 1140 militum
870 1084 1254 1138 Romanorum
1290 1081 1511 1136 Pudens
1540 1080 1796 1147 nomine,
1829 1079 1927 1151 qui
1956 1079 2234 1151 praestric-

598 1181 691 1233 tus
738 1178 1003 1232 inanibus
1045 1175 1424 1243 contumeliis,
1469 1176 1606 1230 dum
1655 1174 1976 1229 inconsulte
2024 1172 2229 1244 pudori

598 1272 857 1338 consulit,
891 1272 1133 1325 salutem
1168 1270 1439 1341 neglexit,
1474 1275 1644 1341 atque
1681 1268 1800 1340 ipsa
1836 1267 2229 1339 indignatione

598 1366 903 1432 incautior,
934 1364 1150 1419 vulneri
1185 1364 1366 1435 patuit
1390 1362 1659 1435 fususque
1686 1363 1746 1417 in
1772 1365 2007 1429 terram,
2038 1362 2226 1417 incus-

596 1461 669 1515 sit
713 1458 874 1514 sociis
916 1458 1348 1526 verecundiam;
1396 1456 1776 1511 insultationis
1821 1472 2049 1527 quoque
2098 1473 2226 1510 cau-

596 1570 714 1608 sam
754 1553 1012 1609 Jonatha:
1053 1552 1221 1608 simul
1266 1557 1321 1606 et
1360 1551 1556 1607 mortis
1596 1551 1848 1622 reliquit.
1889 1552 2145 1622 Namque
2184 1551 2229 1604 is

595 1663 853 1703 successu
909 1648 1071 1701 lietus
1129 1646 1481 1712 certaminis,
1534 1651 1590 1700 et
1640 1662 1913 1716 pompam
1966 1645 2229 1699 attollens

595 1742 894 1813 triumphi,
934 1741 1069 1795 dum
1112 1740 1382 1812 tripudiat
1416 1743 1586 1810 atque
1624 1739 1890 1806 exsultat,
1925 1755 2223 1793 concusso-

2335 516 2615 571 clamabat
2658 521 2719 571 ut
2761 518 2970 573 auxilio
3021 518 3137 573 suis
3181 522 3382 573 essent.
3429 519 3531 572 Has
3577 536 3737 585 voces,
3776 522 3898 579 hunc

2336 609 2589 665 dolorem
2627 612 2879 679 Caesaris,
2920 628 3023 683 pro
3064 629 3331 683 supremo
3371 612 3451 666 illi
3490 613 3750 669 habebant
3780 618 3895 670 sola-

2333 704 2433 759 tio.
2490 707 2605 759 Hoc
2663 709 2782 759 erat
2834 705 3130 760 morituris
3186 706 3483 772 viaticum,
3529 707 3631 762 hoc
3681 724 3732 763 se
3777 710 3899 767 velut

2332 797 2561 853 sublimi
2608 800 2853 855 solantes
2899 799 3159 872 sepulcro
3203 800 3276 855 ad
3319 803 3553 856 mortem
3596 800 3897 871 festinabant,

2332 894 2481 963 quod
2514 892 2571 947 in
2610 892 2915 948 visceribus
2950 892 3186 948 Ctesaris
3214 893 3674 960 recondercntur;
3703 909 3789 949 nec
3814 896 3900 950 vita

2334 1003 2535 1041 eorum
2581 988 2809 1058 periret,
2852 1004 3095 1059 quorum
3134 989 3348 1043 viveret
3389 987 3581 1060 gloria,
3621 988 3708 1059 qui
3748 1005 3897 1044 more-

2332 1084 2530 1135 rentur
2580 1098 2682 1152 pro
2734 1082 2974 1148 Ctesare,
3025 1080 3374 1153 reliquentes
3426 1081 3511 1135 sui
3560 1081 3896 1136 haereditatem

2334 1173 2709 1246 triumphum.
2744 1177 2933 1246 Itaque
2961 1176 3053 1230 alii
3089 1174 3663 1230 circumveniebantur
3687 1174 3891 1245 ignibus,

2330 1268 2425 1323 alii
2455 1268 2978 1340 praeveniebantur;
3016 1285 3122 1323 nec
3160 1270 3328 1340 longe
3361 1268 3539 1323 hostis
3565 1268 3657 1339 qui
3687 1267 3899 1324 ﬂammas

2330 1361 2648 1434 fugientem
2678 1362 2895 1419 feriret.

2908 1456 3131 1513 CAPUT
3168 1457 3385 1512 XXXIX.

2402 1550 2692 1621 Longinus
2717 1553 2909 1606 tamen
2935 1551 3183 1622 egregias
3209 1549 3432 1605 virtutis
3457 1550 3559 1617 vir,
3585 1566 3706 1605 cum
3733 1567 3896 1622 provo-

2329 1651 2553 1700 caretur
2604 1662 2637 1700 a
2685 1645 2913 1713 Judzeis,
2968 1650 3028 1700 ut
3079 1661 3203 1699 sese
3256 1645 3346 1699 his
3395 1643 3749 1700 committeret
3793 1660 3895 1716 pro-

2331 1739 2502 1793 missa
2544 1739 2739 1794 salutis
2789 1739 3112 1808 securitate,
3158 1739 3362 1794 maluit
3405 1755 3466 1793 se
3510 1739 3679 1792 solum
3721 1738 3895 1792 transﬁ-

596 1853 709 1907 que
750 1803 951 1907 clypeo
993 1835 1161 1889 simul
1188 1803 1265 1889 -et
1312 1803 1513 1906 gladio.
1542 1833 1812 1905 proludit,
1854 1803 2120 1888 excitavit
2166 1803 2303 1888 inB
2329 1850 2465 1904 gere
2531 1834 2753 1905 gladio,
2818 1850 2993 1904 quam
3059 1803 3348 1889 maculare
3415 1832 3620 1904 probro
3680 1833 3896 1887 Romana:

594 1946 695 1985 sua
730 1931 961 1983 vulnera
1000 1928 1396 1984 centurionem
1432 1926 1705 1995 Priscum,
1750 1927 1846 1998 qui
1884 1927 2131 1999 superba
2171 1931 2226 1982 et

595 2024 813 2077 tumida
834 2022 1143 2093 jactantem
1181 2040 1296 2077 non
1334 2022 1483 2088 tulit,
1516 2027 1687 2092 atque
1719 2021 2008 2075 incautum
2046 2022 2219 2076 victo-

594 2118 678 2172 ria
716 2116 1042 2187 penetravit
1082 2116 1195 2171 ictu
1238 2116 1477 2187 sagittae.
1521 2118 1641 2179 Quo
1685 2118 1891 2169 stratus
1930 2115 2220 2185 Jonathes,

596 2209 791 2265 docuit
817 2210 875 2264 in
908 2209 1101 2281 praelio
1127 2210 1418 2264 neminem
1458 2208 1921 2263 irrationabiliter
1950 2209 2223 2264 insultare

594 2309 895 2376 oportere,
948 2303 1045 2358 ubi
1098 2302 1319 2358 victoris
1369 2308 1424 2357 et
1475 2302 1607 2357 victi
1663 2302 1913 2357 conditio
1972 2304 2220 2370 incerta,

594 2398 775 2454 donec
803 2397 1017 2453 bellum
1050 2398 1367 2452 claudatur.

1140 2492 1359 2547 CAPUT
1396 2490 1665 2546 XXXVIII.

662 2590 733 2641 At
773 2588 831 2642 in
871 2586 1012 2641 urbe
1057 2584 1351 2651 interiore,
1397 2601 1526 2639 cum
1569 2584 1790 2639 hostem
1833 2585 1982 2639 intra
2025 2602 2221 2640 muros

587 2684 890 2738 cernerent
919 2679 1208 2735 altissimis
1246 2679 1591 2734 eminentem
1622 2678 1951 2749 aggeribus,
1984 2679 2215 2734 univer-

589 2777 776 2847 sisque
820 2773 1215 2829 imminentem
1260 2772 1567 2840 moenibus,
1606 2776 1877 2845 tanquam
1920 2773 2123 2828 vulnus
2162 2774 2218 2827 in

589 2886 849 2941 corpore,
899 2869 975 2922 ita
1027 2868 1342 2940 periculum
1397 2867 1704 2921 introrsum
1749 2883 1989 2938 pergere
2041 2866 2216 2921 refor-

588 2964 895 3031 midarent,
925 2961 1273 3016 intercidunt
1307 2960 1590 3032 porticum
1624 2959 2126 3032 septentrionalem
2154 2977 2219 3016 ex

587 3075 655 3114 ea
705 3062 865 3129 parte
911 3073 1022 3129 qua
1072 3054 1395 3111 adhaerebat
1440 3054 1720 3123 Antoniae,
1768 3071 1840 3109 ne
1887 3071 1992 3126 per
2035 3054 2216 3126 ipsam

586 3152 766 3208 hostis
805 3153 864 3205 in
905 3149 1104 3222 templi
1144 3149 1432 3221 superiora
1473 3148 1825 3215 ascenderet,
1854 3149 1936 3203 vel
1978 3148 2036 3203 in
2075 3149 2214 3204 infe-
2239 3172 2294 3247 Ο

588 3246 835 3301 rioribus
861 3244 995 3299 sitos
1025 3243 1287 3315 superior
1316 3248 1574 3313 urgeret;
1603 3246 1661 3297 ct
1688 3242 1949 3313 proxima
1977 3259 2219 3314 qumque

587 3339 910 3404 demetunt,
952 3354 1023 3390 ne
1064 3335 1474 3409 populantibus
1516 3334 1793 3391 incendiis
1834 3336 2048 3407 templo
2091 3336 2214 3401 tini-

587 3432 747 3502 tima,
794 3431 967 3487 etiam
1020 3430 1299 3501 templum
1350 3430 1534 3502 ipsum
1591 3429 1739 3500 ignis
1793 3428 2215 3501 depasceretur,

586 3532 757 3598 atque
804 3523 1062 3580 intercisa
1114 3524 1233 3595 igni
1281 3529 1566 3592 exurunt;
1608 3522 1685 3577 ita
1735 3522 1888 3594 quod
1939 3523 2010 3578 ab
2058 3524 2217 3580 hoste

584 3619 941 3688 metuebant,
991 3618 1206 3690 priores
1254 3623 1567 3690 coeperunt.
1614 3617 1936 3673 Salomonis
1988 3634 2216 3691 quoque

585 3714 865 3786 porticum
904 3713 973 3767 ad
1009 3713 1268 3768 fraudem
1306 3717 1597 3784 pararunt,
1630 3717 1690 3766 ut
1723 3710 2037 3766 culminum
2068 3712 2213 3767 inte-

582 3808 739 3863 riora
783 3807 1070 3879 replerent
1114 3806 1237 3878 pice
1284 3822 1348 3861 ac
1394 3805 1694 3873 bitumine,
1744 3822 1870 3876 quae
1912 3804 2059 3860 infra
2102 3808 2212 3877 (37)

582 3902 858 3957 fornicem
887 3900 1095 3955 summi
1123 3901 1365 3955 laterent
1392 3899 1622 3971 fastigii,
1653 3899 2025 3971 simulatoque
2060 3900 2213 3971 quod

584 4012 709 4051 eam
735 3997 943 4050 vellent
979 3994 1313 4061 defendere,
1348 3997 1405 4050 et
1437 3993 1767 4064 frequentes
1800 3993 1990 4048 hostes
2031 3993 2211 4049 inces-

583 4094 794 4159 serent,
825 4089 1129 4144 sollicitant
1165 4090 1446 4143 Romanos
1475 4094 1647 4159 atque
1684 4088 1742 4143 in
1784 4104 1906 4143 sese
1939 4088 2209 4143 excitant.

579 4184 660 4239 Illi
694 4183 940 4237 admotis
980 4182 1162 4249 scalis,
1204 4198 1429 4236 summa
1468 4181 1715 4253 porticus
1758 4185 1961 4253 petunt
1992 4199 2005 4237 :
2033 4184 2213 4239 Judaei

580 4279 703 4333 loco
741 4276 1017 4349 paulatim
1060 4275 1285 4342 cedere,
1321 4276 1470 4347 quod
1516 4276 1707 4347 plures
1738 4276 1980 4331 Romani
2013 4294 2209 4333 ascen-

581 4372 803 4427 derant.
853 4370 915 4425 Hi
961 4370 1220 4426 certatim
1263 4370 1537 4441 irrepere,
1583 4376 1773 4425 tamen
1816 4370 2213 4441 prudentiores

581 4466 827 4538 suspecti
854 4464 972 4520 doli
998 4480 1230 4531 cavere;
1260 4464 1354 4519 sed
1390 4465 1593 4535 vulgus
1621 4463 1905 4519 intentum
1938 4464 2208 4534 victorias,

582 4559 995 4633 praefestinare,
1035 4558 1132 4614 ubi
1173 4575 1265 4613 res
1309 4558 1507 4613 fraude
1549 4574 1741 4614 carere
1782 4559 1918 4625 visa,
1950 4542 2289 4631 plurimisD

582 4655 741 4726 quasi
785 4654 935 4708 inter
974 4653 1117 4707 retia
1155 4652 1367 4721 locatis,
1410 4652 1755 4708 admovetur
1794 4653 1941 4725 ignis
1977 4654 2204 4710 fornici-

578 4749 686 4804 bus
730 4747 1119 4812 interioribus,
1166 4750 1338 4819 atque
1385 4746 1589 4814 additis
1632 4747 1740 4817 (38)
1789 4747 1910 4818 pice
1956 4754 2015 4803 et
2055 4749 2205 4804 bitu-

580 4843 739 4898 mine
777 4847 949 4914 atque
980 4841 1202 4896 ceeteris
1240 4841 1487 4896 incendii
1518 4841 1905 4909 nutrimentis,
1938 4843 1994 4897 in
2027 4847 2212 4899 totam

580 4936 917 4993 diffunditur
946 4935 1244 5007 porticum.
1278 4936 1789 4992 Circumvallabant
1817 4935 2071 4991 flammae
2104 4937 2211 4992 vie-

580 5038 735 5088 tores
785 5031 1101 5098 Romanos,
1155 5034 1219 5085 ut
1266 5044 1370 5084 nec
1423 5028 1726 5084 resistendi
1780 5029 2016 5085 facultas
2073 5048 2208 5103 sup-

582 5129 822 5199 peteret,
869 5139 976 5178 nec
1026 5123 1285 5195 fugiendi
1338 5122 1500 5194 copia
1547 5139 1559 5177 :
1608 5123 1744 5195 quid
1797 5124 2051 5180 facerent
2094 5142 2208 5180 non

580 5218 968 5293 reperiebant.
1019 5217 1321 5294 Spectabat
1377 5217 1532 5272 Titus
1598 5233 1731 5272 suos
1791 5217 2207 5289 periclitantes,

580 5315 890 5387 indignans
932 5312 1165 5385 quidem
1216 5311 1369 5383 quod
1419 5311 1621 5383 injussi
1673 5313 2064 5382 ascenderant,
2107 5314 2208 5369 sed

580 5408 859 5464 miserans
895 5407 1047 5479 quod
1085 5405 1324 5461 victores
1365 5405 1637 5476 perirent.
1672 5405 1925 5477 Plerique
1965 5422 2023 5462 se
2060 5423 2205 5479 prae-

580 5502 776 5573 cipitio
801 5500 1026 5566 dabant,
1056 5500 1154 5556 sed
1184 5499 1282 5555 ubi
1312 5498 1638 5555 incendium
1665 5503 1981 5568 evaserant,
2012 5500 2209 5556 fractis

580 5594 859 5663 cruribus,
907 5594 1084 5650 collisi
1133 5609 1374 5666 corpore
1429 5592 1828 5649 moriebantur
1877 5610 1890 5647 :
1945 5594 2209 5650 miserius

581 5691 724 5758 erat,
771 5688 817 5743 si
869 5687 1084 5743 debiles
1134 5687 1573 5759 superviverent.
1624 5685 1861 5743 Volebat
1908 5688 2206 5745 subvenire

645 5808 738 5873 (37)
763 5810 931 5858 Intra.
967 5808 1145 5861 ΒΑΜ..

641 5878 741 5947 (38)
767 5875 994 5930 Adustis.
1025 5878 1105 5928 ln.

2326 1926 2537 1982 indolis
2585 1927 2999 1984 fortitudinem.
3044 1928 3303 1983 Artorius
3353 1932 3545 1982 autem
3589 1927 3713 1981 satis
3752 1930 3895 1980 astute

2327 2039 2461 2077 voce
2496 2039 2704 2093 magna
2734 2022 2997 2077 clamavit
3032 2022 3287 2089 Lucium,
3320 2022 3515 2077 dicens
3546 2043 3557 2075 :
3587 2022 3757 2075 Haeres
3791 2020 3895 2075 mihi

2325 2116 2455 2183 eris,
2485 2116 2529 2170 si
2570 2132 2663 2171 me
2702 2116 3059 2172 decidentem
3100 2116 3414 2187 exceperis.
3443 2118 3513 2170 At
3548 2114 3639 2170 ille
3666 2114 3889 2169 miseran-

2326 2210 2431 2264 dus
2479 2211 2725 2266 occurrit
2770 2210 2975 2277 ruenti,
3017 2213 3187 2281 atque
3232 2210 3291 2264 in
3342 2225 3401 2264 se
3448 2209 3699 2265 morituri
3742 2223 3896 2263 necem

2324 2304 2648 2360 transfudit.
2693 2306 2831 2359 Vere
2875 2304 3144 2359 bellicum
3186 2308 3608 2367 testamentum,
3652 2318 3749 2356 non
3784 2306 3894 2354 atra-

2326 2401 2525 2453 mento
2567 2398 2862 2469 scriptum,
2894 2397 2993 2453 sed
3034 2397 3345 2469 sanguine;
3388 2414 3491 2451 nec
3521 2397 3575 2451 in
3607 2396 3798 2461 charta,
3824 2394 3896 2447 sed

2322 2492 2382 2547 in
2435 2508 2725 2546 mucrone.
2777 2492 2935 2556 Quod
2993 2491 3288 2547 heeredem
3347 2490 3620 2562 promisit,
3668 2503 3893 2559 magnum

2320 2587 2489 2657 plane
2534 2585 2856 2657 ingenium,
2898 2592 2960 2640 ut
3005 2584 3283 2641 inveniret
3326 2584 3700 2640 voluntarium
3741 2580 3897 2637 mortis

2320 2681 2614 2735 vicarium.
2674 2682 2908 2735 Incensa
2959 2682 3045 2734 est
3098 2679 3290 2751 itaque
3349 2678 3596 2750 porticus
3643 2692 3803 2747 usque
3843 2673 3892 2727 ad

2319 2775 2546 2841 turrim,
2577 2789 2754 2845 quam
2782 2775 3046 2840 Joannes,
3076 2790 3205 2828 cum
3236 2772 3455 2828 bellum
3486 2773 3736 2827 adversus
3757 2770 3896 2826 Simo-

2319 2884 2452 2924 nem
2506 2872 2751 2939 gereret,
2802 2868 3250 2923 exzediﬂcaverat
3301 2884 3479 2939 super
3536 2868 3719 2938 portas
3764 2863 3894 2933 regia

2322 2963 2542 3033 domus,
2597 2978 2771 3033 quam
2828 2961 3087 3017 Ezechias
3141 2961 3244 3015 sibi
3302 2977 3404 3017 rex
3456 2960 3528 3017 ad
3581 2956 3894 3016 habitandum

2320 3056 2604 3124 condidit;
2662 3055 2943 3128 reliquam
3006 3056 3129 3127 ejus
3194 3058 3423 3127 partem
3489 3056 3594 3127 ipsi
3651 3054 3892 3108 diruerant

2318 3151 2519 3206 Judaei.
2554 3150 2823 3223 Sequenti
2859 3166 3090 3221 quoque
3131 3149 3224 3204 die
3256 3165 3290 3204 a
3322 3149 3594 3205 Romanis
3632 3152 3805 3204 exusta
3833 3148 3895 3200 est

2321 3245 2508 3300 omnis
2548 3244 2799 3315 porticus
2834 3243 3309 3315 septentrionalis,
3343 3260 3522 3315 usque
3558 3243 3624 3297 ad
3662 3240 3892 3313 porticum

2318 3339 2676 3394 orientalem.
2725 3339 2864 3392 Nam
2911 3354 3039 3392 cum
3084 3337 3200 3392 suis
3246 3338 3355 3409 ipsi
3406 3354 3606 3392 manus
3646 3334 3893 3406 injicerent

2318 3432 2588 3499 aediﬁciis,
2614 3432 2933 3488 docuerunt
2959 3432 3252 3487 Romanos
3277 3431 3390 3486 illis
3414 3433 3524 3504 (39)
3546 3447 3655 3486 non
3682 3441 3889 3501 parcere.

2318 3528 2481 3584 Nuda
2530 3530 2653 3582 erat
2689 3527 2812 3598 jam
2867 3525 3059 3599 templi
3108 3525 3299 3593 facies,
3351 3531 3410 3580 et
3455 3541 3602 3581 saeva
3646 3521 3890 3578 hominum

2316 3623 2525 3692 fames;
2558 3620 2973 3676 insidiabantur
3009 3618 3113 3674 sibi
3149 3619 3417 3687 invicem,
3447 3620 3573 3691 quis
3600 3617 3684 3673 cui
3713 3616 3891 3686 raperet

2316 3718 2528 3773 cibum.
2584 3715 2685 3771 Ubi
2735 3713 2990 3769 alimenti
3052 3714 3327 3785 suspicio,
3385 3713 3466 3769 ibi
3524 3713 3724 3768 bellum
3777 3709 3891 3762 inter

2315 3810 2672 3868 domesticos.
2706 3808 3071 3881 Pugnabatur
3109 3823 3210 3880 pro
3245 3806 3397 3876 cibo,
3426 3807 3754 3863 necabantur
3783 3801 3886 3856 cha-

2315 3906 2542 3974 rissimi,
2571 3903 3020 3960 discutiebantur
3047 3902 3324 3969 defuncti,
3359 3919 3432 3958 ne
3460 3901 3584 3974 quis
3606 3901 3744 3955 intra
3763 3894 3889 3950 amie

2316 4007 2404 4055 tus
2458 4015 2651 4055 eorum
2704 3998 2862 4054 cibus
2914 3998 3137 4053 lateret.
3184 3996 3462 4053 Simulate
3511 3994 3679 4067 aliqui
3722 3986 3888 4046 mortui

2313 4093 2763 4162 aestimabantur,
2795 4109 2867 4146 ne
2897 4092 3151 4146 viventes
3185 4090 3403 4162 aliquid
3443 4089 3647 4146 habere
3681 4080 3888 4142 alimenti

2314 4192 2801 4260 suspectarentur;
2837 4186 2935 4241 sed
2978 4202 3050 4240 ne
3093 4185 3342 4240 viventes
3382 4184 3637 4264 quidem,
3673 4185 3760 4236 aut
3792 4177 3887 4230 vita!

2313 4282 2475 4354 fungi
2509 4297 2772 4349 munere,
2803 4286 2899 4336 aut
2937 4282 3179 4335 mortem
3214 4279 3487 4334 simulare
3526 4277 3784 4350 poterant.
3809 4270 3885 4323 Ve-

2312 4393 2439 4432 rum
2480 4380 2677 4448 aperto
2715 4391 2811 4430 ore
2850 4374 2994 4430 sicut
3036 4372 3222 4428 rabidi
3262 4389 3456 4441 canes,
3499 4382 3750 4427 aurarum
3786 4378 3884 4433 cap~

2311 4474 2496 4526 tantes
2533 4469 2866 4542 spiramina,
2897 4469 3005 4523 huc
3035 4474 3206 4539 atque
3234 4466 3370 4522 illuc
3395 4461 3888 4521 circumferebantur

2310 4564 2504 4636 inopia
2556 4564 2718 4619 duce.
2773 4564 2930 4633 Saepe
2984 4562 3155 4618 etiam
3207 4561 3369 4634 quasi
3422 4561 3565 4617 ebrii
3617 4559 3669 4612 in
3721 4551 3884 4609 eadem

2309 4656 2592 4715 domicilia
2641 4656 3141 4728 regrediebantur,
3192 4661 3256 4710 ut
3317 4657 3529 4711 iterum
3581 4667 3701 4725 qua:
3747 4658 3884 4701 vacua

2310 4752 2684 4824 reliquerant,
2740 4752 3248 4822 perscrutarentur.
3304 4750 3373 4803 Et
3430 4764 3556 4804 cum
3609 4744 3709 4799 alia
3750 4735 3885 4795 famis

2309 4845 2508 4901 solatia
2544 4861 2654 4900 non
2692 4844 3029 4915 reperirent,
3061 4842 3439 4899 detrahebant
3474 4840 3621 4897 coria
3649 4833 3811 4900 scutis,
3836 4830 3883 4881 nl

2309 4940 2435 4996 cibo
2467 4943 2653 4995 essent
2685 4938 2810 5007 sibi,
2844 4954 2973 5010 quae
3014 4938 3282 5009 praesidia
3312 4953 3427 4992 non
3468 4936 3667 4992 essent.
3697 4923 3879 4985 Mande-

2309 5034 2444 5090 bant
2479 5034 2930 5089 calceamentum
2962 5050 2974 5086 :
3007 5048 3110 5087 nec
3138 5032 3323 5103 pudor
3346 5034 3472 5086 erat
3498 5029 3728 5085 solutum
3754 5015 3880 5092 pedi°

2310 5128 2413 5183 bus
2477 5127 2763 5198 suscipere
2818 5142 2950 5193 ore,
3004 5129 3062 5182 et
3114 5126 3311 5197 lingua
3369 5123 3633 5179 lambere.
3687 5113 3880 5171 Vetus“?

2310 5238 2538 5294 quoque
2606 5221 2780 5292 paleae
2842 5236 2967 5292 quin
3031 5220 3162 5275 olim
3223 5219 3491 5290 projectae
3542 5214 3749 5271 fuerant
3791 5216 3877 5259 non

2311 5315 2581 5371 mediocri
2622 5315 2809 5370 studio
2855 5314 3323 5386 requirebantur;
3363 5318 3419 5368 et
3458 5312 3502 5366 si
3542 5308 3660 5381 quis
3697 5310 3877 5372 repere-

2312 5413 2419 5480 rat,
2450 5408 2648 5480 grandi
2680 5409 2862 5480 pretio
2889 5407 3205 5463 mutuabat.

2939 5502 3158 5559 CAPUT
3196 5503 3301 5558 XL.

2382 5597 2529 5662 Quid
2560 5595 2790 5653 adoriar
2816 5596 3003 5652 dicere
3032 5596 3246 5652 factum
3278 5592 3483 5661 Marias,
3510 5588 3653 5663 quod
3676 5577 3874 5655 cujlmis

2307 5690 2533 5747 barbari
2566 5694 2737 5763 atque
2765 5691 2927 5764 impii
2960 5707 3121 5747 mens
3148 5684 3574 5763 perhorrescat?

2370 5812 2468 5881 (39)
2492 5811 2713 5865 Alienis.
2743 5812 2826 5863 In.
