4128 6194
240 322 380 377 2289

1263 324 1347 382 DE
1392 327 1659 384 EXCIDIO
1697 324 1894 383 URBIS
1932 327 2285 383 HIEROSOL.
2330 327 2455 383 LIB.
2500 330 2560 383 V.

3474 306 3629 395 2290‘

310 448 388 503 Ea
409 450 533 501 erat
558 447 628 503 de
656 448 1120 520 locupletioribus
1146 450 1376 507 feminis
1407 452 1661 524 regionis
1688 454 1877 508 Pereaa
1902 463 1960 537 Α
1981 467 2107 507 cere
2139 451 2270 521 cibi,
2300 469 2475 524 quem
2507 455 2823 526 reperisset.
2853 457 2923 511 At
2948 455 3044 512 illa
3077 480 3088 511 :
3118 459 3368 528 Partem,
3400 459 3608 533 inquit,

237 556 370 611 quas
437 545 591 595 trans
652 542 964 599 Jordanem
1021 545 1197 616 jacet.
1264 546 1397 601 Belli
1460 547 1696 602 horrore
1767 546 1877 618 (40)

1981 550 2228 600 vestram
2277 547 2436 602 vobis
2480 548 2695 603 servavi
2737 566 2749 605 :
2804 566 2915 604 non
2960 550 3038 605 fui
3086 568 3247 606 avara
3292 570 3398 608 nec
3434 554 3606 611 inhu-

234 634 461 703 oborto,
485 652 617 691 cum
643 637 864 693 caeteris
888 654 948 694 se
975 638 1029 693 in
1065 639 1643 712 Hierosolymitanam
1665 642 1874 697 urbem
1978 656 2176 708 mana,
2211 640 2385 696 nolite
2424 641 2730 714 indignari,
2759 643 2982 699 habetis
3015 646 3162 716 quod
3192 650 3251 701 et
3280 664 3375 702 vos
3400 648 3607 719 edatis,

234 729 593 798 contulerat,
650 731 801 802 quod
851 737 1000 787 esset
1054 734 1232 789 tutior
1274 751 1286 789 :

1346 751 1416 791 eo
1463 750 1689 808 quoque
1743 752 1875 791 suas
1977 733 2047 788 de
2087 734 2231 789 meis
2267 735 2419 790 vobis
2463 735 2774 792 visceribus
2818 737 3007 793 cibum
3055 741 3264 810 paravi.
3306 742 3605 798 Considete

235 821 545 878 devexerat
580 840 736 895 opes,
769 842 908 897 quas
938 826 1226 899 principes
1262 828 1570 885 factionum
1616 829 1873 885 certatim
1975 828 2168 883 ocius:
2215 845 2471 885 mensam
2511 847 2833 902 apponam;
2879 832 3078 887 mirari
3115 833 3356 905 habetis,
3392 841 3447 890 et
3489 837 3600 890 mi—

234 916 517 972 invasere.
555 917 969 974 Alimentorum
1010 922 1181 976 etiam
1225 922 1272 976 si
1314 922 1451 993 quid
1491 924 1677 995 pretio
1711 941 1869 996 quie-

231 1011 469 1079 siverat,
522 1011 592 1066 de
654 1013 918 1068 manibus
980 1015 1303 1071 eruebatur.
1370 1016 1775 1088 Exagitabatur
1836 1036 1868 1073 a

234 1105 502 1176 perfidis,
561 1106 683 1161 dira
744 1107 1191 1179 imprecabatur,
1263 1110 1482 1166 volebat
1545 1111 1713 1179 mori,
1771 1112 1869 1167 sed

232 1215 630 1270 percussorem
682 1217 799 1256 non
850 1201 1201 1258 inveniebat.
1254 1204 1540 1261 Malebant
1592 1205 1867 1262 insultare

231 1292 470 1363 diutius,
512 1294 771 1366 affligere
813 1296 1059 1368 gravius,
1098 1313 1272 1368 quam
1314 1298 1425 1353 cito
1466 1299 1725 1370 perdere.
1758 1301 1864 1355 Pu-

228 1387 435 1442 tabant
478 1389 730 1460 quandiu
772 1389 1004 1460 viveret,
1050 1392 1305 1463 praedam
1345 1393 1486 1448 fore.
1527 1394 1868 1449 Defecerant

219 1480 344 1552 jam
375 1482 588 1551 omnia,
623 1488 679 1538 et
713 1483 928 1539 deliciis
967 1491 1212 1556 assueta,
1246 1486 1537 1558 asperiora
1567 1488 1864 1560 palearum

225 1576 318 1629 vel
347 1576 635 1632 coriorum
679 1577 823 1632 dura
859 1595 973 1633 non
1005 1580 1352 1636 emolliebat.
1386 1581 1543 1637 Saeva
1568 1581 1749 1638 fames
1776 1582 1862 1637 in-

226 1668 389 1724 timis
438 1686 498 1725 se
554 1670 763 1725 infudit
815 1672 1109 1743 medullis,
1167 1675 1519 1747 exasperavit
1568 1676 1860 1744 humores,

226 1769 483 1820 mentem
547 1766 877 1836 exagitavit.
941 1767 1191 1823 Habebat
1250 1769 1459 1824 mulier
1519 1770 1861 1825 infantulum

1972 921 2273 977 nisterium
2316 940 2510 978 meum
2551 924 2796 979 indicate
2831 926 2965 995 (41),
2993 927 3152 998 quod
3189 928 3354 983 talem
3393 929 3604 984 nullius

1973 1014 2308 1071 inveneritis
2348 1017 2602 1073 mulieris
2639 1018 2925 1085 affectum,
2971 1037 3099 1091 quae
3140 1038 3237 1076 vos
3275 1038 3379 1077 nec
3422 1022 3603 1078 dulcis

1972 1109 2075 1163 filii
2125 1110 2421 1165 fraudaret
2467 1112 2668 1182 gratia.
2715 1113 2841 1168 Haec
2885 1113 3092 1181 dicens,
3137 1114 3311 1170 simul
3359 1116 3596 1188 redope-

1971 1202 2086 1257 ruit
2136 1202 2394 1259 ambusta
2443 1205 2718 1273 membra,
2772 1211 2827 1261 et
2882 1208 3167 1278 epulanda
3216 1208 3419 1265 obtulit
3469 1227 3600 1266 cum

1968 1296 2368 1354 adhortatione
2406 1299 2740 1370 huiusmodi
2781 1300 3099 1357 sermonis:
3142 1303 3257 1359 Hoc
3296 1306 3383 1359 est
3423 1319 3593 1375 pran-

1969 1389 2130 1445 dium
2178 1407 2397 1459 meum,
2441 1392 2564 1448 haec
2610 1400 2792 1449 vestra
2839 1395 3024 1466 portio
3060 1413 3074 1451 :
3116 1395 3303 1451 videte
3348 1397 3592 1468 diligen-

1966 1484 2097 1551 tius,
2129 1501 2200 1538 ne
2241 1502 2338 1541 vos
2379 1487 2781 1543 fraudaverim.
2826 1489 2967 1543 Ecce
3012 1489 3172 1560 pueri
3217 1506 3417 1545 manus
3462 1508 3589 1557 una,

1966 1593 2095 1633 ecce
2134 1595 2233 1649 pes
2263 1580 2383 1650 ejus
2425 1596 2594 1648 unus,
2636 1597 2765 1637 ecce
2802 1582 3103 1637 dimidium
3144 1584 3349 1655 reliqui
3386 1600 3591 1656 corpo—

1964 1670 2042 1725 ris
2088 1688 2100 1726 :
2150 1676 2205 1727 et
2252 1689 2324 1729 ne
2372 1674 2625 1730 alienum
2675 1677 2903 1746 putetis,
2953 1677 3102 1731 ﬁlius
3150 1683 3235 1733 est
3280 1694 3472 1747 meus;
3518 1696 3590 1733 ne

1962 1764 2195 1820 alterius
2223 1784 2365 1838 opus
2405 1768 2782 1836 arbitremini,
2823 1786 2931 1841 ego
2965 1770 3093 1839 feci,
3134 1788 3243 1843 ego
3286 1771 3591 1844 diligenter

226 1874 404 1929 quem
454 1865 750 1927 genuerat.
809 1861 1013 1932 vagitu
1060 1862 1184 1932 ejus
1237 1862 1451 1931 excita,
1509 1880 1639 1919 cum
1695 1880 1754 1918 se
1806 1834 1937 1919 etB
1964 1858 2125 1913 divisi
2164 1860 2303 1915 mihi
2341 1862 2496 1932 quod
2538 1862 2968 1930 manducarem,
3006 1864 3163 1919 vobis
3204 1866 3355 1937 quod
3396 1883 3584 1921 reser-

224 1954 535 2023 parvulum
573 1955 977 2009 commacerari
1009 1955 1243 2025 videret,
1275 1957 1449 2011 tantis
1494 1957 1635 2012 victa
1664 1957 1860 2013 imma-

224 2046 506 2102 nitatibus
536 2051 708 2119 atque
742 2047 933 2120 impar
969 2053 1084 2104 tam
1126 2050 1304 2106 atroci
1335 2050 1662 2118 calamitati,
1690 2051 1855 2107 affec-

227 2146 350 2196 tum
399 2140 592 2195 amisit
630 2158 645 2195 :
689 2147 747 2195 et
784 2141 1016 2213 pietatis
1059 2143 1320 2213 genitalis
1359 2160 1465 2198 usu
1508 2143 1858 2214 oblitterato,

226 2234 492 2289 dolorem
535 2234 850 2303 absorbuit,
898 2236 1153 2291 furorem
1204 2238 1527 2309 assumpsit.
1578 2240 1860 2295 Conversa

224 2328 421 2400 itaque
461 2328 529 2383 ad
562 2329 865 2400 parvulum
897 2330 1018 2401 jam
1058 2337 1306 2386 matrem
1349 2331 1544 2399 oblita,
1577 2339 1632 2387 et
1660 2332 1859 2388 furens

227 2421 408 2476 animi
458 2421 538 2477 sic
593 2423 673 2477 ait
723 2438 736 2478 :
787 2422 937 2487 Quid
991 2424 1093 2479 tibi
1145 2425 1365 2491 faciam,
1416 2426 1672 2496 parvula,
1718 2426 1857 2498 quid

223 2515 435 2570 faciam
473 2515 612 2570 tibi?
648 2517 806 2572 Saeva
848 2520 901 2571 te
948 2517 1319 2574 circumstant
1361 2519 1572 2588 omnia,
1613 2519 1854 2589 bellum,

225 2609 435 2675 fames,
476 2608 751 2680 incendia,
792 2610 1063 2681 latrones,
1108 2611 1317 2680 ruinas;
1359 2612 1448 2667 cui
1484 2618 1537 2667 te
1582 2613 1858 2668 moritura

228 2702 481 2769 credam,
512 2708 604 2758 aut
636 2703 728 2759 cui
766 2711 822 2759 te
852 2705 1141 2761 tantillum
1182 2705 1541 2777 relinquam?
1580 2707 1852 2778 Sperave-

224 2811 373 2862 ram,
404 2797 552 2867 quod
580 2797 625 2852 si
660 2798 1016 2866 adolevisses,
1047 2815 1138 2854 me
1180 2816 1435 2870 pasceres
1466 2803 1728 2869 matrem,
1760 2806 1858 2858 aut

222 2890 496 2961 sepelires
554 2891 901 2948 defunctam.
954 2895 1119 2949 Certe
1172 2893 1219 2948 si
1268 2895 1611 2965 praevenires
1663 2894 1852 2962 obitu,

221 2985 375 3058 quod
408 3001 517 3057 ego
544 2990 598 3042 te
638 2986 887 3058 pretioso
924 2989 1144 3042 tumulo
1187 2988 1329 3042 meis
1366 2989 1629 3044 manibus
1669 2989 1850 3043 inclu-

221 3080 441 3135 derem.
493 3079 634 3144 Quid
680 3096 847 3151 agam
897 3080 1145 3136 misera?
1189 3081 1414 3137 vivendi
1460 3082 1560 3136 tibi
1604 3099 1669 3137 ac
1713 3082 1854 3138 mihi

1961 1969 2172 2008 varem.
2231 1956 2535 2027 Nunquam
2593 1957 2734 2011 mihi
2788 1958 2944 2013 fuisti
2997 1958 3236 2025 dulcior,
3289 1959 3369 2014 fili
3415 1976 3428 2013 :
3485 1959 3586 2015 tibi

1962 2046 2163 2115 debeo,
2214 2049 2364 2119 quod
2427 2048 2615 2103 adhuc
2665 2050 2809 2105 vivo.
2866 2053 2983 2105 Tua
3036 2052 3282 2107 suavitas
3332 2051 3587 2108 animam

1961 2140 2147 2195 tenuit
2176 2157 2386 2209 meam,
2420 2146 2476 2196 et
2502 2142 2770 2213 produxit
2794 2144 2962 2199 matri
2994 2144 3214 2200 miseras
3241 2144 3398 2201 diem
3430 2163 3584 2201 mor-

1962 2233 2052 2287 tis.
2092 2234 2414 2290 Subvenisti
2455 2235 2510 2290 in
2542 2237 2700 2291 fame
2728 2256 2759 2291 :-
2783 2243 2847 2292 tu
2880 2254 3086 2292 munus
3131 2255 3464 2310 supremum
3495 2259 3585 2296 se-

1960 2330 2162 2397 nectae,
2196 2345 2592 2398 percussorum
2635 2346 2942 2401 repressor.
2987 2332 3273 2387 Venerunt
3308 2335 3584 2397 necaturi,

1958 2422 2207 2476 convivae
2254 2422 2384 2476 facti
2430 2428 2607 2478 sunt:
2648 2423 2943 2479 habebunt
2983 2424 3094 2495 ipsi
3139 2426 3291 2497 quod
3330 2426 3429 2481 tibi
3475 2428 3579 2497 (42)

1957 2514 2219 2582 debeant,
2262 2532 2392 2570 cum
2438 2517 2633 2587 epulas
2672 2534 2825 2571 meas
2868 2519 3234 2589 sumpserint.
3284 2519 3394 2574 Sed
3443 2520 3583 2591 quid

1956 2608 2176 2662 refertis
2217 2609 2481 2679 gradum,
2519 2609 2655 2681 quid
2702 2609 3029 2665 horrescitis
3067 2611 3285 2679 animo,
3324 2628 3425 2667 cur
3469 2629 3579 2667 non

1956 2701 2268 2772 epulamini
2306 2703 2457 2775 quod
2500 2706 2686 2759 mater
2716 2704 2864 2760 feci?
2894 2706 3131 2760 Possunt
3168 2709 3225 2761 et
3265 2722 3363 2761 vos
3392 2706 3578 2762 delec—

1955 2800 2096 2863 tare,
2140 2813 2269 2868 quae
2319 2799 2565 2852 matrem
2608 2802 3034 2853 exsaturarunt.
3076 2799 3193 2853 Non
3226 2799 3414 2854 esurio
3435 2800 3577 2870 jam,

1954 2892 2257 2961 postquam
2298 2907 2390 2945 me
2430 2891 2579 2945 filius
2614 2908 2777 2946 meus
2807 2891 2961 2963 pavit
2993 2910 3004 2945 :
3042 2891 3266 2947 abunde
3308 2893 3583 2947 exsatiata

1955 2998 2102 3050 sum,
2142 2983 2354 3039 famem
2400 2985 2590 3039 nescio
2623 3003 2634 3040 :
2683 2988 2905 3056 gustata
2945 2988 3002 3039 et
3036 2985 3241 3053 videte,
3282 2986 3416 3057 quia
3454 3003 3578 3040 sua-

1956 3077 2037 3133 vis
2075 3078 2221 3135 ﬁlius
2261 3097 2442 3135 meus.
2477 3080 2656 3136 Nolite
2696 3081 2816 3136 ﬁeri
2860 3081 3147 3137 molliores
3186 3085 3388 3151 matre,
3418 3082 3577 3137 infir-

219 3173 442 3229 nullum
486 3172 800 3228 subsidium
844 3174 1027 3230 video.
1062 3175 1267 3231 Omnia
1309 3178 1503 3247 erepta
1546 3176 1730 3245 nobis,
1763 3177 1929 3275 cuiC
1956 3172 2163 3228 miores
2199 3175 2459 3230 muliere.
2495 3178 2563 3231 At
2601 3176 2645 3230 si
2680 3191 2780 3230 vos
2820 3175 2881 3230 in
2924 3192 3051 3231 meo
3088 3176 3325 3232 vulnere
3354 3176 3576 3231 miseri-

219 3272 275 3323 te
301 3268 641 3323 reservabo?
664 3270 765 3323 aut
789 3271 943 3323 certe
968 3284 1081 3340 quo
1103 3268 1347 3323 condam
1373 3269 1639 3340 sepulcro
1669 3286 1739 3325 ne
1768 3287 1853 3325 ca-

218 3361 388 3416 nibus
434 3361 731 3416 alitibusve
778 3362 865 3416 vel
907 3361 1044 3417 feris
1094 3362 1286 3434 przeda
1333 3363 1448 3418 sis?
1490 3362 1712 3432 Omnia,
1761 3364 1848 3419 in-

219 3471 414 3526 quam,
444 3458 638 3527 erepta
678 3454 860 3511 nobis.
901 3457 1069 3511 Potes
1105 3460 1319 3523 tamen,
1363 3456 1545 3512 dulcis
1584 3474 1766 3525 meus,
1796 3461 1853 3513 et

220 3549 297 3603 sic
327 3553 575 3603 matrem
605 3565 838 3620 pascere
864 3565 876 3604 :
903 3548 1128 3604 idoneae
1159 3548 1233 3604 ad
1255 3548 1445 3604 cibum
1482 3542 1690 3605 manus
1714 3555 1847 3607 tuae.

221 3642 264 3696 Ο
293 3641 436 3697 mihi
464 3642 658 3697 suavia
678 3642 890 3698 viscera
910 3646 1026 3711 tua,
1050 3648 1207 3698 artus
1226 3643 1490 3714 jucundi,
1516 3644 1849 3716 priusquam

217 3752 320 3791 vos
360 3736 587 3808 penitus
625 3740 926 3792 consumat
966 3737 1170 3806 fames,
1214 3736 1430 3793 reddite
1472 3737 1641 3792 matri
1694 3738 1849 3808 quod

159 3872 166 3878 .
218 3830 515 3901 accepistis
558 3848 569 3884 :
614 3830 757 3898 redi,
801 3830 902 3899 ﬁli,
942 3831 1003 3885 in
1048 3831 1189 3886 illud
1234 3831 1490 3886 naturale
1538 3836 1845 3901 secretum,

215 3924 278 3979 in
327 3941 439 3996 quo
487 3923 770 3979 domicilio
821 3925 1112 3996 sumpsisti
1156 3924 1417 3996 spiritum
1472 3948 1482 3979 :
1532 3926 1592 3980 in
1638 3942 1704 3980 eo
1747 3925 1849 3980 tibi

216 4020 475 4073 tumulus
518 4018 785 4073 defuncto
823 4024 1078 4089 paretur.
1127 4020 1249 4090 Ipsa
1294 4019 1639 4091 complectar
1676 4035 1849 4091 quem

214 4112 417 4185 genui,
438 4111 563 4184 ipsa
590 4112 975 4180 exosculabor,
997 4117 1051 4168 et
1073 4113 1226 4184 quod
1255 4112 1608 4184 impatientia
1639 4112 1848 4167 amoris

215 4207 413 4272 habet,
433 4206 639 4261 habeat
667 4206 745 4260 vis
774 4206 1140 4275 necessitatis,
1164 4210 1228 4261 ut
1255 4207 1376 4279 ipsa
1399 4208 1666 4263 devorem
1691 4223 1846 4262 meos

212 4306 393 4369 artus,
426 4316 538 4355 non
568 4300 865 4367 simulatis,
900 4299 998 4355 sed
1036 4300 1334 4373 impressis
1364 4301 1665 4357 morsibus.
1693 4303 1844 4373 Ergo

213 4401 335 4451 esto
384 4394 542 4449 cibus
585 4394 745 4463 mihi,
789 4394 949 4449 furor
990 4394 1324 4461 latronibus,
1368 4398 1426 4449 et
1461 4396 1591 4449 vitae
1632 4395 1842 4464 fabula,

213 4506 345 4561 quae
373 4490 492 4543 sola
532 4488 685 4543 deest
717 4487 1135 4543 calamitatibus
1169 4488 1397 4544 nostris.
1430 4488 1574 4553 Quid
1602 4490 1840 4558 faceres,

1953 3267 2153 3322 cordes
2182 3267 2335 3335 estis,
2368 3274 2423 3324 et
2444 3285 2557 3324 non
2583 3269 2868 3341 suscipitis
2894 3269 3136 3324 hostiam
3168 3286 3380 3338 meam,
3407 3272 3579 3342 atque

1954 3362 2298 3416 aversamini
2334 3363 2731 3419 holocaustum
2776 3379 3005 3431 meum;
3034 3380 3141 3435 ego
3168 3364 3582 3419 consummabo

1951 3455 2289 3510 sacrificium
2331 3472 2542 3523 meum,
2590 3457 2949 3512 manducabo
2976 3458 3125 3528 quod
3151 3458 3437 3530 reliquum
3469 3463 3570 3513 est.

1954 3548 2148 3603 Videte
2191 3565 2262 3602 ne
2311 3549 2464 3604 vobis
2506 3550 2815 3621 opprobrio
2865 3550 2937 3604 sit
2981 3550 3135 3622 quod
3181 3551 3380 3606 fortior
3422 3551 3578 3606 vobis

1950 3641 2159 3697 mulier
2186 3646 2416 3713 reperta
2440 3642 2531 3710 sit,
2562 3659 2691 3714 quae
2717 3643 3048 3698 absumeret
3074 3644 3267 3715 epulas
3295 3644 3575 3699 virorum.

1950 3736 2067 3806 Ego
2091 3736 2327 3808 quidem
2354 3736 2495 3791 tales
2521 3737 2713 3808 paravi
2744 3736 2960 3808 epulas,
2996 3737 3092 3791 sed
3121 3752 3219 3791 vos
3251 3737 3330 3791 sic
3360 3737 3574 3808 epulari

1949 3833 2192 3885 matrem
2210 3830 2421 3885 fecistis
2454 3848 2465 3884 :
2498 3846 2593 3885 me
2622 3829 2854 3885 tenebat
2880 3830 3084 3901 passio,
3109 3831 3206 3886 sed
3234 3830 3364 3885 vicit
3391 3846 3578 3885 neces-

1950 3922 2104 3978 sitas.

2573 3995 2792 4050 CAPUT
2829 3995 2961 4051 XLI.

2022 4111 2276 4183 Replevit
2304 4112 2574 4167 continuo
2600 4114 2783 4167 totam
2812 4111 3014 4166 urbem
3042 4110 3187 4166 tanti
3215 4110 3439 4167 sceleris
3471 4128 3573 4166 ne-

1946 4206 2049 4273 fas,
2080 4208 2136 4259 et
2168 4206 2461 4277 utriusque
2482 4206 2589 4275 (43)
2618 4210 2896 4277 tanquam
2924 4209 3058 4261 ante
3087 4206 3278 4260 oculos
3305 4205 3576 4277 positum,

1944 4299 2299 4372 parricidalis
2349 4299 2590 4354 convivii
2650 4299 3031 4355 ministerium
3090 4299 3574 4372 perhorrescebat.

1944 4394 2251 4464 Coeperunt
2295 4397 2351 4447 et
2396 4393 2507 4465 ipsi
2550 4394 2874 4448 incentores
2917 4393 3211 4448 seditionis
3250 4393 3575 4448 examinare

1943 4490 2073 4558 post
2115 4487 2259 4555 haec,
2305 4504 2450 4559 quos
2498 4492 2769 4558 raperent
2818 4487 2995 4553 cibos,
3043 4502 3114 4541 ne
3162 4486 3377 4541 similes
3423 4502 3576 4541 escas

215 4583 318 4652 fili,
348 4583 393 4636 si
436 4588 493 4637 et
533 4586 594 4636 tu
637 4581 817 4636 lilium
849 4581 1126 4636 haberes?
1157 4581 1395 4636 fecimus
1431 4582 1584 4653 quod
1620 4570 1921 4653 pietatisD
1945 4581 2283 4648 invenirent,
2313 4584 2370 4636 et
2408 4581 2562 4635 velut
2602 4581 2993 4652 imprudentes
3032 4583 3345 4635 sumerent.
3374 4582 3568 4651 Cmpe-

214 4677 341 4743 fuit,
368 4675 644 4730 faciamus
675 4675 826 4746 quod
854 4675 1034 4730 fames
1061 4675 1282 4731 suadet.
1308 4677 1427 4730 Tua
1459 4680 1649 4731 tamen
1680 4692 1848 4732 causa

216 4770 445 4838 melior,
489 4774 544 4824 et
574 4769 839 4841 quaedam
884 4768 1109 4840 pietatis
1149 4768 1411 4840 species:
1460 4770 1591 4840 quia
1635 4771 1842 4825 tolera-

214 4862 384 4917 bilius
439 4868 542 4929 est,
598 4862 750 4935 quod
804 4861 971 4917 matri
1019 4861 1243 4916 dederis
1295 4861 1483 4917 cibum
1536 4862 1846 4918 visceribus

215 4958 349 5025 tuis,
407 4973 581 5028 quam
634 4956 790 5027 quod
840 4963 895 5010 te
952 4959 1137 5010 mater
1192 4961 1291 5010 aut
1344 4956 1601 5012 occidere
1658 4961 1847 5029 potest

214 5053 315 5104 aut
363 5048 661 5104 devorare.
710 5051 840 5105 Haec
883 5048 1098 5117 dicens,
1140 5064 1337 5105 averso
1385 5050 1539 5105 vultu
1587 5050 1843 5121 gladium

216 5142 508 5208 demersit,
537 5146 593 5196 et
629 5142 689 5196 in
715 5142 899 5197 frusta
934 5141 1116 5198 filium
1150 5159 1349 5198 secans
1390 5142 1510 5214 igni
1553 5143 1841 5213 imposuit,

215 5240 439 5306 partem
467 5236 733 5303 comedit,
761 5240 980 5308 partem
1006 5236 1251 5308 operuit,
1276 5253 1350 5291 ne
1372 5236 1498 5308 quis
1521 5235 1845 5307 superveni-

216 5334 353 5382 ret:
399 5328 497 5383 sed
543 5327 707 5383 nidor
750 5328 967 5383 incensi
1008 5327 1265 5399 pervenit
1306 5328 1379 5383 ad
1427 5328 1712 5400 principes
1754 5345 1841 5382 se-

218 5421 485 5490 ditionis;
533 5420 915 5493 continuoque
960 5421 1193 5476 odorem
1249 5421 1446 5489 secuti,
1502 5421 1846 5478 introierunt

218 5514 482 5569 mulieris
535 5514 867 5585 hospitium,
923 5515 1207 5569 minantes
1249 5530 1471 5579 necem,
1517 5515 1671 5586 quod
1710 5532 1845 5570 ausa

214 5612 366 5663 esset
389 5607 782 5678 jejunantibus
806 5606 940 5680 ipsis
965 5608 1136 5664 edere
1162 5611 1330 5680 atque
1363 5611 1615 5664 exsortes
1646 5623 1740 5663 eos
1765 5608 1846 5663 fa-

278 5752 378 5813 (40)
412 5752 644 5802 Terrore.
677 5753 851 5804 BARR.

275 5824 374 5887 (41)
395 5821 650 5873 Judicate.
685 5824 764 5872 In.

278 5893 374 5957 (42)
406 5893 554 5944 mm.
582 5893 661 5943 In.

1944 4678 2082 4730 runt
2109 4675 2358 4729 universi
2390 4674 2615 4741 timere,
2653 4690 2723 4729 ne
2762 4673 2856 4729 diu
2886 4673 3160 4743 viverent,
3196 4677 3253 4729 et
3280 4674 3430 4729 mori
3458 4675 3570 4729 vel-

1944 4768 2081 4824 lent.
2125 4768 2391 4823 Pervenit
2420 4768 2591 4823 etiam
2626 4768 2699 4822 ad
2742 4769 3026 4823 Romanos
3072 4768 3243 4839 hujus
3285 4767 3415 4823 facti
3461 4769 3570 4823 im-

1947 4861 2213 4917 manitas.
2258 4863 2396 4917 Nam
2440 4861 2695 4932 plerique
2734 4861 2840 4917 hoc
2882 4862 3118 4917 horrore
3159 4860 3470 4933 perterriti,
3501 4861 3573 4915 ad

1945 4956 2168 5011 hostem
2209 4955 2502 5025 fugerunt.
2539 4955 2661 5019 Quo
2699 4959 2988 5026 comperto
3023 4956 3227 5022 Cmsar,
3254 4958 3574 5010 exsecratus

1944 5048 2184 5105 infelicis
2211 5054 2379 5103 terra;
2409 5048 2766 5119 contagium,
2789 5064 2993 5103 manus
3015 5048 3089 5103 ad
3115 5049 3321 5104 coelum
3349 5048 3575 5103 elevans

1945 5143 2081 5197 talia
2123 5142 2543 5213 protestabatur
2581 5158 2594 5196 :
2642 5141 2729 5195 Ad
2764 5142 2975 5197 bellum
3020 5142 3252 5212 quidem
3295 5142 3569 5210 venimus,

1945 5236 2045 5290 sed
2085 5252 2198 5290 non
2228 5252 2356 5290 cum
2396 5235 2724 5290 hominibus
2752 5235 3120 5301 dimicamus;
3149 5235 3420 5291 adversus
3447 5252 3567 5290 om-

1943 5345 2080 5384 nem
2120 5329 2341 5384 rabiem
2385 5328 2706 5384 belluarum
2745 5345 2808 5383 ac
2851 5328 3123 5396 ferarum,
3162 5328 3296 5400 quid
3334 5328 3567 5385 sensibi-

1944 5422 2087 5476 lium
2124 5421 2329 5493 loquor
2356 5421 2509 5491 (44)?
2536 5421 2803 5477 adversus
2833 5437 3064 5475 omnem
3104 5421 3331 5493 rupium
3362 5422 3567 5477 imma-

1945 5515 2185 5571 nitatem
2217 5514 2602 5571 decernimus.
2633 5514 2888 5586 Diligunt
2906 5514 3039 5570 ferm
3075 5516 3222 5570 fetus
3252 5533 3403 5585 suos,
3427 5532 3572 5587 quos

1946 5608 2118 5664 etiam
2146 5608 2205 5663 in
2240 5608 2390 5664 fame
2422 5607 2712 5677 nutriunt;
2743 5613 2798 5664 et
2834 5624 2963 5680 quae
2997 5608 3195 5664 alienis
3230 5610 3566 5682 corporibus

2010 5752 2104 5816 (43)
2132 5752 2295 5804 Forte
2322 5753 2702 5817 unusquisque.
2730 5752 3027 5805 GALLAND.

2007 5824 2103 5886 (44)
2138 5822 2420 5873 Sensibilia
2447 5823 2657 5888 loquar.
2691 5825 2867 5877 BARR.
