4128 6194
623 302 754 358 2291

2043 299 2096 356 S.
2140 300 2231 355 AM
2240 298 2456 354 BROSll

3784 308 3887 363 2292

625 431 955 501 pascuntur,
986 443 1020 482 a
1049 425 1431 481 consimilium
1467 426 1719 481 ferarum
1755 425 2041 480 abstinent
2079 423 2247 479 cada-
2272 422 2505 508 Aapud
2543 437 2689 493 quos
2718 422 2829 494 (46)
2870 425 3089 476 naturas
3125 420 3308 493 pietas
3344 426 3554 479 mortua
3583 429 3632 479 et
3667 434 3889 498 superstes

625 518 867 573 veribus.
929 518 1040 572 Hoc
1106 517 1258 571 ultra
1313 532 1545 571 omnem
1609 515 1975 571 acerbitatem
2033 519 2136 583 est,
2188 520 2254 570 ut

626 612 888 670 membra
931 627 1061 683 quae
1101 610 1302 684 genuit
1333 611 1536 680 mater,
1581 614 1821 665 voraret.
1863 608 2102 664 Mundus
2140 623 2249 680 ego

624 706 693 762 ab
733 707 840 761 hoc
880 705 1143 777 contagio
1179 724 1190 759 :
1239 704 1338 760 tibi
1379 721 1473 758 me
1516 703 1761 771 absolvo,
1794 719 2151 775 quaecunque
2191 702 2252 757 in

626 801 765 857 ccelo
807 803 1055 872 potestas
1085 817 1165 854 es.
1209 798 1345 865 Scis,
1387 798 1513 868 scis,
1556 797 1834 870 profecto,
1879 796 2014 869 quia
2047 796 2251 852 intimo

624 895 829 950 affectu
858 910 1060 966 pacem
1080 894 1408 966 frequenter
1435 891 1636 959 obtuli,
1665 895 1722 946 et
1750 891 1901 963 quod
1933 908 2045 945 non
2072 890 2252 962 pudet

623 988 827 1056 dicere,
879 987 1057 1043 victor
1100 986 1293 1059 rogavi
1343 1003 1356 1040 :
1407 986 1543 1058 quia
1599 1001 1834 1057 parcere
1880 978 2060 1039 etiam
2115 984 2251 1057 ipsis

622 1085 912 1138 tantorum
965 1081 1309 1152 ﬂagitiorum
1360 1079 1872 1152 prodigiorumque
1929 1079 2251 1134 auctoribus

623 1177 794 1246 volui,
838 1192 1064 1248 parcere
1107 1175 1341 1247 populo,
1393 1174 1593 1229 urbem
1637 1189 1863 1228 servare
1904 1190 1917 1228 :
1965 1173 2061 1228 sed
2110 1173 2249 1244 quid

624 1272 869 1326 facerem
899 1269 1375 1342 repugnantibus,
1409 1267 1506 1322 sed
1541 1268 1675 1339 quid
1709 1268 1951 1322 facerem
1984 1267 2251 1322 adversus

625 1381 755 1420 suos
789 1363 1150 1419 furentibus?
1188 1361 1389 1417 Positis
1417 1362 1755 1433 plerumque
1781 1361 1976 1428 armis,
2004 1360 2140 1433 quia
2168 1360 2249 1415 illi

621 1475 655 1512 a
684 1474 919 1513 suorum
956 1456 1207 1511 czedibus
1244 1472 1361 1511 non
1404 1455 1765 1523 desinebant,
1811 1455 1870 1509 in
1909 1454 2122 1509 bellum
2160 1471 2245 1509 re-

622 1552 783 1620 verti,
817 1556 879 1606 ut
915 1551 1224 1606 liberarem
1263 1550 1540 1617 obsessos,
1584 1565 1699 1604 non
1736 1549 2040 1620 perderem
2083 1566 2096 1603 :
2141 1549 2248 1620 ipsi

621 1662 725 1701 nos
766 1646 835 1700 de
867 1645 1045 1700 muris
1076 1645 1283 1699 hortati
1327 1660 1478 1715 saepe
1521 1649 1653 1698 sunt
1691 1642 1979 1713 dimicare,
2012 1660 2083 1697 ne
2117 1659 2246 1715 gra-

620 1740 743 1795 vius
768 1757 801 1793 a
834 1739 951 1794 suis
978 1738 1251 1810 perirent.
1281 1738 1485 1803 Quales
1521 1743 1651 1792 sunt
1685 1738 1855 1804 cives,
1887 1737 2094 1809 quibus
2118 1737 2244 1792 hos-

2350 509 2634 571 defunctis
2681 515 2902 587 religio.
2950 515 3086 581 Quis
3130 516 3293 581 enim,
3331 522 3581 587 parentes
3619 535 3721 575 non
3758 522 3890 579 etiam

2350 613 2612 665 mortuos
2633 609 2873 681 diligat?
2893 609 3030 674 Quis
3051 609 3205 664 enim
3232 609 3467 664 amissos
3491 611 3622 666 ﬁlios
3642 629 3740 669 non
3757 622 3889 685 amet,

2349 707 2407 758 et
2435 704 2561 759 loco
2605 704 2915 775 pignorum
2958 704 3186 759 teneat?
3212 704 3399 759 Manet
3431 704 3664 776 affectus,
3692 708 3777 763 etsi
3798 710 3889 780 pig-

2350 815 2455 852 nus
2489 797 2712 865 obierit,
2758 802 3082 869 perseverat
3119 812 3327 853 nomen
3364 801 3589 865 naturas,
3617 802 3775 871 gratia
3804 819 3889 857 non

2350 891 2657 948 intercidit.
2692 891 2860 963 Apud
2903 892 3006 945 hos
3044 907 3178 947 vero
3221 908 3329 946 nec
3356 892 3624 948 viventem
3652 899 3805 950 mater
3828 913 3890 951 re-

2350 986 2642 1057 cognoscit
2686 985 2888 1054 ﬁlium,
2940 1001 3042 1041 nec
3077 985 3457 1056 appellantem
3502 986 3666 1053 audit,
3700 1004 3784 1042 nec
3818 1006 3893 1043 va-

2351 1080 2560 1152 gientis
2588 1079 2912 1149 miseretur,
2947 1085 3004 1133 et
3041 1084 3279 1151 propter
3318 1079 3481 1134 unius
3517 1080 3659 1135 horae
3696 1097 3892 1137 exsecra-

2350 1173 2527 1228 bilem
2565 1173 2776 1240 cibum,
2805 1172 3170 1244 parricidales
3210 1172 3408 1244 injecit
3431 1173 3536 1244 (47)
3572 1173 3769 1245 pignori
3803 1192 3892 1230 ma-

2353 1284 2476 1322 nus.
2520 1268 2626 1322 Sed
2674 1267 2777 1338 qui
2825 1267 2987 1339 quasi
3033 1283 3241 1321 novum
3285 1284 3487 1338 arguo,
3529 1284 3651 1322 cum
3689 1285 3719 1322 a
3752 1269 3895 1340 parri-

2350 1361 2495 1416 cidio
2526 1362 2775 1416 fraterno
2805 1360 3030 1432 generis
3065 1361 3152 1415 sui
3196 1367 3501 1417 numerent
3538 1362 3776 1417 exordia?
3796 1379 3895 1417 cum

2349 1455 2523 1527 ipsius
2547 1455 2811 1523 Abrahae,
2827 1471 2995 1525 quem
3016 1454 3309 1526 appellant
3330 1459 3549 1527 patrem
3569 1458 3621 1510 et
3645 1455 3895 1527 disciplina.

2347 1553 2637 1605 auctorem
2681 1566 2745 1603 ac
2783 1550 2870 1604 sui
2904 1549 3225 1621 principem
3269 1550 3474 1617 cultus,
3509 1549 3564 1603 in
3604 1565 3665 1603 eo
3699 1549 3895 1603 maxime

2348 1643 2516 1698 ﬁdem
2553 1643 2888 1715 praedicent,
2922 1643 3075 1715 quod
3120 1660 3225 1697 nec
3262 1642 3378 1698 ﬁlio
3422 1642 3743 1714 parcendum
3774 1648 3897 1714 puta-

2347 1736 2511 1804 verit,
2541 1753 2793 1808 eumqne
2829 1737 2976 1791 sicut
3008 1736 3252 1791 hostiam
3287 1737 3401 1791 aris
3436 1736 3746 1803 admoverit,
3770 1742 3897 1807 atque

622 1834 691 1887 tis
723 1807 998 1887 remedio
1017 1831 1141 1886 est?
1166 1831 1478 1886 Audieram
1521 1830 1785 1901 equidem
1825 1807 2243 1885 intolerabilem
2267 1807 2324 1877 Β
2349 1807 2740 1886 holocaustum
2766 1831 2971 1885 offerre
2993 1847 3105 1885 non
3128 1829 3491 1886 dubitaverit.
3513 1831 3625 1885 Non
3643 1830 3899 1885 condemno

622 1926 791 1998 hujus
819 1942 937 1981 esse
969 1925 1160 1997 populi
1200 1924 1575 1992 ferocitatem,
1606 1924 1703 1995 qui
1734 1924 2159 1979 incredibilibus
2190 1939 2248 1978 se

620 2019 985 2091 opinionibus
1006 2019 1066 2073 in
1094 2035 1323 2073 omnem
1352 2018 1554 2073 excitat
1583 2017 1970 2072 insolentiam.
2002 2019 2080 2072 De
2108 2018 2247 2072 coelo

622 2129 680 2168 se
731 2129 914 2184 genus
965 2112 1194 2180 ducere,
1248 2112 1325 2165 ibi
1377 2112 1633 2183 primum
1686 2110 1935 2165 induisse
1991 2111 2247 2182 corporis

622 2207 887 2274 formam,
923 2206 1045 2260 coeli
1084 2221 1142 2260 se
1171 2205 1344 2260 fuisse
1379 2205 1609 2271 incolas,
1640 2204 1996 2259 descendisse
2028 2205 2096 2258 ad
2125 2205 2245 2259 cul-

621 2306 710 2353 tus
746 2304 1050 2366 terrarum,
1082 2298 1153 2353 dc
1197 2299 1359 2354 terris
1392 2299 1463 2352 ad
1502 2299 1705 2353 cretum
1745 2297 1947 2365 redire,
1981 2297 2247 2353 transisse

621 2409 721 2463 per
748 2391 923 2447 maria
948 2392 1095 2448 sicco
1122 2392 1285 2463 pede,
1315 2392 1526 2464 fugisse
1556 2395 1687 2446 ante
1719 2407 1775 2446 se
1814 2390 2018 2446 ﬂuctus
2048 2392 2243 2458 maris,

619 2502 889 2542 conversa
920 2485 1183 2542 Jordanis
1226 2487 1444 2541 ﬂuenta
1482 2485 1542 2540 in
1587 2501 1753 2540 suum
1794 2485 2008 2540 fontem
2050 2501 2243 2540 recur-

619 2581 756 2636 risse
786 2596 799 2634 :
829 2579 1051 2635 stetisse
1088 2580 1290 2648 solem,
1334 2586 1393 2634 ut
1430 2578 1489 2634 hi
1527 2579 1720 2634 hostes
1758 2595 1889 2633 suos
1932 2579 2242 2645 vincerent,

618 2690 689 2729 ne
730 2690 840 2729 nox
874 2674 1219 2745 impediret:
1263 2679 1454 2744 raptos
1491 2673 1549 2728 in
1594 2673 1798 2728 coelum
1839 2672 2025 2743 igneis
2062 2674 2241 2728 curri-

618 2768 724 2822 bus
767 2783 916 2835 suos,
949 2766 1233 2837 praeliatas
1272 2783 1377 2838 pro
1420 2782 1479 2820 se
1519 2766 1643 2821 coeli
1685 2769 2014 2837 potestates,
2049 2772 2105 2821 et
2138 2767 2244 2821 ab-

617 2858 871 2915 sentibus
916 2859 1003 2914 his
1043 2859 1334 2914 universas
1374 2858 1621 2914 hostium
1664 2859 1819 2914 fusas
1857 2860 2071 2931 copias,
2113 2860 2241 2915 dor-

620 2954 925 3009 mientibus
951 2958 1173 3025 partam
1201 2953 1518 3008 victoriam.
1552 2954 1679 3007 Haec
1708 2969 2117 3024 compereram,
2143 2955 2242 3009 sed

617 3048 885 3119 putabam
926 3047 1075 3119 quod
1119 3046 1311 3101 divina
1347 3046 1494 3101 circa
1529 3062 1587 3100 se
1618 3046 1906 3116 jactarent
1944 3046 2240 3115 beneﬁcia,

620 3159 735 3196 non
768 3156 1175 3212 usquequaque
1204 3139 1503 3195 audaciam
1539 3140 1935 3207 extenderent,
1964 3144 2028 3194 ut
2053 3157 2111 3196 se
2142 3157 2243 3197 nec

616 3253 644 3289 a
678 3234 949 3290 Romanis
985 3234 1131 3288 vinci
1168 3249 1329 3305 posse
1364 3233 1802 3289 arbitrarentur.
1837 3237 2100 3305 Agnosco
2137 3235 2240 3289 ita-

618 3344 730 3398 que
757 3344 886 3382 cum
925 3327 1013 3382 his
1048 3325 1209 3381 nobis
1246 3343 1370 3381 esse
1411 3326 1689 3397 prmlium,
1722 3327 1821 3398 qui
1859 3344 1918 3383 se
1945 3328 2242 3399 insupera-

619 3421 762 3475 biles
798 3421 1050 3488 credant,
1090 3436 1220 3475 cum
1261 3436 1318 3475 se
1345 3420 1608 3492 jactitent
1649 3420 1847 3475 diluvii
1887 3423 2241 3492 superstites,

620 3516 874 3571 haeredes
935 3515 1272 3582 ﬂuminum,
1322 3519 1605 3570 terrarum
1672 3515 1953 3587 hospites,
2005 3516 2245 3572 viatores

617 3626 931 3683 (equoreos,
963 3625 1291 3665 ascensores
1331 3609 1645 3677 aethereos;
1674 3609 1880 3681 quibus
1918 3610 2067 3665 unda
2111 3627 2240 3665 mu-

618 3720 716 3758 rus
753 3709 857 3771 est,
890 3720 988 3759 aer
1023 3703 1129 3769 via,
1171 3703 1373 3758 caelum
1404 3702 1698 3771 habitatio,
1739 3703 1947 3762 cedunt
1974 3704 2241 3773 ﬂammae,

618 3814 724 3852 nec
765 3797 983 3852 vincula
1034 3801 1252 3851 tenent.
1294 3796 1627 3852 Sitientibus
1675 3800 1840 3868 petra
1885 3797 2137 3864 solvitur,
2180 3814 2244 3853 ac

618 3908 740 3946 sese
773 3891 959 3945 fundit
991 3891 1049 3944 in
1089 3895 1273 3961 potus.
1304 3889 1696 3944 Esurientibus
1736 3891 1940 3945 coelum
1967 3891 2241 3962 aperitur,

616 3984 778 4039 cibus
816 3983 1082 4049 mittitur,
1121 3999 1294 4037 carne
1334 3982 1647 4037 volatilium
1688 3988 1874 4037 castra
1911 3982 2242 4054 implentur,

616 4082 674 4134 et
699 4094 907 4148 panem
934 4077 1272 4147 angelorum
1304 4076 1614 4131 manducat
1638 4077 1828 4131 homo.
1867 4076 2244 4148 Stringuntur

616 4170 913 4242 liquentia,
947 4186 1144 4224 amara
1177 4169 1528 4237 dulcescunt,
1567 4170 1652 4225 sol
1689 4170 1887 4226 statuit
1913 4170 2047 4241 (45),
2078 4174 2239 4227 tene-

619 4265 736 4319 bras
762 4264 1107 4318 illuminant.
1134 4265 1422 4319 Postremo
1441 4262 1574 4334 quid
1608 4264 1852 4335 amplius
1881 4268 2069 4335 potest
2096 4282 2241 4333 esse,

617 4358 843 4430 quando
887 4358 975 4412 his
1014 4357 1259 4413 audacia
1297 4357 1491 4412 deesse
1538 4359 1762 4428 potest?
1801 4359 1921 4429 qui,
1964 4362 2028 4413 ut
2060 4357 2241 4427 aiunt,

618 4451 825 4507 mortui
873 4451 1089 4518 vivunt,
1133 4455 1190 4505 et
1239 4449 1443 4521 sepulti
1491 4451 1919 4505 resuscitantur.
1967 4451 2245 4506 Adversus

2348 1925 2732 1992 devotionem,
2778 1925 2879 1979 sed
2925 1940 3119 1996 quaero
3164 1923 3464 1996 pietatem.
3509 1924 3683 1978 Alium
3722 1940 3898 1994 quoque

2350 2035 2379 2073 e
2422 2018 2537 2074 suis
2586 2019 2804 2074 vovisse
2860 2018 3022 2073 aiunt
3069 2017 3367 2087 victorem,
3418 2023 3479 2073 ut
3532 2016 3784 2090 quidquid
3823 2016 3900 2071 sibi

2346 2113 2598 2183 primum
2640 2111 2973 2167 occurrisset
3002 2111 3243 2167 domum
3284 2113 3613 2178 revertenti,
3641 2110 3901 2165 immolaret

2348 2206 2463 2260 Deo
2507 2221 2628 2270 suo,
2661 2209 2717 2260 et
2761 2221 2894 2259 cum
2938 2204 3174 2270 rediret,
3211 2204 3521 2259 occurrisse
3559 2204 3740 2271 ﬁliam,
3771 2205 3901 2273 atque

2345 2299 2505 2353 illum
2548 2298 2805 2369 injecisse
2845 2297 2978 2353 ﬁliae
3021 2315 3243 2354 manus.
3285 2298 3574 2370 Multaque
3612 2298 3714 2353 alia
3754 2297 3899 2367 hujus-

2347 2392 2499 2447 modi
2529 2392 2808 2464 exempla.
2845 2391 3032 2457 Qualis
3062 2392 3166 2447 ista
3207 2408 3368 2463 gens,
3405 2408 3532 2464 quae
3570 2390 3805 2463 religioni
3827 2388 3901 2443 tri-

2345 2487 2479 2541 buat
2507 2486 2756 2541 hominis
2783 2502 3002 2553 necem,
3040 2489 3097 2540 et
3123 2485 3467 2541 sacriﬁcium
3504 2488 3656 2558 putet
3680 2501 3786 2539 esse
3806 2500 3902 2555 par-

2349 2580 2648 2635 ricidium?
2670 2581 2805 2645 Quis
2837 2581 2983 2634 Deus
3020 2580 3196 2651 possit
3238 2580 3342 2635 hoc
3375 2580 3624 2653 exigere,
3652 2582 3741 2633 aut
3769 2577 3904 2649 qualis

2343 2674 2600 2728 sacerdos
2642 2674 2739 2745 qui
2772 2675 2876 2729 hoc
2915 2673 3092 2745 possit
3129 2673 3395 2729 deferre?
3428 2674 3674 2744 Denique
3707 2675 3900 2727 veterem

2347 2767 2456 2838 (48)
2498 2768 2657 2822 illum
2703 2767 2863 2839 quasi
2908 2766 3343 2839 prudentiorem
3383 2784 3504 2823 non
3546 2767 3730 2822 fecisse
3767 2764 3903 2827 aiunt,

2344 2860 2441 2915 sed
2475 2860 2713 2916 voluisse
2733 2879 2749 2931 ;
2780 2861 2951 2915 istum
2988 2860 3154 2932 quasi
3191 2861 3603 2916 consultiorem
3637 2860 3735 2931 (49)
3758 2873 3902 2930 perse-

2343 2971 2586 3010 verasse.
2631 2954 2884 3010 Habeant
2931 2970 3061 3010 suos
3108 2954 3250 3009 ritus
3292 2955 3586 3010 duriatum
3627 2954 3729 3024 (50)
3766 2951 3904 3007 homi-

2343 3064 2463 3113 nes,
2488 3048 2641 3120 apud
2676 3064 2817 3119 quos
2843 3047 3144 3120 disciplina
3181 3054 3267 3102 est
3298 3048 3452 3104 ﬁlios
3477 3047 3735 3104 occidere.
3761 3044 3905 3101 infelix

2346 3142 2556 3204 civitas,
2601 3140 2661 3196 in
2704 3158 2820 3213 qua
2857 3141 2987 3196 talis
3037 3140 3283 3209 ofﬁcina,
3326 3143 3447 3198 tale
3492 3141 3796 3213 mysterium
3831 3136 3908 3205 (51)

2344 3238 2450 3289 est.
2503 3234 2778 3306 Operiant
2823 3251 2948 3290 eam
2994 3234 3173 3289 ruinae.
3218 3251 3368 3302 suae,
3420 3239 3590 3307 atque
3630 3232 3909 3288 abscondant

2343 3328 2521 3382 invidi
2548 3328 2658 3400 ipsi
2686 3328 2797 3399 (52)
2825 3331 3243 3400 contagionem,
3272 3344 3345 3383 ne
3376 3330 3465 3384 sol
3492 3329 3689 3396 videat,
3716 3343 3777 3382 ne
3807 3322 3907 3379 stel-

2345 3422 2526 3476 larum
2554 3422 2758 3492 globus
2795 3425 3032 3493 spectet,
3061 3437 3134 3477 ne
3172 3423 3538 3478 maculentur
3574 3436 3812 3477 aurarum
3833 3416 3909 3487 spi-

2345 3515 2573 3570 ramina
2622 3532 2634 3570 :
2688 3514 3057 3587 purgatorius
3109 3531 3336 3587 quoque
3386 3516 3489 3572 ille
3546 3518 3737 3571 exuret
3781 3510 3908 3583 ignis.

2341 3609 2645 3680 Thyesteas
2681 3609 2851 3680 dapes
2880 3609 3134 3664 fabulam
3163 3614 3473 3680 putamus;
3501 3609 3767 3681 ﬂagitium
3793 3604 3907 3657 vide-

2344 3719 2489 3768 mus,
2521 3704 2818 3758 veritatem
2849 3702 3142 3757 cernimus
3178 3702 3525 3760 atrociorem
3554 3700 3830 3773 tragoediis.
3854 3694 3911 3751 lbi

2343 3796 2497 3851 enim
2528 3796 2750 3851 ﬁrmior
2777 3812 2944 3851 sexus
2972 3801 3031 3851 et
3071 3800 3267 3867 partus
3308 3797 3535 3853 alienus
3568 3816 3582 3853 :
3614 3796 3700 3851 hic
3732 3792 3907 3848 mulier.

2342 3889 2432 3943 cui
2473 3892 2665 3961 partus
2704 3889 2967 3961 proprius
3001 3889 3177 3945 fuerit
3219 3889 3401 3945 cibus.
3448 3890 3529 3946 lbi
3568 3890 3743 3946 aliena
3776 3886 3909 3948 fraus,

2345 3982 2435 4037 hic
2479 3983 2714 4054 propria
2760 3982 3035 4037 voluntas.
3082 3983 3177 4038 Ille
3219 3983 3430 4053 doluit,
3472 3985 3592 4039 haec
3632 3977 3908 4037 insnltavit:

2344 4076 2521 4148 digna
2559 4076 2762 4131 talibus
2794 4076 2927 4131 viris
2967 4093 3115 4145 esca,
3154 4077 3251 4149 qui
3292 4077 3663 4148 pertinaciter
3699 4068 3911 4130 bellando

2344 4169 2611 4225 mulieres
2635 4186 2764 4225 suas
2788 4170 2855 4224 ad
2884 4170 2996 4225 tale
3026 4171 3419 4242 perduxerunt
3447 4170 3769 4226 convivium.
3791 4160 3912 4233 Equi-

2344 4264 2473 4319 dem
2510 4281 2609 4319 eos
2642 4266 2814 4318 tantis
2841 4264 3119 4319 malorum
3150 4264 3394 4320 afﬂictos
3430 4262 3810 4321 acerbitatibus
3822 4258 3913 4329 jam

2344 4358 2536 4412 furere
2576 4357 2840 4425 arbitror,
2881 4362 3253 4430 amentesque
3297 4359 3505 4427 factos,
3553 4358 3646 4429 qui
3684 4357 3793 4410 haec
3829 4364 3912 4404 non

2343 4451 2609 4506 sentiant.
2641 4451 2826 4515 Quare
2855 4450 3138 4506 maturius
3164 4451 3379 4506 bellum
3412 4449 3787 4513 conﬁciemus,
3812 4441 3915 4515 quia

619 4546 807 4601 divina
859 4561 1088 4618 quoque
1145 4544 1500 4616 conspirasse
1561 4544 1667 4599 hos
1719 4544 1979 4599 homines
2045 4542 2633 4617 opinioDemendari
2675 4560 2791 4600 non
2834 4549 3053 4616 queunt
3097 4561 3110 4599 :
3158 4545 3503 4617 ingruamus
3543 4542 3835 4604 instantius,
3872 4538 3913 4586 ut

618 4641 908 4711 frequens,
942 4642 998 4692 et
1037 4655 1203 4709 poena
1245 4638 1456 4692 indicio
1497 4641 1601 4693 est.
1631 4638 1851 4693 Ardent
1884 4638 2056 4693 hodie
2096 4655 2239 4711 quo-

616 4750 729 4806 que
747 4739 912 4788 terra:
934 4735 1168 4803 propter
1186 4731 1507 4787 incolarum
1528 4732 1883 4804 impietatem
1907 4754 1919 4786 :
1939 4733 2241 4805 plerosque

615 4828 786 4883 etiam
815 4843 880 4880 ex
909 4825 1032 4880 istis
1058 4825 1249 4880 hiatus
1274 4826 1375 4880 soli
1409 4826 1721 4881 absorbuit.
1758 4826 2024 4891 Quandiu
2062 4826 2243 4898 igitur

615 4922 672 4977 in
704 4921 789 4976 his
812 4920 950 4975 locis
977 4919 1368 4974 morabimur?
1395 4919 1490 4974 ubi
1525 4924 1585 4975 et
1612 4925 1892 4975 terrarum
1936 4920 2101 4975 ruina
2129 4923 2237 4989 est,

615 5016 862 5070 vidimus
886 5019 943 5069 et
976 5030 1133 5068 mare
1170 5019 1483 5079 mortuum,
1516 5013 1757 5068 vidimus
1795 5014 1969 5069 etiam
2010 5019 2242 5070 mortua

614 5120 898 5165 terrarum
957 5106 1272 5173 nascentia,
1328 5106 1571 5161 humum
1629 5106 1880 5175 aridam,
1930 5108 2241 5163 virentium

611 5205 898 5259 fructuum
943 5200 1172 5257 umbras
1214 5200 1433 5267 inanes,
1474 5199 1612 5255 foris
1654 5200 1919 5271 gratiam,
1958 5200 2112 5255 intus
2152 5201 2237 5256 fa-

609 5298 825 5353 villam.
872 5295 1006 5361 Quis
1048 5294 1312 5349 dubitare
1362 5297 1576 5364 potest,
1622 5294 1763 5366 quin
1819 5293 1971 5366 apud
2025 5294 2240 5350 inferos

607 5407 920 5460 versemur,
961 5389 1111 5461 apud
1156 5404 1296 5461 quos
1339 5388 1510 5443 etiam
1552 5387 1837 5443 elementa
1873 5388 2240 5443 moriuntur?

615 5487 733 5557 Ipsa
772 5486 911 5557 quin
958 5484 1151 5551 etiam,
1203 5498 1331 5553 quae
1380 5487 1507 5553 post
1547 5485 1792 5537 mortem
1836 5481 2026 5537 vivere
2070 5482 2235 5549 solet,

671 5652 768 5713 (45)
796 5650 1121 5701 Statuitur...
1154 5647 1547 5698 illumiuautur.
1578 5647 1754 5699 ΒΑΜ.

669 5720 769 5782 (se)
799 5721 915 5770 Hos.
948 5721 1027 5769 In.
1462 5731 1469 5737 -

675 5791 772 5852 (47)
802 5790 999 5851 Injicit.
1032 5790 1113 5837 ID.

672 5860 771 5923 (48)
794 5857 1071 5909 Abraham
1099 5858 1369 5922 intelligit.
1400 5858 1478 5909 In.

2342 4638 2634 4709 fugiamus
2655 4638 2957 4710 regionum
2985 4638 3222 4694 istarum
3250 4639 3571 4694 morientes
3597 4652 3774 4709 aquas,
3796 4636 3915 4686 terra

2344 4737 2593 4787 ruentes.

2952 4803 3173 4860 CAPUT
3209 4803 3359 4859 XLII.

2415 4919 2506 4973 His
2535 4918 2697 4974 dictis
2728 4918 3021 4974 admoveri
3048 4919 3266 4991 templo
3299 4919 3511 4975 arietes
3536 4919 3715 4989 jubet,
3740 4912 3823 4969 sed
3848 4908 3912 4963 ni-

2342 5013 2422 5067 hil
2449 5012 2621 5067 validi
2654 5012 2800 5067 ictus
2836 5012 3230 5083 proﬁciebant.
3269 5012 3535 5084 Plerique
3562 5017 3742 5067 tamen
3774 4999 3913 5061 territi

2342 5106 2411 5160 de
2440 5106 2575 5177 ipsis
2612 5105 2953 5160 seditionum
2996 5105 3353 5177 principibus
3387 5106 3698 5177 confugere
3733 5101 3793 5156 ad
3816 5099 3910 5153 Cm-

2341 5216 2543 5269 sarem,
2572 5216 2714 5270 quos
2754 5199 2908 5254 Titus
2947 5204 3219 5270 tanquam
3259 5200 3593 5254 necessitate
3630 5191 3911 5265 compulsos.

2342 5308 2457 5347 non
2486 5293 2647 5363 quasi
2691 5291 3040 5363 promissum
3081 5296 3301 5347 secutos
3336 5291 3621 5347 dubitavit
3638 5288 3909 5355 suscipere:

2339 5387 2435 5441 sed
2475 5386 2619 5439 ﬁdes
2662 5386 3004 5456 temperavit
3044 5385 3416 5439 iracundiam.
3460 5385 3581 5439 Non
3619 5400 3683 5438 eo
3718 5377 3809 5434 loci
3844 5380 3911 5428 ta-

2339 5495 2472 5534 men
2518 5479 2720 5533 habuit
2758 5494 2871 5550 quo
2910 5477 3178 5549 perfugas
3214 5477 3553 5549 superiores,
3581 5471 3911 5537 intentiusque

2403 5646 2496 5710 (49)
2523 5645 2979 5706 Ιηοοηδιιιιίονοηι,
3004 5644 3204 5709 Jephte
3233 5644 3466 5696 scilicet.
3498 5643 3577 5693 In.

2399 5718 2496 5780 (50)
2527 5718 2662 5768 Duri
2686 5722 2861 5767 tamen
2882 5715 3130 5767 homines.
3161 5716 3246 5766 In.

2401 5792 2498 5850 (51)
2521 5786 2892 5839 Ministerium.
2923 5787 3005 5838 In.

2401 5860 2498 5923 (52)
2531 5858 2724 5909 Mundi
2746 5859 2930 5924 ipsius.
2965 5858 3045 5910 ID.
