4032 6194
236 287 376 341 2293

1278 288 1366 343 DE
1404 289 1677 345 EXCIDIO
1716 289 1912 345 URBIS
1951 291 2305 348 IIIEROSOL.
2348 295 2473 350 LIB.
2522 297 2580 350 Υ.

3477 304 3615 359 2294

232 426 366 464 suos
393 426 602 481 urgere
634 411 829 482 coepit;
861 416 922 467 ut
952 411 1201 467 universi
1237 413 1490 469 hostium
1523 413 1876 471 discederent
1898 426 1955 499 Α
1980 415 2228 471 reddidit
2265 434 2277 472 :
2319 417 2415 489 qui
2453 436 2511 473 se
2556 421 2877 492 proripiens
2921 429 3129 495 quanta
3174 428 3398 496 poterat
3438 443 3609 496 voce,

232 504 479 575 perculsi
520 510 699 560 metu.
732 506 842 561 Sed
883 506 979 560 ubi
1023 508 1273 577 parietes
1313 507 1618 563 inoﬂ'ensos
1656 508 1727 562 ab
1758 510 1874 564 ictu

230 597 481 653 arietum
534 600 683 653 mole
732 616 834 654 sua
879 600 1140 655 viderunt
1188 617 1560 673 permanere,
1608 603 1875 657 aluerunt

228 691 530 747 audaciam
572 709 585 746 :
625 693 863 764 ingenio
906 698 1098 749 tamen
1143 697 1331 751 Caesar
1375 697 1745 767 praeveniens,
1782 697 1871 767 ja-

231 803 373 840 nuas
415 790 656 857 argento
692 791 919 860 opertas
957 788 1227 843 succendi
1260 790 1449 860 jussit,
1491 790 1696 861 quibus
1740 789 1871 860 igne

228 881 467 935 admoto
494 888 800 953 argentum
832 882 1102 950 deﬂuere,
1134 883 1340 939 deinde
1380 884 1657 955 paulatim
1699 885 1871 939 etiam

226 973 456 1045 lignum
497 976 698 1031 ardere
730 996 741 1031 :
774 978 851 1031 sic
895 976 954 1030 in
994 977 1273 1048 porticum
1306 978 1642 1033 interiorem
1682 977 1871 1032 aditus

228 1074 547 1139 patescere.
591 1069 700 1125 Sed
746 1070 1048 1125 miseratus
1092 1072 1293 1138 Caesar,
1338 1087 1409 1126 ne
1458 1071 1733 1126 ﬁnitimus
1780 1071 1867 1126 in-

228 1162 459 1217 terioris
484 1163 745 1218 vestibuli
773 1164 1085 1235 porticibus
1110 1165 1563 1237 comprehensis,
1589 1165 1868 1236 templum

226 1261 599 1327 exureretur,
646 1256 720 1312 ad
756 1258 1056 1313 consilium
1096 1258 1314 1314 vocavit
1355 1259 1525 1313 duces
1563 1258 1867 1328 exercitus,

227 1349 423 1404 dicens
451 1367 464 1404 :
496 1367 611 1405 non
638 1368 767 1406 cum
795 1352 1211 1407 insensibilibus
1248 1353 1355 1407 sibi
1391 1358 1687 1408 certamen
1727 1369 1864 1419 esse,

224 1460 335 1498 nec
376 1444 592 1498 bellum
636 1461 766 1499 cum
810 1445 1084 1515 mdiﬁciis,
1129 1463 1256 1517 quai
1286 1446 1590 1501 victoribus
1626 1446 1868 1518 proﬁce-

226 1542 388 1607 rent,
435 1538 477 1592 si
518 1538 778 1594 inexusta
814 1543 1240 1595 reservarentur
1281 1557 1293 1595 :
1337 1540 1510 1595 duces
1547 1546 1739 1596 tamen
1775 1558 1867 1596 as-

223 1631 516 1700 serebant,
545 1632 927 1689 valetudinem
953 1633 1065 1705 (53)
1095 1634 1376 1705 parietum
1405 1639 1463 1689 et
1486 1634 1868 1690 munitionem

222 1726 453 1796 templi,
482 1725 690 1781 Judaeis
717 1726 775 1781 in
812 1726 1096 1799 reliquum
1138 1743 1364 1798 quoque
1396 1727 1680 1783 incentivo
1720 1728 1913 1801 futu-_

1962 509 2255 581 restingui
2293 512 2457 583 ignes
2484 512 2746 583 jubebat.
2784 516 2889 571 Sed
2931 534 3116 589 neque
3156 536 3256 590 per
3297 521 3610 576 tumultum

1973 603 2248 659 audiendi
2270 605 2509 660 facultas
2529 612 2672 674 erat,
2697 625 2881 679 neque
2912 612 3178 681 parcendi
3201 615 3460 668 voluntas
3478 632 3610 670 cum

1975 698 2212 752 Romani
2257 698 2464 753 milites
2504 700 2767 755 vindicta:
2804 702 2987 757 studio
3013 704 3323 774 ferverent,
3360 712 3608 780 notaque

1974 790 2153 861 pietas
2193 793 2425 848 Caesaris
2472 795 2871 850 inobedientite
2918 802 3133 852 metum
3174 799 3288 853 suis
3331 800 3605 870 demeret,

1972 884 2114 938 nulli
2144 886 2329 940 fraudi
2355 888 2470 941 suis
2495 889 2774 958 futurum,
2805 906 2936 944 cum
2968 891 3138 945 etiam
3167 893 3419 948 hostibus
3449 896 3609 966 igno-

1973 982 2245 1033 sceretur.
2299 981 2446 1034 Nutu
2506 985 2696 1036 tamen
2750 987 2806 1038 et
2850 999 3025 1037 manu
3074 984 3228 1039 Titus
3278 987 3606 1056 revocabat,

1970 1088 2113 1143 quos
2169 1078 2421 1143 poterat,
2473 1065 2783 1130 mandabat
2832 1076 3119 1148 aliquibus
3170 1082 3230 1133 ut
3279 1080 3609 1136 inhiberent

1972 1165 2226 1236 impetus
2270 1167 2541 1223 militum.
2572 1169 2676 1224 Sed
2708 1170 2790 1224 ira
2820 1170 2960 1225 duce
2990 1172 3249 1227 adolebat
3275 1174 3379 1243 (£55)
3415 1174 3604 1229 incen-

1971 1259 2162 1329 dium,
2209 1261 2431 1317 hostem
2479 1263 2757 1335 urgebant
2794 1265 3187 1335 desperatione
3228 1268 3450 1335 salutis,
3485 1269 3607 1339 jam

1968 1353 2056 1408 sui
2099 1354 2398 1426 prodigum
2441 1360 2498 1410 et
2536 1362 2719 1412 totum
2761 1374 2819 1413 se
2861 1359 3270 1429 expendentem
3317 1361 3601 1432 periculis.

1970 1448 2182 1517 Vulgus
2245 1449 2487 1504 maxime
2550 1450 2799 1521 ignobile
2868 1452 3209 1521 l’eriebatnr,
3276 1454 3603 1525 ubicunque

1972 1548 2313 1609 occurrerat,
2347 1544 2477 1614 quia
2519 1544 2688 1598 nullis
2728 1545 3021 1599 munitum
3054 1547 3251 1614 armis,
3280 1563 3403 1620 nec.
3424 1550 3604 1619 repel—

1968 1634 2135 1690 lendo
2161 1636 2396 1703 vulneri,
2426 1653 2529 1691 nec
2560 1637 2948 1709 retorquendo
2981 1638 3249 1694 idoneum
3283 1645 3421 1696 erat.

2564 1732 2785 1787 CAPUT
2822 1733 2996 1787 XLIII.

220 1836 372 1886 ram,
413 1820 623 1890 quibus
662 1825 810 1875 esset
848 1797 1015 1892 grata
1053 1797 1382 1890 insolentia;
1427 1822 1648 1877 radices
1688 1797 1942 1876 rebel-B
2038 1822 2325 1894 Fatigatus
2367 1823 2557 1894 itaque
2596 1825 2940 1879 clamoribus
2975 1826 3188 1894 Caesar,
3232 1828 3479 1901 gradum,
3520 1847 3597 1884 re-

219 1914 401 1967 lionis
465 1913 751 1969 eruendas
817 1913 1102 1983 funditus,
1163 1932 1235 1969 ne
1301 1916 1508 1969 iterum
1576 1915 1864 1971 temeritas

218 2007 669 2062 recrudesceret.
699 2008 929 2063 Distulit
960 2011 1149 2064 tamen
1187 2010 1374 2063 Caesar
1407 2009 1627 2064 consilii
1655 2014 1861 2065 tracta-

218 2104 347 2155 tum
376 2100 435 2154 in
452 2105 741 2172 posterum
765 2101 937 2156 diem.
963 2104 1173 2157 Verum
1192 2103 1372 2157 Judaei
1397 2120 1454 2158 se
1474 2102 1863 2159 infundendos

217 2198 535 2267 putarunt;
576 2195 676 2250 sed
724 2195 963 2250 Romani
1008 2196 1279 2251 consertis
1325 2197 1564 2268 clypeis,
1604 2198 1862 2268 quamvis

217 2289 552 2362 pauciores,
601 2289 853 2360 primum
899 2290 1181 2361 impetum
1233 2290 1574 2345 sustinuere.
1624 2290 1864 2346 Nutabat

220 2386 423 2438 tamen
466 2383 617 2438 acies
657 2399 937 2438 concursu
984 2383 1413 2439 innumerabilis
1456 2384 1858 2440 multitudinis.

220 2477 386 2531 Unde
422 2478 607 2533 Caesar
643 2493 773 2531 cum
810 2476 1097 2548 equitibus
1135 2494 1374 2549 propere
1418 2477 1628 2545 adfuit,
1672 2483 1859 2549 prote-

223 2587 358 2625 rens
398 2570 559 2625 facile
602 2586 747 2643 quos
788 2570 1126 2642 reperisset,
1175 2576 1349 2643 atque
1398 2570 1599 2626 hostile
1648 2587 1859 2642 agmen

228 2664 472 2732 reﬂexit,
515 2681 583 2719 eo
618 2665 818 2731 fretus,
861 2664 995 2736 quia
1026 2665 1148 2735 jam
1192 2669 1411 2737 pateret
1453 2664 1860 2720 vestibulorum

227 2759 434 2830 portio.
463 2759 672 2830 Majore
705 2774 936 2813 suorum
968 2775 1142 2813 manu
1176 2758 1440 2831 sequenti
1470 2758 1560 2813 die
1588 2757 1862 2830 disposuit

220 2853 280 2906 in
326 2853 547 2909 hostem
586 2852 929 2925 irrumpere,
962 2854 1242 2924 templum
1286 2852 1651 2909 succendere.
1697 2853 1860 2918 Quod

218 2947 436 3001 factum
468 2947 771 3017 eripuisset
808 2947 1006 3002 urbem
1048 2946 1338 3015 incendio,
1383 2946 1491 3001 nisi
1530 2948 1668 3002 laava
1699 2964 1860 3002 mens

218 3040 427 3113 populi
469 3041 734 3096 ﬂammas
764 3041 823 3095 in
863 3057 924 3095 se
971 3041 1219 3095 hostium
1267 3045 1641 3111 provocasset.
1690 3041 1861 3096 Jubet

218 3136 380 3189 enim
408 3137 595 3191 Caesar
632 3135 907 3205 restingui
937 3134 1160 3206 ignium
1199 3133 1416 3204 globos,
1450 3151 1518 3189 ne
1560 3134 1859 3206 irrupturis
1878 3164 1933 3238 Ο

215 3228 645 3300 impedimento
694 3228 899 3283 forent.
950 3228 1111 3292 Quod
1157 3226 1414 3282 videntes
1455 3227 1671 3295 Judazi,
1720 3229 1859 3284 dum

215 3322 565 3377 insidiantur
598 3321 917 3378 volentibus
949 3321 1208 3376 incendia
1245 3321 1442 3392 templi
1480 3322 1854 3394 restinguere,

213 3416 379 3471 cazsis
437 3415 749 3487 aliquibus,
806 3416 1031 3470 hostem
1086 3414 1471 3469 accenderunt
1523 3432 1535 3469 :
1588 3431 1732 3470 unus
1786 3415 1856 3470 de

217 3508 499 3565 Romanis
538 3510 868 3564 semiustam
911 3510 1109 3563 nactus
1138 3507 1460 3575 materiem,
1491 3524 1619 3578 quae
1657 3508 1724 3562 de
1756 3509 1859 3562 fas-

217 3602 364 3673 tigio
409 3602 731 3671 deciderat,
780 3602 973 3657 adulto
1024 3601 1157 3672 igne
1208 3606 1383 3673 portae,
1431 3600 1684 3655 admovit
1730 3618 1857 3672 quas

213 3712 395 3751 aurea
436 3699 821 3768 nuncupatur,
860 3696 1012 3768 quod
1054 3711 1192 3749 auro
1226 3694 1452 3749 vestitas
1493 3694 1739 3750 habebat
1770 3694 1854 3749 fo-

216 3808 332 3845 res.
378 3790 742 3862 Liquefactus
787 3789 933 3845 illico
976 3788 1226 3844 ﬂammis
1264 3788 1386 3843 auri
1435 3788 1591 3860 rigor
1634 3788 1856 3860 lignum

214 3883 481 3951 nudavit,
523 3883 672 3955 quod
708 3883 865 3938 velut
892 3883 1104 3937 intecto
1136 3882 1318 3936 latere
1356 3881 1538 3953 patuit
1567 3880 1852 3935 incendio.

213 3977 451 4032 Exustis
488 3976 683 4048 itaque
718 3975 917 4043 valvis,
957 3975 1015 4030 in
1055 3974 1324 4030 interiora
1358 3991 1417 4029 se
1456 3973 1654 4046 templi
1692 3991 1859 4046 pene-

210 4071 384 4126 tralia
422 4070 664 4126 inseruit
700 4070 870 4141 ignis.
914 4071 1158 4140 Jamque
1200 4071 1379 4140 portae
1424 4069 1545 4140 ejus
1582 4067 1858 4123 vestibula

208 4164 512 4220 Iucebant.
551 4163 777 4218 Turbati
825 4179 1024 4218 omnes
1064 4162 1162 4234 qui
1205 4179 1262 4216 se
1300 4162 1497 4233 templi
1541 4162 1857 4218 munimine

207 4258 626 4323 defensabant,
668 4257 958 4329 trepidare
999 4256 1175 4325 illico;
1220 4259 1279 4310 et
1319 4256 1579 4327 quasdam
1614 4258 1732 4327 jam
1778 4257 1859 4312 in-

208 4352 455 4408 clinatio
485 4351 763 4406 mentium
794 4358 935 4420 erat,
966 4350 1128 4405 illum
1171 4350 1323 4404 diem
1365 4366 1484 4405 esse
1512 4351 1725 4421 templo
1757 4366 1855 4406 ex-

209 4445 518 4512 cidialem,
568 4444 702 4516 quia
757 4445 814 4499 in
868 4445 992 4516 ipso
1045 4443 1137 4498 die
1198 4443 1487 4515 quondam
1540 4444 1859 4516 Babyloniis

1963 1916 2112 1983 tulit,
2157 1933 2287 1971 cum
2320 1916 2554 1972 ﬂamma
2600 1918 2785 1973 adhuc
2825 1920 3112 1975 conclavia
3152 1922 3356 1993 templi
3393 1922 3594 1994 depas-

1962 2010 2216 2064 cebatur.
2251 2010 2466 2075 Quibus
2508 2011 2740 2083 deustis,
2773 2012 2831 2067 in
2864 2014 3044 2084 ipsam
3089 2014 3272 2069 tndem
3312 2032 3371 2070 se
3406 2015 3600 2070 furens

1963 2103 2174 2158 intulit.
2218 2104 2339 2168 Qua
2381 2106 2568 2176 specie
2610 2106 2865 2177 plerique
2911 2108 3250 2174 exanimati,
3295 2109 3391 2163 alii
3435 2126 3495 2164 se
3537 2111 3595 2165 in

1963 2197 2114 2269 ipsos
2159 2198 2363 2253 misere
2412 2198 2517 2269 (56)
2568 2199 2748 2270 ignes,
2795 2216 3041 2272 quorum
3087 2202 3237 2256 oculi
3283 2202 3430 2257 ferre
3481 2221 3597 2258 non

1964 2296 2244 2361 poterant,
2276 2297 2338 2345 ut
2364 2292 2696 2362 superstites
2724 2294 2936 2363 templo
2964 2298 3414 2349 reservarentur.
3449 2297 3593 2351 Rur-

1963 2400 2057 2437 sus
2101 2386 2388 2439 concurrit
2423 2385 2577 2439 Titus
2609 2385 2845 2456 cupiens
2887 2386 3206 2456 cujusmodi
3253 2388 3404 2443 aedes
3449 2392 3599 2443 esset

1962 2476 2455 2546 circumspectare.
2497 2478 2667 2548 Cujus
2708 2478 2889 2549 gratia
2938 2485 3143 2545 motus,
3191 2481 3597 2551 praacellentio-

1963 2586 2083 2624 rem
2113 2570 2372 2624 omnium
2401 2571 2748 2642 templorum
2786 2571 2957 2626 fuisse
2996 2571 3261 2643 operibus
3291 2573 3591 2629 fatebatur.

1959 2663 2266 2719 Mirabatur
2285 2680 2553 2719 saxorum
2581 2664 3061 2736 magnitudinem,
3086 2666 3301 2720 metalli
3323 2667 3591 2733 nitorem,

1937 2759 2313 2811 venustatem
2378 2757 2599 2828 operis,
2654 2759 2895 2828 gratiam
2955 2758 3416 2829 pulchritudinis.
3482 2761 3596 2815 Nec

1959 2849 2249 2904 immerito
2292 2854 2505 2905 tantam
2548 2850 2721 2905 fuisse
2764 2852 2869 2906 loci
2915 2852 3305 2907 celebritatem
3346 2870 3596 2924 pronun-

1960 2942 2154 3013 tiabat,
2199 2949 2258 2999 ut
2292 2961 2359 2999 eo
2400 2961 2470 2999 ex
2513 2945 2649 2999 locis
2691 2945 2955 2999 omnibus
3002 2946 3421 3015 conveniretur,
3459 2948 3595 3018 quia

1962 3039 2181 3091 tantum
2222 3054 2337 3092 non
2382 3038 2486 3091 nisi
2519 3038 2726 3093 summi
2754 3039 2855 3093 Dei
2885 3039 3212 3093 crederetur
3249 3056 3371 3095 esse
3409 3041 3591 3095 domi-

1960 3130 2174 3185 cilium.
2227 3131 2592 3203 Adjungebat
2640 3132 2824 3187 honos
2877 3132 3050 3187 fidem
3103 3132 3423 3204 religionis,
3477 3151 3591 3206 quo

1959 3225 2130 3280 etiam
2154 3225 2530 3280 barbarorum
2557 3230 2757 3297 gentes
2777 3226 3054 3297 templum
3080 3226 3219 3281 illud
3247 3227 3594 3283 veneraban-

1958 3324 2069 3386 tur,
2102 3324 2156 3374 et
2187 3319 2503 3375 inferebant
2528 3335 2770 3375 munera
2807 3319 3105 3390 praedones
3141 3320 3432 3392 religionis
3457 3323 3592 3391 (57),

1957 3430 2086 3484 quae
2133 3417 2326 3468 tamen
2369 3418 2505 3467 tunc
2548 3413 2890 3485 diripiebant
2934 3398 3043 3479 sui,
3089 3418 3145 3468 et
3191 3414 3595 3486 disperdebant

1958 3507 2224 3575 latrones,
2249 3506 2531 3562 irruentes
2557 3507 2616 3560 in
2640 3507 2837 3561 omnia
2858 3522 2987 3578 quae
3015 3507 3273 3579 deposita
3299 3508 3594 3563 viduarum

1956 3601 2186 3655 fuerant
2211 3600 2299 3655 vel
2326 3599 2693 3671 pupillorum,
2727 3604 2997 3671 tanquam
3031 3601 3102 3654 de
3134 3601 3441 3656 victoribus
3472 3603 3590 3656 vin-

1958 3693 2260 3759 dicaretur,
2297 3692 2339 3746 si
2383 3692 2521 3763 quid
2556 3708 2622 3747 ex
2669 3692 2857 3763 praeda
2903 3692 3171 3748 Romanis
3216 3694 3590 3750 minueretur.

1956 3787 2255 3857 Templum
2289 3802 2515 3858 quoque
2546 3785 2745 3840 ardere
2783 3785 3217 3857 conspicientes,
3248 3786 3353 3858 ipsi
3392 3787 3588 3843 incen-

1959 3880 2170 3935 debant.
2208 3883 2432 3945 caetera,
2480 3895 2549 3934 ne
2594 3879 2743 3950 quod
2794 3878 3010 3933 excidio
3056 3879 3258 3952 templi
3303 3886 3593 3952 superstes

1958 3979 2109 4029 esset
2163 3973 2499 4041 aedilicium,
2553 3972 2818 4044 religioni
2870 3972 3243 4044 deputantes,
3301 3974 3346 4028 si
3402 3976 3593 4029 omnia

1957 4083 2087 4122 cum
2114 4068 2329 4138 templo
2358 4066 2632 4138 perirent.
2668 4067 2777 4121 Nec
2806 4066 2992 4121 adhuc
3027 4069 3218 4122 tamen
3248 4066 3431 4123 Judaei
3468 4085 3594 4139 per-

1957 4162 2151 4216 ﬂdiam
2180 4160 2549 4231 deponebant
2582 4176 2594 4214 :
2630 4176 2757 4231 qua:
2786 4176 2953 4215 causa
2981 4160 3213 4231 majoris
3240 4161 3441 4216 excidii
3462 4161 3590 4217 fuit.

1957 4256 2098 4310 Nam
2153 4270 2286 4309 cum
2336 4253 2512 4308 animi
2556 4254 2865 4309 multorum
2910 4253 3356 4324 inllecterentur,
3402 4260 3468 4309 ut
3510 4273 3591 4323 se,

1957 4350 2105 4405 facto
2143 4349 2398 4420 agmine,
2443 4347 2712 4403 Romanis
2747 4348 3058 4415 traderent,
3094 4348 3596 4421 pseudopropheta

1958 4443 2191 4514 quidam
2247 4442 2464 4513 jactare
2530 4441 2704 4512 cmpit
2762 4440 2818 4495 in
2884 4456 3114 4496 excessu
3178 4441 3383 4496 mentis
3437 4458 3589 4511 suae,

212 4538 629 4609 ingruentibus
674 4539 859 4593 fuerat
898 4538 1192 4592 incensum
1213 4578 1227 4604 ,
1272 4536 1407 4608 quia
1447 4540 1565 4591 erat
1604 4531 1936 4602 decimusD
1960 4537 2172 4607 templo
2200 4535 2393 4590 divina
2424 4534 2686 4605 praesidia
2717 4550 2829 4588 non
2858 4533 3148 4600 defutura,
3182 4549 3385 4589 vocare
3414 4549 3592 4607 pepu-

212 4633 347 4687 dies
410 4633 573 4686 Joma
628 4632 733 4703 (54)
794 4632 1025 4700 mensis,
1084 4647 1257 4702 quem
1313 4630 1658 4702 jamdudum
1712 4631 1859 4686 inter

214 4728 482 4781 funestos
532 4725 1007 4780 annumerabaut.
1064 4726 1122 4779 In
1178 4725 1470 4795 superiora
1522 4741 1748 4796 quoque
1798 4742 1856 4780 se

212 4836 497 4874 aurarum
530 4819 840 4890 spiramine
880 4819 1025 4890 ignis
1061 4819 1341 4887 attollens,
1373 4818 1677 4873 victoribus
1716 4819 1855 4874 laeti-

210 4914 392 4979 tiam,
443 4912 602 4967 victis
647 4915 805 4967 tanta
856 4912 982 4967 labe
1029 4911 1285 4967 dolorem
1335 4911 1578 4982 dignum
1626 4912 1856 4967 infudit.

208 5008 457 5064 Clamor
503 5021 732 5079 quoque
779 5006 1173 5060 universorum
1219 5009 1475 5072 exortus,
1528 5020 1632 5060 nec
1682 5005 1860 5059 multo

214 5106 351 5171 post
395 5100 635 5154 nuntius
674 5099 897 5154 hostilis
932 5097 1214 5154 excidium
1252 5098 1457 5155 Cassari
1492 5098 1858 5154 manifestum

286 5279 386 5341 (53}
426 5277 778 5328 Validitatom.
818 5278 994 5331 ΒΑΜ.

286 5351 389 5411 (54)
436 5349 575 5401 Cod.
624 5354 735 5402 vet.
780 5350 965 5401 Loina.
1010 5348 1209 5400 Suidas
1251 5350 1413 5399 Loum
1460 5362 1492 5398 a
1542 5348 1860 5400 Macedoni-

216 5423 333 5472 bus
402 5424 723 5485 Augustum
791 5420 1003 5472 dictum
1069 5424 1324 5471 testatur.
1383 5419 1463 5468 In.
1520 5446 1581 5456 —
1642 5417 1862 5470 Videsis

220 5494 577 5545 Dodwellum
627 5494 689 5545 de
745 5494 916 5558 Cyclis
971 5497 1129 5543 vetor.
1180 5494 1345 5543 Graec.
1401 5498 1446 5541 et
1494 5494 1710 5543 Roman.
1764 5493 1863 5557 qui

217 5565 446 5617 dissert.
486 5567 538 5626 9,
579 5579 702 5629 pag.
733 5565 846 5627 397,
883 5578 1105 5615 menses
1153 5562 1540 5615 Macedonicos
1580 5578 1710 5615 cum
1749 5564 1862 5614 He-

220 5636 431 5687 braicis
472 5647 543 5685 ex
584 5635 811 5699 Josephi
850 5635 1125 5686 sententia
1175 5633 1409 5685 collatos
1446 5633 1689 5683 exhibet.
1733 5633 1863 5685 Cm—

221 5712 407 5757 terum
435 5706 583 5756 Lous
619 5706 1015 5757 Macedonibus
1058 5708 1139 5755 est
1180 5705 1390 5757 mensis
1426 5703 1627 5755 Julius.
1668 5705 1864 5769 Neque

222 5783 413 5828 tamen
471 5790 683 5827 errasse
752 5776 1036 5840 putandus
1111 5774 1331 5827 Suidas.
1387 5774 1864 5839 Syromacedones

226 5860 475 5914 namque
518 5847 966 5914 Lexicograpbus
1006 5846 1346 5899 intellexisse
1390 5845 1687 5912 putandus,
1729 5860 1864 5913 quo-

1959 4631 2082 4685 lum
2137 4628 2209 4683 ad
2263 4644 2320 4683 se
2375 4628 2531 4683 velut
2579 4626 2827 4699 quodam
2882 4627 3131 4696 oraculo,
3183 4627 3369 4683 adhuc
3420 4644 3478 4683 se
3532 4629 3591 4683 in

1958 4723 2173 4794 templo
2201 4738 2303 4775 suo
2330 4737 2561 4775 manere
2590 4720 2740 4775 illico
2782 4721 3146 4791 repulsurum
3192 4721 3445 4777 hostium
3493 4740 3590 4777 cu-

1960 4834 2114 4885 neos,
2154 4816 2519 4870 ﬂammarum
2558 4814 2838 4871 incendia.
2878 4814 2966 4871 Sic
3008 4815 3202 4870 miseri
3239 4816 3377 4870 dum
3409 4815 3589 4871 infeli-

1960 4911 2100 4965 citer
2139 4910 2298 4964 falsis
2342 4908 2922 4963 circumventionibus
2965 4909 3237 4976 credunt,
3287 4908 3592 4965 dedecoros

1959 5008 2129 5076 atque
2191 5003 2356 5057 inulti
2420 5003 2562 5057 sicut
2616 5019 2820 5074 pecora
2882 5002 3335 5058 trucidabantur.
3389 5002 3494 5068 Qui
3546 5005 3591 5057 si

1960 5098 2268 5151 voluissent
2307 5096 2558 5163 credere,
2601 5096 2883 5151 evidentia
2911 5095 3265 5151 imminentis
3292 5096 3458 5168 signa
3489 5114 3588 5151 ex-

1962 5291 2085 5328 rum
2136 5290 2317 5329 annus
2360 5292 2391 5327 a
2444 5276 2842 5328 Macedoniano
2886 5288 3078 5326 mense
3121 5278 3391 5327 anteverti
3445 5275 3591 5341 apud

1962 5346 2211 5399 eruditos
2255 5353 2475 5399 constat
2523 5364 2533 5396 :
2582 5355 2645 5398 ut
2689 5352 2972 5412 propterea
3017 5347 3156 5401 Λῶος
3196 5347 3293 5411 qui
3335 5346 3595 5398 Macedo-

1961 5420 2131 5470 nibus
2178 5424 2262 5471 est
2312 5420 2517 5482 Julius,
2561 5418 3111 5484 Syromacedonibus
3159 5418 3230 5468 sit
3291 5421 3591 5483 Augustus.

1963 5490 2087 5553 Qua
2116 5489 2183 5541 de
2208 5504 2266 5542 re
2292 5492 2430 5543 scite
2460 5491 2750 5542 Fabricius
2783 5491 2840 5541 in
2865 5489 3177 5553 Monologio,
3214 5503 3372 5557 pagg.
3402 5492 3483 5551 43,

1963 5560 2265 5615 GALLAND.

2031 5633 2129 5696 (55)
2157 5633 2472 5685 Adolebant.
2501 5634 2679 5686 BARR.

2028 5704 2129 5765 (56)
2166 5706 2409 5755 Manere.
2439 5704 2518 5753 In.

2028 5776 2124 5837 (57)
2157 5775 2414 5839 Regionis.
2441 5775 2520 5825 ID.
