4032 6194
513 218 655 273 2295
672 255 682 265 ,

1973 208 2027 287 s.
2070 203 2383 265 AMBROSII

3662 208 3673 217 ’
3688 213 3798 269 2296

504 337 637 393 cidii
672 334 961 392 habebant
990 350 1002 387 :
1038 332 1242 405 quibus
1278 330 1453 386 veluti
1480 328 1645 386 claris
1681 327 1909 384 vocibus
1939 310 2139 383 admo-
2161 340 2218 413 Α
2240 326 2547 382 clamatum
2575 346 2587 383 :
2623 331 2979 384 Transeamus
3019 329 3165 384 hinc.
3193 328 3351 383 Jesus
3384 343 3587 402 quoque
3610 335 3799 390 Ananiae

506 431 811 496 nebantur,
839 428 1014 483 ﬁnem
1042 425 1148 481 sibi
1180 425 1395 481 adfore.

1108 519 1327 576 CAPUT
1365 518 1538 575 XLIV.

576 619 718 673 Nam
748 632 851 689 per
877 631 1093 671 annum
1122 613 1306 670 ferme
1332 629 1503 684 supra
1531 612 1809 684 templum
1840 609 2027 683 ipsum
2054 625 2143 664 co-

508 715 706 780 metes,
749 710 960 783 passim
1006 708 1157 780 ignis
1181 711 1238 763 et
1268 705 1441 779 gladii
1480 706 1788 779 quamdam
1833 703 2144 777 praeferens

503 805 970 873 similitudinem,
1016 801 1389 858 denuntiabat
1437 816 1665 872 quoque
1713 800 1868 854 ferro
1921 804 1978 853 et
2022 795 2142 869 igni

510 900 697 972 gentis
735 904 793 954 et
818 897 983 970 regni
1009 895 1279 967 urbisque
1308 895 1486 967 ipsius
1514 894 1836 949 vastitatem
1867 893 2144 947 futuram.

513 993 659 1059 Quid
681 992 834 1049 enim
858 990 1170 1046 similitudo
1195 987 1369 1061 gladii
1393 988 1499 1043 nisi
1529 987 1744 1042 bellum
1759 986 1786 1041 ?
1808 986 1946 1059 quid
1971 985 2144 1057 ignis,

515 1088 623 1142 nisi
649 1085 979 1142 incendium
1003 1081 1413 1139 denuntiaret?
1436 1080 1593 1136 Visus
1619 1083 1707 1135 est
1730 1083 1942 1150 autem,
1967 1077 2147 1151 prius-

512 1198 682 1254 quam
731 1179 974 1252 populus
1006 1194 1039 1231 a
1084 1175 1355 1231 Romanis
1403 1190 1527 1229 sese
1576 1173 1903 1229 dissociaret
1948 1189 1962 1227 :
2015 1171 2148 1243 ipsis

512 1280 701 1329 autem
732 1273 959 1328 Paschse
999 1269 1219 1336 diebus,
1251 1267 1510 1324 Xanthici
1541 1267 1752 1322 mensis
1795 1271 1991 1320 octavo
2034 1264 2145 1331 die,

516 1374 573 1424 et
599 1383 703 1439 per
730 1365 983 1437 singulas
1011 1368 1199 1418 noctes
1231 1363 1368 1417 hora
1407 1361 1632 1417 circiter
1666 1377 1834 1429 nona,
1866 1360 2148 1430 templum

518 1466 575 1516 et
599 1477 697 1515 ara
724 1460 846 1530 ejus
874 1460 952 1512 ita
990 1456 1208 1512 lumine
1244 1455 1584 1527 refulgebat,
1630 1454 1792 1526 quasi
1831 1454 1949 1509 dies
1980 1457 2146 1521 esset,

515 1571 618 1626 per
642 1553 947 1609 dimidium
977 1552 1158 1606 ferme
1192 1551 1349 1605 horae
1392 1548 1644 1621 quotidie
1681 1564 1923 1603 manens
1951 1564 1963 1602 :
1996 1547 2149 1619 quod

516 1650 719 1719 vulgus
748 1645 1250 1719 interpretabatur,
1276 1642 1640 1699 cumulandae
1669 1641 1854 1714 gentis
1880 1640 2151 1696 indicium

513 1713 714 1809 videri,
744 1713 928 1813 eoque
970 1738 1196 1812 impulsi
1244 1741 1397 1806 sunt,
1440 1742 1715 1809 tanquam
1754 1741 1978 1807 tempus
2012 1733 2147 1789 aﬁ‘o-
2174 1713 2228 1785 Β

515 1841 603 1891 ret
640 1833 914 1890 libertatis
954 1831 1316 1904 recipiendas.
1356 1830 1757 1887 Prudentiores
1794 1832 1989 1884 contra
2030 1829 2152 1901 opi-

518 1930 821 1997 nabantur,
860 1926 1014 1999 quod
1054 1926 1109 1980 id
1157 1942 1339 1997 genus
1377 1925 1552 1979 stellae
1588 1924 1800 1978 bellum
1836 1922 2013 1978 soleat
2051 1923 2149 1977 de-

517 2022 798 2077 nuntiare.
854 2021 967 2075 Nec
1015 2020 1317 2092 quisquam
1367 2018 1673 2072 arbitretur
1722 2017 1905 2071 aliena
1962 2032 2065 2071 nos
2120 2033 2153 2071 a

516 2117 669 2170 cultu
721 2118 913 2169 nostro
961 2118 1017 2167 et
1063 2111 1362 2183 disciplina
1405 2112 1642 2165 locutos.
1700 2111 1973 2176 Primum,
2019 2110 2154 2181 quia

518 2225 634 2265 non
676 2207 816 2279 quid
855 2205 1021 2261 nobis
1057 2204 1336 2271 videatur,
1375 2204 1713 2273 astruimus;
1747 2204 1849 2258 sed
1889 2203 2027 2275 quid
2067 2219 2153 2257 ao-

519 2301 751 2369 ciderit,
809 2316 1003 2372 quasve
1052 2298 1354 2370 opiniones
1406 2303 1541 2354 tunc
1592 2297 1861 2369 temporis
1905 2296 2150 2366 fuerint,

518 2395 658 2467 quid
687 2393 1000 2466 prudentes
1024 2391 1323 2459 senserint,
1352 2390 1491 2463 quid
1517 2390 1928 2462 imprudentes.
1962 2391 2154 2461 Neque

521 2504 654 2543 cum
711 2488 783 2542 de
833 2491 982 2542 secta
1022 2485 1348 2541 Iudaeorum
1397 2484 1613 2555 aliquid
1664 2483 1881 2538 dictum
1927 2487 2028 2550 est,
2079 2484 2156 2537 ita

520 2582 800 2654 scriptum
830 2580 1092 2636 videatur
1117 2595 1151 2634 a
1181 2579 1363 2648 nobis,
1406 2577 1565 2651 quasi
1595 2577 1655 2632 in
1699 2577 1930 2633 veritate
1971 2578 2157 2632 cultus

522 2692 759 2743 eorum,
803 2691 919 2730 non
966 2674 1127 2746 quasi
1172 2673 1229 2727 in
1275 2672 1479 2726 umbra
1525 2675 1585 2727 et
1635 2671 1817 2743 ﬁgura
1862 2671 2155 2743 praemisso

522 2772 982 2837 contexeremus,
1015 2772 1074 2821 ut
1100 2771 1481 2838 sequerentur
1518 2765 1874 2837 perfectiora.
1908 2766 2048 2819 Nam
2086 2764 2158 2820 de

524 2863 702 2936 signis
738 2863 1027 2918 stellarum
1057 2862 1234 2915 etiam
1270 2860 1331 2915 in
1362 2859 1668 2931 Evangelia
1705 2860 1997 2926 docemur,
2024 2858 2160 2931 quia

525 2963 682 3013 erunt
719 2959 880 3027 signa
912 2958 972 3011 in
1005 2955 1131 3018 sole,
1165 2960 1215 3009 et
1245 2954 1399 3017 luna,
1428 2959 1478 3008 et
1500 2954 1668 3009 stellis
1699 2953 1873 3025 (Luc.,
1904 2969 2015 3021 xxi,
2045 2951 2154 3019 25).

530 3051 731 3106 Vitulte
769 3066 1001 3122 quoque
1027 3051 1199 3120 partu
1223 3050 1606 3114 asseruerunt,
1639 3062 1769 3101 cum
1809 3045 2161 3101 immolanda
2183 3083 2238 3157 Ο

514 3150 736 3200 δείδιθι
774 3142 1070 3210 altaribus,
1106 3141 1165 3195 in
1199 3140 1385 3195 medio
1415 3141 1614 3212 templi
1652 3156 1867 3212 agnum
1908 3138 2156 3208 editum;

528 3240 586 3292 in
640 3236 778 3308 ipsis
822 3250 1116 3290 sacrorum
1158 3234 1305 3306 (qua:
1349 3250 1519 3304 supra
1559 3233 2028 3302 memoravimus)
2071 3249 2161 3287 ce-

530 3329 907 3386 lebritatibus.
934 3327 1287 3383 Orientalem
1316 3343 1546 3398 quoque
1584 3330 1803 3398 portam
1830 3326 2163 3381 interiorem

532 3423 712 3479 solido
757 3437 868 3476 aere
911 3436 1166 3492 gravem,
1212 3437 1339 3493 quae
1380 3421 1589 3476 soleret
1625 3421 1695 3475 ad
1743 3436 2038 3491 vesperam
2082 3420 2161 3474 vi-

534 3516 677 3589 ginti
715 3515 969 3570 virorum
1012 3514 1192 3570 multo
1230 3513 1414 3569 claudi
1444 3513 1659 3582 labore,
1692 3513 2016 3569 obseratam
2045 3530 2167 3568 vec-

536 3611 688 3665 tibus
722 3609 945 3678 ferreis,
979 3625 1080 3682 per
1107 3608 1323 3681 aliquot
1359 3611 1557 3663 noctes
1596 3611 1797 3680 sponte
1829 3613 2165 3676 reseratam,

533 3710 591 3761 et
641 3705 731 3759 vix
788 3708 981 3775 postea
1031 3719 1066 3756 a
1115 3701 1443 3758 custodibus
1499 3703 1770 3758 clausam.
1826 3702 1884 3757 Id
1939 3717 2170 3773 quoque

534 3797 959 3854 arbitrabantur
1016 3795 1271 3867 plerique
1330 3796 1653 3851 futurorum
1706 3795 1934 3867 signum
1987 3795 2167 3850 bono-

536 3908 687 3960 rum,
732 3890 938 3962 quibus
977 3889 1319 3960 ingressuris
1360 3892 1520 3960 porta
1555 3888 1892 3961 aperiretur.
1935 3889 2169 3945 Consul-

538 3987 707 4041 tiores
745 3988 941 4040 autem
983 3984 1229 4051 aiebant,
1259 3983 1576 4037 custodiam
1620 3982 1824 4055 templi
1858 3982 2170 4038 resolutam

538 4078 753 4148 videri,
807 4083 868 4133 ut
917 4092 1270 4149 quaecunque
1323 4076 1476 4131 intus
1523 4076 1739 4147 forent,
1794 4076 1864 4132 ab
1917 4076 2175 4132 hostibus

541 4172 930 4243 diriperentur
991 4186 1005 4225 :
1067 4170 1243 4225 exiret
1308 4171 1521 4237 cultus,
1591 4170 1853 4225 introiret
1916 4170 2174 4238 vastitas,

542 4269 916 4321 evacuaretur
980 4263 1309 4330 celebritas,
1362 4263 1701 4318 sacriﬁcium
1765 4264 2174 4320 destrueretur.

542 4359 702 4424 Quod
751 4357 925 4412 etiam
962 4360 1270 4429 antequam
1307 4357 1721 4412 cruciﬁxissent
1760 4358 2049 4414 Christum
2092 4360 2178 4414 Je-

2241 420 2409 489 lilius,
2451 422 2693 477 ruricola
2734 422 2837 491 vir,
2878 428 3012 477 ante
3052 438 3236 477 annos
3273 425 3505 493 quatuor
3541 440 3692 495 quam
3714 427 3801 483 bel-

2242 515 2362 571 lum
2385 516 2708 571 Iudaeorum
2740 516 2984 589 populus
3023 516 3359 583 adoriretur,
3389 516 3444 571 in
3473 533 3670 572 summa
3695 536 3799 591 pace

2246 609 2400 663 urbis
2448 616 2506 665 et
2556 609 2941 677 abundantia,
2998 625 3130 664 cum
3183 610 3515 681 scenopegia
3568 613 3805 670 sacriﬁciis

2243 703 2595 759 solemnibus
2626 704 3076 773 celebrarentur,
3104 703 3379 776 templum
3408 705 3702 776 ascendens,
3727 724 3804 763 cu.L

2244 797 2328 870 pit
2353 797 2597 852 clamare
2633 816 2645 851 :
2682 800 2800 854 Vua:
2828 798 2895 852 ab
2920 799 3141 861 oriente,
3187 813 3294 853 vom
3335 798 3401 851 ub
3437 799 3697 863 occidente,
3732 818 3809 857 130.1:

2244 908 2280 948 a
2322 897 2559 962 quatuor
2601 894 2796 956 ventis,
2839 907 2946 947 eoa:
2981 907 3143 963 super
3186 893 3593 962 Hierosolymam
3621 900 3664 948 et
3686 910 3809 965 super

2248 987 2526 1057 templum,
2572 1001 2679 1042 vos:
2718 1001 2880 1057 super
2925 1000 3147 1057 sponsos
3190 992 3241 1040 et
3281 1001 3519 1056 sponsas.
3562 1002 3655 1043 vos:
3690 1004 3813 1059 super

2245 1096 2451 1136 onmem
2482 1081 2745 1151 populum
2783 1100 2800 1134 .-
2839 1079 2949 1135 hoc
2974 1079 3237 1135 noctibus
3276 1084 3337 1136 et
3365 1079 3552 1134 diebus
3582 1080 3810 1139 vocifera-

2246 1173 2437 1229 batur.
2466 1175 2583 1239 Quo
2622 1174 2765 1229 moti
2802 1172 3081 1245 primores
3120 1172 3248 1242 loci,
3289 1172 3664 1245 corripuerunt
3698 1191 3813 1243 eum,

2247 1267 2500 1323 terribile
2551 1267 2699 1323 vocis
2751 1268 2874 1339 ejus
2926 1267 3197 1323 indicium
3246 1267 3740 1339 perhorresceutes,
3775 1274 3817 1322 et

2248 1361 2511 1434 plurimis
2537 1378 2670 1417 eum
2701 1361 2992 1434 suppliciis
3028 1360 3288 1429 aﬁ‘ecere,
3317 1377 3431 1432 quo
3460 1360 3642 1416 saltem
3680 1363 3815 1417 afﬂic-

2248 1460 2340 1510 tus
2384 1456 2598 1524 dolore,
2646 1455 2928 1512 desineret
2977 1455 3253 1511 terribilia
3294 1458 3353 1509 et
3400 1455 3562 1526 plena
3598 1455 3816 1527 prodigiis

2251 1549 2610 1605 denuntiare.
2641 1552 2711 1605 At
2752 1550 2849 1605 ille
2894 1565 2999 1604 nec
3043 1554 3198 1605 metu
3239 1549 3385 1617 ullo,
3414 1565 3515 1604 nec
3548 1549 3818 1605 verberibus

2251 1650 2350 1699 aut
2396 1643 2757 1716 gravioribus
2805 1642 3367 1699 interminationibus
3408 1643 3650 1713 territus,
3695 1661 3818 1698 usum

2251 1743 2349 1794 aut
2382 1754 2583 1793 vocem
2614 1738 2874 1807 mulavit,
2904 1737 3103 1793 eadem
3136 1736 3579 1792 denuntiationis
3618 1754 3820 1809 perseve-

2251 1831 2436 1887 rantia
2461 1837 2518 1887 et
2552 1832 2913 1887 contextione
2954 1846 3309 1900 sermonum,
3346 1831 3502 1884 nulla
3542 1829 3820 1885 obsecratio-

2253 1926 2336 1991 nis
2378 1925 2816 1998 interpolatione
2847 1924 2906 1980 in
2945 1925 3148 1981 iisdem
3192 1924 3488 1991 manebat,
3519 1923 3715 1995 injuria
3748 1940 3822 1979 ne-

2256 2020 2499 2091 gligens,
2543 2020 2751 2074 affectu
2787 2018 3119 2075 immobilis.
3153 2017 3317 2083 Quod
3364 2034 3702 2089 nequaquam
3733 2034 3826 2089 per.

2254 2113 2601 2168 functorium
2656 2112 2786 2180 rati,
2840 2111 2938 2167 sed
2987 2110 3045 2166 in
3088 2127 3318 2168 excessu
3366 2112 3592 2178 mentis,
3630 2116 3683 2165 ut
3718 2117 3825 2175 erat,

2254 2207 2518 2278 exprimi,
2552 2206 2885 2262 detulerunt
2915 2205 2984 2261 ad
3014 2205 3123 2261 loci
3150 2205 3437 2277 judicem,
3465 2205 3562 2278 qui
3585 2209 3703 2259 tunc
3729 2208 3826 2258 tem-

2254 2300 2410 2373 poris
2448 2317 2480 2354 a
2524 2300 2791 2354 Romanis
2835 2315 2938 2371 per
2980 2298 3036 2354 id
3076 2300 3330 2353 locorum
3377 2298 3594 2370 publica
3632 2296 3828 2369 agitabat

2255 2393 2507 2465 negotia.
2561 2396 2610 2448 Is
2661 2393 2944 2449 rimandte
2993 2392 3248 2449 veritatis
3303 2392 3519 2464 gratia,
3570 2390 3827 2446 saevissimis

2255 2504 2389 2544 eum
2434 2488 2613 2559 pmnis
2657 2486 3001 2543 exulceravit
3040 2504 3054 2541 :
3099 2503 3214 2558 quo
3252 2487 3443 2558 magis
3483 2487 3824 2558 perseveraret,

2257 2598 2323 2638 eo
2364 2581 2756 2638 vehementius
2797 2581 3009 2653 corripi
3050 2580 3287 2653 ﬂagellis
3330 2580 3616 2636 hominem
3650 2578 3825 2651 jubens,

2257 2682 2322 2731 ut
2368 2675 2413 2730 si
2467 2692 2577 2746 qua
2629 2675 2932 2730 secretiora
2981 2675 3159 2731 futuri
3209 2675 3487 2729 tumultus
3530 2671 3829 2745 comperisset

2259 2769 2489 2837 indicia,
2538 2769 2949 2824 manifestaret.
2998 2770 3071 2823 At
3116 2768 3209 2824 ille
3254 2784 3444 2840 neque
3486 2767 3647 2836 ﬂevit,
3692 2782 3830 2835 neque

2260 2861 2499 2932 rogavit,
2531 2861 2629 2916 sed
2656 2863 2724 2916 ad
2751 2860 2978 2933 singula
3003 2861 3240 2917 verbera
3279 2878 3395 2915 non
3433 2878 3613 2927 suum,
3649 2859 3732 2914 sed
3756 2874 3828 2930 pa-

2261 2954 2386 3009 tria:
2416 2954 2701 3010 excidium
2744 2954 3012 3010 flebiliter
3044 2955 3331 3026 plorabat,
3369 2954 3560 3010 dicens
3591 2972 3603 3009 :
3637 2957 3717 3010 γε
3743 2955 3830 3008 Hie-

2260 3050 2579 3119 rosolymis!
2613 3050 2827 3121 Neque,
2857 3048 3243 3120 interrogatus
3273 3049 3405 3120 quis
3441 3052 3600 3115 esset,
3626 3048 3698 3101 vel
3719 3044 3834 3100 unde

2264 3144 2348 3198 vel
2398 3158 2499 3198 cur
2542 3142 2739 3198 eadem
2790 3142 3023 3212 diceret,
3070 3158 3413 3214 responsum
3458 3142 3687 3198 reddidit
3721 3157 3732 3194 :
3764 3137 3833 3193 sed

2266 3239 2663 3294 tantummodo
2713 3238 3184 3294 lamentationem
3234 3239 3393 3293 illam
3439 3238 3631 3312 patrita
3680 3239 3832 3309 questu

2267 3332 2575 3387 miserabili
2613 3332 3086 3404 prosequebatur.
3128 3333 3392 3388 Defessus
3432 3334 3614 3404 itaque
3654 3329 3836 3385 Albinus

2268 3427 2397 3498 (hoc
2435 3426 2588 3480 enim
2622 3441 2835 3481 nomen
2877 3426 3015 3497 viro)
3051 3425 3266 3481 dimisit
3304 3442 3463 3493 eum,
3501 3432 3739 3496 tanquam
3763 3420 3832 3475 de-

2269 3520 2445 3576 menti
2486 3519 2699 3589 furore,
2730 3519 2868 3591 quid
2900 3520 3136 3588 diceret,
3167 3538 3279 3574 non
3318 3521 3668 3576 sentientem.
3694 3516 3835 3572 Atille

2269 3629 2456 3685 neque
2486 3629 2808 3669 sermonem
2841 3613 3021 3669 ullum
3045 3630 3174 3670 cum
3197 3630 3492 3687 quoquam
3511 3611 3744 3679 habebat,
3762 3623 3836 3662 nec

2270 3707 2425 3762 aliud
2471 3706 2625 3778 loqui
2672 3723 2775 3779 per
2813 3706 3101 3779 reliquum
3143 3713 3375 3779 tempus
3414 3707 3633 3762 auditus
3659 3708 3743 3769 est,
3766 3700 3837 3755 sed

2273 3802 2377 3856 hoc
2427 3806 2700 3872 tanquam
2756 3801 2999 3872 lugubre
3048 3804 3218 3873 atque
3268 3802 3574 3857 funereum
3613 3796 3839 3854 canticum

2272 3910 2503 3962 canens,
2536 3893 2737 3948 diebus
2778 3910 2842 3948 ac
2878 3893 3379 3965 noctibusjugiter
3415 3892 3740 3949 resultabat:
3776 3888 3841 3943 γε

2275 3988 2691 4057 Hierosolymis!
2732 3988 2927 4059 Neque
2964 3988 3287 4043 verberanti
3329 3986 3739 4049 conviciabatur,
3765 3996 3838 4034 ne-

2275 4097 2386 4154 que
2413 4080 2601 4136 cibum
2646 4079 3001 4152 impartienti
3033 4082 3239 4153 gratias
3267 4082 3501 4153 agebat.
3534 4081 3647 4136 Una
3675 4082 3773 4133 erat
3791 4072 3841 4127 ad

2278 4191 2499 4243 omnes,
2528 4174 2846 4246 eademque
2883 4175 3056 4246 plena
3091 4175 3344 4231 funebris
3387 4176 3625 4231 ululatus
3654 4184 3839 4241 respou-

2277 4268 2379 4337 sio,
2408 4273 2464 4323 et
2492 4267 2739 4323 maxime
2760 4268 3164 4324 sacriﬁciorum
3191 4269 3623 4325 celebritatibus.
3645 4267 3735 4320 Per
3754 4278 3842 4331 sep-

2276 4365 2395 4417 tem
2425 4361 2617 4433 itaque
2659 4378 2835 4417 annos
2876 4368 2934 4418 et
2978 4363 3232 4435 quinque
3272 4378 3496 4418 menses
3534 4360 3714 4417 eadem
3747 4369 3841 4407 ver-

546 4469 673 4506 sum
712 4450 932 4523 liquido
971 4449 1351 4521 signiﬁcatum
1386 4450 1552 4506 lectio
1591 4450 1774 4506 docet.
1808 4452 1935 4506 Post
1971 4452 2483 4524 multosDborum
2539 4455 2738 4523 series,
2796 4456 2949 4511 idem
3006 4456 3160 4512 vocis
3211 4473 3386 4512 sonus
3438 4454 3651 4511 mansit.
3696 4453 3842 4519 Itaque

544 4561 771 4618 quoque
798 4544 941 4614 dies,
969 4542 1155 4616 ﬁgura
1184 4544 1451 4617 quedam
1481 4545 1746 4617 apparuit
1772 4544 2181 4600 inaestimabilis

551 4637 982 4710 magnitudinis,
1029 4654 1202 4710 quam
1240 4638 1472 4710 plurimi
1512 4638 1991 4711 circumspexere,
2039 4639 2184 4695 sicut

548 4731 679 4788 libri
715 4730 1045 4787 Iudaeorum
1082 4732 1520 4787 manifestarunt
1548 4749 1561 4788 :
1593 4738 1650 4788 et
1688 4738 1819 4788 ante
1857 4732 1992 4787 solis
2029 4749 2184 4788 occa-

552 4842 679 4881 sum
705 4825 894 4881 subito
921 4824 1023 4879 visi
1053 4825 1111 4879 in
1138 4825 1385 4880 nubibus
1415 4842 1612 4881 currus
1641 4830 1699 4881 et
1734 4827 1880 4881 acies
1922 4832 2182 4893 armatae,

553 4920 761 4993 quibus
799 4918 975 4974 totius
1010 4917 1219 4974 Judaete
1255 4918 1616 4991 regionisque
1650 4920 1772 4992 ejus
1798 4920 1967 4975 urbes
1995 4919 2182 4975 incur—

550 5018 832 5069 sarentur.
856 5015 916 5068 In
945 5013 1067 5084 ipsa
1094 5017 1287 5067 autem
1313 5013 1667 5069 Pentecostes
1694 5014 2075 5084 solemnitate,
2104 5012 2187 5068 in-

552 5108 883 5180 gredientes
911 5106 1229 5162 sacerdotes
1264 5107 1324 5161 in
1356 5106 1554 5178 templi
1590 5106 1867 5162 interiora
1907 5113 2187 5163 nocturno

549 5208 834 5274 tempore,
883 5206 943 5255 ut
985 5199 1260 5255 sacriﬁcia
1302 5205 1528 5255 assueta
1571 5200 1949 5269 celebrarent,
1997 5201 2189 5273 primo

557 5301 775 5352 motum
818 5294 1129 5368 quemdam
1174 5294 1414 5351 sensisse
1459 5310 1519 5349 se
1560 5294 1961 5365 prodiderunt,
2009 5301 2065 5350 et
2104 5312 2192 5351 so-

559 5406 696 5445 num
734 5390 981 5456 editum;
1019 5390 1212 5461 postea
1252 5388 1426 5442 etiam
1463 5387 1685 5443 audisse
1725 5388 2028 5460 repentina
2055 5405 2190 5444 voce

625 5555 724 5617 (58)
762 5554 974 5607 'Codex
1035 5558 1142 5605 vet.
1201 5553 1481 5617 fundibalo
1536 5568 1552 5603 :

560 5625 742 5676 Habet
784 5639 1012 5689 quoque
1051 5624 1332 5687 fundibalo
1371 5625 1542 5676 editio
1583 5627 1834 5677 Ascensii
1868 5626 2045 5691 prima
2072 5641 2083 5676 :
2110 5628 2192 5678 sic

562 5696 698 5744 item
746 5696 941 5755 Optimi
999 5697 1209 5758 quique
1254 5697 1633 5760 manuscripti.
1686 5697 1756 5748 Et
1799 5696 2111 5760 fundibalus
2161 5711 2194 5748 a

556 5763 720 5829 βάλλω
773 5766 922 5813 recte
970 5762 1100 5825 dici,
1153 5768 1271 5816 tum
1327 5766 1543 5818 Glossse
1585 5769 1830 5834 antiqua
1885 5766 2190 5831 declarant,

1614 5556 1834 5607 rectius.
1898 5556 2072 5607 ΒΑΜ.
2130 5582 2192 5594 -

2283 4549 2605 4605 indefessus
2628 4554 2788 4605 tanto
2816 4554 3096 4622 tempore,
3128 4550 3220 4606 ubi
3246 4551 3463 4606 obsidio
3488 4549 3661 4620 coepit,
3681 4542 3841 4600 eadem

2282 4644 2376 4698 illa
2414 4642 2715 4698 vociferari
2754 4644 2988 4714 destitit,
3028 4646 3184 4717 quasi
3222 4660 3439 4700 cessare
3475 4644 3734 4716 oporteret
3764 4635 3841 4689 de-

2282 4737 2557 4805 nuntiari,
2610 4753 2739 4792 cum
2783 4738 3066 4805 adessent,
3109 4755 3237 4810 qua:
3288 4739 3509 4795 fuerant
3553 4731 3841 4791 denuntiata.

2286 4831 2399 4888 Sed
2428 4830 2523 4886 ubi
2568 4831 2799 4886 ﬂamma
2825 4832 2996 4904 ccepit
3034 4832 3249 4903 pariter
3292 4832 3491 4888 urbem
3531 4834 3586 4885 et
3621 4823 3841 4895 templum

2286 4925 2594 4993 involvere,
2625 4924 2964 4980 circumiens
3004 4940 3254 4994 murum,
3281 4926 3525 4981 clamare
3551 4924 3733 4977 iterum
3761 4928 3842 4969 em-

2290 5019 2375 5091 pit
2412 5037 2424 5072 :
2479 5021 2568 5075 Vw
2606 5021 2839 5081 civitati,
2882 5021 3081 5090 populo
3113 5023 3164 5074 et
3199 5020 3431 5090 templo!
3465 5019 3531 5073 Et
3573 5014 3638 5070 ad
3675 5012 3844 5083 postre-

2290 5129 2446 5167 mum
2492 5111 2716 5166 addidit
2758 5129 2772 5166 :
2825 5115 2920 5167 Va:
2960 5114 3123 5168 etiam
3160 5114 3333 5168 mihi!
3365 5116 3422 5166 et
3466 5106 3732 5165 fundibulo
3762 5098 3843 5168 (58)

2291 5207 2452 5274 ictus,
2480 5206 2535 5259 in
2568 5206 2768 5260 eadem
2800 5222 2936 5261 voce
2975 5205 3169 5261 emisit
3206 5205 3488 5277 spiritum.
3528 5201 3711 5259 Urbem
3736 5207 3840 5264 quo-

2292 5316 2403 5371 que
2448 5299 2627 5371 ipsam
2674 5314 2805 5354 cum
2849 5300 3080 5371 templo,
3120 5299 3352 5355 vetustis
3397 5296 3591 5353 litteris
3629 5290 3839 5360 scriptum

2292 5394 2418 5448 erat
2439 5395 2576 5447 tunc
2602 5392 2933 5464 perituram,
2957 5408 3086 5448 cum
3117 5396 3475 5464 tetragonum
3501 5386 3739 5458 templum
3759 5378 3840 5434 fac-

2291 5559 2348 5608 in
2397 5558 2601 5623 quibus
2633 5558 2901 5623 fundiball
2947 5564 3079 5611 sunt
3114 5560 3368 5618 λιθοϐόλοι,
3421 5561 3532 5608 tum
3579 5552 3721 5606 etiam
3761 5542 3835 5594 Isi-

2293 5629 2461 5751 gggus
2489 5632 2689 5695 Urigg.,
2736 5630 2832 5681 lib.
2876 5644 3035 5694 xvni,
3066 5645 3185 5696 cap.
3229 5632 3304 5682 10.
3337 5631 3570 5689 Μησα,
3600 5624 3628 5673 ι.
3661 5635 3716 5675 οη
3741 5626 3832 5680 Ραθ·
