4128 6194
294 283 432 336 2297

1341 284 1424 339 DE
1465 284 1723 340 EXCIDIO
1764 284 1962 339 URBIS
2003 282 2355 338 HIEROSOL.
2403 282 2526 336 LIB.
2574 284 2632 336 ν.

3525 283 3660 336 2298

295 412 415 462 tum
470 408 684 462 fuisset.
742 410 938 479 Itaque
996 409 1113 463 sive
1157 410 1334 476 obliti,
1378 411 1493 465 sive
1544 411 1925 482 obstupefacti
1950 424 2006 495 Α
2025 407 2270 464 titudine
2319 407 2807 463 circumveniretis
2858 408 3126 464 victorem
3174 407 3430 463 omnium
3473 412 3654 462 terra-

291 500 682 572 ingruentium
715 503 992 558 malorum
1021 503 1380 569 necessitate,
1410 505 1509 559 ubi
1534 509 1806 576 occupata
1841 508 1927 559 est

290 595 549 662 Antonia,
580 601 944 667 tetragonum
975 596 1276 652 circuitum
1307 599 1504 669 templi
1536 599 1818 653 fecerunt.
1845 601 1926 653 ln-

292 696 381 744 ter
419 706 546 761 qua:
591 689 731 744 illud
775 690 1385 762 prmcelleutissimum,
1427 692 1578 764 quod
1619 691 1675 746 in
1723 693 1926 747 litteris

289 801 451 855 aeque
485 784 717 840 vetustis
757 801 895 855 quas
940 801 1126 839 sacras
1168 786 1468 854 vocabant,
1509 786 1777 841 manebat
1815 787 1920 840 im-

290 895 581 950 pressum,
631 879 781 950 quod
832 879 1149 933 secundum
1203 880 1341 934 illud
1397 883 1652 951 tempus,
1700 881 1924 934 futurus

289 977 436 1027 esset
467 973 568 1040 vir,
600 972 696 1043 qui
729 973 796 1027 de
833 973 1070 1044 regione
1097 989 1294 1028 eorum
1334 974 1636 1045 imperium
1664 991 1921 1028 assume-

287 1069 378 1121 ret
409 1066 467 1120 in
500 1065 699 1122 orbem
726 1071 1027 1122 terrarum.
1053 1067 1190 1132 Quae
1214 1085 1304 1122 res
1325 1085 1424 1123 eos
1451 1069 1508 1122 in
1544 1073 1700 1123 tanto
1727 1069 1920 1124 furore

286 1161 497 1230 posuit,
543 1166 601 1214 ut
648 1160 750 1214 sibi
810 1177 924 1215 non
969 1161 1152 1216 solum
1210 1161 1558 1231 libertatem,
1603 1163 1696 1217 sed
1749 1163 1922 1217 etiam

283 1270 530 1324 regnum
563 1254 985 1325 pollicerentur.
1021 1255 1081 1309 ld
1110 1256 1202 1309 alii
1234 1255 1306 1310 ad
1335 1257 1738 1327 Vespasianum
1769 1256 1918 1310 refe-

283 1348 530 1402 rendum
574 1352 883 1420 putarunt;
926 1349 1326 1418 prudentiores
1367 1351 1440 1404 ad
1486 1350 1784 1405 Dominum
1827 1352 1917 1405 Je-

284 1459 433 1509 sum,
476 1442 574 1512 qui
621 1459 823 1497 eorum
864 1444 974 1514 (59)
1019 1443 1075 1497 in
1119 1442 1284 1498 terris
1326 1445 1637 1498 secundum
1688 1461 1919 1498 carnem

285 1536 516 1606 genitus
547 1554 612 1590 ex
649 1537 845 1603 Maria,
880 1553 1126 1607 regnum
1159 1554 1325 1591 suum
1370 1555 1473 1608 per
1511 1538 1770 1594 universa
1798 1545 1915 1593 ter-

285 1646 481 1684 rarum
511 1630 691 1700 spatia
717 1630 961 1686 diffudit.
989 1631 1177 1685 Tantis
1202 1631 1397 1702 itaque
1431 1632 1596 1686 rebus
1621 1632 1918 1686 advenien-

283 1724 437 1778 tibus
487 1727 614 1794 (60),
657 1741 771 1778 non
819 1731 1127 1795 potuerunt
1179 1741 1401 1796 capere,
1448 1727 1594 1797 quod
1649 1726 1918 1781 divinitus

283 1818 723 1873 decernebatur.

887 1913 1107 1969 CAPUT
1158 1914 1305 1968 XLV.

355 2005 725 2077 Fugientibus
781 2007 969 2078 itaque
1013 2007 1335 2061 auctoribus
1383 2007 1731 2062 seditionum
1785 2024 1916 2062 cum

283 2100 564 2171 templum
591 2105 946 2167 exureretur,
976 2101 1218 2155 Romani
1248 2107 1561 2172 posuerunt
1583 2102 1742 2171 signa
1767 2101 1916 2156 intra

281 2193 585 2248 circuitum
615 2193 815 2264 templi
843 2193 1042 2265 ipsius,
1075 2199 1133 2248 et
1175 2197 1370 2249 contra
1408 2199 1634 2266 portam
1668 2195 1912 2250 orienta-

279 2287 393 2340 lem
435 2286 913 2354 sacrificaverunt,
962 2289 1376 2359 imperatorem
1429 2289 1615 2343 Titum
1675 2288 1916 2342 summis

282 2380 658 2450 praedicantes
695 2379 944 2435 vocibus.
974 2382 1196 2436 Interea
1227 2398 1371 2452 puer
1411 2381 1643 2452 quidam
1689 2398 1754 2436 eo
1785 2381 1913 2448 loci,

282 2474 381 2526 ubi
413 2474 586 2528 etiam
615 2474 930 2530 sacerdotes
958 2477 1144 2540 erant,
1177 2491 1320 2545 quos
1358 2479 1411 2528 ct
1446 2473 1638 2545 inopia
1667 2491 1829 2544 aqua:
1860 2481 1917 2528 et

284 2572 452 2621 aestus
488 2567 718 2622 ﬁnitimi
763 2567 1011 2622 incendii
1047 2568 1510 2623 commacerabat
1544 2568 1655 2633 siti,
1699 2568 1918 2639 rogavit

288 2677 470 2713 unum
505 2661 574 2714 de
612 2661 942 2716 custodibus
983 2661 1249 2716 Romanis
1290 2662 1583 2717 dexteram
1617 2662 1720 2716 sibi
1756 2661 1912 2728 dare,

290 2760 486 2824 potum
519 2753 740 2810 offerre.
782 2755 1036 2811 Porrexit
1065 2755 1232 2822 illico,
1273 2759 1500 2810 aetatem
1543 2755 1758 2827 pariter
1803 2755 1910 2810 mi-

285 2853 504 2902 seratus
542 2865 608 2902 ac
648 2849 1040 2904 necessitatem
1080 2867 1092 2903 :
1141 2849 1286 2904 bibit
1328 2851 1634 2920 puerulus;
1683 2857 1737 2905 et
1779 2849 1915 2919 quia

282 2942 481 2995 sedulo
518 2941 764 2996 innoxiae
802 2942 1082 2997 creditum
1119 2943 1302 2997 fuerat
1338 2943 1510 3011 aetati,
1539 2942 1728 3013 rapuit
1751 2958 1914 3014 aqum

283 3051 398 3100 vas,
431 3039 488 3088 et
516 3051 683 3089 cursu
721 3051 843 3090 sese
891 3036 1188 3106 proripuit,
1216 3040 1276 3090 ut
1311 3037 1487 3090 etiam
1517 3035 1914 3090 sacerdotibus

281 3128 516 3184 bibendi
542 3128 764 3200 capiam
793 3129 1165 3185 ministraret.
1203 3130 1386 3185 Voluit
1415 3130 1576 3201 sequi
1605 3129 1788 3197 miles,
1813 3129 1912 3185 sed
1935 3165 1988 3237 Ο

282 3239 398 3278 non
446 3223 629 3293 potuit
673 3223 1176 3295 comprehendere.
1229 3224 1324 3278 llle
1375 3223 1627 3294 periculo
1675 3240 1778 3278 suo
1824 3241 1910 3278 sa-

282 3317 581 3371 cerdotum
613 3316 766 3372 sitim
796 3318 1018 3373 levavit.
1063 3320 1211 3373 Bona
1245 3317 1420 3385 fraus,
1449 3334 1575 3389 quae
1614 3318 1913 3373 neminem

283 3410 541 3478 laederet,
576 3411 902 3466 subveniret
941 3411 1274 3466 necessitati.
1317 3411 1569 3483 Denique
1602 3412 1766 3466 miles
1795 3411 1914 3482 ipse

283 3503 524 3558 miratus
574 3511 659 3558 est
710 3503 894 3575 magis
947 3504 1212 3559 affectum
1265 3505 1446 3575 pueri,
1496 3521 1669 3576 quam
1721 3505 1915 3559 dolum

282 3597 614 3664 detestatus,
664 3597 820 3669 quod
863 3598 918 3652 in
959 3598 1054 3652 illa
1099 3603 1261 3653 aetate
1305 3598 1520 3652 excidio
1561 3599 1730 3652 totius
1763 3598 1916 3652 urbis

282 3697 339 3746 et
373 3691 664 3746 communi
717 3691 996 3762 periculo,
1048 3691 1185 3762 quid
1235 3691 1537 3746 deberetur
1580 3692 1914 3746 reverentiae

283 3784 686 3852 sacerdotibus,
725 3785 879 3855 quod
925 3784 1115 3856 potuit
1159 3783 1563 3850 ministerium,
1597 3802 1711 3839 non
1753 3785 1910 3838 inex-

283 3894 546 3949 pressum
569 3878 818 3950 reliquit.
841 3879 952 3932 Nec
977 3878 1156 3932 multo
1177 3881 1305 3948 post
1324 3877 1651 3932 sacerdotes
1675 3877 1914 3932 confecti

280 3971 438 4026 fame
468 3977 524 4027 et
549 3972 660 4038 siti,
692 3972 868 4026 vitam
908 3977 1200 4042 rogarunt.
1236 3972 1387 4035 Quos
1428 3971 1582 4026 Titus
1615 3972 1784 4042 jussit
1819 3988 1912 4027 oc-

280 4065 415 4134 cidi,
436 4065 733 4137 degeneris
752 4065 928 4120 animi
954 4081 1072 4120 esse
1088 4065 1458 4136 respondens,
1478 4069 1540 4120 ut
1563 4067 1776 4136 templo
1801 4065 1911 4136 (61)

280 4165 337 4213 et
368 4158 594 4213 muneri
627 4163 905 4229 cuperent
937 4157 1320 4228 supervivere.

881 4252 1101 4306 CAPUT
1139 4251 1310 4305 XLVI.

353 4344 557 4399 Joanni
592 4350 786 4399 autem
831 4349 888 4399 et
931 4344 1150 4399 Simoni
1196 4347 1254 4398 et
1289 4343 1512 4398 caeteris
1556 4343 1914 4416 principibus

283 4437 631 4492 seditionum
665 4437 1021 4508 rogantibus,
1051 4443 1115 4492 ut
1151 4436 1446 4508 paulisper
1481 4453 1698 4493 cessare
1724 4438 1916 4508 jacula

2031 519 2158 556 rum
2187 501 2538 556 exercitum?
2574 501 2756 566 Quota
2787 502 2972 573 portio
3013 503 3162 557 orbis
3197 505 3491 574 pugnavit,
3523 503 3655 574 quia

2026 597 2358 651 universum
2399 611 2502 650 nec
2544 594 2702 668 regio
2741 600 2920 651 vestra
2957 597 3234 651 sustinere
3268 601 3515 667 poterat,
3548 614 3653 651 nec

2026 690 2249 745 sinebat
2278 690 2628 746 necessitas?
2661 691 2851 746 Melior
2892 690 3050 744 enim
3089 707 3222 745 cura
3259 691 3424 745 nobis
3453 691 3653 746 tuendi

2024 784 2197 853 orbis,
2250 802 2418 856 quam
2461 784 2837 856 propagandi.
2883 785 3232 856 Quocunque
3274 802 3474 840 eamus
3513 785 3656 839 nihil

2025 882 2111 932 est
2150 895 2383 942 novum,
2415 879 2558 934 nihil
2603 885 2689 934 est
2725 879 2999 946 alienum,
3037 879 3243 950 quibus
3284 880 3467 934 omnis
3507 885 3656 935 terra

2023 974 2304 1043 possessio
2359 978 2463 1028 est.
2515 973 2896 1028 Latrocinium
2945 974 3048 1027 hoc
3097 974 3262 1045 quasi
3319 990 3542 1028 naevum
3597 974 3656 1027 in

2022 1082 2263 1138 corpore
2303 1068 2400 1122 diu
2448 1067 2916 1122 dissimulandum
2963 1068 3306 1138 putavimus,
3351 1068 3654 1138 aliquando

2022 1160 2342 1215 crudelitati
2396 1161 2775 1216 auferendum
2827 1161 3194 1227 credidimus,
3243 1179 3313 1216 ne
3369 1161 3653 1231 fulgorem

2022 1253 2248 1324 imperii
2279 1255 2519 1310 Romani
2551 1261 2730 1309 vestra
2757 1255 3143 1310 inobedientia
3174 1261 3227 1310 et
3266 1255 3536 1326 quaedam
3562 1257 3648 1308 in-

2019 1348 2329 1418 terpolaret
2356 1349 2562 1420 caligo.
2595 1349 2860 1403 Seusistis
2891 1350 3207 1403 Romanam
3237 1348 3507 1403 virtutem
3537 1366 3650 1403 non

2019 1439 2300 1510 bellando,
2351 1443 2447 1497 sed
2499 1442 2820 1497 moriendo.
2872 1444 3065 1513 Neque
3124 1443 3282 1496 enim
3332 1443 3390 1496 in
3445 1459 3651 1513 campo

2019 1541 2204 1589 vestra
2233 1535 2478 1590 vidimus
2508 1536 2762 1607 agmina,
2786 1536 2884 1591 sed
2909 1537 2967 1590 in
2990 1552 3175 1604 muro,
3205 1553 3334 1591 cum
3364 1536 3519 1591 vobis
3547 1553 3652 1590 nec

2018 1629 2260 1682 claustra
2311 1631 2646 1701 prodessent
2687 1631 2754 1685 ad
2813 1633 3195 1685 tutamentum
3251 1631 3469 1685 salutis.
3520 1631 3654 1697 Quis

2021 1721 2172 1776 enim
2203 1739 2401 1778 murus
2427 1724 2734 1791 resisteret,
2761 1725 2966 1795 quibus
2989 1742 3233 1779 oceanus
3263 1741 3378 1778 non
3412 1724 3651 1779 restitit?

1939 1794 2128 1870 BAut
2177 1834 2304 1887 quea
2358 1818 2554 1872 civitas
2600 1794 2808 1873 nostra:
2865 1818 3143 1872 obsidioni
3197 1818 3652 1890 inexpugnabilis

2019 1911 2168 1964 foret
2222 1915 2380 1982 septa
2445 1912 2708 1982 prirsidio
2763 1929 3093 1981 murorum,
3148 1929 3276 1966 cum
3339 1913 3650 1967 Britannias

2019 2021 2247 2075 quoque
2282 2007 2530 2059 Romana
2561 2023 2715 2060 arma
2747 2006 3187 2077 penetraverint,
3217 2023 3382 2060 muro
3408 2007 3648 2060 fremen-

2017 2097 2087 2151 tis
2140 2097 2593 2153 circumvallatas
2637 2098 2949 2154 elementi?
2991 2099 3317 2154 Substratus
3365 2101 3452 2152 est
3491 2099 3652 2152 nobis

2017 2191 2111 2245 ille
2153 2197 2478 2263 praeruptus
2515 2209 2679 2263 aqua!
2721 2210 2904 2248 mons.
2947 2195 3142 2248 Patres
3183 2198 3415 2260 vestros,
3450 2197 3514 2247 ut
3548 2194 3650 2247 Ju-

2016 2284 2188 2338 daicae
2215 2285 2417 2340 fabulae
2453 2287 2662 2352 ferunt,
2709 2286 2880 2341 Rubri
2927 2286 3098 2340 maris
3130 2287 3303 2351 unda,
3339 2287 3488 2340 muri
3519 2303 3645 2356 spe-

2016 2379 2097 2432 cie
2124 2383 2504 2445 transeuntes,
2539 2379 2978 2433 circumvallavit
3012 2403 3021 2432 :
3069 2381 3327 2434 Romana
3367 2379 3646 2434 fortitudo

2017 2487 2249 2525 murum
2284 2471 2491 2526 Oceani
2529 2472 2825 2543 perfregit.
2862 2475 2978 2526 Non
3019 2473 3244 2527 invideo
3276 2473 3428 2527 vobis
3466 2473 3648 2527 aliena

2015 2563 2310 2619 beneficia.
2354 2565 2566 2620 Viderit
2612 2582 2711 2620 vos
2758 2583 2918 2621 mare
2971 2572 3027 2620 et
3068 2567 3302 2638 fugerit,
3354 2569 3418 2620 ut
3471 2567 3642 2620 clausi

2017 2658 2088 2712 ab
2136 2659 2296 2714 hoste
2339 2658 2622 2730 fugeritis,
2673 2661 2808 2730 quia
2849 2677 3222 2732 perrumpere
3268 2661 3490 2715 hostem
3529 2677 3647 2714 non

2016 2753 2302 2821 poteratis,
2337 2769 2440 2807 nec
2477 2753 2776 2808 sustinere.
2809 2753 2977 2807 Nobis
3011 2754 3147 2824 fuga
3185 2755 3395 2809 Oceani
3432 2754 3646 2809 damno

2014 2845 2242 2914 fuisset,
2296 2847 2342 2899 si
2396 2847 2648 2916 fugisset.
2705 2847 2990 2902 Cessimus
3045 2855 3174 2903 ante
3230 2848 3444 2901 bellum
3511 2865 3641 2902 cum

2015 2938 2314 3004 fluctibus;
2408 2940 2674 2994 insanum
2769 2957 2926 2995 mare
3028 2945 3158 2996 ante
3249 2942 3645 3013 superavimus

2014 3049 2188 3102 quam
2267 3033 2340 3086 ad
2415 3034 2636 3088 hostem
2715 3035 3160 3104 perveniremus.
3237 3036 3471 3107 Excepit
3545 3053 3645 3090 nos

2018 3126 2325 3193 Britannia,
2367 3127 2602 3182 victores
2651 3128 3092 3184 elementorum.
3134 3130 3346 3194 Quibus
3390 3131 3471 3184 illi
3513 3130 3646 3184 ﬁde—

2015 3220 2177 3290 bant,
2236 3237 2336 3274 nos
2385 3221 2731 3292 subegimus,
2787 3229 2844 3275 ut
2895 3223 2965 3276 ad
3021 3224 3296 3295 triumphi
3353 3224 3645 3278 cumulum

2016 3312 2134 3383 ipse
2177 3315 2431 3368 Oceanus
2473 3315 2788 3370 accederet.
2829 3317 2938 3372 Sed
2976 3317 3123 3371 forte
3159 3318 3362 3372 virtute
3399 3319 3646 3389 corporis

2015 3407 2476 3477 praesumebatis.
2534 3408 2818 3479 Numquid
2872 3426 2969 3463 vos
3018 3411 3311 3466 Germanis
3363 3411 3644 3477 fortiores,

2017 3515 2156 3569 quos
2209 3505 2397 3570 septos
2437 3501 2662 3572 Alpium
2717 3519 2904 3569 muro,
2955 3503 3228 3560 fortitudo
3286 3507 3541 3560 Romana
3588 3507 3645 3559 in

2013 3592 2342 3646 servitutem
2385 3593 2662 3648 deduxit?
2691 3595 2800 3649 Nec
2838 3595 2934 3649 illa
2979 3597 3189 3651 similia
3225 3599 3392 3652 Tauri
3438 3601 3646 3652 montis

1981 3758 1986 3764 _
2016 3684 2236 3739 acclivis
2267 3685 2526 3753 collibus,
2556 3691 2653 3740 aut
2692 3689 2971 3759 Canopeis
3005 3690 3328 3760 agminibus
3359 3693 3640 3762 :Egyptio-

2015 3795 2164 3847 rum,
2209 3795 2337 3832 cum
2389 3780 2592 3851 quibus
2638 3781 2794 3836 vobis
2837 3781 3085 3838 bellandi
3140 3801 3269 3837 usus
3311 3788 3416 3839 est.
3466 3786 3646 3856 Supra

2015 3871 2195 3927 nubes
2223 3873 2600 3941 ascendimus,
2635 3878 2692 3929 et
2729 3875 2797 3930 de
2837 3875 2986 3930 nube
3027 3877 3438 3932 descendentes
3464 3895 3641 3949 popu-

2014 3965 2098 4020 los
2141 3965 2377 4021 vicimus
2417 3985 2430 4021 :
2478 3969 2698 4022 aerium
2747 3970 2965 4024 cunctis
3003 3970 3334 4042 aperuimus
3369 3971 3493 4027 iter.
3536 3974 3646 4026 lter

2015 4075 2348 4130 aequoreum
2400 4061 2555 4116 vobis
2601 4079 2717 4116 non
2771 4063 3110 4131 invidemus,
3150 4065 3460 4121 dummodo
3507 4065 3644 4120 illud

2014 4152 2500 4224 triumphantium
2553 4155 2755 4223 fuerit,
2808 4157 2916 4211 hoc
2964 4157 3332 4229 fugientium.
3379 4162 3644 4215 Romana:

2014 4244 2207 4316 itaque
2245 4246 2436 4301 virtuti
2471 4249 2860 4306 consederunt
2899 4255 3145 4321 montes,
3176 4270 3378 4309 amnes
3408 4271 3641 4310 exarue-

2017 4342 2169 4406 runt,
2237 4340 2444 4394 amisso
2511 4358 2680 4396 cursu
2736 4361 2911 4415 quem
2973 4350 3178 4402 natura
3236 4346 3536 4416 direxerat,
3591 4356 3646 4404 et

2015 4431 2224 4488 inﬂexo
2272 4450 2384 4504 quo
2435 4434 2667 4490 victores
2708 4436 3008 4507 jubebant.
3059 4440 3370 4494 Conversus
3411 4441 3482 4494 sit
3517 4443 3640 4496 Jor-

287 4531 534 4585 telorum
559 4535 615 4585 et
640 4531 937 4601 strepitum
958 4531 1206 4601 juberet,
1231 4529 1577 4601 dicendique
1600 4530 1704 4584 sibi
1732 4534 1917 4601 potes-
1937 4535 1996 4606 Ι)
2019 4525 2180 4580 danis
2215 4533 2416 4594 vester,
2452 4532 2516 4582 ut
2542 4528 2748 4597 dicitis,
2783 4537 2955 4602 atque
2985 4531 3040 4586 in
3073 4533 3290 4588 fontem
3329 4537 3642 4601 reverterit,

288 4628 468 4678 tatem
506 4624 683 4693 daret,
713 4624 784 4678 ab
815 4624 1171 4695 indulgentia
1204 4640 1322 4678 non
1360 4623 1695 4678 abhorreret
1727 4641 1739 4678 :
1773 4624 1917 4680 facto

286 4717 510 4772 silentio
548 4718 630 4772 ita
658 4717 952 4789 respondit
983 4734 996 4771 :
1037 4718 1266 4784 Serum,
1305 4717 1658 4788 nequissimi,
1691 4723 1917 4789 tempus

291 4811 363 4866 ad
406 4810 874 4877 misericordiam,
907 4825 1034 4864 cum
1069 4811 1191 4881 jam
1235 4809 1370 4881 quid
1414 4814 1738 4865 reservetur
1777 4811 1918 4865 nihil

291 4904 549 4958 relictum
573 4903 664 4958 sit.
692 4903 1014 4960 Offerebam
1039 4903 1216 4973 vobis,
1241 4907 1298 4957 et
1319 4903 1675 4974 despexistis,
1697 4906 1754 4957 et
1777 4905 1918 4959 diffi-

290 4997 542 5052 dentiam
572 4998 829 5068 putastis,
857 5013 975 5051 non
1005 4996 1445 5068 indulgentiam.
1473 5000 1538 5052 At
1559 5013 1664 5069 ego
1690 4996 1919 5052 innoxia

291 5089 527 5146 aediﬁcia
554 5094 739 5146 vestro
767 5091 976 5145 scelere
1005 5090 1190 5161 perire
1223 5090 1688 5162 ingemiscebam,
1719 5091 1920 5162 vulgus

292 5184 544 5256 ignobile
557 5184 686 5256 cogi
703 5184 772 5239 ad
796 5189 1041 5239 mortem
1061 5183 1325 5239 dolebam
1353 5200 1366 5238 :
1392 5200 1618 5255 parcere
1638 5183 1916 5253 volebam,

292 5294 391 5333 vos
419 5294 536 5333 non
566 5277 838 5332 sinebatis
866 5295 878 5331 :
912 5277 1328 5348 suspendebam
1361 5278 1571 5348 praelia,
1605 5294 1700 5332 vos
1737 5277 1916 5332 irrue-

292 5371 437 5426 batis
465 5388 477 5425 :
520 5387 726 5442 pacem
758 5371 1096 5437 offerebam,
1125 5387 1223 5425 vos
1253 5387 1368 5425 non
1407 5371 1703 5443 recepistis
1738 5388 1750 5426 :
1783 5372 1918 5425 allo-

294 5465 514 5536 quebar
538 5465 892 5536 frequenter,
921 5464 1124 5519 crebro
1155 5465 1585 5520 conveniebam.
1608 5467 1727 5520 Non
1748 5465 1922 5536 pudet

291 5559 499 5626 dicere,
541 5557 939 5614 insolentiores
978 5575 1074 5613 vos
1111 5557 1216 5613 feci
1260 5558 1537 5628 rogando.
1567 5558 1712 5622 Quid
1750 5564 1918 5630 puta—

292 5651 479 5707 batis?
506 5652 668 5716 Quod
696 5652 969 5707 Romanae
1001 5652 1151 5706 acies
1186 5651 1340 5706 vobis
1367 5651 1658 5720 cederent,
1690 5655 1745 5706 et
1775 5653 1919 5708 mul-

355 5770 452 5831 (59)
490 5770 591 5832 Qui
619 5769 681 5819 de
709 5770 927 5834 regione
955 5783 1154 5820 eorum.
1188 5769 1365 5820 Bann.

359 5839 455 5902 (60)
485 5840 950 5891 Admonentibus...
977 5853 1178 5891 cavere.
1210 5841 1289 5890 lo.

2020 4625 2080 4674 ut
2122 4619 2280 4675 vobis
2324 4620 2435 4675 iter
2484 4622 2757 4692 panderet
2806 4641 2819 4677 :
2865 4641 2976 4679 non
3023 4642 3088 4681 eo
3132 4627 3331 4683 Clmlia
3385 4630 3644 4684 Romana

2019 4713 2178 4784 virgo
2245 4713 2423 4784 eguit,
2483 4722 2611 4785 quae
2676 4717 2856 4788 ruptis
2923 4720 3159 4774 vinculis
3226 4721 3448 4778 hostem
3515 4740 3641 4778 eva-

2019 4805 2109 4874 sit,
2153 4811 2207 4860 et
2255 4806 2428 4861 fluvio
2485 4807 2792 4864 decurrens
2843 4813 3114 4867 Romanis
3169 4832 3226 4868 se
3282 4817 3476 4871 intulit
3521 4834 3643 4872 cas-

2020 4900 2139 4954 tris.
2206 4902 2314 4954 Nec
2377 4899 2637 4955 incendia
2699 4907 2880 4958 vestra
2942 4906 3250 4976 miramur,
3311 4909 3383 4965 de
3440 4912 3645 4982 quibus

2022 4993 2284 5047 Hebraeos
2327 5009 2539 5064 pueros
2587 4995 2850 5064 evasisse,
2898 4999 3183 5055 maximos
3231 5002 3402 5058 edere
3449 5007 3647 5058 cantus

2022 5085 2228 5140 soletis.
2261 5086 2472 5140 Mucius
2498 5093 2692 5143 noster
2730 5091 2882 5145 nullo
2912 5098 3151 5163 cogente
3184 5111 3417 5150 manum
3447 5098 3644 5152 admo-

2021 5179 2101 5231 vit
2156 5179 2404 5250 ignibus,
2451 5197 2556 5234 uec
2609 5184 2869 5251 removit,
2918 5185 3099 5240 donec
3145 5187 3324 5242 victor
3373 5190 3644 5259 incendii,

2024 5272 2366 5326 miraculum
2429 5274 2690 5330 hostibus
2742 5277 2854 5331 suis
2898 5278 3224 5334 infunderet
3279 5282 3646 5352 fortitudinis,

2024 5381 2152 5436 quae
2196 5366 2456 5420 ﬂammas
2497 5383 2610 5421 non
2653 5370 2908 5424 senserit.
2959 5372 3208 5443 Denique
3249 5390 3449 5444 pacem
3484 5392 3646 5448 roga-

2024 5464 2177 5525 runt,
2211 5459 2308 5531 qui
2348 5459 2706 5530 triumphum
2747 5463 3063 5532 sperabant.
3105 5467 3191 5519 An
3237 5482 3371 5522 vero
3403 5469 3650 5526 coalestia

2023 5552 2114 5607 illa
2159 5567 2256 5606 vos
2292 5554 2542 5607 extulere
2573 5553 2800 5624 pabula,
2839 5560 2895 5611 et
2922 5572 3041 5611 esca
3086 5558 3402 5629 pluviarum
3445 5563 3646 5618 adver-

2025 5663 2116 5699 sus
2167 5645 2437 5701 virtutem
2490 5647 2853 5702 Romanam?
2900 5649 3009 5704 Sed
3060 5652 3415 5709 considerare
3463 5656 3649 5710 decuit

2086 5767 2184 5827 (6t)
2213 5763 2360 5826 Quod
2385 5764 2556 5829 templ.
2599 5765 2682 5814 ID.
