4032 6194
542 251 678 307 2299

2014 252 2069 305 S.
2110 252 2424 307 AMBROSII

3693 267 3791 321 2300

538 374 796 429 altricem
839 374 1016 445 ipsam
1058 375 1209 431 orbis
1251 379 1532 431 terrarum
1579 377 1825 433 Africam
1871 393 1991 432 esse
2037 377 2166 432 sub-
2192 380 2434 462 Apater
2458 377 2855 448 Vespasianus,
2897 377 2992 448 qui
3024 376 3359 449 improvisus
3399 379 3559 448 potuit
3587 381 3632 436 in
3661 386 3790 459 imm.

529 469 744 541 jectam
810 470 1080 524 Romanae
1146 468 1489 525 fortitudini.
1557 471 1722 526 Nobis
1791 471 1982 540 servit,
2042 488 2170 542 qum

540 578 743 619 omnes
772 563 875 618 alit
907 579 920 618 :
952 563 1011 618 in
1042 568 1236 619 nostra
1260 568 1540 636 potestate
1568 569 1653 621 est
1678 566 1860 621 fames
1886 566 2167 633 omnium,

539 661 595 710 et
662 656 841 711 victus
907 657 1331 713 universorum.
1397 659 1560 723 Quod
1635 664 1840 714 natura
1901 659 2171 713 omnibus

535 748 711 817 dedit,
738 750 914 805 virtus
956 752 1212 807 Romana
1235 753 1330 823 jus
1370 770 1534 807 suum
1571 753 1722 807 fecit.
1757 755 1949 824 Ipsum
1990 752 2165 807 Anni-

537 843 731 898 balem
778 845 1042 916 perculit,
1079 846 1136 899 in
1185 846 1561 918 exsiliumque
1606 846 1794 917 coegit
1839 863 2011 918 quem
2054 863 2168 902 non

536 937 797 1008 capiebat
839 939 990 994 orbis
1034 943 1337 995 terrarum.
1376 940 1685 1012 Angustior
1726 940 1939 995 civibus
1983 941 2169 995 Africa

536 1032 665 1086 fuit.
701 1033 822 1088 Non
854 1033 1072 1089 idonea:
1112 1035 1181 1089 ad
1222 1034 1637 1089 demorandum
1670 1034 1803 1089 visae
1842 1035 2164 1106 Hispaniae;

538 1131 693 1183 arcta
724 1127 898 1181 vianti
933 1128 1130 1194 Gallia,
1171 1127 1409 1199 indigna
1443 1128 1603 1183 Italia
1643 1129 1912 1183 amicitiae
1952 1128 2166 1183 fmdere

537 1225 593 1273 et
648 1220 929 1274 societatis
980 1222 1284 1276 consortio.
1333 1222 1558 1277 Jactetis
1613 1222 1801 1289 liceat,
1850 1222 2004 1293 quod
2056 1223 2166 1277 ﬂu-

537 1313 695 1368 mina
728 1315 834 1385 (62)
864 1314 1234 1370 militaverint
1271 1314 1446 1381 vobis,
1487 1320 1540 1369 et
1577 1317 1825 1371 caelestes
1866 1320 2167 1387 potestates

538 1405 958 1477 pugnaverint:
1000 1426 1101 1462 nos
1136 1409 1471 1463 Annibalem
1515 1410 1927 1481 inequitantem
1972 1409 2163 1464 ﬂumi-

534 1499 704 1555 nibus
766 1500 1003 1556 vicimus
1068 1507 1235 1574 atque
1306 1502 1661 1559 intonantem
1734 1503 1923 1558 undis.
1987 1503 2165 1574 Ipsius

533 1594 972 1665 tempestatibus
1016 1596 1380 1667 quatiebatur
1419 1598 1685 1653 mundus.
1724 1598 1790 1652 Et
1836 1597 1930 1651 ille
1971 1613 2164 1652 muros

2271 475 2422 524 ratos
2466 487 2526 525 se
2560 470 2856 525 effundere
2890 488 2904 526 ε
2945 470 3234 525 Galilaeam
3280 471 3598 544 circumibat,
3631 478 3790 551 longin-

2271 580 2380 635 qua
2424 564 2716 632 exurebat,
2756 568 2820 618 ut
2859 581 2954 619 vos
2996 564 3355 636 deponeretis
3388 564 3708 637 insolentiam,
3734 590 3795 630 ve-

2271 658 2423 712 niam
2492 658 2871 729 postularetis.
2946 659 3207 714 Ostendit
3274 658 3556 729 virtutem,
3607 669 3651 718 et
3703 683 3795 723 cum

2272 752 2560 806 universos
2591 752 2811 807 clausos
2848 757 3087 821 teneret,
3133 755 3436 824 Egyptum
3480 755 3630 824 petiit,
3663 763 3709 814 ut
3735 762 3793 816 in-

2269 846 2463 901 ducias
2503 846 2871 918 resipiscendi
2911 847 3092 901 daret.
3136 846 3524 902 lnsolentiores
3561 866 3641 905 vos
3660 860 3799 910 nostra

2269 940 2529 995 absentia
2582 939 2735 1007 fecit,
2783 940 2916 1012 quia
2966 956 3067 994 nos
3119 943 3426 1012 occupatos
3474 944 3685 1012 putastis.
3725 948 3800 1001 Sed

2268 1050 2560 1105 nunquam
2608 1035 2687 1088 ita
2734 1035 2990 1105 occupati
3036 1050 3254 1102 sumus,
3300 1039 3366 1088 ut
3408 1034 3639 1090 absentes
3675 1040 3802 1095 simus

2266 1127 2388 1181 orbi
2450 1132 2755 1183 terrarum.
2818 1129 2957 1182 Nam
3016 1131 3073 1182 et
3133 1128 3396 1183 absentes
3458 1128 3709 1199 adsumus,
3759 1140 3799 1189 et

2264 1220 2436 1291 longe
2516 1221 2712 1292 positis
2783 1223 3016 1292 pr0pius
3090 1221 3423 1276 assistimus.
3496 1223 3705 1295 Namque
3760 1232 3803 1281 ut

2260 1314 2451 1369 anima
2479 1315 2535 1369 in
2572 1331 2810 1386 corpore
2842 1315 3036 1369 omnia
3076 1315 3342 1370 membra
3377 1315 3600 1371 viviﬁcat
3633 1334 3728 1387 sua,
3749 1320 3803 1374 sic

2267 1410 2524 1464 Romana
2560 1408 2921 1479 providentia
2955 1409 3222 1464 omnibus
3260 1409 3480 1481 imperii
3513 1412 3588 1464 sui
3620 1412 3806 1481 partibus

2264 1503 2440 1571 adest,
2483 1508 2539 1556 et
2577 1506 2759 1557 totum
2799 1503 2996 1557 orbem
3042 1504 3385 1570 Romanum,
3425 1508 3665 1575 tanquam
3704 1522 3803 1576 pra:-

2266 1613 2397 1651 sens
2427 1596 2731 1667 gubernat.
2764 1598 2906 1651 Nam
2948 1596 2992 1651 si
3035 1596 3274 1668 singulis
3312 1596 3515 1651 animis
3552 1598 3638 1653 illa
3669 1599 3731 1652 vis
3750 1598 3807 1653 di-

532 1691 752 1743 nostros
797 1689 972 1743 armis
1017 1690 1297 1761 pulsabat.
1350 1693 1543 1762 Neque
1595 1708 1726 1747 vero
1783 1691 2224 1762 necessarium_
2264 1691 2398 1744 vina
2461 1690 2699 1760 regendi
2765 1690 3018 1761 corporis
3078 1691 3349 1745 virtutem
3420 1690 3593 1758 dedit,
3648 1696 3806 1762 quanto

532 1780 659 1849 fuit,
692 1786 750 1836 ut
781 1782 973 1837 hostes
1003 1783 1202 1850 nostri,
1233 1784 1377 1839 sicut
1408 1785 1614 1856 Assyrii
1645 1785 1836 1852 vestri,
1870 1784 2158 1839 dormien-
2186 1758 2240 1829 Β
2266 1784 2447 1855 magis
2480 1785 2741 1839 Romano
2779 1784 2983 1855 vigori,
3017 1801 3129 1855 quo
3170 1784 3329 1856 quasi
3369 1799 3543 1838 unum
3570 1785 3713 1839 totius
3732 1785 3811 1838 im-

531 1879 617 1929 tes
659 1876 1179 1947 exstinguerentur,
1218 1879 1313 1933 sed
1364 1879 1700 1949 praeliantes.
1754 1880 1872 1933 Non
1912 1879 2065 1932 enim
2105 1878 2164 1933 in

533 1969 748 2023 somnis
778 1970 1014 2025 victoria
1046 1972 1348 2042 quaeritur,
1378 1973 1480 2027 sed
1521 1973 1578 2026 in
1619 1973 1815 2044 praelia
1851 1990 1864 2027 :
1907 1991 2016 2027 non
2047 1974 2160 2027 vir-

533 2062 668 2116 tutis
707 2063 913 2117 adorea
955 2069 1057 2133 est,
1097 2065 1193 2119 ubi
1230 2065 1463 2120 fortuita
1503 2067 1709 2137 gratia.
1746 2069 1940 2121 Hostes
1980 2067 2162 2122 nostri

534 2171 646 2210 non
691 2172 968 2228 aquarum
1008 2158 1179 2212 rutilo
1229 2158 1447 2231 decepti
1497 2160 1866 2215 renitentium
1913 2161 1983 2215 ad
2032 2161 2162 2216 solis

532 2253 813 2316 exortum,
872 2250 927 2304 in
986 2267 1188 2306 manus
1238 2258 1458 2308 nostras
1514 2253 1891 2308 inconsultius
1946 2254 2160 2309 incide-

534 2346 696 2406 runt,
752 2342 889 2398 dum
933 2344 1042 2399 fusi
1094 2346 1385 2418 sanguinis
1440 2348 1627 2418 specie
1692 2364 1792 2401 nos
1859 2348 2162 2404 exstinctos

530 2440 874 2506 putaverunt
932 2456 944 2492 :
1008 2439 1105 2494 sed
1167 2440 1403 2495 scientes
1459 2446 1515 2495 et
1565 2441 1633 2495 ad
1689 2441 1901 2496 bellum
1954 2443 2156 2513 parati,

531 2546 765 2601 campos
814 2538 1094 2587 terrarum
1135 2534 1466 2605 corporibus
1507 2534 1620 2588 suis
1665 2540 1875 2603 texere,
1925 2553 1990 2590 ac
2034 2552 2161 2607 pro-

528 2624 656 2694 prio
696 2626 976 2697 sanguine
1028 2627 1412 2699 repleverunt.
1466 2628 1602 2693 Quae
1648 2646 1743 2683 vos
1783 2630 2057 2684 fortitudo
2100 2631 2159 2685 in

528 2723 690 2775 tanta
735 2719 923 2789 posuit
964 2720 1314 2776 insolentia?
1349 2723 1469 2776 Non
1511 2723 1781 2776 videbatis
1819 2740 1911 2778 eos
1951 2724 2159 2779 servire

530 2812 713 2878 nobis,
757 2813 856 2884 qui
898 2814 1054 2868 vobis
1091 2815 1533 2886 imperitarunt?
1578 2818 1850 2888 Egyptus
1891 2833 2017 2888 quae
2065 2834 2160 2872 vos

529 2906 785 2977 afﬂigere
830 2908 1069 2974 solebat,
1110 2908 1271 2962 nobis
1310 2925 1566 2963 annuum
1612 2910 1815 2981 pendit
1854 2910 2156 2974 tributum,

528 3007 585 3053 et
639 3000 785 3054 viam
840 3002 1057 3072 praibet
1110 3019 1285 3073 usque
1328 3002 1401 3056 ad
1450 3002 1672 3058 Indicos
1725 3008 1956 3072 tractus,
2005 3008 2160 3058 extra

530 3093 728 3147 orbem
762 3099 1041 3148 terrarum
1070 3096 1265 3165 egredi
1298 3101 1468 3167 atque
1507 3096 1753 3151 alterum
1786 3098 1982 3152 orbem
2007 3115 2157 3169 quae-
2177 3126 2231 3198 Ο

528 3203 681 3253 rere,
734 3186 912 3241 maris
957 3194 1211 3255 secreta,
1265 3189 1397 3243 solis
1453 3190 1768 3260 oceanique
1824 3191 2049 3259 ultima,
2102 3197 2159 3245 et

527 3280 760 3333 alterius
812 3280 961 3334 orbis
1017 3281 1228 3335 incolas
1284 3286 1473 3337 nostro
1524 3282 1768 3354 imperio
1818 3285 2154 3356 adjungere.

530 3372 675 3436 Quid
708 3373 966 3427 Antiochi
999 3390 1267 3445 regnum,
1305 3376 1403 3447 qui
1437 3392 1533 3431 vos
1573 3377 1837 3449 gravibus
1866 3379 2158 3451 suppliciis

529 3465 715 3519 atfecit
735 3467 763 3520 ?
785 3467 882 3520 Jus
908 3483 1135 3539 quoque
1166 3468 1351 3539 ipsum
1381 3474 1645 3541 ereptum
1680 3472 1788 3542 (63)
1818 3471 2108 3542 religionis
2140 3489 2153 3527 :

530 3576 631 3613 nos
680 3560 787 3631 ipsi
850 3560 1003 3615 vobis
1056 3561 1401 3629 refudimus,
1460 3564 1755 3635 gloriosius
1814 3565 2157 3620 arbitrantes

526 3653 811 3724 imperare
876 3655 1136 3726 regibus,
1205 3672 1378 3727 quam
1442 3674 1684 3729 regnum
1749 3660 1968 3714 tollere.
2034 3661 2156 3731 Ipsa

524 3747 684 3801 sedes
715 3747 1080 3803 dominorum
1112 3756 1427 3805 vestrorum
1460 3752 1781 3819 Antiochia,
1809 3769 2002 3808 nonne
2035 3759 2151 3808 stu-

525 3841 681 3894 diose
714 3857 845 3895 suos
886 3843 1225 3912 repudiavit,
1256 3847 1312 3897 et
1355 3860 1455 3898 nos
1497 3844 1760 3899 dominos
1803 3847 2019 3915 elegit?
2051 3849 2155 3902 Vos

523 3934 630 4004 ipsi
682 3951 873 3990 nonne
927 3936 1000 3990 ad
1049 3953 1149 3990 nos
1202 3937 1553 4008 confugistis,
1602 3943 1667 3992 ut
1718 3939 1845 3994 illos
1896 3940 2154 3996 dominos

522 4027 836 4099 fugeretis?
876 4031 996 4084 Non
1044 4031 1149 4101 ipsi
1195 4047 1293 4084 vos
1341 4032 1717 4102 suscepimus,
1758 4037 1814 4087 et
1853 4034 2153 4090 adversum

520 4120 646 4175 illos
693 4122 1094 4177 defendimus?
1133 4125 1418 4179 Servimus
1462 4126 1569 4193 (6i)
1615 4126 1793 4194 vobis,
1848 4132 1905 4181 ut
1953 4129 2154 4183 vestris

521 4214 746 4286 legibus
784 4215 1085 4271 viveretis:
1137 4217 1395 4271 dedimus
1444 4221 1779 4289 potestatem
1829 4222 2022 4275 vestris
2062 4221 2150 4276 in-

523 4308 734 4364 servire
775 4309 1038 4365 cultibus.
1079 4312 1247 4365 Sacra
1292 4318 1479 4366 vestra
1525 4312 1663 4367 scire
1698 4314 2009 4380 noluimus,
2056 4316 2151 4370 sed

521 4402 945 4458 honoravimus.
990 4406 1193 4459 Postea
1234 4405 1631 4460 rebellandum
1677 4408 1936 4477 putastis.
1989 4410 2147 4463 Pom-

530 4496 691 4567 peius
730 4500 1012 4569 templum
1058 4500 1228 4570 cepit,
1258 4500 1356 4553 sed
1400 4515 1513 4553 non
1555 4500 1727 4555 diruit
1767 4520 1777 4554 :
1822 4501 2021 4556 urbem
2053 4492 2229 4563 oc-D

522 4590 781 4660 cupavit,
835 4591 929 4646 sed
983 4592 1206 4664 integra
1269 4594 1459 4647 omnia
1527 4594 1832 4648 reservavit
1893 4595 2146 4650 donaria.

520 4683 629 4736 Pro
677 4682 901 4753 quibus,
947 4701 979 4737 o
1020 4685 1169 4754 grati
1210 4685 1386 4740 socii!
1432 4686 1578 4741 hanc
1624 4672 1801 4741 vicem
1852 4687 2012 4742 nobis
2056 4705 2147 4743 re-

518 4775 838 4845 pendistis,
905 4780 970 4829 ut
1044 4777 1214 4831 tertio
1286 4778 1686 4833 rebellaretis?
1753 4781 1942 4835 Fuerit
2005 4783 2150 4836 Nero

520 4867 952 4939 despiciendus,
1009 4870 1108 4924 sed
1163 4887 1275 4925 non
1346 4872 1403 4926 in
1468 4889 1580 4928 uno
1650 4875 1906 4929 Romana
1974 4875 2150 4929 virtus

518 4961 944 5032 expendebatur
972 4979 984 5017 :
1014 4964 1107 5018 sed
1149 4964 1398 5019 habebat
1436 4966 1677 5020 militem
1720 4968 2146 5038 Vespasianum,

520 5055 616 5125 qui
652 5055 775 5125 jam
817 5055 889 5110 ad
933 5073 1124 5127 pacem
1168 5063 1525 5116 revocaverat
1560 5060 1759 5114 Gallias
1794 5077 1805 5115 :
1837 5066 1953 5115 tam
1988 5062 2150 5116 fortis

518 5147 577 5202 in
618 5149 839 5219 prielio,
868 5153 933 5204 ut
958 5167 1064 5221 per
1091 5151 1256 5206 illum
1296 5158 1354 5206 et
1382 5153 1528 5207 Nero
1557 5153 1829 5221 vinceret,
1858 5170 1960 5225 per
1986 5156 2148 5209 illum

518 5240 667 5295 Nero
716 5245 865 5297 esset
904 5243 1157 5298 hostibus
1193 5246 1564 5300 formidabilis
1601 5264 1613 5301 :
1658 5252 1776 5301 tam
1816 5246 2003 5302 fidelis
2046 5249 2145 5304 do-

518 5332 675 5388 mino
717 5335 981 5406 principi,
1025 5344 1089 5391 ut
1125 5338 1277 5391 solus
1322 5339 1631 5410 imperium
1683 5357 1799 5394 non
1845 5348 2147 5411 quaereret,

520 5427 667 5494 quod
713 5429 864 5483 solus
903 5430 1248 5485 merebatur.
1292 5431 1401 5486 Sed
1442 5432 1658 5488 Cestius
1700 5434 1963 5488 lreserat:
2006 5451 2146 5506 que-

520 5519 695 5573 relam
742 5520 948 5576 deferri
995 5523 1203 5594 decuit,
1254 5541 1365 5579 non
1428 5542 1587 5580 arma
1643 5526 1902 5598 irrogari.
1955 5528 2150 5582 Missus

721 5657 1069 5729 Fulmina“...
1114 5661 1443 5721 fulminibus.
1493 5666 1669 5717 Baua.
1717 5692 1778 5702 —
1815 5666 2150 5729 Hujusmodi

521 5724 798 5774 restitutio
842 5738 1034 5786 parum
1081 5737 1451 5784 consentanea
1502 5737 1663 5785 nobis
1716 5724 1955 5787 videtur.
2001 5739 2150 5789 ΟΜ.-

521 5802 699 5845 LAND.

2264 1878 2407 1950 perii
2453 1879 2635 1934 nostri
2676 1894 2880 1950 corpus
2914 1876 3224 1945 animatur,
3260 1878 3457 1932 tuendi
3495 1878 3607 1949 ejus
3639 1878 3810 1931 vitalem

2262 1971 2571 2042 quamdam
2606 1971 2984 2025 substantiam
3013 1971 3504 2025 subministravit!
3533 1973 3814 2042 Suspensum

2262 2065 2451 2137 itaque
2495 2064 2711 2120 bellum
2763 2081 2857 2119 vos
2903 2065 3231 2136 reparastis.
3277 2064 3626 2120 Profecturus
3670 2065 3815 2135 itaque

2262 2165 2424 2230 pater
2462 2159 2532 2213 ad
2568 2158 2772 2214 urbem
2817 2159 3073 2226 Romam,
3108 2175 3141 2212 a
3182 2158 3442 2229 tyrannis
3475 2157 3817 2228 recipiendam,
3855 2201 3859 2205 .

2266 2268 2358 2307 me
2404 2268 2435 2305 a
2481 2268 2580 2307 sua
2628 2250 2818 2306 divisit
2861 2251 3150 2318 societate,
3199 2268 3273 2305 ne
3314 2250 3472 2306 vobis
3512 2267 3618 2306 sua:
3650 2250 3818 2322 pietatis

2261 2351 2559 2401 exsecutor
2583 2346 2820 2400 deesset.
2852 2345 2994 2399 Veni
3034 2345 3106 2399 ad
3135 2344 3351 2399 bellum
3380 2345 3566 2416 specie
3594 2343 3821 2403 terrentis,

2259 2439 2465 2495 affectu
2501 2439 2775 2511 rogantis.
2810 2438 3040 2504 Quoties
3075 2457 3107 2493 a
3150 2438 3435 2493 moenibus
3461 2439 3645 2493 vestris
3675 2437 3819 2491 vocavi

2261 2532 2604 2587 exercitum!
2654 2532 2882 2597 Quoties
2928 2537 3119 2604 postea
3167 2548 3199 2585 a
3252 2531 3635 2603 penetralibus
3669 2529 3820 2599 templi

2259 2627 2499 2681 retraxi!
2531 2626 2760 2691 Quoties
2797 2625 3028 2681 restinxi
3065 2625 3363 2680 incendia!
3396 2625 3621 2690 Quoties
3644 2622 3815 2678 monui!

2259 2721 2365 2775 Sed
2411 2737 2703 2791 nunquam
2748 2720 3006 2775 audistis.
3049 2721 3208 2774 Nunc
3249 2736 3343 2773 me
3384 2719 3611 2774 demum
3647 2715 3824 2787 rogatis.

2260 2814 2416 2885 quasi
2440 2814 2561 2885 jam
2589 2813 2902 2885 quidquam
2941 2813 3208 2884 supersit,
3239 2814 3414 2884 quale
3436 2813 3556 2883 jam
3585 2825 3825 2877 consump-

2258 2911 2381 2961 tum
2429 2914 2531 2973 est,
2580 2913 2637 2961 et
2694 2910 2888 2961 tamen
2930 2924 2964 2960 a
3006 2906 3178 2976 caede,
3226 2906 3523 2974 incendio,
3567 2901 3827 2975 direptione

2259 3001 2439 3055 exemi
2482 3000 2740 3056 militem.
2770 3000 2914 3064 Quid
2946 2999 3320 3055 desideratis?
3351 2999 3491 3072 quid
3521 2998 3693 3053 adhuc
3714 2993 3829 3049 statis

2257 3094 2459 3148 armati
2501 3094 2661 3166 quasi
2692 3094 2877 3149 daturi
2921 3094 3097 3165 leges,
3132 3109 3243 3147 non
3282 3091 3608 3164 accepturi?
3638 3089 3688 3145 Si
3710 3086 3829 3142 dedi-

2258 3188 2474 3243 tionem
2510 3187 2720 3259 petitis,
2751 3187 3020 3260 deponite
3061 3203 3236 3254 arma,
3259 3187 3388 3258 jam
3422 3202 3538 3240 non
3578 3179 3833 3239 metuenda

2259 3282 2582 3349 victoribus,
2614 3282 2711 3336 sed
2750 3281 2987 3353 superba
3021 3281 3194 3350 victis,
3227 3287 3284 3335 et
3312 3282 3489 3351 plena
3523 3275 3831 3333 insolentiae:

2260 3381 2321 3429 ut
2345 3375 2547 3430 armati
2588 3374 2819 3446 rogetis,
2853 3375 3013 3445 quasi
3044 3374 3115 3428 de
3144 3373 3256 3428 ﬁde
3283 3378 3488 3428 nostra
3519 3368 3835 3427 dubitandum
3968 3386 3969 3433 ι

2259 3468 2414 3523 vobis
2462 3468 2565 3534 sit,
2615 3474 2714 3522 aut
2759 3468 2946 3523 adhuc
2999 3467 3266 3522 virtutem
3316 3466 3624 3531 laceSsitis,
3669 3462 3836 3518 bellum

2259 3562 2579 3617 minantes?
2614 3562 2862 3633 Populus
2899 3560 3209 3616 exstinctus
3247 3563 3357 3630 est,
3394 3559 3669 3631 templum
3695 3555 3834 3613 ardet.

2258 3656 2456 3712 urbem
2492 3663 2773 3711 tenemus.
2802 3655 2949 3719 Quid
2991 3655 3194 3726 reliqui
3234 3655 3500 3726 speratis,
3542 3652 3723 3706 nisiut
3754 3648 3836 3700 vita

2255 3749 2411 3803 vobis
2446 3749 2725 3804 donetur?
2769 3748 3013 3803 Proinde
3065 3749 3259 3819 ponite
3311 3764 3477 3802 arma
3521 3745 3672 3818 quasi
3710 3740 3836 3803 victi;

2256 3845 2445 3898 vivere
2498 3842 2653 3897 vobis
2699 3842 2956 3910 donabo,
3004 3843 3106 3896 etsi
3155 3858 3274 3896 non
3332 3838 3694 3904 mereamini,
3739 3832 3838 3905 quia

2255 3936 2516 3992 noluistis
2569 3952 2697 4008 quae
2753 3940 2931 3990 vestra
2983 3939 3117 3989 sunt
3165 3934 3328 3990 vobis
3393 3947 3715 3989 conservare
3758 3925 3841 3998 (65l

2254 4032 2408 4085 Tunc
2446 4030 2527 4084 illi
2556 4033 2749 4101 petere
2786 4032 3100 4100 coeperunt,
3129 4034 3189 4082 ut
3229 4029 3338 4083 sibi
3374 4026 3658 4084 obstrictis
3691 4024 3837 4077 sacra-

2258 4127 2469 4191 mento,
2516 4140 2587 4178 ne
2632 4139 2888 4194 unquam
2934 4139 2993 4177 se
3033 4122 3306 4178 Romanis
3359 4123 3675 4186 traderent,
3712 4129 3841 4185 egre-

2253 4218 2443 4272 diendi
2510 4234 2611 4288 per
2660 4232 2891 4271 murum
2946 4220 3284 4286 potestatem
3341 4217 3545 4282 daret,
3591 4228 3694 4284 quo
3740 4221 3839 4260 cum

2254 4312 2367 4365 suis
2421 4310 2648 4365 familiis
2702 4310 2759 4364 in
2808 4310 3099 4364 desertum
3143 4313 3484 4381 pergerent,
3538 4306 3723 4362 urbem
3767 4300 3845 4353 RO-

2254 4405 2438 4459 manis
2478 4404 2761 4460 cedentes.
2818 4406 2893 4459 Eo
2942 4405 3281 4458 commotior
3327 4403 3493 4457 Titus
3539 4418 3555 4455 :
3606 4398 3840 4455 Etiamne,

2253 4498 2455 4570 inquit,
2505 4498 2864 4553 conditiones
2910 4496 3073 4553 nobis
3121 4497 3478 4567 imperatis?
3517 4495 3649 4566 quin
3692 4487 3844 4561 potius

2252 4592 2540 4646 defensate
2586 4592 2845 4662 patriam,
2892 4591 3147 4646 adestote
3195 4591 3444 4661 templo,
3492 4586 3642 4642 omni
3676 4583 3842 4636 virtute

2251 4685 2547 4755 insurgite,
2598 4687 2815 4739 servate
2871 4686 3293 4739 sacramentum
3366 4682 3604 4748 mortis,
3657 4672 3843 4749 quando

2250 4779 2379 4833 vitze
2417 4778 2771 4849 repudiastis.
2816 4779 2881 4832 Et
2923 4778 3087 4832 simul
3120 4777 3283 4847 jubet
3329 4778 3637 4846 insurgere
3678 4772 3846 4823 Roma-

2251 4888 2354 4927 nos
2402 4872 2457 4925 in
2505 4887 2701 4929 necem
2746 4872 3017 4927 hostium.
3061 4870 3297 4925 Plurimi
3356 4884 3585 4941 erepere
3630 4861 3845 4937 graviore

2249 4966 2528 5021 victorum
2572 4966 2965 5037 indignatione
3009 4965 3338 5019 labefactari
3374 4982 3389 5019 :
3430 4960 3771 5018 tradiderunt
3800 4968 3843 5003 se

2250 5063 2447 5115 tamen
2484 5061 2636 5114 Zaraa
2689 5058 2839 5129 regis
2879 5058 2997 5126 filii,
3036 5063 3093 5113 et
3128 5057 3341 5112 fratres
3383 5058 3534 5129 ejus,
3564 5061 3620 5110 et
3656 5045 3846 5123 plurimi

2251 5169 2381 5207 cum
2424 5154 2559 5224 ipsis
2601 5153 2671 5207 de
2712 5152 2896 5223 plebe.
2942 5153 3050 5205 Nec
3086 5151 3259 5219 Titus,
3300 5149 3579 5222 quamvis
3617 5145 3845 5200 excitatus

2252 5247 2322 5301 ad
2372 5246 2749 5314 iracundiam,
2798 5244 3153 5317 propositum
3203 5259 3382 5299 suum
3433 5243 3595 5299 solvit
3634 5232 3842 5293 contuitu

2251 5340 2459 5410 regalis
2506 5339 2744 5409 fastigii,
2794 5339 2888 5393 sed
2941 5339 3155 5410 recepit
3199 5338 3612 5410 confugientes
3649 5350 3663 5386 :
3704 5327 3840 5382 solius

2253 5438 2473 5488 tantum
2507 5432 2732 5505 pietatis
2764 5432 2937 5504 (quod
2977 5432 3291 5486 maximum
3328 5433 3442 5501 est)
3481 5432 3692 5485 lucrum
3716 5420 3839 5476 fecit.

2253 5529 2386 5582 Nam
2407 5527 2653 5598 przedam
2669 5542 2898 5581 omnem
2918 5525 3120 5579 domus
3136 5524 3307 5597 regiae.
3322 5522 3614 5580 seditionis
3626 5520 3836 5573 auctores

2313 5667 2409 5730 (63)
2442 5668 2673 5731 Eripuit.
2711 5667 2887 5717 BARR.

2313 5740 2409 5799 (64)
2435 5738 2791 5788 Servavimus.
2822 5738 2899 5787 In.

2315 5809 2415 5871 (65)
2444 5808 2716 5860 Vobiscum
2739 5820 2972 5859 servare.
3011 5808 3088 5857 In.
