4032 6194
271 344 401 397 2301

1300 344 1386 400 DE
1428 344 1699 401 EXCIDIO
1742 340 1937 398 URBIS
1981 342 2331 399 HIEROSOL.
2376 343 2502 399 LIB.
2545 346 2605 397 V.

3500 347 3635 401 2302

265 466 578 539 diripuere,
614 473 675 523 ut
714 468 857 524 nihil
902 486 970 524 ex
1016 486 1086 525 ea
1125 470 1195 524 ad
1237 470 1516 525 Romanos
1559 467 1899 541 perveniret.
1927 478 1983 551 Α
2005 467 2191 522 verius
2207 468 2552 540 judicemus,
2583 486 2753 540 quam
2782 486 3098 541 praecavere
3126 472 3423 543 possimus,
3454 473 3498 527 si
3525 473 3633 543 ipsi

857 563 1080 619 CAPUT
1116 565 1314 620 XLVII.

339 656 521 711 Simul
560 662 752 712 autem
796 664 857 713 ut
889 658 1034 714 facto
1074 657 1289 730 impetu
1328 659 1386 714 in
1430 660 1617 714 aulam
1661 658 1900 722 irruere,

267 752 417 807 duos
456 752 527 806 de
572 753 845 808 Romanis
884 752 1153 807 militibus
1194 753 1551 820 invadentes,
1586 768 1761 807 unum
1803 767 1899 823 pe-

265 847 473 903 destris
516 846 737 901 militia;
780 847 964 902 virum
1004 847 1432 903 trucidaverunt
1475 865 1489 902 :
1537 864 1714 920 eques
1766 862 1901 900 vero

263 941 525 1013 poposcit
559 957 619 995 se
650 941 724 995 ad
758 940 1055 997 Simonem
1092 942 1242 1010 duci,
1273 941 1530 1013 allegans
1567 958 1628 995 se
1669 940 1898 1007 habere,

262 1051 394 1108 quae
430 1041 743 1091 memorato
774 1035 1087 1091 insinuaret
1124 1035 1364 1107 principi
1392 1036 1760 1091 seditionum.
1792 1033 1901 1089 Sed

260 1129 577 1201 perductus
616 1128 688 1183 ad
736 1145 890 1197 eum,
932 1145 1062 1183 cum
1106 1145 1251 1184 vana
1293 1129 1557 1201 quazdam
1599 1131 1899 1194 attexeret,

262 1222 473 1295 perimi
522 1224 714 1295 jussus
764 1241 777 1277 :
830 1223 965 1278 dum
1022 1239 1317 1295 percussor
1366 1226 1645 1289 moratur,
1695 1221 1901 1276 clausis

251 1318 377 1388 jam
427 1317 659 1372 fasciola
711 1317 908 1385 oculis,
961 1333 1083 1371 sese
1133 1316 1414 1389 proripuit
1465 1316 1539 1372 ad
1591 1317 1896 1371 Romanos.

259 1411 372 1476 Qui
405 1411 663 1466 cominus
703 1411 1024 1482 praeliantes
1065 1427 1361 1484 suscepere
1398 1411 1740 1483 fugientem,
1767 1426 1899 1482 per-

257 1507 618 1577 ductumque
645 1506 713 1560 ad
740 1522 859 1561 sese
884 1505 1037 1560 Titus
1066 1506 1226 1577 quasi
1256 1505 1557 1577 indignum
1584 1504 1760 1560 videri
1789 1505 1898 1575 (66)

258 1604 469 1667 morte,
512 1599 608 1670 qui
649 1599 718 1653 ab
766 1599 928 1653 hoste
977 1599 1131 1653 vivus
1176 1599 1427 1671 potuerit
1472 1599 1618 1670 capi,
1664 1601 1899 1653 exutum

257 1694 444 1748 armis
478 1693 646 1765 jussit
686 1692 917 1761 dimitti,
961 1710 1259 1748 reservans
1297 1693 1350 1748 ei
1387 1693 1539 1765 quod
1583 1710 1686 1764 per
1723 1692 1901 1747 hostis

256 1788 552 1859 ignaviam
594 1804 706 1842 non
745 1786 1033 1856 amiserat,
1064 1791 1122 1843 et
1153 1787 1416 1843 auferens
1452 1786 1670 1842 militiae
1712 1803 1897 1841 sacra-

259 1852 554 1948 mentum,
588 1882 738 1953 quod
772 1886 968 1954 captus
1008 1852 1277 1953 prodidit,
1309 1880 1583 1953 fugitivus
1617 1880 1897 1936 dehones-
1924 1852 1978 1922 B

259 1976 429 2031 tavit.
495 1976 553 2030 Id
611 1975 691 2030 illi
746 1975 949 2047 majori
1008 1975 1287 2047 supplicio
1343 1975 1482 2041 fuit;
1540 1974 1691 2046 apud
1752 1974 1903 2030 viros

256 2071 419 2124 enim
469 2070 732 2141 graviora
776 2068 996 2123 militia:
1037 2068 1266 2141 probra,
1311 2084 1485 2141 quam
1534 2069 1733 2124 mortis
1776 2068 1899 2122 vul-

257 2182 396 2219 nera
447 2170 599 2218 sunt.
651 2162 881 2236 Repulsi
926 2168 1115 2219 tamen
1165 2163 1313 2217 illico
1359 2163 1557 2231 Judaei,
1605 2163 1675 2217 ad
1730 2179 1898 2234 supe-

255 2258 413 2312 riora
462 2258 617 2312 urbis
666 2274 724 2312 se
773 2257 1091 2325 contulere,
1140 2256 1340 2311 relicta
1388 2255 1583 2327 templi
1635 2261 1693 2310 et
1743 2256 1901 2311 urbis

258 2352 619 2407 defensione.
651 2353 882 2423 Strages
923 2367 1137 2422 magna
1179 2350 1238 2404 in
1286 2366 1386 2405 eos
1427 2349 1522 2421 qui
1564 2348 1902 2404 resederunt

257 2446 653 2512 exercebatur,
702 2444 1082 2500 seminecibus
1142 2447 1335 2498 autem
1392 2443 1756 2497 cadaveribus
1808 2458 1895 2495 re-

262 2542 430 2612 pletas
469 2541 595 2594 viae.
629 2539 797 2594 Iussit
829 2539 1010 2594 Caesar
1051 2538 1217 2593 etiam
1258 2537 1328 2591 ad
1366 2536 1656 2608 superiora
1696 2535 1896 2590 admo-

267 2634 383 2688 veri
422 2633 723 2688 machinas
762 2650 774 2687 :
817 2632 968 2704 quod
1008 2631 1269 2686 videntes
1310 2630 1563 2691 ldummi,
1598 2631 1900 2700 elegerunt

270 2728 412 2783 viros
462 2744 607 2799 quos
658 2726 727 2781 ad
777 2726 967 2781 Titum
1021 2724 1332 2791 mitterent,
1390 2723 1487 2794 qui
1540 2722 1897 2777 deditionem
1942 2777 1948 2782 ,

262 2823 551 2892 rogarent.
595 2821 669 2875 Eo
715 2818 963 2890 cognito,
1012 2818 1205 2873 Simon
1254 2816 1551 2888 praevenit,
1590 2819 1646 2870 et
1690 2815 1899 2871 electos

259 2914 501 2986 quidem
554 2913 813 2985 petendae
864 2910 1171 2966 deditionis
1218 2910 1366 2965 viros
1411 2909 1733 2980 intercepit.
1786 2908 1899 2964 Sed

256 3007 497 3064 Idumaei
544 3023 659 3062 non
705 3006 886 3060 multo
930 3010 1075 3076 post,
1121 3003 1384 3075 quamvis
1430 3001 1683 3057 destituti
1732 3001 1897 3073 adju-

258 3107 456 3156 mento
505 3099 854 3172 principum,
894 3114 1022 3153 cum
1068 3097 1345 3152 sustinere
1383 3095 1594 3150 diutius
1638 3094 1751 3149 vim
1794 3111 1897 3149 ne-

255 3195 514 3268 quirent,
552 3192 910 3248 tradiderunt
947 3209 1006 3247 se
1046 3190 1315 3245 exercitui
1353 3191 1625 3245 Romano.
1664 3190 1741 3244 Ita
1779 3188 1896 3260 pri-
1920 3216 1974 3290 Ο

255 3305 424 3343 mum
453 3288 660 3356 fames,
690 3292 746 3341 et
769 3286 835 3340 ad
865 3289 1219 3357 postremum
1253 3282 1573 3355 desperatio
1596 3281 1898 3338 resistendi

253 3382 619 3437 deditionem
653 3380 913 3451 patravit.
942 3380 1055 3433 Nec
1087 3377 1348 3445 Romani,
1381 3378 1561 3432 multa
1598 3376 1750 3431 caede
1773 3375 1898 3447 jam

250 3475 411 3543 fessi,
446 3472 781 3528 abnuebant
809 3472 936 3527 vitae
973 3470 1389 3541 indulgentiam
1407 3487 1423 3539 ;
1455 3476 1511 3525 et
1541 3469 1726 3525 studio
1760 3485 1896 3541 cap-

252 3570 371 3623 tiva
398 3567 694 3639 mancipia
713 3565 1017 3631 vendendi,
1039 3564 1415 3636 promptiores
1440 3567 1604 3618 erant
1623 3562 1695 3616 ad
1724 3578 1901 3617 reser-

252 3662 507 3718 vandam
534 3661 798 3716 salutem.
827 3658 1063 3713 Plurimi
1092 3657 1335 3724 venales,
1367 3656 1466 3711 sed
1498 3656 1658 3727 pauci
1686 3659 1899 3727 empto-

252 3774 386 3825 res;
440 3754 577 3827 quia
625 3753 865 3809 Romani
916 3751 1130 3807 habere
1182 3751 1241 3805 in
1291 3750 1622 3805 servitutem
1676 3749 1899 3803 Judzeos

250 3849 760 3921 dedignabantur;
790 3862 893 3901 nec
922 3845 1101 3901 Judaei
1132 3848 1491 3916 supererant,
1519 3843 1617 3913 qui
1652 3843 1894 3897 rcdimc-

252 3947 389 3999 rent
419 3958 576 4008 suos,
605 3958 733 3996 cum
770 3957 829 3995 se
864 3939 1107 3995 evasisse
1135 3937 1523 4009 unusquisque
1555 3937 1639 3991 vel
1669 3936 1900 4007 inopem

248 4036 675 4111 gratularetur.
722 4034 932 4109 Passim
984 4034 1177 4104 itaque
1223 4049 1282 4087 se
1326 4030 1627 4086 tradebant
1672 4035 1898 4085 remoto

247 4135 442 4201 metu,
475 4129 751 4202 quoniam
784 4128 1032 4183 latrones
1070 4127 1325 4195 aberant,
1354 4124 1600 4181 Romani
1634 4124 1896 4195 ignosce-

246 4226 421 4281 banL

833 4291 1054 4347 CAPUT
1101 4290 1327 4345 XLVIII.

332 4413 590 4484 Denique
629 4416 685 4466 et
722 4412 882 4465 Jesus
924 4423 1069 4462 unus
1109 4424 1170 4461 ex
1214 4406 1622 4474 sacerdotibus,
1657 4406 1898 4461 Thebuti

247 4508 407 4562 filius
428 4523 490 4561 se
512 4503 746 4571 dedidit,
765 4507 821 4559 et
836 4518 959 4557 vasa
982 4500 1409 4556 sacerdotalium
1432 4499 1896 4568 ministeriorum,

2004 561 2062 615 in
2102 561 2201 616 tali
2226 577 2523 618 versemur
2550 563 2901 631 necessitate,
2938 566 3202 637 refugere
3235 572 3425 621 tamen
3456 566 3631 622 debe-

2005 671 2130 709 mus
2158 655 2294 711 furti
2324 656 2700 713 ministerium
2726 657 2859 729 (67),
2886 661 2943 712 et
2964 659 3243 729 judicium
3273 660 3627 731 proditionis.

2604 753 2824 808 CAPUT
2862 753 3031 807 XLIX.

2072 846 2307 915 Jamque
2337 844 2760 900 insurrexerant
2777 862 3035 917 aggeres,
3058 848 3155 901 sed
3182 853 3236 901 et
3259 847 3425 903 ferire
3453 865 3631 919 ccupe-

2004 942 2131 992 rant
2155 938 2360 993 arietes
2392 956 2620 994 murum
2650 941 3005 1012 superiorem
3036 942 3278 1012 septima
3304 941 3393 996 die
3421 941 3630 997 mensis

2001 1048 2173 1104 quem
2196 1033 2560 1117 Qorpiensem
2582 1034 2688 1105 (68)
2711 1038 3071 1107 nuncupant;
3097 1040 3327 1090 ventum
3351 1036 3419 1090 ad
3439 1052 3631 1107 supre-

2003 1141 2183 1181 mum.
2222 1127 2558 1182 Conturbati
2600 1133 2658 1183 et
2694 1129 2983 1199 perterriti
3023 1130 3129 1201 ipsi
3168 1146 3396 1202 quoque
3429 1130 3628 1184 factio-

2002 1236 2140 1274 num
2166 1221 2451 1291 principes
2470 1222 2647 1293 quiin
2677 1223 2947 1277 extremis
2966 1223 3317 1278 insultabant
3344 1223 3632 1295 periculis,

2004 1314 2244 1385 genibus
2280 1313 2636 1386 singulorum
2672 1316 3139 1384 advolvebantur,
3171 1334 3341 1389 opem
3376 1320 3627 1373 orantes.

2001 1410 2245 1464 Cernere
2274 1415 2412 1478 erat,
2437 1426 2607 1481 quam
2639 1411 2974 1466 miserabilis
3002 1412 3097 1466 illa
3122 1412 3361 1466 mutatio
3391 1413 3536 1467 foret
3561 1428 3630 1466 ex

2002 1501 2097 1556 illo
2124 1502 2366 1557 terribili
2391 1519 2455 1557 ac
2484 1504 2727 1576 superbo
2752 1505 2979 1576 fastigio
3007 1506 3064 1560 in
3095 1506 3239 1561 hanc
3264 1507 3545 1561 humilem
3574 1510 3630 1561 et

2004 1596 2285 1667 plebeiam
2315 1596 2697 1668 dejectionem
2722 1599 2780 1653 in
2806 1600 3105 1671 lacrymas,
3128 1600 3315 1669 fletus,
3339 1616 3627 1672 pavorem.

2001 1690 2254 1746 Necdum
2294 1697 2539 1747 cesserat
2579 1710 2779 1748 murus
2817 1694 2973 1748 urbis
3011 1694 3341 1765 superioris,
3376 1694 3501 1764 jam
3546 1692 3630 1747 illi

2003 1785 2412 1856 percursabant
2446 1785 2717 1857 singulos,
2748 1787 2889 1842 nihil
2926 1804 3217 1859 superesse
3255 1787 3507 1860 praesidii
3537 1788 3626 1841 in-

2003 1879 2400 1950 gemiscentes,
2428 1880 2649 1935 hostem
2683 1881 3006 1953 ingressum
3039 1882 3483 1937 arbitrabantur.
3513 1882 3630 1936 Ple-

2002 1971 2165 2043 rique
2214 1976 2487 2044 tanquam
2536 1974 2659 2046 jam
2714 1974 2783 2030 de
2833 1975 3221 2045 superioribus
3277 1981 3627 2048 pugnantes,

2002 2066 2293 2121 Romanos
2326 2066 2513 2122 videre
2551 2068 2655 2122 sibi
2695 2068 3073 2124 videbantur:
3105 2069 3260 2140 quod
3296 2069 3630 2123 metuebant

2003 2159 2220 2225 animo,
2251 2160 2426 2214 oculis
2453 2161 2912 2232 praetigurabant,
2943 2168 2998 2217 et
3025 2163 3233 2218 mentis
3258 2179 3436 2234 pavor
3460 2162 3633 2217 ﬁebat

2003 2254 2198 2323 imago
2232 2254 2399 2308 visus.
2434 2254 2688 2327 Denique
2728 2272 2830 2327 pro
2866 2262 3017 2311 certo
3047 2257 3169 2326 jam
3202 2256 3421 2312 hostem
3453 2256 3629 2311 cervi-

2000 2346 2159 2400 cibus
2189 2346 2306 2401 suis
2340 2347 2671 2402 incumbere
2709 2349 3023 2415 credentes,
3057 2350 3262 2419 quibus
3298 2350 3486 2405 adhuc
3518 2353 3632 2405 tres

2000 2445 2205 2506 turres,
2246 2440 2550 2496 Mariamne
2589 2445 2646 2496 et
2690 2442 2959 2498 Phaselus
3002 2449 3059 2497 et
3100 2444 3390 2514 Equestris
3430 2459 3627 2514 super-
3682 2434 3688 2443 ’

1999 2536 2184 2599 erant,
2224 2534 2453 2607 caeteris
2483 2534 2779 2589 validiores
2822 2554 2837 2591 :
2882 2535 3266 2590 deseruerunt
3312 2537 3627 2607 superiora,

1998 2624 2394 2696 confugientes
2420 2606 2492 2682 a'd
2524 2628 2786 2700 hypogea
2811 2630 2895 2683 vel
2929 2634 3174 2685 retrusos
3205 2606 3421 2701 specus.
3455 2630 3625 2684 Joan-
3682 2676 3691 2685 κ

2002 2736 2098 2774 nes
2128 2722 2318 2775 tamen
2353 2737 2464 2775 non
2503 2723 2680 2777 multo
2716 2729 2840 2794 post
2875 2724 3028 2778 fame
3058 2723 3283 2778 tabidus
3321 2728 3377 2777 et
3404 2723 3626 2778 confec-

1999 2815 2087 2867 tus
2121 2813 2370 2884 jejunio,
2410 2814 2644 2869 tradidit
2685 2832 2744 2870 se
2790 2816 3016 2884 Cmsari,
3055 2818 3150 2888 qui
3197 2820 3513 2872 reservatus
3558 2818 3628 2871 ad

2002 2906 2376 2976 triumphum,
2401 2908 2495 2962 sed
2524 2910 2812 2980 perpetuis
2834 2909 3071 2964 vinculis
3098 2910 3425 2977 innodatus,
3453 2927 3628 2982 usque

1998 3000 2065 3053 ad
2120 3006 2390 3068 mortem,
2442 3003 2628 3073 magis
2674 3004 2904 3057 trahens
2949 3003 3209 3074 spiritum
3254 3004 3401 3070 vitae,
3451 3021 3625 3074 quam

2001 3093 2173 3147 ullam
2222 3094 2567 3165 voluptatem
2614 3095 2835 3151 vivendi
2883 3104 3168 3168 expertus,
3212 3097 3452 3152 securim
3493 3114 3623 3152 eva-

2000 3187 2091 3241 sit.
2132 3186 2334 3242 Simon
2375 3193 2563 3244 autem
2607 3190 2771 3244 latuit
2812 3191 2985 3245 etiam
3026 3191 3175 3246 intra
3215 3195 3429 3247 exiistaa
3476 3190 3628 3245 urbis

2003 3281 2211 3348 ruinas,
2243 3282 2300 3335 in
2338 3282 2615 3353 hypogeis
2651 3300 2711 3337 se
2740 3300 2868 3338 cum
2906 3286 3101 3356 paucis
3136 3286 3450 3341 recondens
3488 3285 3625 3339 tide-

2000 3374 2249 3429 lioribus.
2274 3377 2399 3430 Jam
2433 3379 2619 3433 Caesar
2657 3378 2989 3434 discesserat
3017 3385 3266 3434 cremata
3301 3379 3441 3435 urbe
3477 3379 3626 3433 testi-

2005 3484 2169 3522 mans
2194 3468 2363 3523 etiam
2396 3468 2685 3524 Simonem
2727 3475 2826 3527 aut
2864 3472 2987 3543 igni
3025 3478 3311 3543 exustum,
3342 3478 3440 3528 aut
3466 3473 3629 3526 ruina

1999 3576 2353 3631 oppressum,
2382 3568 2477 3616 aut
2504 3580 2535 3616 a
2562 3579 2900 3637 quocunque
2928 3566 3156 3621 homine
3186 3566 3298 3637 (69)
3326 3567 3630 3637 interemp-

1998 3660 2139 3709 tum.
2193 3656 2399 3709 Verum
2449 3655 2543 3710 ille
2594 3658 2851 3728 quandiu
2905 3658 3063 3713 cibus
3112 3659 3513 3730 suppeditavit,
3566 3661 3626 3713 in

1998 3747 2234 3802 defossis
2272 3749 2552 3818 specubus
2593 3750 2906 3806 infodiebat
2941 3752 3280 3821 introrsum;
3313 3754 3409 3808 sed
3445 3754 3538 3807 ubi
3571 3757 3629 3806 et

1999 3842 2158 3897 cibus
2208 3841 2442 3908 defecit,
2498 3846 2555 3898 et
2607 3844 2796 3899 nullus
2847 3846 3127 3901 evadendi
3181 3846 3362 3901 exitus
3416 3846 3625 3918 patuit,

1999 3935 2183 3990 subito
2221 3936 2291 3990 ad
2332 3937 2619 4008 superiora
2659 3938 2887 4009 erepsit,
2926 3939 3159 3995 indutus
3193 3943 3345 3995 veste
3383 3939 3628 3995 candida

1998 4033 2056 4084 et
2075 4046 2358 4101 purpureo
2384 4031 2628 4104 desuper
2654 4032 3017 4102 vestimento,
3042 4038 3101 4088 ut
3126 4037 3404 4090 terrorem
3432 4050 3631 4107 quem-

1999 4123 2130 4177 dam
2179 4123 2459 4179 incuteret
2501 4125 2923 4196 aspicientibus.
2967 4126 3076 4192 Qui
3119 4128 3302 4199 primo
3346 4131 3623 4200 stupenti-

1997 4216 2103 4271 bus
2130 4216 2403 4272 militibus
2438 4220 2706 4275 Romanis
2736 4220 2990 4290 mandat,
3018 4224 3083 4276 ut
3111 4222 3181 4277 ad
3217 4222 3423 4279 ducem
3458 4240 3625 4278 suum

2000 4309 2365 4366 deducerent.
2403 4314 2530 4367 Erat
2556 4313 2617 4368 in
2652 4330 2720 4368 eo
2748 4315 2867 4370 loco
2904 4316 3082 4371 Rufus
3111 4317 3425 4386 Terentius,
3453 4334 3626 4391 quem

1997 4402 2154 4459 Titus
2207 4405 2331 4459 loco
2386 4406 2718 4476 prmfectum
2773 4407 2992 4463 militiae.
3047 4409 3447 4481 dereliquerat.
3503 4413 3625 4477 Quo

2000 4496 2339 4553 adveniente
2392 4500 2777 4572 interrogatus
2831 4501 2958 4573 quis
3012 4505 3183 4569 esset,
3240 4504 3425 4575 primo
3478 4505 3623 4572 alia,

247 4601 524 4655 lucernas
566 4597 725 4664 duas,
765 4612 1006 4663 mensas,
1044 4598 1312 4661 crateras,
1352 4592 1571 4665 phialas
1607 4597 1664 4648 et
1706 4583 2127 4663 omniaDpost
2164 4591 2457 4647 Simonem
2499 4592 2785 4647 confessus
2829 4598 2933 4649 est.
2976 4594 3113 4649 Inde
3150 4595 3511 4651 transmissus
3552 4598 3625 4652 ad

247 4711 397 4750 vasa
454 4706 649 4761 aurea,
699 4691 798 4745 sed
844 4694 900 4745 et
946 4688 1409 4760 peripetasmata,
1456 4691 1512 4741 et
1564 4686 1901 4741 indumenta

248 4785 597 4861 principum
642 4782 959 4851 sacerdotii,
1001 4797 1133 4836 cum
1178 4780 1478 4851 lapidibus,
1519 4783 1745 4849 accepta
1788 4780 1899 4833 tide

248 4880 485 4949 salutis,
508 4877 700 4934 volens
724 4876 973 4932 tradidit.
997 4873 1449 4944 Comprehensus
1469 4873 1637 4928 etiam
1661 4872 1901 4928 Phineas

248 4978 461 5031 custos
497 4969 884 5045 gazophylacii
924 4967 1337 5024 demonstravit
1365 4966 1724 5021 sacerdotum
1763 4983 1894 5037 pur-

250 5083 472 5142 puram
516 5067 774 5133 multam,
807 5068 865 5118 et
900 5077 1150 5128 coccum,
1190 5064 1248 5115 et
1284 5059 1396 5114 alia
1436 5059 1730 5130 complura
1770 5075 1899 5130 quae

244 5163 333 5218 ad
364 5176 535 5217 usum
562 5156 1012 5214 reservabantur.
1041 5155 1183 5210 Cum
1208 5152 1416 5225 quibus
1442 5153 1895 5219 cinnamomum,

249 5260 319 5310 et
346 5253 585 5323 casiam,
613 5255 670 5307 et
696 5252 950 5306 aromata
968 5248 1239 5321 plurima,
1268 5251 1325 5301 et
1350 5245 1740 5317 thymiamata,
1770 5262 1900 5301 vasa

247 5365 499 5422 quoque
535 5349 1025 5401 sacramentorum
1065 5342 1274 5408 multa;
1305 5340 1475 5394 etiam
1515 5339 1633 5411 ipse
1663 5339 1900 5394 tradidit

248 5446 320 5497 et
346 5444 560 5497 vestem
581 5442 879 5504 sacratam,
901 5436 999 5491 sed
1022 5440 1243 5491 coactus
1265 5438 1442 5503 metu,
1464 5433 1615 5487 unde
1640 5435 1698 5486 et
1717 5433 1901 5487 venia-

244 5535 381 5592 bile
417 5532 572 5607 apud
601 5548 734 5588 suos
767 5530 1048 5603 ﬂagitium
1087 5527 1224 5595 fuit;
1255 5531 1470 5594 tamen,
1503 5526 1609 5581 etsi
1642 5526 1901 5581 voluntas

249 5628 471 5697 defuit,
494 5628 687 5683 deesse
710 5625 886 5681 virtus
908 5639 1019 5679 non
1043 5620 1257 5678 debuit.
1283 5620 1436 5675 Licet
1462 5619 1799 5692 plerumque
1821 5636 1901 5675 se-

326 5767 429 5829 (66)
470 5768 599 5817 Viri.
630 5767 802 5818 ΒΔΗ.

329 5838 431 5901 (87)
455 5837 622 5887 Facti.
652 5836 780 5887 Mox
809 5832 1064 5884 indicium
1092 5844 1193 5896 pro
1211 5830 1500 5901 judicium.
1534 5829 1614 5880 In.

330 5900 435 5969 (68)
463 5908 551 5960 Al.
585 5907 901 5973 Gorpiwum,
930 5905 1025 5970 qui
1052 5900 1379 5968 September
1406 5900 1569 5952 nobis
1595 5900 1815 5964 dicitur,
1839 5905 1901 5952 ut

2001 4686 2302 4752 Caesarem,
2350 4688 2408 4739 et
2453 4685 2572 4757 ipse
2616 4686 2683 4741 ad
2732 4686 3088 4759 triumphum
3135 4694 3474 4746 reservatus.
3518 4691 3625 4747 Sed

2003 4778 2139 4849 quia
2184 4778 2434 4834 crudelia
2477 4787 2808 4836 exercuerat
2853 4782 2910 4836 in
2957 4783 3125 4852 cives,
3171 4800 3275 4838 nec
3318 4802 3377 4839 se
3421 4786 3625 4841 Caesari

2004 4872 2339 4940 tradiderat,
2374 4876 2500 4945 post
2535 4874 2811 4946 triumphi
2857 4892 3126 4949 pompam
3169 4878 3293 4933 neci
3334 4878 3623 4949 adjudica-

2000 4969 2109 5020 tus.
2138 4967 2341 5022 Octava
2366 4967 2457 5022 die
2484 4968 2727 5040 Gorpimi
2754 4971 2967 5025 mensis
2995 4976 3355 5026 concremata
3383 4975 3463 5026 est
3492 4971 3622 5025 civi-

1999 5064 2105 5115 tas.
2145 5060 2301 5115 Cazsa
2342 5076 2444 5132 per
2484 5078 2659 5117 omne
2700 5068 2931 5135 tempus
2973 5063 3281 5120 obsidionis
3321 5065 3625 5120 innumera

2000 5153 2199 5223 millia,
2239 5155 2424 5210 decies
2462 5162 2701 5211 centena
2737 5156 2913 5212 millia
2945 5158 3033 5229 (cx
3073 5158 3371 5229 myriades,
3411 5164 3473 5212 ut
3501 5159 3623 5229 ple-

1994 5247 2164 5319 rique
2216 5250 2517 5319 asserunt),
2569 5250 2892 5305 Judaeorum
2946 5254 3137 5305 tamen
3194 5250 3473 5317 omnium,
3522 5251 3624 5306 sed

1999 5356 2113 5394 non
2145 5341 2403 5396 omnium
2442 5342 2697 5413 ejusdem
2728 5343 2975 5414 regionis
3010 5349 3067 5397 et
3094 5344 3221 5413 loci,
3255 5344 3390 5415 quia
3418 5361 3487 5399 eo
3520 5361 3623 5399 un-

2002 5432 2175 5504 dique
2218 5440 2608 5491 convenerunt
2654 5441 2911 5507 tempore
2960 5436 3237 5507 paschalis
3283 5436 3623 5493 festivitatis.

2001 5526 2217 5598 Captivi
2248 5529 2471 5584 abducti
2512 5528 2582 5583 ad
2622 5529 2931 5600 nonaginta
2968 5533 3182 5601 septem
3215 5529 3410 5598 millia,
3442 5530 3623 5585 latro-

2000 5634 2103 5675 nes
2141 5637 2322 5692 prope
2364 5637 2565 5676 omnes
2607 5623 2885 5693 perempti
2923 5622 3139 5692 statim;
3188 5623 3286 5696 qui
3325 5622 3627 5680 validiores

2002 5760 2199 5811 Suidas
2225 5760 2383 5811 docet
2431 5761 2510 5811 In.

2061 5831 2159 5894 (69)
2187 5831 2367 5882 Milite.
2402 5832 2479 5883 In.
