4128 6194
505 263 647 319 2303
1970 276 2036 328 'S.
2078 273 2136 330 Al

2235 274 2394 337 KOSII
3719 283 3837 337 2304

504 391 685 455 erant,
720 405 824 460 per
860 389 1221 463 triumphum
1261 394 1435 464 ducti,
1472 398 1668 467 postea
1701 396 1897 453 bestiis
1928 398 2137 469 objecti
2160 398 2585 481 Arebellionis.
2639 399 2955 455 Antiochiae
3011 417 3237 472 quoque
3288 418 3397 463 eos
3438 402 3664 457 vetustis
3715 405 3838 459 odiis

504 482 834 554 caeterisque
867 486 1159 556 suppliciis
1190 487 1322 557 dati,
1352 505 1453 561 per
1478 490 1731 563 singulas
1760 492 1938 547 ferme
1963 493 2136 547 urbes

505 592 620 647 qua
645 576 754 631 iter
780 578 987 650 agebat
1014 581 1187 649 Titus,
1220 588 1279 636 ut
1314 599 1415 653 per
1440 585 1731 641 universos
1760 586 2136 643 rebelliouum

507 670 782 742 supplicio
813 677 1037 730 metum
1065 682 1376 747 spargeret.

1161 770 1381 826 CAPUT
1420 772 1479 826 L.

579 861 686 914 Per
722 861 874 916 idem
917 868 1140 935 tempus
1177 866 1361 932 Alani,
1396 882 1533 937 gens
1569 868 1689 923 fera
1727 874 1782 922 et
1816 869 1910 924 diu
1942 870 2138 941 ignota

507 953 736 1022 nostris,
793 957 944 1027 quod
999 958 1336 1015 interiorum
1389 961 1641 1017 locorum
1692 962 2025 1018 difﬁcultate
2079 970 2138 1019 et

504 1048 748 1103 claustro
804 1055 981 1121 portm
1034 1053 1233 1109 ferreas
1289 1071 1463 1126 quam
1515 1072 1761 1128 magnus
1814 1058 2136 1113 Alexander

408 1218 412 1223 ι
503 1149 792 1214 praerupto
822 1146 991 1201 Tauri
1022 1148 1227 1203 montis
1256 1148 1528 1220 imposuit
1557 1150 1723 1222 jugo,
1755 1167 1884 1206 cum
1916 1152 2138 1206 castoris

505 1236 639 1291 feris
666 1243 721 1292 et
749 1238 1044 1295 indomitis
1068 1241 1377 1297 introrsum
1409 1244 1674 1314 gentibus
1703 1244 2133 1300 cohibebantur.

506 1331 833 1387 Iucolebant
873 1335 1193 1405 Scythicum
1231 1337 1468 1392 Tanaim
1511 1338 1867 1411 ﬁnitimaque
1917 1340 2038 1412 ejus
2082 1343 2139 1395 et

506 1425 778 1481 Maeotidis
830 1428 1098 1498 paludes,
1155 1431 1309 1485 velut
1370 1433 1615 1502 quodam
1678 1433 1847 1488 clausi
1910 1450 2136 1489 carcere

507 1521 810 1574 memorati
849 1521 1080 1593 ingenio
1112 1524 1280 1595 regis,
1316 1529 1379 1580 ut
1408 1544 1539 1581 suas
1579 1530 1754 1582 terras
1791 1532 2134 1596 exercerent,

505 1613 718 1668 alienas
760 1631 876 1670 non
928 1617 1304 1673 iucursarent.
1351 1619 1460 1674 Sed
1506 1620 1619 1675 sive
1669 1621 1740 1675 ob
1786 1620 2136 1677 sterilitatem

507 1706 782 1777 locorum,
811 1711 960 1781 quod
987 1712 1136 1766 avari
1175 1713 1315 1766 votis
1354 1713 1617 1785 agricolae
1648 1717 1873 1786 sperata
1901 1716 2137 1769 culturae

509 1817 624 1856 non
669 1804 1043 1874 responderet
1078 1806 1413 1875 fecunditas,
1447 1809 1563 1863 sive
1592 1785 1879 1880 praedandi
1913 1808 2132 1880 cupidi-
2158 1785 2213 1857 B

508 1898 625 1952 tate
661 1912 857 1968 regem
892 1900 1283 1968 Hyrcanorum
1321 1901 1421 1972 qui
1458 1901 1596 1956 locis
1635 1906 1897 1973 praserat,
1928 1903 2133 1957 sollici-

508 1994 724 2058 tarunt,
767 1992 1027 2062 pretioue
1076 2010 1148 2048 an
1196 1994 1527 2051 defensione
1576 1998 1685 2067 (70)
1731 1996 2035 2063 incertum,
2079 2001 2140 2052 ut

510 2088 761 2139 reserata
796 2089 983 2156 porta,
1017 2088 1336 2159 eruptionis
1373 2089 1481 2144 sibi
1512 2090 1731 2161 copiam
1766 2091 1929 2146 daret
1969 2110 1982 2145 :
2023 2108 2138 2163 quo

512 2177 841 2250 impetrato,
883 2180 1146 2236 infudere
1190 2198 1248 2237 se
1289 2183 1443 2254 genti
1481 2184 1805 2253 Medorum;
1851 2190 1902 2239 et
1954 2185 2135 2256 impe-

513 2271 672 2325 tratis
711 2272 866 2328 brevi
905 2274 1190 2329 velocibus
1228 2278 1390 2347 equis
1430 2280 1485 2332 et
1513 2277 1635 2331 aliis
1666 2278 1877 2348 pariter
1902 2278 1971 2333 ad
2004 2278 2136 2333 dex-

513 2366 694 2420 teram
726 2367 915 2437 nexis;
950 2368 1009 2421 in
1050 2385 1193 2440 quos
1231 2387 1333 2441 per
1372 2370 1518 2425 vices
1557 2387 1684 2426 cum
1725 2371 1874 2427 foret
1910 2372 2138 2427 libitum

509 2458 835 2527 desilirent,
884 2466 1062 2517 totam
1122 2480 1300 2535 prope
1358 2464 1656 2536 regionem
1709 2481 2136 2537 percursavere;

512 2555 575 2606 ut
612 2553 794 2623 primo
834 2557 1235 2626 perturbarent
1262 2559 1457 2613 omnia
1492 2558 1836 2632 majortsque
1874 2561 2136 2615 multitu-

510 2646 661 2701 dinis
695 2650 945 2719 speciem
986 2650 1212 2720 darent,
1245 2652 1513 2707 adversus
1546 2669 1723 2724 quam
1762 2654 1951 2708 nullus
1985 2655 2138 2725 fugas

509 2741 663 2795 locus
691 2748 942 2812 vacaret;
971 2745 1177 2800 deinde
1206 2746 1610 2802 circumventis
1641 2747 1928 2817 omnibus,
1955 2765 2135 2819 quan--

508 2837 625 2889 tam
652 2836 880 2906 vellent,
910 2843 1101 2909 strage
1130 2839 1298 2907 edita,
1321 2840 1577 2912 praedam
1607 2841 1979 2897 abducerent.
2008 2842 2140 2897 Erat

509 2929 666 2984 enim
707 2931 866 3002 regio
904 2933 1114 3004 pOpulo
1151 2933 1424 3005 frequens
1463 2940 1518 2989 et
1558 2936 1780 3007 pecoris
1817 2936 2135 3002 abundans,

507 3040 635 3093 quae
665 3025 820 3080 nullo
851 3027 1148 3082 resistente
1176 3027 1343 3083 facile
1374 3028 1559 3100 patuit
1593 3029 1917 3101 direptioni.
1952 3029 2135 3101 Siqui-

2239 493 2465 563 gentilis
2505 492 2746 564 populus
2786 494 3200 562 insectabatur;
3242 512 3306 550 eo
3345 496 3494 567 quod
3534 512 3693 567 reges
3724 499 3837 553 Per-

2238 602 2430 641 sarum
2472 603 2598 658 qua:
2636 588 2707 642 de
2750 587 3257 659 Ilierosolymitaua
3293 588 3433 644 urbe
3473 589 3701 645 donaria
3726 592 3837 662 jure

2237 680 2491 735 victoriae
2518 681 2958 750 vindicaverant,
2988 682 3294 755 synagogis
3321 683 3677 738 contulerant
3704 701 3716 738 :
3745 688 3837 740 An-

2236 774 2520 829 tiocheuis
2562 775 2632 831 de
2673 791 2774 831 suo
2817 792 3042 849 quoque
3087 776 3198 832 alia
3243 776 3451 848 largiti.
3497 778 3684 849 Itaque
3721 795 3837 833 con-

2239 870 2413 937 gestae
2465 884 2598 939 Opes
2650 868 2919 923 invidiam
2971 869 3131 924 facile
3182 885 3436 925 movere.
3482 871 3619 924 Nam
3662 876 3715 924 ut
3763 872 3839 925 illa

2238 978 2390 1016 nunc
2422 962 2754 1017 omittamus
2795 979 2924 1035 qua:
2961 963 3261 1019 adversum
3298 964 3641 1021 Machabzeos
3676 981 3838 1035 gesse-

2238 1055 2355 1109 rint
2380 1056 2677 1111 sacerdotii
2705 1056 3127 1128 competitores,
3156 1062 3212 1114 et
3239 1062 3472 1129 quantae
3498 1056 3634 1112 cladi
3661 1058 3841 1113 civium

2236 1149 2410 1205 fuerit
2449 1150 2705 1219 ambitio,
2746 1150 2891 1206 sicut
2933 1168 3105 1222 supra
3149 1151 3625 1221 memoravimus;
3669 1153 3838 1208 Antio-

2237 1243 2376 1298 chus
2422 1248 2617 1315 postea
2652 1261 2768 1299 non
2804 1244 3038 1316 ignobili
3078 1261 3291 1316 genere
3331 1250 3514 1312 ortus,
3560 1244 3655 1300 sed
3691 1245 3838 1300 mori-

2236 1337 2342 1392 bus
2394 1337 2669 1408 perditus,
2716 1337 2906 1393 afﬁcto
2954 1339 3195 1394 crimine
3243 1339 3402 1411 quod
3447 1339 3624 1395 Judazi
3670 1340 3843 1395 urbem

2237 1432 2596 1486 Antiochiam
2638 1432 2902 1487 incendio
2950 1449 3187 1488 exurere
3231 1432 3722 1504 conspiravissent,
3758 1450 3841 1503 pa-

2239 1532 2384 1580 trem
2415 1525 2732 1597 proprium,
2763 1526 2862 1598 qui
2892 1532 3036 1582 esset
3061 1527 3130 1583 de
3155 1527 3483 1582 Judaeorum
3512 1526 3841 1597 primoribus,

2237 1622 2294 1673 et
2322 1619 2621 1691 plerosque
2653 1619 2791 1674 alios
2819 1620 3176 1675 insimulatus
3214 1620 3446 1692 gentilis
3483 1620 3689 1691 impetu
3720 1620 3841 1674 mul-

2241 1712 2528 1780 titudinis,
2584 1714 2652 1769 ad
2712 1720 2961 1770 mortem
3016 1713 3218 1785 coegit.
3275 1716 3387 1769 Nec
3447 1730 3516 1770 eo
3572 1712 3843 1784 parricidio

2242 1805 2669 1879 multorumque
2706 1807 2861 1862 caede
2892 1813 3247 1862 exsaturatus
3281 1806 3519 1879 quievit,
3549 1806 3642 1861 sed
3678 1810 3844 1877 postea

2241 1916 2472 1972 quoque
2511 1904 2707 1955 nactus
2744 1900 3092 1970 facultatem,
3132 1901 3283 1973 quod
3324 1900 3566 1956 fortuito
3610 1900 3843 1954 incendio

2241 1994 2539 2062 acciderat,
2588 1994 2845 2065 ejusdem
2887 1995 3042 2049 urbis
3084 1996 3355 2066 porticus,
3405 2000 3461 2049 et
3510 1997 3839 2065 tetragouam

2240 2089 2491 2159 plateam
2543 2088 2962 2160 maximamque
3026 2092 3251 2160 partem
3310 2087 3680 2145 aedificiorum
3739 2104 3843 2141 cre-

2242 2182 2406 2251 mari,
2430 2182 2626 2237 fraude
2653 2183 2939 2256 praedictae
2966 2182 3392 2254 conjurationis,
3421 2182 3630 2237 iterum
3656 2181 3844 2236 Iudaeos

2240 2292 2447 2347 urgere
2478 2277 2647 2348 coepit
2678 2281 2849 2348 atque
2878 2276 3182 2344 incessere,
3214 2293 3280 2332 ac
3306 2293 3560 2349 propere
3590 2276 3846 2331 universo-

2240 2386 2368 2425 rum
2395 2374 2644 2443 stragem
2669 2370 2916 2439 fecisset,
2952 2370 3060 2425 nisi
3087 2371 3408 2427 advenienti
3440 2370 3563 2426 Tito
3589 2372 3844 2425 reservata

2239 2465 2492 2536 cognitio
2535 2464 2704 2532 foret,
2742 2467 2904 2519 metu
2947 2481 3019 2520 ne
3057 2465 3244 2520 Caesar
3286 2470 3564 2537 usurpato
3601 2464 3843 2535 plurimo-

2238 2575 2365 2614 rum
2403 2557 2680 2631 supplicio
2713 2564 3189 2614 commoveretur.
3221 2560 3294 2617 Ea
3332 2575 3428 2614 res
3463 2558 3667 2615 Judazis
3704 2554 3848 2611 saluti

2238 2651 2362 2708 fuit.

2866 2723 3091 2779 CAPUT
3129 2724 3243 2777 LII.

2309 2841 2578 2895 Massadte
2617 2855 2847 2912 quoque
2882 2839 3111 2911 plurimi
3144 2855 3203 2894 se
3236 2839 3568 2895 Iudaeorum
3600 2839 3723 2894 freti
3757 2837 3846 2893 loci

2240 2935 2559 2990 munimine
2602 2949 3039 3005 congregavere,
3073 2934 3244 3005 cujus
3291 2932 3657 3005 expugnandi
3696 2948 3845 3003 nego-

2238 3029 2383 3085 tium
2414 3028 2566 3084 Titus
2596 3028 2899 3100 iudiguum
2935 3028 3237 3082 arbitratus
3268 3027 3426 3099 quod
3462 3028 3843 3100 imperatorem

507 3118 637 3172 dem
682 3118 799 3190 ipse
846 3121 1085 3175 Pacorus
1132 3121 1422 3177 Medorum
1466 3138 1566 3177 rex
1614 3123 1672 3177 in
1716 3123 1977 3179 abstrusa
2020 3125 2138 3179 loca
2159 3155 2214 3229 C
2238 3127 2483 3190 teneret,
2522 3122 2687 3194 Syllae
2727 3121 2837 3192 (72)
2879 3121 3184 3190 mandavit,
3216 3121 3309 3176 cui
3349 3137 3637 3176 summam
3677 3120 3729 3175 in
3766 3119 3842 3174 iis-

507 3229 567 3267 se
608 3213 867 3284 contulit,
909 3214 1079 3270 saluti
1124 3215 1312 3287 potius
1359 3232 1532 3287 quam
1578 3233 1756 3287 regno
1802 3218 2132 3287 consulens;

508 3305 582 3359 ita
623 3312 684 3361 ut
724 3322 864 3361 uxor
902 3309 1023 3379 ejus
1058 3325 1122 3362 ac
1162 3308 1326 3363 liberi
1369 3326 1434 3364 ac
1477 3311 1803 3366 concubinae
1846 3315 2027 3383 captaa
2067 3313 2136 3367 ab

507 3401 720 3468 Alanis,
764 3406 994 3458 centum
1038 3402 1265 3457 talentis
1308 3408 1502 3474 postea
1548 3405 1982 3461 redimerentur.
2026 3407 2136 3461 Nec

507 3493 798 3564 Tyridates
832 3496 1111 3551 Armeniae
1148 3512 1245 3551 rex
1280 3497 1555 3552 immunis
1594 3499 1705 3553 fuit
1745 3499 2006 3571 periculi,
2041 3501 2135 3554 sed

507 3587 693 3643 alieno
736 3588 890 3644 malo
931 3590 1174 3657 cautior,
1216 3582 1430 3663 pestem
1470 3591 1732 3663 praevidit
1764 3609 1776 3647 :
1811 3598 1866 3647 et
1900 3592 2138 3647 viriliter

507 3681 742 3754 quidem
781 3683 959 3739 voluit
997 3701 1312 3755 occurrere,
1354 3691 1475 3740 uta
1509 3686 1716 3741 finibus
1753 3687 1869 3741 suis
1908 3686 2135 3742 hostem

506 3782 808 3832 averteret.
853 3778 996 3833 Dum
1040 3778 1333 3850 prmliatur
1370 3784 1581 3847 tamen,
1622 3780 1825 3851 laqueo
1867 3780 2133 3847 insertus,

506 3869 564 3924 in
603 3874 946 3942 potestatem
984 3872 1231 3927 hostium
1265 3872 1421 3927 vivus
1455 3879 1820 3943 concesserat,
1861 3874 1917 3928 ui
1952 3891 2130 3946 praea-

505 3970 633 4018 cuto
660 3965 846 4036 gladio
870 3965 1087 4021 nodum
1115 3966 1422 4022 informem
1450 3968 1717 4023 velociter
1737 3968 2130 4025 intercidisset.

505 4058 642 4112 Nam
684 4059 987 4114 insolentia
1017 4060 1260 4132 quadam
1300 4061 1548 4133 propriae
1591 4061 1939 4117 fortitudinis
1979 4068 2035 4116 et
2076 4063 2133 4117 iu

503 4154 738 4206 caeteros
775 4152 1047 4224 despectu
1075 4154 1338 4226 superbo,
1367 4155 1535 4209 simul
1564 4158 1627 4209 ut
1657 4155 1990 4211 familiarem
2029 4155 2134 4211 sibi

506 4245 732 4300 eminus
770 4246 1119 4302 decernendi
1156 4248 1652 4316 consuetudinem,
1697 4250 2135 4321 refugiendique

504 4339 827 4396 facultatem
876 4340 991 4413 (7t)
1040 4342 1242 4398 fraude
1296 4343 1390 4396 tali
1442 4346 1849 4413 praetexerent;
1904 4345 2135 4414 laqueos

498 4434 690 4504 jacere
730 4438 900 4508 atque
942 4436 1162 4492 hostem
1208 4437 1516 4503 innectere,
1559 4453 1651 4491 ars
1688 4436 1874 4491 Alanis
1912 4437 2131 4492 bellan-

505 4527 677 4601 dique
709 4545 833 4585 mos
863 4534 965 4586 est.

1156 4602 1378 4657 CAPUT
1404 4603 1486 4657 LI.

575 4718 742 4789 Fugit
784 4718 975 4790 itaque
1018 4718 1329 4789 Tyridates,
1373 4720 1463 4773 cui
1506 4719 1747 4774 evasisse
1792 4720 1926 4774 satis
1971 4718 2078 4773 fuit
2120 4737 2130 4774 :

504 4828 754 4884 regnum
783 4815 975 4867 autem
1012 4828 1178 4866 suum
1220 4812 1679 4884 depopulandum
1713 4813 1960 4884 reliquit.
1994 4814 2133 4867 Nam

503 4906 663 4976 quasi
706 4909 933 4977 accepta
977 4905 1190 4977 injuria
1237 4906 1391 4977 quod
1440 4906 1707 4977 congredi
1752 4923 1922 4961 ausus
1966 4907 2131 4973 foret,

502 5000 899 5055 vehementius
930 5000 1275 5068 Armeniam,
1309 5015 1482 5071 quam
1519 5000 1712 5055 Mediae
1753 5016 1997 5072 regnum
2037 5000 2132 5056 de-

503 5097 887 5150 vastaverunt.
920 5093 1108 5166 Opimi
1146 5094 1337 5165 itaque
1384 5094 1677 5165 utriusque
1714 5094 1878 5165 regni
1920 5094 2132 5165 spoliis,

504 5189 577 5245 ad
636 5189 867 5260 propria
921 5204 1216 5243 recursum
1270 5188 1474 5243 fecere.
1531 5188 1786 5252 Quorum
1841 5190 2136 5260 comperta

506 5282 848 5350 incursione,
893 5282 1049 5337 Titus
1091 5281 1453 5337 Antiochiam
1507 5282 1806 5338 contendit
1857 5298 1870 5336 :
1922 5282 2133 5337 sensim

506 5379 717 5443 tamen,
750 5383 813 5431 ut
844 5376 1323 5448 triumphatorem
1364 5375 1625 5443 decebat,
1654 5390 1999 5446 causamque
2030 5375 2136 5430 dis-

507 5467 810 5537 simulans,
865 5485 969 5541 per
1020 5469 1275 5541 singulas
1336 5469 1505 5523 urbes
1564 5484 1832 5540 pompam
1887 5468 2138 5523 celebrat

506 5558 776 5615 victoriae.
808 5563 1242 5618 Perimebantnr
1270 5563 1327 5618 in
1359 5579 1529 5618 arena
1559 5561 1762 5632 Judaei,
1792 5577 2137 5634 quacunque

507 5653 839 5723 pergebant,
867 5670 930 5708 ac
957 5655 1245 5712 dilacerati
1277 5675 1310 5711 a
1336 5656 1554 5723 bestiis,
1584 5655 1906 5727 pendebant
1935 5654 2137 5709 merita

575 5772 672 5831 (70)
692 5771 817 5822 νει.
845 5775 1082 5837 exempl.
1113 5776 1433 5827 dissensione
1457 5777 1593 5827 inter
1616 5790 1669 5826 se
1683 5776 1931 5840 gentium.
1955 5776 2135 5828 ΒΑΜ.

578 5841 673 5903 (7t)
705 5840 1048 5891 Facililotom.
1084 5844 1162 5893 Io.

2240 3216 2373 3271 dem
2399 3215 2534 3271 locis
2560 3215 2779 3271 militiae
2805 3217 3100 3282 Romanae,
3125 3214 3483 3287 cavendique
3513 3232 3585 3271 ne
3609 3214 3739 3287 quid
3764 3214 3846 3267 ite-

2239 3326 2368 3364 rum
2406 3308 2736 3364 rebellionis
2773 3310 3040 3378 oriretur,
3069 3307 3458 3365 commiserat.
3488 3311 3609 3380 Ipse
3635 3307 3841 3363 Alexan-

2239 3404 2423 3459 driam
2465 3403 2782 3472 contendit,
2812 3408 2867 3459 et
2900 3403 3033 3458 inde
3075 3403 3301 3474 navigio
3332 3391 3575 3458 Romam
3606 3399 3840 3457 transmi-

2237 3496 2329 3552 sit.
2374 3496 2525 3568 Sylla
2570 3497 2833 3568 gnaviter
2873 3496 3133 3551 insistens
3170 3495 3431 3568 injuncto
3477 3496 3581 3551 sibi
3622 3490 3842 3559 muneri,

2234 3591 2502 3647 Massadaa
2554 3606 2786 3645 murum
2842 3590 3019 3645 ariete
3070 3589 3339 3645 dissolvit.
3394 3590 3483 3644 Illi
3535 3589 3839 3644 interiorem

2235 3686 2394 3756 ligno
2449 3700 2843 3756 composuere,
2895 3700 2962 3738 eo
3013 3683 3163 3756 quod
3217 3684 3291 3738 ad
3349 3683 3675 3756 hujusmodi
3719 3682 3840 3736 ictus

2239 3778 2836 3833 machinamentorum
2866 3778 3100 3832 muralis
3134 3776 3405 3833 materies
3437 3777 3605 3833 facile
3640 3791 3745 3832 non
3770 3790 3837 3828 ce-

2237 3873 2419 3927 deret.
2450 3872 2558 3928 Sed
2588 3871 2847 3941 Romani,
2878 3874 3096 3926 mutato
3124 3871 3376 3927 bellandi
3412 3887 3641 3943 genere,
3670 3870 3836 3941 ignem

2229 3967 2443 4037 jecere,
2477 3965 2574 4037 qui
2605 3969 2662 4020 et
2685 3965 2849 4020 facile
2879 3965 3039 4035 ligno
3064 3964 3312 4032 inhaesit,
3339 3968 3398 4019 et
3427 3965 3548 4020 sine
3580 3965 3691 4020 ulla
3716 3961 3835 4017 ado-

2236 4059 2371 4115 levit
2392 4076 2573 4114 mora.
2598 4059 2829 4130 Magnus
2856 4058 3049 4130 itaque
3071 4058 3298 4113 adultus
3323 4058 3593 4114 incendio
3618 4057 3835 4113 flamma.

2234 4153 2526 4208 ferebatur
2566 4152 2777 4223 fragor,
2820 4151 2919 4223 qui
2959 4153 3213 4222 primum
3253 4151 3443 4206 boreae
3487 4149 3775 4223 spiramine
3810 4163 3838 4200 a

2237 4245 2573 4302 munitionis
2622 4245 2877 4317 partibus
2930 4245 3333 4316 repellebatur,
3380 4251 3439 4299 et
3483 4247 3836 4301 Romanorum

2240 4340 2423 4411 magis
2462 4340 2654 4394 vineas
2696 4339 2991 4394 exurebat.
3020 4338 3256 4406 Deinde,
3297 4342 3498 4394 exorto
3535 4337 3655 4394 noti
3688 4336 3837 4407 spira-

2237 4435 2413 4502 mine,
2443 4434 2501 4488 in
2530 4433 2828 4488 castellum
2857 4448 2977 4487 sese
3003 4432 3249 4500 retorsit,
3284 4432 3360 4486 ita
3397 4437 3465 4488 ut
3497 4431 3837 4501 conﬂagraret

2152 4522 2213 4595 D
2238 4528 2423 4584 omnis
2462 4528 2555 4582 ille
2598 4527 2823 4598 ligneus
2865 4526 3100 4581 muralis
3142 4526 3393 4597 objectus
3438 4525 3683 4581 materia:
3723 4538 3834 4576 coa-

2234 4627 2495 4694 sumptae.
2524 4620 2784 4689 Romani,
2812 4619 3082 4692 quoniam
3108 4635 3218 4674 uox
3247 4619 3651 4688 intervenerat,
3677 4612 3832 4671 securi

2233 4716 2484 4772 victoriae
2517 4716 2578 4770 in
2611 4720 2792 4769 castra
2823 4731 2947 4770 sese
2985 4718 3342 4785 receperant,
3373 4718 3439 4769 ut
3475 4710 3725 4784 sequenti
3755 4707 3829 4761 die

2236 4810 2474 4865 nudatos
2512 4809 2633 4881 jam
2675 4814 2847 4882 atque
2897 4808 3055 4863 omni
3106 4811 3307 4862 exutos
3358 4807 3620 4878 praesidio
3664 4801 3827 4860 debel-

2234 4905 2437 4959 larent.
2480 4903 2587 4959 Sed
2631 4919 2704 4957 ne
2747 4903 2872 4974 quis
2914 4901 3255 4967 elaberetur,
3296 4900 3523 4956 intextis
3566 4896 3829 4954 castellum

2235 4997 2500 5052 custodiis
2536 4996 3118 5052 circumvallaverunt.

2853 5089 3074 5145 CAPUT
3114 5088 3244 5143 LIII.

2306 5184 2620 5257 Desperatis
2656 5184 2848 5255 itaque
2882 5183 3051 5239 rebus
3089 5183 3409 5252 Eleazarus,
3440 5183 3634 5236 auctor
3662 5174 3826 5231 turba-

2235 5295 2385 5347 rum,
2439 5278 2634 5332 videns
2690 5276 2771 5331 nil
2824 5275 3075 5348 praesidii
3126 5291 3438 5347 superesse,
3495 5286 3713 5328 exorsus
3760 5268 3829 5319 est

2235 5388 2583 5438 sermonem,
2634 5387 2808 5442 quem
2862 5386 2966 5425 nos
3016 5370 3175 5441 quasi
3229 5370 3514 5441 epilogum
3559 5360 3825 5437 quemdam

2234 5465 2549 5521 claudendo
2577 5464 2733 5536 cperi
2766 5463 3202 5535 deplorabilem,
3233 5478 3394 5518 more
3432 5457 3704 5516 rhetorico
3730 5466 3823 5506 non

2235 5558 2725 5631 praetermisimus.
2781 5557 2931 5622 Quid
2986 5557 3239 5629 agimus,
3289 5552 3689 5619 Abrahamitte,
3738 5544 3824 5598 Viri

2238 5669 2419 5724 genus
2449 5654 2661 5724 regale,
2690 5650 3051 5707 sacerdotalis
3092 5651 3291 5722 gratiae
3328 5649 3531 5704 virtute
3567 5646 3823 5713 insupera-

2299 5775 2396 5838 (72)
2434 5775 2558 5826 νει.
2600 5773 2778 5825 codex
2819 5773 2987 5824 Siloa.
3020 5772 3301 5837 Josephus
3329 5772 3392 5822 de
3426 5768 3551 5821 Bell.
3577 5765 3714 5823 lui,
3740 5759 3817 5812 lib.

2236 5858 2339 5909 vn,
2362 5859 2481 5910 cap.
2512 5846 2598 5908 38,
2623 5844 2810 5910 Sylva.
2840 5844 2919 5894 ID.
