4032 6194
245 347 385 405 2305

1271 348 1357 405 DE
1398 347 1667 405 EXCIDIO
1709 345 1907 404 URBIS
1947 345 2303 401 HIEROSOL.
2346 346 2471 401 LIB.
2518 348 2575 400 ν.

3474 353 3612 407 2306

243 470 422 526 biles?
452 486 569 526 non
602 469 756 525 enim
798 488 865 526 ex
908 477 1113 527 eventu
1150 473 1400 528 victoriae
1436 490 1564 545 quae
1605 473 1871 543 frequen-
1899 468 2046 553 Aad
2101 485 2270 524 usum
2317 469 2618 523 redundet.
2672 470 2737 523 Et
2785 470 2932 540 quod
2982 470 3207 542 corpori
3261 471 3453 539 donat,
3500 471 3609 526 sibi

244 570 332 618 ter
374 565 588 620 incerta
634 569 742 634 est,
785 564 885 619 sed
919 583 987 621 ex
1026 567 1303 638 propositi
1349 566 1667 622 constantia
1699 566 1877 619 virtus

245 662 550 729 spectatur.
585 658 745 714 Unde
772 660 1052 730 conjicere
1084 660 1289 732 liquet,
1317 663 1449 732 quia
1476 662 1698 716 hostem
1740 661 1872 715 sub-

236 752 421 821 jicere
449 753 614 807 sortis
640 757 742 821 est,
781 770 895 808 non
940 758 1163 809 mutare
1193 762 1447 810 mentem
1480 755 1703 810 virtutis
1733 771 1871 818 esse,

240 846 378 899 Iure
431 845 608 917 igitur
660 847 1071 919 insuperabiles
1115 865 1214 904 vos
1264 849 1541 919 dixerim,
1594 848 1641 903 si
1690 848 1877 903 nullus

242 939 433 994 adhuc
468 956 567 994 vos
606 941 808 996 mortis
849 943 1042 997 vicerit
1085 949 1293 999 metus.
1336 943 1448 999 Sed
1502 960 1614 998 non
1658 945 1739 998 ita
1781 959 1876 997 vos

242 1036 413 1104 pater
455 1033 699 1089 instituit
742 1035 1065 1091 Abraham:
1097 1037 1195 1108 qui
1230 1038 1289 1091 in
1329 1036 1445 1091 filio
1485 1038 1657 1092 unico
1684 1037 1877 1092 docuit

240 1143 362 1182 non
398 1131 640 1183 mortem
668 1128 812 1199 ejus,
845 1130 945 1183 sed
986 1130 1476 1187 immortalitatem
1517 1131 1790 1200 futuram,
1829 1130 1875 1185 si

240 1238 349 1292 pro
381 1221 661 1292 religione
690 1223 1102 1279 immolaretur.
1135 1225 1277 1289 Quid
1305 1225 1513 1280 Josiam
1544 1227 1873 1297 praedicem,

241 1331 360 1387 quo
378 1331 551 1370 nemo
574 1315 682 1370 fuit
709 1316 912 1372 melior
940 1317 1221 1389 interpres
1249 1319 1558 1390 religionis,
1587 1323 1877 1391 contemp-

236 1414 336 1464 tor
373 1410 597 1477 mortis,
632 1416 883 1467 assertor
915 1411 1236 1468 libertatis?
1276 1413 1529 1485 Namque
1582 1414 1626 1468 is
1666 1413 1724 1468 in
1777 1413 1875 1469 illo

236 1506 516 1575 suggestu
542 1503 727 1575 regali
756 1505 970 1560 locatus
993 1506 1083 1560 cui
1110 1507 1308 1562 liceret
1328 1506 1561 1563 differre
1594 1513 1873 1575 mortem;

235 1600 434 1652 tamen
461 1598 595 1669 quia
622 1597 846 1654 videbat
885 1603 1121 1671 propter
1152 1607 1381 1672 peccata
1416 1601 1607 1673 gravia
1637 1601 1870 1672 captivi-

239 1693 419 1746 tatem
451 1691 633 1763 plebis
656 1692 827 1747 Israel
848 1693 1118 1761 futuram,
1145 1694 1296 1758 bello
1323 1712 1383 1750 se
1411 1695 1600 1751 alieno
1626 1695 1872 1764 miscuit,

236 1786 421 1839 vitam
459 1786 688 1857 refugit.
732 1786 1027 1842 Clamabat
1067 1788 1287 1843 Nechao
1329 1806 1342 1842 ε
1386 1790 1557 1844 «Non
1607 1790 1875 1845 adversus

236 1882 295 1933 te
356 1879 563 1934 missus
625 1896 780 1945 sum,
837 1881 936 1935 sed
991 1880 1257 1936 adversus
1314 1898 1510 1954 regem
1582 1884 1749 1938 Israel
1807 1852 1951 1953 (IIB

234 1974 454 2039 Pural.,
480 1990 641 2041 xxxv,
668 1976 757 2039 2|,
779 1974 867 2044 23)
894 1992 906 2027 :
937 1974 1035 2029 ille
1058 1981 1254 2030 tamen
1291 1992 1407 2031 non
1439 1976 1595 2047 prius
1625 1978 1870 2040 recessit,

234 2082 417 2138 quam
464 2066 735 2121 lethalem
780 2068 1001 2139 sagittae
1042 2070 1220 2124 ictum
1263 2070 1500 2124 subiret.
1544 2071 1666 2135 Quo
1718 2071 1875 2126 fusus

232 2160 498 2227 vulnere,
544 2159 760 2215 indicio
801 2161 968 2216 nobis
1014 2166 1119 2231 est,
1173 2166 1363 2217 utrum
1408 2164 1465 2218 iu
1506 2164 1656 2219 bello
1698 2166 1873 2220 meri-

234 2260 382 2324 tum,
419 2269 492 2307 an
539 2270 697 2309 casus
723 2255 1142 2326 praeponderet.
1184 2257 1373 2311 Victus
1400 2262 1484 2313 est
1512 2257 1689 2313 Josias
1719 2259 1871 2331 prio-

234 2364 366 2402 rum
421 2347 533 2418 (73)
607 2349 962 2404 instaurator
1023 2366 1312 2405 sacrorum
1377 2369 1390 2405 :
1454 2352 1583 2407 vicit
1650 2353 1873 2409 Nechao

236 2441 500 2497 omnium
531 2442 995 2498 sceleratissimus
1025 2460 1038 2498 :
1071 2443 1173 2499 sed
1198 2443 1294 2499 ille
1323 2444 1523 2515 victus,
1552 2464 1705 2501 nunc
1744 2464 1873 2502 cum

240 2536 466 2607 angelis
503 2539 608 2604 est,
640 2536 729 2591 hic
758 2536 936 2592 victor
963 2538 1024 2592 in
1056 2538 1369 2609 suppliciis.
1402 2540 1536 2604 Quis
1567 2542 1718 2595 enim
1772 2558 1871 2595 ne-

244 2629 368 2697 scit,
396 2646 510 2684 non
547 2630 605 2685 in
644 2630 749 2685 hac
785 2631 903 2686 vita
930 2632 1242 2703 repositam
1269 2649 1392 2687 esse
1423 2634 1747 2689 mercedem
1778 2635 1875 2689 ho-

251 2724 511 2793 minibus,
548 2723 645 2779 sed
674 2730 799 2795 post
834 2725 1006 2796 hujus
1043 2725 1461 2782 absolutionem
1510 2727 1875 2783 certaminis?

248 2818 340 2872 Hic
382 2817 538 2872 enim
565 2818 872 2887 currimus,
927 2824 988 2874 ut
1034 2818 1147 2874 illic
1179 2819 1253 2875 ad
1294 2822 1547 2891 palmam
1577 2821 1870 2892 pervenia-

241 2928 368 2966 mus
405 2931 421 2967 :
464 2912 555 2967 hic
599 2918 921 2979 certamen;
962 2911 1044 2967 ibi
1080 2914 1380 2985 prtemium
1429 2918 1531 2970 est.
1579 2915 1699 2970 Non
1737 2932 1873 2988 ergo

239 3007 351 3062 ulla
392 3006 487 3062 hic
544 3008 802 3079 longevaz
848 3008 1029 3063 aetatis
1072 3009 1252 3079 gratia
1299 3012 1403 3063 est.
1450 3009 1699 3081 Denique
1738 3009 1872 3065 Abel

232 3101 347 3157 cito
380 3101 677 3157 occiditur.
719 3101 857 3157 Cain
902 3102 1212 3173 supervixit
1248 3118 1261 3156 :
1302 3103 1378 3157 ita
1423 3119 1576 3158 mors
1610 3104 1876 3159 innocen-

237 3194 333 3248 tiae
362 3194 494 3262 fuit,
536 3199 594 3249 et
638 3195 749 3249 vita
788 3211 1084 3250 aerumnas.
1121 3196 1198 3250 Ex
1241 3196 1335 3250 illo
1368 3196 1426 3250 in
1457 3196 1722 3252 eamdem
1764 3213 1951 3297 sor-C

231 3293 351 3342 tem
411 3288 822 3356 successimus,
872 3291 940 3342 ut
988 3287 1170 3343 vivere
1243 3289 1635 3344 miserrimum
1694 3290 1875 3358 fieret,

231 3382 388 3436 mori
418 3380 677 3436 beatum.
727 3381 875 3446 Quid
907 3385 994 3436 est
1023 3382 1175 3437 enim
1215 3382 1351 3451 vita,
1384 3383 1491 3437 nisi
1533 3400 1722 3439 carcer
1754 3385 1873 3438 ani-

229 3491 350 3530 mae
384 3474 544 3547 quod
582 3474 734 3531 intra
778 3475 887 3530 hoc
924 3476 1274 3547 ergastulum
1316 3476 1619 3547 clauditur,
1665 3481 1721 3533 et
1760 3494 1878 3533 car-

232 3569 355 3624 nali
394 3568 651 3625 adhteret
688 3568 1026 3625 consortio?
1063 3570 1235 3641 Cujus
1274 3568 1702 3626 inﬁrmitatibus
1734 3588 1873 3643 qua-

229 3666 399 3732 titur,
452 3663 641 3718 labore
693 3664 984 3736 afﬂigitur,
1037 3663 1120 3718 ira
1169 3665 1500 3731 conteritur,
1546 3665 1879 3721 accenditur

225 3756 669 3829 cupiditatibus,
700 3763 937 3812 vexatur
962 3759 1173 3828 furore,
1204 3774 1309 3813 nec
1336 3776 1395 3813 se
1422 3758 1590 3814 facile
1621 3760 1876 3815 attollere

222 3854 447 3924 potest,
492 3851 653 3906 humi
697 3868 860 3919 nexa,
910 3855 1173 3907 concreta
1216 3853 1473 3924 pulvere,
1516 3853 1708 3910 stricta
1749 3854 1874 3907 vin-

223 3946 390 4012 culo,
422 3945 610 4000 nervis
637 3944 873 4001 irretita.
906 3947 1028 4001 Non
1054 3946 1356 4002 mediocris
1384 3951 1577 4002 tamen
1604 3951 1875 4020 potestas,

220 4044 297 4095 ut
340 4056 552 4111 corpus
590 4038 848 4107 vivificet,
889 4046 1059 4111 atque
1103 4041 1367 4097 infundat
1404 4042 1716 4097 insensibili
1754 4059 1872 4097 ma-

220 4135 400 4189 teriae
440 4150 637 4188 sensus
673 4133 959 4204 vigorem;
1002 4136 1060 4188 et
1098 4134 1208 4189 hoc
1239 4133 1598 4190 invisibiliter
1637 4135 1877 4208 singulis

217 4229 439 4285 anima
488 4244 592 4283 sua
644 4228 929 4296 conferat,
981 4231 1285 4300 totumque
1336 4229 1631 4284 hominem
1682 4236 1873 4302 regat,

216 4329 412 4395 atque
469 4322 612 4377 ultra
665 4322 968 4377 mortalem
1026 4323 1300 4393 provehat
1358 4323 1763 4394 fragilitatem,
1817 4327 1879 4379 ut

210 4417 624 4490 cognitionem
661 4416 844 4488 capiat
873 4416 1186 4472 caelestium
1217 4422 1590 4485 secretorum,
1625 4423 1688 4473 ut
1723 4435 1882 4473 meu-

214 4517 359 4567 tem
403 4510 665 4567 intendat
709 4510 935 4566 futuris.
984 4512 1181 4582 Itaque
1231 4511 1303 4566 ad
1351 4512 1664 4583 imaginem
1717 4513 1873 4567 simi-

1979 564 2256 633 detrahit;
2297 567 2570 634 gravatur
2608 563 2763 617 enim
2802 569 2857 617 et
2899 564 3059 634 quasi
3106 565 3162 619 in
3202 568 3412 620 terram
3443 566 3607 620 incli-

1978 660 2148 712 natur
2190 674 2318 712 cum
2364 657 2469 712 isto
2514 657 2736 712 mortali
2782 673 3040 728 corpore.
3090 660 3279 731 Itaque
3323 660 3435 715 vita
3478 676 3605 714 cor-

1976 751 2148 821 poris,
2191 767 2344 805 mors
2394 756 2479 806 est
2523 751 2754 819 animae,
2800 755 2849 805 et
2899 768 3090 807 rursus
3136 754 3390 824 corporis
3435 770 3605 822 mors,

1981 844 2189 899 anima:
2230 845 2461 900 libertas
2500 845 2753 914 videtur;
2793 846 2931 900 dum
2977 846 3131 901 enim
3175 863 3371 901 sumus
3409 848 3468 901 in
3503 847 3609 903 isto

1978 954 2237 1011 corpore,
2288 940 2456 995 servit
2504 940 2698 995 anima
2748 944 2960 1007 nostra,
3006 957 3068 994 ac
3116 940 3328 995 misera
3377 940 3608 1012 quidem

1978 1033 2266 1103 servitute,
2306 1051 2417 1105 qua
2455 1034 2525 1089 de
2569 1034 2831 1105 paradiso
2871 1035 3111 1103 exsulat,
3145 1041 3201 1089 et
3240 1051 3274 1088 a
3307 1050 3408 1089 suo
3447 1036 3606 1090 Prin-

1978 1127 2099 1199 cipe
2145 1128 2560 1200 peregrinatur.
2608 1128 2711 1182 Ubi
2757 1134 2954 1184 autem
3004 1128 3175 1184 fuerit
3220 1128 3381 1183 istius
3426 1129 3612 1184 carnis

1977 1221 2235 1276 absoluta
2281 1222 2538 1291 vinculis,
2586 1222 2642 1277 in
2688 1221 2846 1277 illum
2895 1239 3101 1294 purum
3153 1228 3208 1278 et
3252 1222 3611 1295 splendidum

1977 1317 2441 1388 superioremque
2504 1316 2721 1371 revolat
2774 1318 3001 1387 locum,
3052 1321 3223 1388 atque
3289 1317 3445 1372 adest
3498 1318 3609 1373 Do-

1977 1410 2132 1464 mino
2186 1412 2293 1465 Deo
2343 1428 2466 1478 suo,
2520 1413 2960 1483 sanctorumque
3012 1410 3352 1466 habitaculis
3401 1411 3612 1466 fruitur

1976 1508 2035 1557 et
2064 1503 2365 1559 beatorum
2398 1505 2611 1576 gaudet
2650 1504 2951 1559 consortiis
2985 1521 2997 1560 :
3040 1505 3191 1577 quod
3233 1505 3452 1560 nullam
3484 1507 3609 1576 jam
3691 1556 3695 1560 .

1975 1596 2187 1652 habeat
2231 1615 2358 1653 cum
2406 1601 2632 1653 mortuo
2680 1598 3031 1666 societatem,
3072 1603 3128 1654 et
3168 1598 3610 1655 contubernium

1976 1691 2345 1748 cadaveribus
2392 1693 2503 1764 (74)
2553 1692 2943 1764 dereliquerit,
2994 1693 3209 1764 aspiret
3259 1694 3313 1747 ei
3371 1693 3609 1748 caelestis

1978 1785 2173 1856 gratia,
2223 1801 2326 1841 nec
2376 1786 2487 1840 ulla
2536 1802 2667 1841 eam
2713 1802 2978 1841 curarum
3025 1786 3405 1841 humanarum
3454 1786 3605 1842 solli-

1975 1878 2111 1935 citet
2150 1879 2479 1951 exagitatio.
2521 1879 2736 1935 Indicio
2778 1879 2939 1935 nobis
2977 1883 3062 1935 est
3106 1880 3296 1953 quies;
3338 1887 3607 1953 quantam

1975 1974 2167 2028 anima
2222 1990 2324 2044 per
2381 1972 2599 2029 obitum
2664 1972 2917 2045 corporis
2970 1982 3228 2031 resumat
3291 1976 3537 2048 gratiam
3594 1997 3605 2031 :

1974 2067 2157 2137 sopito
2209 2068 2363 2122 enim
2419 2084 2686 2139 corpore,
2734 2071 2790 2121 et
2835 2068 2998 2139 quasi
3053 2069 3289 2124 mortuis
3336 2070 3458 2141 ejus
3508 2088 3607 2126 cu-

1974 2160 2309 2231 piditatibus
2366 2164 2537 2232 atque
2604 2159 2879 2217 universis
2942 2161 3188 2216 motibus
3250 2180 3378 2218 cum
3444 2181 3607 2219 sanc-

1974 2255 2047 2309 tis
2110 2255 2317 2326 saepius
2374 2270 2781 2311 conversamur
2835 2273 2848 2309 :
2906 2255 3211 2327 recipimus
3262 2273 3405 2328 quos
3470 2259 3609 2313 ami-

1974 2349 2183 2417 simus;
2240 2353 2303 2403 ut
2358 2349 2520 2403 nobis
2575 2354 2631 2403 et
2687 2349 2950 2404 absentes
3006 2350 3223 2416 adsint,
3283 2358 3339 2405 et
3402 2353 3611 2407 mortui

1976 2443 2182 2512 vivant,
2224 2448 2278 2497 et
2318 2442 2503 2496 omnis
2549 2442 2806 2513 quiescat
2853 2442 3035 2497 dolor.
3074 2445 3611 2516 Appropinquemus

1974 2539 2031 2591 et
2056 2536 2491 2591 confabulemur
2528 2536 2667 2604 Deo,
2697 2552 3112 2606 cognoscamus
3143 2537 3355 2593 futura.
3386 2538 3613 2595 Affectis

1974 2630 2221 2701 requies,
2252 2628 2425 2683 servis
2454 2628 2682 2684 libertas
2720 2629 2810 2683 sit.
2844 2629 3007 2693 Quod
3046 2629 3222 2701 igitur
3258 2631 3611 2688 dormientes

1949 2724 2358 2798 somniamus,
2416 2724 2522 2778 hoc
2582 2722 2831 2778 defuncti
2890 2723 3290 2794 adipiscimur;
3343 2729 3399 2781 et
3457 2728 3610 2798 quod

1974 2817 2033 2871 in
2072 2833 2274 2872 somno
2312 2817 2526 2888 imago,
2559 2817 2663 2871 hoc
2694 2818 2753 2871 in
2789 2820 2973 2871 morte
3009 2818 3257 2873 veritatis
3292 2820 3475 2890 passio
3504 2826 3607 2888 est,

1976 2914 2034 2966 et
2074 2911 2350 2967 libertatis
2397 2911 2599 2982 gratia.
2647 2911 2805 2966 Unde
2849 2911 3136 2966 nonnullis
3177 2914 3442 2984 gentibus
3489 2932 3611 2971 mos

1976 3012 2081 3073 est,
2134 3008 2194 3059 ut
2244 3009 2402 3061 ortus
2454 3005 2760 3059 hominum
2812 3004 3057 3071 ﬂetibus,
3106 3022 3337 3061 occasus
3388 3009 3610 3080 gaudiis

1976 3106 2426 3171 prosequantur;
2482 3100 2639 3170 quod
2698 3099 2820 3154 illos
2873 3099 2941 3153 ad
2993 3116 3311 3156 aerumnam
3362 3118 3607 3173 genera-

1976 3199 2061 3248 tos
2108 3187 2355 3263 doleant,
2403 3194 2506 3248 hos
2555 3194 2625 3248 ad
2670 3192 3083 3248 beatitudinem
3134 3194 3364 3251 rediisse
3409 3201 3607 3269 gratu-

1976 3288 2206 3356 lentur;
2272 3287 2502 3342 illorum
2568 3287 2790 3342 animas
2853 3286 2927 3341 ad
2995 3288 3326 3345 servitutem
3391 3292 3610 3347 venisse

1979 3381 2381 3453 ingemiscant,
2415 3381 2658 3435 istorum
2705 3381 2777 3435 ad
2816 3380 3136 3436 libertatem
3174 3383 3436 3439 remissas
3468 3401 3608 3457 gau-

1979 3474 2172 3529 deant.
2216 3475 2482 3528 Indorum
2534 3490 2764 3545 quoque
2815 3475 3103 3547 sapientes
3148 3476 3435 3547 feruntur,
3482 3497 3613 3536 cum

1978 3567 2257 3623 moriendi
2300 3567 2569 3621 affectum
2611 3566 2922 3636 induerint,
2962 3572 3263 3639 protestari
3304 3574 3452 3643 quod
3494 3575 3609 3629 dis-

1978 3662 2179 3717 cedere
2239 3661 2447 3727 velint,
2499 3677 2683 3732 neque
2742 3661 2923 3716 ullum
2987 3663 3338 3735 obstrepere.
3396 3668 3610 3724 Deinde

1979 3755 2075 3811 ubi
2122 3760 2427 3827 apparatus
2477 3752 2674 3810 mortis
2722 3755 3011 3825 processit,
3056 3757 3273 3813 insilire
3318 3759 3478 3815 laetos
3519 3780 3608 3817 ar-

1978 3850 2209 3906 dentem
2264 3864 2485 3920 pyram,
2537 3853 2595 3903 et
2645 3848 2958 3904 astantibus
3008 3850 3349 3921 valedicere;
3408 3855 3606 3911 dolere

1978 3944 2279 4012 mulieres,
2336 3942 2494 4014 quasi
2553 3942 2803 3997 subsidio
2863 3943 3194 4011 destitutas,
3252 3947 3335 4000 vel
3400 3947 3610 4005 liberos

1978 4039 2242 4111 parvulos
2294 4036 2446 4108 quod
2496 4036 3003 4109 derelinquanlur;
3057 4038 3390 4095 benedicere
3443 4044 3606 4114 alios,

1977 4150 2081 4188 nec
2130 4132 2412 4201 invidere,
2470 4130 2621 4203 quod
2671 4130 2743 4185 ad
2796 4130 3057 4186 meliores
3116 4132 3485 4204 habitatores,
3538 4139 3609 4193 ad

1978 4226 2359 4299 splendidiora
2408 4226 2528 4280 loca
2578 4224 2923 4298 purioraque
2976 4227 3251 4282 festinent
3297 4232 3607 4287 consortia.

1976 4320 2121 4387 Quid
2171 4320 2347 4392 igitur
2402 4320 2472 4374 de
2527 4320 2680 4374 vobis
2733 4320 2884 4375 aliud
2938 4337 3199 4392 possum,
3252 4340 3381 4379 cum
3434 4325 3611 4382 etiam

1977 4416 2229 4471 barbaris
2283 4413 2546 4486 gentibus
2592 4414 2914 4470 libertatem
2965 4417 3241 4488 sequendi
3294 4435 3452 4473 mors
3502 4421 3611 4477 sit?

1976 4510 2321 4565 Iamdudum
2378 4508 2567 4581 itaque
2620 4524 2719 4563 vos
2769 4509 2982 4580 Optime
3036 4510 3177 4565 mihi
3226 4512 3506 4582 cognitos,
3555 4519 3612 4571 et

209 4604 664 4676 litudinemque
716 4604 806 4660 sui
856 4604 1129 4676 Principis
1179 4622 1290 4660 non
1336 4605 1577 4672 videtur,
1627 4623 1757 4662 cum
1809 4592 2247 4665 sitDinstitutis
2296 4602 2493 4674 patriis
2538 4602 2885 4673 respondere
2932 4607 3175 4675 paratos,
3220 4606 3371 4677 quod
3421 4624 3609 4680 neque

208 4701 283 4756 in
322 4714 573 4770 corpore
615 4700 746 4768 sita,
778 4699 872 4755 sed
914 4715 1015 4753 nec
1049 4698 1441 4770 corporalibus
1476 4699 1652 4755 oculis
1689 4700 1875 4755 cerni-

208 4800 363 4861 tur;
392 4808 499 4848 nec
524 4792 815 4865 ingressus
846 4792 988 4863 ejus,
1018 4798 1116 4848 aut
1147 4791 1329 4847 exitus
1357 4793 1478 4864 ejus
1508 4794 1624 4849 ullo
1648 4799 1879 4865 aspectu

209 4886 732 4959 deprehenditur;
796 4887 972 4941 instar
1032 4885 1323 4958 quoddam
1386 4886 1561 4941 divini
1626 4887 1881 4942 muneris

208 4984 682 5054 repraesentans.
735 4984 875 5038 Cum
929 4980 1271 5051 ingreditur,
1328 4980 1503 5035 vitam
1557 4981 1810 5036 infundit
1863 4999 1875 5037 :

209 5092 380 5133 cum
411 5075 639 5130 excedit
665 5091 918 5146 corpore,
953 5079 1198 5129 mortem
1228 5077 1511 5145 operatur.
1539 5074 1641 5130 Ubi
1668 5076 1877 5141 anima,

208 5171 315 5228 ibi
370 5169 516 5239 vita;
559 5168 659 5224 ubi
704 5184 771 5222 ea
814 5166 1083 5232 defuerit,
1128 5167 1207 5222 ibi
1248 5184 1400 5223 mors
1445 5171 1549 5224 est.
1592 5167 1879 5240 Quidquid

210 5263 535 5330 inriserit,
590 5262 917 5330 exsuscitat;
973 5260 1250 5333 quidquid
1311 5262 1635 5334 reliquerit,
1693 5263 1879 5317 statim

209 5357 490 5417 solvitur
534 5363 591 5411 et
638 5356 902 5411 continuo
947 5356 1278 5426 marcescit;
1324 5355 1609 5411 infusione
1653 5355 1880 5423 animm,

214 5457 509 5510 mortuus
556 5450 829 5521 resurgit;
878 5449 1242 5517 discessione,
1288 5450 1445 5504 vivus
1497 5450 1879 5505 exanimatur.

209 5547 385 5613 Quis
414 5561 556 5615 ergo
598 5543 837 5607 dubitet,
869 5542 1021 5614 quod
1056 5544 1109 5598 ei
1138 5542 1319 5599 inesse
1356 5543 1614 5598 videatur
1642 5542 1879 5597 immor-

212 5640 485 5699 talitatis
552 5636 841 5709 operatio,
890 5637 981 5692 cui
1044 5637 1218 5693 virtus
1281 5637 1352 5692 sit
1412 5640 1657 5692 mortem
1720 5652 1880 5690 aver-

214 5734 421 5793 tere?
469 5734 549 5787 Ea
613 5736 810 5786 tamen
877 5730 982 5787 sibi
1047 5731 1207 5787 oneri
1271 5736 1387 5798 est,
1442 5731 1698 5803 quamvis
1760 5729 1884 5785 aliis

306 5920 421 5992 (13)
454 5922 687 5975 Piorum.
717 5921 894 5976 Bm.

1981 4697 2245 4753 Romanis
2285 4712 2473 4767 neque
2512 4696 2777 4766 cuiquam
2821 4697 3000 4766 genti,
3041 4698 3151 4752 nisi
3193 4700 3298 4754 soli
3337 4701 3451 4756 Deo
3491 4719 3607 4756 scr-

1980 4791 2244 4846 viendum
2284 4790 2512 4861 putetis,
2544 4790 2641 4860 qui
2672 4789 2822 4843 solus
2844 4789 3034 4859 justus
3065 4795 3121 4846 et
3152 4808 3316 4848 verus
3348 4794 3611 4850 omnium

1981 4885 2255 4941 Dominus
2299 4884 2387 4938 sit.
2436 4884 2563 4939 Dies
2608 4883 2862 4951 advenit,
2908 4883 3006 4956 qui
3058 4886 3296 4956 probare
3347 4890 3613 4959 operibus

1981 4980 2327 5035 voluntatem
2365 4977 2590 5049 exigat;
2621 4993 2725 5032 nec
2765 4976 3134 5035 dehonestare
3170 4982 3373 5037 veteris
3408 4983 3614 5039 indolis

1981 5072 2405 5139 claritudinem,
2454 5074 2513 5125 ut
2558 5071 2616 5127 in
2669 5071 2931 5128 libertate
2984 5073 3184 5144 geniti,
3231 5075 3611 5132 dominationi

1984 5185 2082 5222 vos
2122 5166 2421 5221 hominum
2462 5165 2796 5236 subjiciatis;
2844 5168 3161 5237 praesertim
3208 5184 3337 5225 cum
3386 5169 3613 5227 licuerit

1984 5262 2142 5317 vobis
2182 5264 2311 5315 ante
2355 5260 2563 5314 servire
2610 5260 2694 5313 vel
2736 5261 2857 5314 sine
2907 5260 3175 5331 periculo,
3221 5279 3371 5318 nunc
3417 5268 3612 5321 autem

1984 5372 2210 5411 necesse
2265 5355 2336 5409 sit
2389 5354 2531 5409 dura
2582 5354 2856 5425 supplicia
2910 5355 3195 5426 suscipere
3249 5374 3379 5412 cum
3434 5360 3611 5413 servi-

1986 5452 2136 5518 tute;
2180 5449 2227 5503 si
2269 5449 2657 5503 Romanorum
2700 5447 2940 5519 imperio
2989 5449 3291 5504 servituros
3332 5469 3432 5507 nos
3472 5453 3611 5509 offe-

1985 5559 2196 5611 ramus,
2239 5558 2381 5613 quos
2423 5540 2592 5613 primi
2641 5542 2897 5596 omnium
2946 5541 3094 5596 bello
3140 5543 3517 5601 lacessivimus
3560 5552 3617 5603 et

1986 5635 2171 5693 ultimi
2216 5635 2403 5690 adhuc
2444 5635 2616 5689 armis
2660 5640 2938 5703 tenemus,
2981 5636 3315 5707 imperatori
3357 5656 3474 5694 non
3516 5642 3615 5695 des

1986 5731 2174 5788 dimus
2243 5746 2442 5784 manus
2507 5744 2702 5800 pacem
2770 5729 3069 5799 offerenti,
3125 5731 3293 5803 Sylla
3354 5733 3616 5793 dabimus

2047 5917 2147 5986 (74)
2176 5915 2483 5969 Cadavaria.
2516 5915 2600 5969 ID.
