4128 6194
534 280 671 335 2307

537 396 906 451 acerbitatem
965 396 1251 451 minanti?
1298 396 1341 452 Ο
1392 397 1601 464 miseri,
1652 399 1721 452 ad
1773 414 1945 470 quam
2005 415 2165 469 spem
2189 412 2247 482 Α

534 490 697 544 istius
751 491 878 544 vita
930 507 1031 545 nos
1082 492 1523 545 reservavimus!
1576 493 1724 559 Esto,
1777 493 1952 547 hostis
2000 494 2164 563 igno-

538 590 683 651 scat;
734 584 868 655 quid
926 584 1197 656 proderit,
1251 602 1379 640 cum
1431 585 1647 641 oti’ensa
1703 587 1801 642 Dei
1857 587 2005 641 clara
2056 586 2167 640 sit?

538 678 701 749 ignes
749 678 818 732 ab
875 678 1036 733 hoste
1093 679 1147 733 in
1207 695 1307 733 nos
1360 680 1536 747 versi,
1595 685 1811 736 mutata
1862 687 2162 736 ventorum

538 771 788 839 ﬂamina,
832 771 1077 826 ﬂamma
1126 775 1374 841 retorta,
1422 780 1480 829 ut
1528 778 1719 829 nostra
1766 774 2013 829 subsidia
2065 773 2163 827 de-

538 871 823 921 rerentur.
882 866 1017 929 Quis
1083 866 1293 936 poterit
1351 866 1691 921 adversante
1757 869 1868 923 Deo
1937 870 2167 922 vivere?

538 959 735 1013 Nullus
785 959 961 1013 venia
1020 960 1211 1027 locus,
1270 961 1369 1014 sed
1434 962 1794 1016 manifestum
1861 962 2167 1032 imperium

540 1053 736 1107 mortis
776 1053 1126 1108 voluntaria.
1168 1054 1309 1119 Quid
1350 1056 1502 1109 enim
1546 1072 1655 1110 nox
1700 1056 2022 1121 intervenit,
2058 1054 2167 1110 nisi

541 1153 603 1201 ut
658 1164 758 1200 nos
817 1146 991 1201 hostis
1047 1164 1161 1202 non
1218 1149 1591 1219 praeveniret,
1649 1155 1746 1204 aut
1806 1154 1914 1219 (75)
1968 1149 2167 1204 deusto

541 1239 750 1294 murali
813 1240 1096 1307 subsidio,
1162 1241 1433 1296 continuo
1500 1243 1877 1314 irrumperet;
1940 1243 2038 1297 sed
2110 1246 2170 1297 ut

543 1334 705 1388 nobis
749 1334 1076 1388 exercenda
1120 1340 1334 1390 mutua
1376 1337 1531 1390 necis
1578 1343 1803 1408 tempus
1847 1352 2166 1391 reservare-

541 1432 653 1496 tur,
684 1427 987 1498 liceretque
1014 1445 1141 1482 cum
1171 1428 1361 1483 liberis
1398 1430 1605 1483 nostris
1642 1437 1697 1484 et
1734 1430 2165 1486 necessitudini-

539 1522 645 1576 bus
688 1522 867 1590 mori;
918 1538 987 1576 ne
1037 1522 1363 1577 videremus
1413 1524 1649 1579 anhelos
1693 1541 1859 1579 senes
1913 1540 2170 1595 anusque

542 1632 575 1670 a
609 1615 877 1670 Romanis
908 1616 1181 1686 pertrahi,
1210 1617 1574 1673 charissimas
1604 1619 1877 1690 conjuges
1907 1618 1977 1673 ad
2006 1618 2172 1671 victo-

540 1710 616 1764 ris
646 1708 946 1763 libidinem
976 1709 1135 1781 rapi?
1163 1711 1619 1767 Commoriamur
1646 1713 1862 1784 patria,
1895 1729 1964 1767 ne
1997 1712 2173 1766 simus

541 1804 865 1875 superstites
914 1779 1055 1858 tanti
1108 1804 1400 1859 dedecoris
1450 1779 1776 1878 opprobrio.
1825 1779 1944 1871 Quo
1996 1779 2249 1877 igiturB

543 1897 827 1968 fugiemus
855 1915 888 1951 a
917 1898 1056 1952 facie
1087 1899 1205 1965 Dei,
1236 1903 1333 1952 aut
1364 1916 1474 1969 quo
1511 1899 1716 1954 ibimus
1752 1900 1975 1955 infenso
2009 1899 2173 1954 nobis

544 1991 668 2044 cali
708 1990 991 2045 Domino?
1026 1992 1077 2046 Si
1122 1991 1328 2045 cadant
1361 2009 1535 2062 super
1571 2008 1673 2046 nos
1712 2000 1935 2048 montes
1966 1997 2021 2047 et
2049 2010 2174 2047 con-

546 2084 697 2139 cavis
732 2084 1012 2155 specubus
1048 2084 1420 2151 abscondant,
1456 2087 1742 2156 quomodo
1785 2093 1973 2141 tamen
2013 2090 2171 2157 pote-

547 2178 726 2232 rimus
773 2178 1056 2232 declinare
1105 2178 1555 2248 indignationem
1611 2184 1785 2235 tanta
1837 2180 2175 2251 potestatis?

546 2274 665 2336 Quo
709 2272 860 2326 enim
907 2271 1364 2343 progrediemur,
1412 2273 1506 2327 ubi
1556 2290 1668 2328 non
1716 2274 1787 2329 sit
1830 2274 1998 2342 Deus,
2044 2290 2173 2328 cum

547 2366 758 2437 ubique
801 2365 915 2437 ipse
956 2365 1064 2420 sit?
1093 2367 1177 2419 An
1218 2366 1523 2420 mediocria
1559 2368 1826 2439 exempla
1866 2370 2016 2435 sunt,
2048 2367 2172 2439 qni-

547 2460 653 2514 bus
683 2460 1013 2527 doceamur,
1042 2458 1193 2530 quod
1218 2460 1337 2530 jam
1379 2461 1595 2515 dudum
1635 2462 1791 2531 genti
1832 2465 2040 2517 nostra
2072 2478 2174 2532 pro

545 2553 792 2626 peccatis
831 2554 1037 2608 nostris
1078 2553 1313 2607 infestus
1352 2554 1444 2623 sit,
1476 2554 1571 2626 qui
1613 2559 1745 2609 ante
1789 2554 2177 2626 prasidcbat?

549 2648 685 2712 Quis
732 2648 836 2703 hoc
882 2647 1122 2716 dubitet,
1168 2664 1297 2702 cum
1344 2648 1550 2719 videat,
1595 2647 1747 2719 quod
1794 2650 1851 2703 in
1898 2666 1997 2703 nos
2038 2666 2172 2703 con-

547 2758 721 2797 versa
773 2758 973 2796 manus
1023 2745 1230 2797 nostra
1278 2741 1417 2808 sint;
1467 2742 1771 2813 pluresque
1820 2743 2024 2797 seditio
2077 2742 2173 2796 dn-

550 2836 803 2903 mestica,
861 2852 1034 2907 quam
1092 2835 1303 2890 bellum
1359 2836 1732 2891 exstinxerit?
1783 2837 1906 2891 Non
1959 2837 2177 2891 donabo

553 2929 819 2985 Romanis
868 2930 1021 3000 quod
1070 2927 1323 2997 vicerint,
1374 2946 1478 2983 nec
1522 2930 1626 3001 ipsi
1681 2930 1785 2984 sibi
1836 2931 1943 2984 hoc
1995 2930 2175 2984 vindi-

551 3028 704 3092 cant,
754 3024 851 3096 qui
894 3024 1078 3078 sciunt
1124 3023 1277 3095 quod
1325 3038 1530 3079 omnes
1578 3023 1696 3078 fere
1744 3024 1946 3079 nostris
1995 3023 2179 3095 potius

552 3119 748 3185 armis,
794 3134 966 3188 quam
1014 3117 1215 3171 alienis
1263 3117 1626 3188 perierimus.
1672 3118 1808 3181 Qua
1859 3118 2011 3173 enim
2063 3119 2256 3223 Ro—C

551 3229 720 3269 mana
747 3228 905 3267 arma
932 3211 1192 3266 viderunt
1216 3210 1525 3267 Casaream
1552 3210 1936 3267 inhabitantes
1960 3210 2182 3266 Judai?

556 3308 814 3371 Quorum
846 3304 1047 3359 feriato
1077 3304 1167 3359 die
1196 3303 1445 3374 Sabbati,
1476 3305 1630 3359 inter
1660 3305 1940 3360 solemnes
1972 3310 2182 3360 nostro-

555 3416 684 3456 rum
729 3414 1019 3453 sacrorum
1066 3398 1268 3465 cultus,
1309 3397 1616 3454 multitudo
1655 3398 1955 3470 gentilium
1998 3400 2180 3456 Casa-

555 3492 832 3549 riensium
858 3491 1156 3563 repentino
1180 3490 1435 3563 quodam
1462 3492 1702 3564 impetu,
1736 3497 1793 3547 et
1817 3492 1986 3548 misso
2014 3493 2180 3548 desu-

555 3606 658 3662 per
694 3588 884 3642 t‘urore
926 3600 1213 3653 succensa,
1255 3584 1453 3656 viginti
1500 3586 1680 3641 millia
1720 3585 1947 3655 delevit,
1988 3603 2185 3642 omnes

554 3682 791 3753 fugavit,
827 3684 888 3736 ut
914 3683 1093 3735 totam
1132 3679 1329 3734 urbem
1362 3680 1695 3736 exinaniret.
1730 3681 1927 3735 Nonne
1960 3681 2180 3752 Syriam

558 3780 734 3832 totam
786 3774 1017 3847 quidem
1066 3773 1174 3845 (76)
1227 3773 1486 3845 implevit
1539 3774 1844 3841 dementia,
1893 3780 1957 3829 ut
2006 3774 2183 3829 Judaei

560 3877 735 3942 atque
779 3868 1018 3941 gentiles
1058 3867 1116 3921 in
1148 3867 1349 3922 iisdem
1394 3866 1631 3923 urbibus
1670 3868 1783 3938 siti,
1821 3872 1878 3923 et
1912 3868 2186 3923 incolatus

558 3964 745 4038 gratia
780 3962 884 4018 sibi
925 3962 1083 4034 prius
1120 3960 1269 4028 nexi,
1301 3965 1501 4034 postea
1541 3962 1694 4017 inter
1728 3978 1789 4017 se
1823 3962 2000 4017 armis
2037 3962 2187 4017 colli-

558 4061 864 4125 derentur,
916 4073 1028 4127 quo
1090 4055 1361 4111 Romanis
1414 4055 1617 4110 vadum
1674 4056 1884 4111 futura
1934 4056 2186 4111 victoria

559 4150 1038 4209 constitueretur?
1089 4150 1228 4204 Nam
1280 4147 1418 4220 quid
1467 4150 1537 4204 de
1587 4149 1909 4221 Scythopoli
1962 4150 2183 4221 loquar,

558 4263 671 4321 quo
698 4244 877 4301 Judai
916 4243 1099 4315 primo
1136 4242 1567 4311 contenderant,
1599 4246 1661 4297 ut.
1697 4243 1971 4314 gentilem
2000 4259 2184 4315 popu-

558 4343 677 4397 lum
703 4338 1106 4412 pravenirent,
1137 4354 1210 4391 ne
1250 4335 1384 4408 quid
1416 4337 1682 4393 adversus
1718 4343 1961 4409 nostros,
1991 4354 2184 4394 exem-

558 4435 653 4510 plo
711 4436 1046 4490 caterarum
1112 4430 1375 4498 urbium,
1434 4431 1943 4487 machinarentur?
1989 4433 2188 4503 Itaque

2013 280 2069 335 S.
2108 279 2426 338 AMBROSII

3728 278 3843 337 2308

2267 416 2432 473 aquo
2484 400 2689 456 Judais
2739 405 2797 455 et
2844 398 3119 471 Egyptiis
3167 396 3435 453 attributa
3482 396 3754 468 privilegia
3799 406 3845 454 et

2267 494 2648 550 habitationes
2691 495 2948 560 diversa,
2994 510 3067 548 ne
3111 507 3315 547 eorum
3358 491 3536 545 cultus
3580 490 3842 561 permisce-

2266 594 2453 655 retur;
2499 588 2599 660 qui
2651 586 3076 659 purificationes
3126 601 3252 639 suas
3300 584 3417 638 sine
3472 583 3581 638 ulla
3623 584 3847 639 volebant

2268 682 2606 752 contagione
2645 697 2883 736 servare.
2913 680 3053 735 Hinc
3087 679 3416 749 frequenter
3453 676 3593 731 inter
3626 693 3710 732 eos
3735 694 3845 732 con-

2267 777 2450 831 ﬂictus
2512 777 2706 841 fuere,
2761 778 2958 830 exorta
3015 773 3248 845 jurgia,
3293 771 3567 843 judicium
3622 771 3844 842 petitum.

2268 870 2415 925 Nihil
2444 875 2639 925 tamen
2676 887 2742 924 ex
2786 869 2923 924 tanti
2956 868 3106 939 regis
3146 870 3478 922 temeratum
3510 865 3675 936 liquet
3706 865 3846 919 fuisse

2266 965 2579 1029 beneﬁciis,
2612 965 2708 1019 sed
2748 969 2941 1035 postea
2981 980 3012 1017 a
3044 961 3351 1033 gentilibus
3384 965 3574 1014 exorto
3614 959 3850 1021 tumultu,

2268 1074 2399 1114 cum
2434 1059 2759 1113 Judaorum
2800 1056 2983 1112 necati
3022 1055 3219 1127 aliqui,
3251 1054 3346 1109 alii
3382 1052 3452 1107 ad
3492 1068 3704 1123 panem
3738 1051 3852 1106 deti-

2266 1159 2575 1218 nerentur,
2633 1150 2842 1222 injuria
2906 1156 3129 1205 motum
3193 1146 3517 1202 Judaorum
3580 1146 3850 1217 pupulum,

2268 1246 2568 1301 adversum
2619 1250 2875 1299 auctores
2928 1242 3147 1314 injuria
3209 1240 3608 1303 insurrexisse;
3657 1245 3709 1292 et
3749 1255 3852 1293 cum

2270 1340 2616 1411 pertinacius
2644 1356 2703 1394 se
2744 1339 2816 1393 de
2855 1337 3071 1393 civibus
3101 1337 3284 1391 ultum
3322 1334 3393 1388 iri
3423 1333 3648 1401 vellent,
3682 1332 3851 1386 induc-

2269 1439 2390 1489 tum
2418 1434 2729 1489 exercitum
2760 1433 3103 1498 Romanum,
3135 1430 3232 1501 qui
3260 1428 3554 1499 sexaginta
3575 1426 3853 1481 Judaorum

2271 1527 2447 1582 millia
2484 1528 2632 1581 intra
2671 1526 2868 1580 urbem
2902 1524 3133 1580 fuderit.
3172 1524 3374 1578 Verum
3409 1520 3541 1592 quid
3576 1520 3627 1574 in
3665 1519 3853 1574 leviori-

2270 1620 2376 1675 bus
2426 1636 2643 1684 moror,
2693 1634 2823 1673 cum
2874 1618 3159 1672 excidium
3208 1615 3381 1669 totius
3428 1613 3577 1668 orbis
3624 1612 3676 1666 in
3722 1611 3857 1665 unius

2272 1713 2509 1768 civitatis
2570 1713 2734 1767 ruina
2800 1710 3210 1783 deplorandum
3270 1707 3433 1762 nobis
3492 1706 3602 1761 sit?
3650 1704 3745 1760 Ubi
3792 1711 3855 1759 est

2274 1807 2517 1862 maxima
2558 1806 2749 1861 civitas
2789 1803 3181 1860 Hierusalem?
3223 1801 3320 1856 ubi
3363 1801 3566 1857 decora
3602 1799 3748 1866 Sion,
3783 1797 3855 1851 ubi

2275 1901 2555 1972 templum
2592 1899 2877 1967 mirabile,
2911 1898 3003 1952 ubi
3042 1896 3352 1952 secundum
3399 1894 3536 1949 illud
3573 1892 3858 1948 tabernacu-

2274 1996 2418 2063 lum,
2475 1994 2790 2049 sanctitatis
2839 1991 3172 2057 sacrarium,
3229 2006 3343 2061 quo
3401 1989 3578 2043 semel
3633 1987 3686 2040 in
3735 2001 3857 2039 anno

2274 2088 2424 2143 solus
2473 2089 2741 2160 princeps
2799 2086 3157 2142 sacerdotum
3211 2083 3430 2139 solebat
3492 2082 3720 2148 intrare,
3770 2096 3858 2133 non

2277 2184 2397 2238 sine
2434 2182 2738 2253 sanguine,
2768 2196 2941 2252 quem
2980 2196 3083 2250 pro
3122 2195 3182 2233 se
3213 2177 3445 2232 offerret
3482 2182 3536 2229 et
3573 2191 3670 2246 pro
3703 2172 3861 2244 populi

2278 2276 2526 2332 delicto?
2575 2274 2939 2330 Profanatum
2994 2276 3080 2327 est
3131 2289 3163 2326 a
3211 2270 3499 2342 gentibus,
3548 2266 3781 2323 habitant
3814 2266 3859 2318 in

2277 2370 2532 2442 reliquiis
2569 2368 2727 2426 urbis
2756 2368 2855 2439 qui
2886 2383 3013 2423 eam
3042 2367 3468 2421 destruxerunt.
3496 2362 3617 2429 Ubi,
3644 2362 3861 2432 inquam,

2278 2481 2358 2533 es,
2375 2463 2565 2519 civitas
2587 2463 2793 2517 referta
2818 2460 3063 2533 populis,
3083 2458 3427 2515 venerabilis
3446 2455 3686 2529 regibus,
3708 2469 3862 2524 accep~

2277 2558 2463 2615 tahilis
2500 2559 2646 2624 Deo,
2671 2555 2865 2628 gratia
2904 2554 3108 2610 sedes?
3140 2553 3474 2608 Pavimenta
3515 2557 3604 2605 tua
3641 2549 3706 2603 de
3741 2562 3861 2601 mar-

2278 2668 2454 2718 more,
2512 2651 2753 2723 parietes
2807 2650 2890 2704 tui
2944 2648 3230 2719 fulgentes
3277 2661 3599 2711 marmore,
3649 2640 3863 2697 culmina

2279 2752 2373 2801 tua
2431 2744 2675 2817 pretioso
2737 2743 3111 2815 splendebant
3172 2756 3498 2806 marmore,
3552 2739 3719 2809 porta
3779 2739 3862 2789 tua:

2280 2840 2554 2895 micantes
2601 2855 2778 2907 auro,
2834 2837 2958 2892 alia
3014 2842 3255 2908 argento
3314 2834 3642 2888 renitentes.
3692 2830 3864 2885 Omnes

2279 2932 2583 2999 interfecti,
2612 2934 2669 2988 et
2700 2932 2798 3002 qui
2835 2934 2889 2985 te
2919 2930 3143 3002 jugiter
3173 2927 3597 2991 inhabitabant,
3629 2930 3683 2979 et
3707 2920 3788 2994 qui
3809 2918 3862 2972 ad

2281 3033 2335 3083 te
2368 3044 2433 3081 ex
2473 3025 2644 3082 totius
2682 3024 2836 3080 orbis
2878 3028 3157 3080 terrarum
3199 3021 3456 3093 partibus
3485 3016 3862 3076 conveniebant,

2284 3126 2344 3176 ut
2372 3137 2485 3176 non
2519 3119 2756 3174 dubium
2794 3118 2884 3188 sit,
2924 3121 3105 3173 totum
3149 3117 3205 3171 in
3247 3121 3302 3172 te
3336 3113 3614 3169 mundum
3651 3109 3862 3183 periisse.

2283 3213 2502 3270 Nudata
2530 3214 2743 3282 omnia,
2772 3229 2805 3266 a
2830 3210 3177 3266 culminibus
3205 3215 3481 3277 cremata,
3513 3224 3547 3262 a
3575 3204 3864 3261 fundamen-

2283 3308 2356 3362 tis
2404 3307 2594 3363 diruta
2643 3323 2656 3361 :
2710 3307 2856 3361 facta
2907 3308 2995 3359 est
3048 3302 3317 3359 habitatio
3364 3307 3461 3358 tua
3513 3300 3741 3364 deserta,
3782 3308 3864 3349 nec

2283 3405 2369 3456 est
2416 3402 2513 3474 qui
2563 3401 2619 3455 in
2672 3398 3053 3455 tabernaculis
3103 3398 3213 3453 tuis
3264 3396 3575 3463 inhabitet;
3622 3398 3673 3447 et
3716 3389 3863 3445 adhuc

2284 3511 2630 3567 quemquam
2685 3493 3073 3560 vivere'libet,
3127 3497 3185 3547 et
3229 3507 3345 3546 non
3397 3490 3597 3545 vixisse
3640 3479 3865 3558 panitet?

2287 3588 2416 3643 Duri
2456 3588 2600 3643 oculi
2643 3589 2739 3660 qui
2783 3588 2903 3642 hac
2941 3586 3129 3642 videre
3161 3587 3418 3657 possunt,
3454 3582 3691 3637 immites
3723 3573 3863 3631 animi

2284 3684 2383 3755 qui
2428 3682 2571 3738 velle
2615 3686 2873 3753 possunt,
2920 3686 2979 3735 ut
3021 3678 3159 3751 quid
3206 3678 3373 3733 tantis
3426 3675 3664 3747 supersit
3700 3668 3864 3726 dolori-

2284 3777 2410 3845 bus,
2462 3793 2576 3831 non
2628 3775 2779 3847 quod
2832 3774 3144 3830 defecerint
3193 3771 3406 3839 clades,
3458 3771 3551 3825 sed
3595 3768 3729 3840 quod
3765 3764 3862 3832 jam

2287 3872 2441 3927 nulla
2488 3870 2734 3942 requies.
2789 3869 2913 3934 Quo
2969 3868 3122 3923 enim
3182 3866 3642 3921 circumferamus
3690 3856 3863 3921 oculos,

2284 3969 2384 4019 aut
2433 3964 2570 4035 quid
2622 3979 2857 4018 cernere
2910 3962 3186 4017 delectet?
3237 3959 3376 4015 Urbs
3431 3963 3549 4015 tota
3593 3954 3863 4026 sepulcrum

2287 4065 2646 4114 mortuorum
2701 4064 2813 4124 est,
2870 4056 2999 4112 sola
3048 4053 3432 4127 spectantibus
3480 4052 3759 4107 occurrunt
3801 4043 3862 4097 fa-

2287 4152 2460 4219 villa;
2504 4152 2605 4207 via
2650 4168 2838 4207 vacua
2879 4149 3207 4216 viventium,
3249 4146 3484 4219 repleta
3528 4138 3861 4200 cadaveribus.

2286 4247 2469 4303 Miseri
2501 4246 2753 4301 seniores
2783 4244 3133 4300 cinerulenta
3168 4242 3391 4307 canitie,
3423 4244 3482 4295 et
3511 4240 3670 4294 scisso
3693 4233 3864 4290 amictu

2287 4358 2458 4412 supra
2514 4340 2778 4411 reliquias
2837 4342 3195 4393 mortuorum
3250 4335 3458 4390 sedent
3505 4332 3652 4389 nuda
3697 4335 3860 4398 tegen-

2288 4439 2371 4491 tes
2420 4450 2564 4501 ossa,
2618 4450 2728 4504 quo
2781 4431 3091 4486 defendant
3134 4448 3165 4483 a
3215 4428 3539 4484 volatilibus
3584 4442 3645 4481 ac
3688 4417 3858 4477 bestiis.

558 4546 699 4603 quos
756 4544 858 4600 par
911 4526 1048 4596 fuit,
1107 4525 1427 4596 conjunctis
1480 4525 1781 4581 adversum
1838 4525 2540 4597 alienigenasDMulieres
2581 4543 2776 4598 pauca
2819 4526 3152 4589 incolumes,
3198 4539 3341 4594 quas
3383 4522 3546 4576 miles
3586 4517 3771 4588 impius
3806 4508 3862 4564 ad

560 4625 791 4689 viribus,
820 4621 973 4676 bello
1015 4620 1326 4675 decernere
1373 4637 1387 4675 :
1429 4620 1552 4676 hac
1592 4637 1623 4675 e
1666 4620 1955 4676 contrario
1998 4621 2191 4674 adver-

562 4734 691 4774 sum
732 4733 791 4771 se
828 4713 1007 4771 Judai
1045 4712 1432 4781 decreverunt,
1472 4719 1538 4769 ut
1583 4731 1713 4785 pars
1756 4730 1954 4769 eorum
1994 4712 2189 4767 adver-

562 4828 656 4869 sus
685 4814 959 4882 cognatos
998 4812 1055 4863 et
1083 4808 1372 4879 proximos
1406 4824 1535 4863 suos
1564 4807 1941 4880 praliaretur.
1977 4807 2188 4862 Deinde

562 4904 671 4980 ipsi
696 4921 797 4977 pro
823 4902 1003 4975 pretio
1031 4897 1241 4957 laboris
1271 4905 1330 4956 et
1359 4901 1601 4972 impensi
1632 4899 1950 4973 sanguinis,
1981 4918 2014 4955 a
2041 4917 2186 4972 gen-

560 5001 756 5057 tilibus
796 4996 1234 5070 perimerentur,
1276 4994 1429 5065 quod
1465 4995 1882 5066 prohibuerunt
1918 4994 2023 5067 ipsi
2066 4994 2188 5048 ﬁeri

562 5093 886 5170 gentilibus.
933 5088 1258 5146 Damasceni
1299 5088 1452 5144 nulla
1500 5088 1777 5145 existente
1823 5105 2015 5156 causa,
2063 5093 2190 5144 octo

560 5189 740 5246 millia
777 5186 890 5259 (77)
935 5184 1263 5240 Judaorum
1310 5186 1652 5239 straverunt.
1696 5183 2029 5239 Ascalonita
2076 5183 2189 5238 duo

560 5283 745 5339 millia
787 5280 1153 5354 quingentos.
1194 5278 1255 5332 In
1298 5277 1439 5333 urbe
1480 5292 1709 5349 quoque
1754 5276 1844 5333 cui
1886 5276 2191 5331 Ptolemais

560 5392 797 5446 nomen,
843 5390 991 5430 casa
1036 5371 1152 5428 duo
1201 5370 1400 5427 millia.
1450 5369 1803 5427 Alexandria
1851 5385 1984 5424 vero
2034 5372 2191 5424 vetus

563 5476 686 5527 erat
726 5469 921 5526 odium
962 5468 1112 5524 inter
1155 5465 1377 5521 Judaos
1418 5469 1475 5519 et
1518 5464 1777 5536 gentium
1822 5463 2078 5536 populos,
2121 5479 2190 5519 ex

563 5578 678 5635 quo
714 5562 1034 5618 Alexander
1074 5559 1307 5630 Magnus
1343 5574 1480 5613 usus
1521 5561 1605 5614 est
1646 5556 1830 5612 studio
1867 5557 2191 5613 Judaorum

567 5655 637 5710 ad
682 5656 972 5725 Egyptios
1014 5650 1429 5725 subjiciendus;
1475 5650 1625 5707 unde
1668 5649 1893 5708 condita
1934 5650 2078 5707 urbe
2123 5666 2192 5707 ex

633 5772 732 5837 (78)
757 5772 875 5823 Νοο.
907 5772 1087 5825 Bm.

633 5840 733 5912 (76)
756 5840 1025 5906 Quadam.
1053 5844 1133 5895 In.

2288 4621 2721 4693 turpitudinem,
2763 4635 2874 4675 non
2919 4619 2988 4674 ad
3035 4618 3209 4673 vitam
3255 4614 3575 4671 servaverit.
3617 4610 3738 4675 Quis
3767 4607 3862 4661 hac

2289 4714 2507 4785 videns,
2547 4720 2604 4769 et
2637 4714 2707 4768 de
2738 4712 3334 4786 comperendinatione
3378 4707 3595 4764 vivendi
3633 4702 3860 4774 cogitans,

2288 4810 2501 4866 audeat
2529 4808 2597 4863 ad
2625 4809 2827 4863 calum
2855 4808 3036 4863 levare
3066 4805 3300 4861 oculos?
3332 4803 3469 4869 Quis
3498 4802 3576 4856 sic
3604 4800 3864 4854 immemor

2290 4905 2516 4976 patria,
2577 4902 2754 4958 hostis
2803 4917 3072 4968 suorum,
3132 4897 3355 4970 pietatis
3408 4896 3652 4962 alienus,
3701 4898 3863 4976 ριροτξ

2290 4974 2621 5064 dulcedinis,
2662 4996 2822 5068 cujus
2865 5001 2983 5049 tam
3027 4992 3271 5049 semiviri
3315 4991 3390 5046 sit
3425 4989 3605 5045 mollis
3639 4974 3864 5056 spiritus?

2288 5091 2416 5164 quis
2454 5092 2531 5146 ita
2571 5090 2953 5155 meticulosus,
2986 5103 3160 5159 quem
3203 5102 3317 5141 non
3357 5084 3565 5157 pudeat
3602 5079 3680 5135 his
3715 5086 3861 5130 reser-

2288 5186 2519 5241 vatum?
2571 5184 2800 5239 Utinam
2859 5182 3090 5253 quidem
3146 5181 3282 5235 olim
3335 5176 3581 5233 defuncti
3632 5179 3859 5228 essemus.

2290 5284 2389 5334 aut
2430 5278 2477 5334 si
2519 5278 2633 5333 vita
2672 5281 3012 5348 superesset,
3058 5275 3355 5331 oculorum
3398 5273 3586 5327 lumen
3628 5261 3858 5338 periisset.

2290 5372 2623 5444 priusquam
2666 5373 2925 5426 sanctam
2972 5367 3172 5423 urbem
3215 5368 3458 5423 dirutam
3507 5361 3729 5418 hostium
3765 5365 3856 5407 ma-

2288 5464 2456 5521 nibus
2500 5464 2877 5533 intueremur,
2926 5462 3319 5535 templumque
3375 5460 3481 5515 hoc
3526 5474 3559 5512 a
3603 5445 3858 5535 majoribus

2293 5559 2499 5615 nostris
2536 5561 2816 5614 sacratum
2854 5557 2989 5625 Deo,
3028 5561 3147 5611 tam
3176 5554 3353 5626 impie
3383 5548 3616 5609 ﬂammis
3641 5534 3855 5601 cremari,

2290 5658 2389 5710 aut
2440 5653 2763 5709 sacerdotes
2826 5650 2883 5705 in
2943 5650 3157 5723 templo
3219 5648 3660 5720 conspiceremus
3699 5636 3855 5708 jacere

2355 5773 2453 5838 (77)
2489 5772 2786 5840 Josephus,
2815 5771 3095 5825 octodecim
3122 5768 3315 5822 millia.
3338 5769 3416 5822 ID.
