4128 6194
282 320 422 372 2309
1326 320 1409 375 DE
1454 320 1719 377 EXCIDIO
1761 316 1958 375 URBIS
2003 320 2352 375 HIEROSOL.
2398 318 2520 374 LIB.
2570 319 2627 372 V.
3507 321 3648 374 23l0

277 443 651 497 interfectos!
713 443 1096 498 Emendemus
1150 462 1315 514 ergo,
1369 446 1521 516 quod
1582 446 1667 499 his
1718 444 2085 531 super-Aad
2127 443 2475 509 servitutem,
2522 441 2785 497 mulieres
2826 442 3032 513 sparsis
3073 442 3324 497 crinibus
3366 442 3505 497 duci
3539 442 3641 498 sub

275 536 519 589 viximus
559 536 743 604 malis,
796 543 860 591 ut
897 537 1195 592 videamur
1243 555 1352 592 non
1392 540 1520 593 vitae
1566 538 1755 593 studio
1792 540 1907 595 dis-
2010 542 2315 608 conspectu
2366 538 2694 609 conjugum,
2745 542 2799 589 et
2853 536 3129 592 violenter
3176 537 3247 591 ad
3299 537 3641 608 oppobrium

276 631 473 685 tulisse
532 637 802 697 mortem,
861 632 958 686 sed
1007 631 1227 686 virtutis
1277 632 1592 687 intentione
1660 632 1907 687 Circum-
2011 631 2204 685 trahi?
2254 631 2463 686 Audire
2518 646 2710 684 vocem
2777 630 2995 701 parvuli
3050 630 3327 700 vagientis
3387 632 3645 686 vocantis

272 724 498 779 vallavit
546 725 720 778 hostis
783 740 953 780 omne
999 726 1461 790 munimentum,
1520 727 1599 781 nil
1648 733 1908 798 superest
2006 729 2251 796 patrem,
2305 728 2367 778 ut
2414 724 2627 779 auxilio
2682 723 2751 779 sit
2800 724 3036 795 petenti,
3088 740 3215 778 cum
3262 724 3383 793 jam
3437 724 3645 779 frustra

274 818 386 873 nisi
427 823 525 873 aut
573 836 694 885 nos,
734 822 833 872 aut
871 819 1142 890 conjuges
1189 823 1417 874 nostrae.
1460 821 1581 875 Jam
1626 820 1730 874 sibi
1768 820 1907 875 ﬁlios
2008 818 2207 872 audias
2263 818 2541 873 revinctas
2584 817 2697 888 (79)
2748 833 2973 885 manus,
3027 820 3084 870 et
3132 817 3362 889 captivae.
3411 818 3643 873 cervicis

272 918 500 967 nostros
538 912 594 965 in
631 911 895 967 auctione
929 913 1282 967 constituunt
1327 931 1340 967 :
1381 918 1709 985 certantque
1758 913 1907 968 inter
2000 912 2144 983 jugo
2200 911 2498 967 subditos?
2554 912 2701 983 Ergo
2758 911 2891 966 dum
2945 910 3130 965 adhuc
3185 910 3377 966 liberas
3442 927 3643 966 manus

275 1023 357 1071 se,
398 1006 496 1076 qui
538 1006 697 1076 cujus
735 1006 975 1060 abducat
1001 1023 1237 1061 uxorem
1280 1024 1293 1062 :
1340 1010 1529 1062 utrum
1577 1025 1679 1078 pro
1715 1008 1902 1079 digni-
2007 1012 2158 1071 sunt,
2193 1006 2333 1060 dum
2376 1006 2589 1059 ferrum
2637 1005 2994 1076 stringimus,
3026 1003 3437 1076 aggrediamur
3477 1023 3640 1076 opus,

274 1103 461 1153 talum
502 1098 716 1153 meritis
754 1115 1194 1170 personarumve
1234 1100 1529 1154 ordinibus
1558 1100 1901 1155 distribuen-
2006 1099 2160 1171 quod
2215 1100 2392 1154 victor
2443 1100 2619 1153 hostis
2670 1099 2928 1154 miretur.
2979 1098 3231 1153 Mulieres
3283 1103 3492 1154 nostra:
3544 1116 3639 1153 su-

276 1192 366 1245 das
405 1192 535 1259 sint,
568 1208 639 1246 an
678 1193 923 1247 sortibus
962 1192 1071 1264 (78)
1118 1194 1305 1248 subire
1348 1194 1620 1263 cogendas
1668 1195 1901 1248 misera-
2006 1208 2267 1265 premum
2314 1192 2629 1264 conjugalis
2677 1209 2888 1247 munus
2934 1191 3271 1262 dilectionis,
3317 1195 3479 1265 quasi
3532 1194 3636 1249 do-

273 1285 439 1339 biles.
485 1285 655 1340 Nobis
697 1303 920 1357 quoque
962 1291 1241 1358 parantur
1277 1288 1538 1358 prodigia
1578 1304 1902 1359 poenarum,
2006 1287 2118 1339 tale
2150 1287 2420 1357 recipiant
2458 1287 2891 1357 patrimonium.
2927 1287 3033 1340 Has
3074 1285 3183 1340 illis
3220 1287 3401 1340 claves
3442 1289 3636 1342 refun-

271 1382 561 1435 tormenta
592 1380 1046 1450 exquisitissima,
1077 1398 1194 1435 non
1220 1381 1404 1436 solum
1438 1381 1708 1436 ardentes
1740 1382 1901 1436 ﬂam-
2006 1379 2190 1433 dimus
2249 1396 2397 1435 novo
2462 1379 2756 1450 sanguinis
2822 1379 3151 1433 testimonio
3208 1379 3343 1449 (80),
3405 1386 3468 1434 ut
3529 1381 3641 1437 sint

272 1490 382 1527 mae
425 1479 523 1527 aut
553 1473 787 1527 diversa:
816 1489 983 1528 neces
1022 1474 1265 1528 victricis
1309 1475 1420 1530 ictu
1461 1476 1669 1531 securis
1708 1494 1721 1530 :
1758 1476 1903 1531 duro
2005 1477 2211 1527 nostrae
2267 1474 2526 1528 hmredes
2583 1472 2873 1527 libertatis.
2928 1474 3041 1528 Hoc
3104 1474 3239 1544 ipsa;
3301 1474 3638 1542 bortnntur,

272 1567 506 1638 quidem
546 1571 672 1638 post
708 1567 953 1634 vincula,
1001 1572 1131 1638 post
1183 1585 1490 1636 carcerem,
1532 1574 1656 1640 post
1691 1570 1899 1641 jugum
2004 1571 2156 1622 certe
2198 1569 2509 1633 merentur,
2551 1583 2678 1638 quas
2715 1567 2951 1621 volunt:
2987 1566 3281 1638 cogenda,
3313 1582 3442 1638 qua:
3484 1569 3635 1623 refu-

270 1660 567 1731 supplicio,
611 1661 705 1715 sed
742 1661 1126 1717 tolerabiliore
1163 1661 1317 1729 viris,
1355 1664 1400 1716 si
1445 1662 1685 1718 ludibrio
1720 1670 1899 1732 vacet,
2006 1661 2197 1731 giunt;
2251 1678 2353 1715 nec
2407 1661 2626 1732 parvuli
2692 1660 2903 1715 ferrum
2963 1660 3276 1731 pavebunt,
3332 1662 3483 1733 quod
3535 1679 3639 1733 per

269 1755 364 1808 sed
423 1754 596 1808 etiam
644 1754 821 1808 avulsi
882 1760 1036 1808 artus
1097 1756 1446 1823 viventibus,
1495 1761 1551 1811 et
1619 1757 1902 1829 praecipue
2002 1758 2232 1810 aetatem
2271 1756 2555 1823 nesciunt,
2594 1754 2746 1826 quod
2786 1754 3069 1826 suscipere
3101 1772 3135 1809 a
3164 1755 3494 1826 parentibus
3534 1756 3638 1827 piis

269 1850 547 1903 truncata:
612 1864 829 1902 manus.
880 1848 991 1903 Nec
1043 1849 1329 1903 immerito
1351 1892 1363 1915 ,
1416 1850 1547 1920 quia
1598 1850 1897 1906 defuerunt
1927 1842 1979 1913 Β
2006 1850 2232 1917 debent,
2263 1853 2324 1904 ut
2352 1865 2481 1904 vere
2509 1848 2649 1903 ﬁant
2683 1848 2864 1903 liberi.
2894 1848 3059 1902 Nobis
3095 1865 3322 1920 quoque
3354 1850 3488 1921 quid
3528 1850 3637 1904 erit

270 1958 374 1996 suo
408 1942 656 2008 muneri,
686 1958 817 1996 cum
852 1946 1083 2012 possent
1111 1942 1216 1997 sibi
1256 1943 1578 1999 subvenire.
1611 1944 1897 1999 Subeundi
2001 1944 2398 2014 praestantius?
2448 1943 2504 1997 Si
2562 1958 2863 1997 exuramus
2918 1942 3073 2013 prius
3138 1943 3459 2011 castellum,
3514 1944 3633 1998 fru-

270 2050 500 2106 quoque
528 2051 747 2089 morsus
772 2035 1021 2089 ferarum
1052 2036 1121 2090 ad
1160 2035 1433 2090 victorum
1488 2038 1897 2108 spectaculum,
2000 2041 2197 2092 menta
2251 2041 2444 2091 tamen
2504 2051 2883 2105 reservemus,
2940 2052 3010 2089 ne
3066 2040 3269 2106 putent
3324 2054 3426 2091 nos
3482 2038 3634 2092 fame

270 2129 424 2200 quod
457 2128 693 2183 diversis
723 2129 844 2199 jam
888 2128 1204 2183 celebratur
1241 2129 1428 2184 arenis
1470 2131 1700 2185 urbium
1751 2148 1764 2185 :
1814 2133 1897 2185 vel
2000 2131 2189 2202 potius
2231 2133 2466 2197 coactos,
2501 2146 2671 2201 quam
2707 2129 2895 2184 studio
2937 2130 3157 2184 virtutis
3192 2130 3473 2199 invitatos,
3510 2147 3632 2185 mu-

270 2222 531 2294 exemplo
559 2221 721 2277 nobis
750 2222 917 2277 debet
964 2239 1081 2277 esse
1114 2223 1468 2294 pudendum,
1516 2226 1599 2278 vel
1641 2224 1762 2279 visu
1802 2224 1903 2279 mi-
2000 2230 2113 2279 tua!
2165 2224 2320 2278 necis
2372 2223 2680 2295 arripuisse
2737 2222 3139 2277 ministerium.
3193 2224 3480 2279 Donemus
3529 2224 3637 2278 illis

270 2316 528 2384 serabile,
577 2319 643 2369 ut
691 2332 1045 2371 reservemur
1082 2320 1181 2371 aut
1227 2317 1441 2384 bestiis,
1492 2321 1590 2372 aut
1632 2318 1900 2374 fratribus
2001 2334 2152 2372 escas
2202 2318 2435 2374 refertas
2486 2315 2792 2386 sanguine;
2838 2319 2893 2370 et
2943 2315 2985 2369 si
3039 2332 3130 2371 eas
3177 2317 3421 2371 ﬂamma:
3470 2334 3633 2372 exus-

268 2410 602 2482 praeliaturi.
652 2410 794 2474 Quid
868 2426 1004 2481 ergo
1059 2412 1399 2465 moramur?
1450 2412 1569 2466 Jam
1632 2428 1747 2466 non
1817 2418 1901 2466 est
2002 2411 2197 2477 serint,
2240 2410 2403 2464 nidor
2442 2410 2559 2480 ipse
2602 2411 2833 2480 frugum
2875 2410 3235 2463 incensarum
3277 2410 3488 2465 indicio
3530 2410 3639 2465 erit

265 2504 509 2558 liberum
550 2504 732 2571 nobis,
780 2503 937 2575 quod
984 2505 1311 2572 metuimus,
1354 2504 1614 2560 evadere.
1661 2506 1717 2559 Si
1764 2506 1900 2560 libe-
2000 2504 2237 2575 periisse
2293 2502 2704 2569 obsidentibus,
2754 2501 2905 2573 quod
2952 2502 3194 2557 obsessis
3244 2503 3633 2558 abundaverit.

270 2614 365 2651 ros
420 2597 736 2652 interﬁcere
794 2599 1060 2653 nolumus
1115 2615 1218 2669 per
1277 2598 1741 2667 misericordiam,
1801 2605 1900 2653 aut
1999 2598 2251 2652 Posthazc
2284 2596 2673 2667 unusquisque
2704 2596 2902 2650 offerat
2938 2613 2997 2649 se
3029 2597 3269 2665 vulneri,
3304 2602 3361 2651 et
3390 2598 3632 2652 moritu-

274 2691 643 2761 nosmetipsos
699 2708 801 2762 per
856 2692 1158 2757 virtutem,
1218 2708 1444 2747 necesse
1513 2692 1620 2747 erit
1682 2697 1743 2747 ut
1799 2710 1901 2764 per
1997 2707 2095 2746 rus
2147 2690 2387 2763 patriam
2447 2694 2628 2759 tegat,
2682 2706 3064 2760 supremoque
3120 2690 3381 2761 amplexu
3436 2690 3631 2745 obeat.

275 2800 579 2855 germanos
632 2788 733 2840 aut
801 2785 1152 2857 propinquos
1209 2789 1431 2841 nostros
1494 2786 1900 2841 interﬁciuntur
2001 2785 2122 2838 Fiat
2172 2784 2332 2839 nobis
2386 2784 2574 2855 patria
2624 2782 2897 2838 libertatis
2947 2785 3292 2854 sepulcrum,
3345 2800 3474 2854 quae
3531 2784 3637 2838 fuit

268 2894 374 2949 per
410 2877 694 2949 ﬂagitium
728 2896 740 2933 :
774 2880 876 2933 hoc
922 2880 1121 2934 suadet
1166 2879 1422 2948 affectus,
1464 2879 1606 2935 illud
1660 2880 1899 2935 victores
1999 2878 2287 2949 dignitatis
2322 2876 2676 2933 domicilium
2719 2894 2731 2930 :
2767 2877 2859 2931 hic
2901 2879 3153 2932 tumulus
3198 2878 3399 2932 funera
3439 2881 3635 2933 nostra

269 2971 532 3042 exigunt.
575 2971 631 3027 Si
662 2974 927 3027 nolumus
964 2972 1195 3043 exsequi
1238 2973 1621 3029 ministerium
1643 2973 1896 3045 pietatis,
1999 2972 2180 3039 decet,
2222 2977 2279 3027 ut
2323 2976 2481 3042 septo
2520 2971 2742 3025 virtutis
2780 2974 3065 3042 tegamur.
3096 2971 3213 3026 Tali
3255 2971 3473 3026 accensi
3507 2989 3631 3027 ora-

268 3081 547 3137 cogemur
612 3066 799 3121 subire
858 3083 1086 3139 pompae
1150 3067 1497 3138 parricidalis
1564 3067 1893 3124 ludibrium.
2000 3065 2177 3133 tione,
2223 3065 2414 3121 caateri
2460 3065 2677 3136 gladios
2718 3064 2938 3119 strictos
2984 3065 3268 3133 tenebant,
3307 3066 3497 3121 oscula
3536 3065 3631 3119 da-

267 3160 613 3215 Adoriamur
646 3176 800 3232 ergo,
830 3160 982 3232 quod
1013 3161 1194 3232 prosit
1224 3160 1414 3215 liberis
1450 3161 1898 3234 conjugibusque
1923 3208 1973 3234 η
2001 3160 2139 3215 bant
2196 3160 2539 3231 conjugibus
2561 3201 2575 3228 ,
2628 3159 2888 3230 amplexu
2954 3159 3340 3230 suscipiebant
3398 3160 3630 3219 liberos.

269 3208 600 3215 “““⁷“““““““““
650 3208 800 3232 “””Ο“’)
834 3208 982 3232 1""—
1016 3208 1068 3232 r'
1088 3208 1193 3215 *ν’*
1226 3208 1413 3215 “”’“’“”“““’
1452 3208 1897 3234 *ν“”δ““0“”““’“1““”
2002 3208 2139 3215 “”’“”⁷
2201 3208 2536 3231 ’“’“”δ“”0“””“”
2561 3208 2575 3228 7
2630 3208 2888 3230 ““”Ι”“”⁷“””
2955 3208 3339 3230 “'"'r"—""'
3398 3208 3630 3219 """"'

269 3254 485 3308 nostris
553 3270 566 3308 :
635 3255 681 3308 si
735 3254 1079 3309 inﬁrmiores
1137 3271 1360 3323 sumus,
1414 3255 1738 3310 auferamus
1801 3208 2427 3326 eosCillacrymantes
2466 3260 2522 3310 et
2558 3253 2725 3308 simul
2771 3254 3126 3320 festinantes,
3170 3257 3234 3307 ut
3276 3254 3451 3308 hostis
3491 3270 3631 3325 prae-

266 3346 610 3402 cruciatibus
658 3348 891 3415 futuris;
938 3349 982 3402 si
1035 3349 1297 3404 fortiores
1346 3365 1564 3417 sumus,
1611 3350 1901 3405 vincamus
2000 3349 2307 3403 veniretur.
2364 3349 2490 3402 Haec
2546 3347 2721 3415 vobis,
2776 3348 3058 3419 inquiunt,
3112 3347 3322 3401 amoris
3372 3347 3632 3419 pignora,

266 3441 687 3513 compassiones
737 3447 1056 3512 parentum,
1104 3442 1336 3498 affectus
1383 3444 1898 3511 necessitudinum;
1999 3443 2204 3497 damus
2233 3459 2519 3513 supremae
2555 3441 2789 3513 praamia
2818 3441 3185 3509 necessitatis,
3219 3448 3276 3497 et
3306 3458 3635 3512 compresso

267 3538 325 3589 et
372 3535 430 3589 in
479 3536 583 3589 hoc
631 3536 924 3591 vincamus
978 3537 1220 3603 hostem,
1266 3553 1395 3591 cum
1449 3538 1702 3607 praedam
1749 3538 1896 3592 tolli-
2000 3536 2239 3590 viriliter
2286 3535 2509 3604 affectu,
2565 3536 2887 3606 passionem
2938 3535 3299 3590 excluserunt
3341 3536 3473 3607 (8t),
3521 3552 3633 3589 cm-

263 3645 411 3685 mus.
470 3631 582 3683 Hoc
635 3629 812 3683 virtus
864 3629 1062 3701 exigit,
1115 3630 1222 3685 hoc
1275 3630 1471 3685 suadet
1521 3630 1724 3701 pudor.
1776 3631 1897 3686 Non
2002 3630 2135 3684 dem
2172 3629 2532 3701 implebant:
2570 3628 2871 3699 impavidae
2914 3628 3183 3684 mulieres
3220 3646 3278 3683 se
3313 3629 3636 3684 offerebant

263 3723 473 3778 timere
530 3727 799 3791 mortem,
850 3724 1028 3779 virtus
1082 3729 1184 3780 est.
1244 3724 1465 3778 Etenim
1520 3724 1589 3778 ad
1655 3730 1899 3780 mortem
2000 3723 2222 3778 vulneri
2277 3739 2379 3794 pro
2428 3722 2853 3777 conservatione
2906 3721 3211 3792 pudicitiae,
3266 3728 3634 3794 mentemque

266 3832 466 3871 omnes
496 3818 805 3885 nascimur,
835 3822 892 3872 et
916 3818 984 3872 ad
1016 3822 1269 3873 mortem
1298 3818 1897 3888 generamusliberos,
2002 3834 2236 3873 suorum
2302 3817 2437 3888 ipsa:
2502 3816 2808 3871 induerant
2873 3816 3148 3870 virorum.
3211 3816 3381 3871 Caesis
3447 3816 3635 3887 itaque

263 3927 512 3983 quorum
544 3927 696 3966 mors
734 3916 954 3966 naturte
988 3912 1335 3983 assignatur,
1367 3912 1657 3983 captivitas
1688 3913 1900 3984 probro
2004 3911 2534 3979 necessitudinibus,
2564 3910 2896 3981 pignoribus
2925 3925 3170 3981 quoque,
3201 3910 3468 3980 delegere
3500 3913 3636 3965 stre-

264 4004 452 4059 datur.
494 4005 643 4076 Ergo
687 4021 828 4076 quos
871 4022 981 4059 non
1029 4004 1317 4077 potuimus
1356 4006 1610 4076 periculo
1656 4005 1897 4077 eripere,
2002 4023 2148 4062 nuos
2201 4005 2299 4076 qui
2354 4006 2750 4076 supplementa
2803 4003 2970 4058 caedis
3026 4008 3493 4074 exsequerentur.
3552 4006 3635 4058 Ita

263 4098 573 4170 eripiamus
610 4098 875 4153 ludibrio.
904 4098 1247 4155 Miseremini
1285 4099 1481 4169 igitur,
1514 4101 1726 4170 patres,
1757 4100 1896 4155 libe-
2001 4100 2113 4155 fusi
2164 4116 2361 4154 omnes
2409 4099 2687 4169 nongenti
2740 4096 3034 4168 sexaginta
3087 4114 3216 4152 cum
3272 4097 3520 4169 parvulis
3570 4113 3635 4152 ac

263 4207 485 4261 rorum,
523 4192 732 4261 mariti,
766 4192 1098 4264 conjugum,
1137 4209 1333 4248 omnes
1377 4193 1741 4263 parvulorum
1784 4194 1899 4247 mi-
2004 4193 2336 4248 mulieribus
2381 4210 2393 4247 :
2434 4209 2545 4247 una
2597 4192 2804 4246 mulier
2848 4192 2968 4246 sola
3015 4191 3295 4262 superfuit
3331 4190 3465 4263 (82),
3504 4207 3634 4263 quia

264 4301 595 4355 sereamur;
641 4285 790 4357 quod
843 4291 926 4340 est
975 4286 1328 4358 praecipuum
1382 4286 1580 4353 nostri,
1629 4286 1765 4340 dum
1818 4291 1902 4341 est
2002 4287 2147 4342 ﬁlios
2178 4287 2434 4359 quinque
2468 4286 2529 4341 in
2559 4286 2899 4358 aquaeductu
2926 4284 3244 4352 abscondit,
3276 4286 3411 4341 dum
3446 4286 3635 4341 cmteri

263 4378 573 4433 miserandi
616 4382 862 4451 potestas
904 4398 916 4434 :
958 4385 1019 4433 ut
1059 4380 1129 4434 de
1172 4384 1367 4434 nostro
1410 4381 1801 4449 misereamur,
1832 4398 1899 4435 ne
2002 4382 2285 4452 supremis
2345 4381 2651 4435 intendunt
2706 4379 3166 4445 necessitatibus;
3230 4397 3299 4433 ea
3366 4380 3633 4435 Romanis

262 4473 336 4527 ad
384 4473 628 4527 dedecus
678 4474 980 4529 videamur
1036 4478 1090 4527 et
1144 4473 1261 4528 nati
1310 4476 1365 4527 et
1422 4474 1708 4530 reservati.
1765 4474 1901 4539 Quis
2000 4475 2245 4531 diluculo
2300 4473 2760 4541 advenientibus,
2818 4472 2891 4528 ad
2947 4488 3143 4529 vocem
3205 4473 3409 4539 excita,
3462 4471 3631 4527 index

265 4566 424 4621 enim
458 4567 635 4637 possit
676 4568 891 4638 perpeti
926 4572 1116 4639 patres
1147 4570 1282 4621 ante
1314 4584 1415 4621 ora
1452 4567 1723 4637 ﬁliorum,
1754 4569 1899 4623 ﬁlios
1922 4599 1978 4670 Ι)
2000 4570 2210 4640 negotii
2240 4570 2366 4624 fuit.
2403 4569 2552 4639 Opes
2591 4573 2782 4623 autem
2814 4583 3015 4623 eorum
3047 4565 3339 4638 appositus
3378 4566 3448 4623 ab
3493 4567 3631 4639 ipsis

265 4660 327 4714 in
395 4664 699 4732 conspectu
768 4666 1068 4732 parentum
1133 4660 1412 4715 interﬁci?
1466 4662 1634 4717 Trahi
1696 4660 1970 4717 canitie"
2002 4662 2161 4734 prius
2187 4662 2336 4732 ignis
2361 4662 2730 4732 consumpsit.

266 4755 447 4809 fessos
496 4771 678 4823 senes,
720 4755 810 4809 vel
854 4755 926 4809 ad
974 4771 1199 4821 necem,
1247 4755 1328 4809 vel
1380 4755 1535 4827 quod
1589 4756 1750 4827 pejus
1796 4762 1899 4824 est,

330 4922 427 4984 (78)
458 4922 704 4972 Sortitus.
742 4895 927 4974 ΒΑΜ(
2066 4925 2161 4985 (83)
2186 4922 2466 4990 Josepbus
2507 4938 2636 4976 vero
2673 4921 2741 4977 de
2778 4924 3000 4976 duabus
3043 4920 3245 4976 retulit.
3288 4921 3460 4990 quue
3497 4940 3632 4978 con-

334 4993 429 5056 (79)
462 4995 749 5045 Revinclus.
782 4995 852 5045 Et
872 5008 1002 5045 mox
1027 4994 1289 5045 subditus.
1319 4995 1399 5045 ID.
2003 4997 2190 5061 tigisse
2229 4997 2399 5061 aliqui
2448 4997 2699 5047 scribunt
2750 4998 2811 5047 15
2855 4998 3062 5061 aprilis,
3107 4996 3176 5046 ab
3226 5000 3630 5061 expugnatione

334 5064 431 5127 (80)
470 5066 813 5115 Testamento.
845 5066 933 5114 ID.
2002 5067 2351 5118 Hierusalem
2399 5069 2667 5132 secundo,
2713 5082 2743 5118 a
2788 5070 3077 5119 nativitate
3121 5081 3251 5119 vero
3300 5068 3503 5119 Christi
3550 5071 3627 5119 Ἠ.

337 5136 434 5197 (81)
459 5135 582 5187 Vet.
615 5136 808 5197 codex,
835 5149 1012 5187 omnes
1034 5151 1088 5189 se
1118 5138 1336 5188 mollitia
1374 5142 1657 5196 exuerunt,
1685 5138 1902 5202 passioe
2003 5139 2084 5187 In.

269 5220 387 5258 nam
416 5207 764 5259 excluserunt.
794 5209 876 5259 lo.
