4032 6194
518 308 646 361 23H

1999 301 2052 354 S.
2095 295 2409 357 AMBROSII

3681 305 3785 360 23l2

1909 664 2484 758 HlSTORl/E

736 907 918 1014 DE
1015 902 1613 1012 EXCIDIO
1710 900 3143 1011 HIEROSOLYMITANXE
3238 900 3636 1010 URBIS

1751 1158 2639 1231 ANACEPHALZEOSIS

2086 1359 2148 1403 ID
2188 1358 2304 1404 EST

1005 1490 1265 1554 OMNIUM
1306 1489 1482 1553 PENE
1522 1488 1673 1558 QUzE
1714 1489 1781 1553 IN
1823 1489 2305 1555 SUPERIORIBUS
2348 1487 2537 1553 DICTA
2578 1486 2746 1551 SUNT
2788 1484 3004 1550 LIBRIS
3042 1484 3394 1549 REPETITIO

1054 1908 1273 1964 CAPUT
1312 1908 1573 1963 PRIMUM
1585 1949 1596 1962 .

584 2032 742 2082 Anno
781 2043 892 2083 XLII
932 2033 1058 2099 post
1099 2027 1415 2099 passionem
1460 2027 1709 2095 Domini,
1750 2026 1975 2098 imperii
2009 2043 2142 2081 vero

510 2120 837 2191 Vespasiani
879 2121 1089 2192 primo,
1130 2121 1294 2175 bellis
1332 2121 1546 2191 asperis
1586 2121 1773 2175 Iudaea
1819 2125 1876 2175 et
1914 2120 2140 2174 seditio-

509 2213 679 2268 nibus
718 2214 1040 2269 domesticis
1088 2213 1460 2269 lacerabatur.
1508 2216 1628 2286 lpsa
1676 2230 1900 2286 quoque
1939 2230 2141 2269 eorum

511 2308 703 2361 civitas
746 2308 1059 2363 Jerusalem
1102 2307 1371 2362 intestino
1414 2307 1611 2379 praelio
1651 2308 1784 2378 (82")
1827 2307 2140 2363 laborabat.

509 2400 672 2456 Nulla
718 2401 1086 2470 intermissio,
1138 2401 1293 2455 nulla
1346 2401 1595 2472 requies,
1645 2401 1817 2456 nulla:
1875 2401 2140 2472 induciae,

508 2495 815 2550 momentis
869 2495 1133 2550 omnibus
1187 2495 1588 2550 dimicabatur.
1642 2495 1798 2550 Multi
1865 2495 2140 2562 ruebant,

501 2588 789 2645 innumeri
824 2589 1262 2661 jugulabautur.
1298 2588 1539 2659 Sanguis
1580 2588 1824 2643 foadabat
1862 2590 2139 2655 universa,

507 2682 741 2755 ipsaque
790 2683 1043 2754 replebat
1086 2682 1285 2753 templi
1331 2682 1532 2737 limina
1579 2699 1592 2736 :
1644 2682 1849 2754 passim
1900 2683 2143 2737 ruebant

508 2776 814 2843 cadavera;
859 2775 1080 2847 sagittis
1120 2776 1235 2843 alii,
1278 2775 1371 2830 alii
1412 2775 1722 2830 missilibus
1761 2775 2138 2831 feriebantur.

510 2869 703 2925 Nullus
742 2870 899 2924 locus
945 2869 1200 2941 periculo
1244 2869 1494 2937 vacabat,
1541 2869 1697 2931 nulla
1740 2885 1866 2941 spes
1909 2885 2134 2924 conver-

512 2962 705 3027 sionis,
758 2963 916 3018 nulla
973 2962 1227 3034 fugiendi
1280 2963 1445 3034 capia
1498 2967 1648 3031 erat;
1697 2966 1900 3017 moesta
1949 2962 2139 3017 omnia

507 3060 564 3113 et
617 3058 784 3129 plena
838 3056 1108 3125 horroris,
1156 3060 1213 3112 et
1260 3056 1428 3127 plena
1477 3055 1882 3125 immanitatis;
1931 3056 2141 3128 ubique

506 3151 713 3220 luctus,
758 3167 931 3222 pavor
974 3151 1211 3221 ubique;
1256 3149 1477 3205 clamor
1521 3150 1854 3215 mulierum,
1898 3151 2143 3221 ejulatus

505 3260 741 3311 senum,
797 3243 1162 3299 morientium
1228 3243 1513 3313 gemitus,
1567 3243 1874 3299 viventium
1931 3244 2137 3315 despe-

506 3288 741 3311 ..-.......,
797 3288 1162 3299 ...νην--.ψη
1228 3288 1513 3313 Cum...”
1932 3288 2105 3315 ..νυτν
2260 3288 2277 3290 ἡ

506 3337 677 3405 ratio;
718 3342 781 3391 ut
820 3336 1162 3392 miserabiles
1197 3351 1291 3390 eos
1330 3335 1547 3391 diceres
1586 3336 1683 3409 qui
1728 3288 2416 3409 remanserant,Bf3°tP§

504 3432 706 3486 beatos
746 3430 842 3502 qui
888 3429 1136 3485 obibant.
1177 3430 1479 3495 Quomodo
1522 3430 1761 3503 decepta
1806 3449 1866 3487 es
1913 3432 2139 3503 populis

507 3524 636 3592 tuis,
679 3524 885 3596 quibus
925 3524 1223 3595 quondam
1264 3523 1798 3581 videbaris.beata?
1836 3524 2137 3590 Quomodo

506 3624 829 3691 expugnata
858 3634 917 3673 es
947 3618 1058 3673 tuis
1092 3618 1286 3686 armis,
1318 3623 1488 3691 atque
1513 3618 1577 3681 in
1611 3622 1662 3675 te
1697 3635 1979 3675 conversae.
2008 3624 2139 3675 sunt

506 3729 712 3767 manus
762 3717 895 3781 tuae,
944 3728 1073 3784 qua:
1127 3712 1341 3768 solebas
1390 3712 1512 3767 sine
1562 3712 1734 3767 armis
1785 3712 2032 3784 vincere,
2083 3717 2138 3768 et

503 3807 625 3862 sine
669 3806 782 3862 ullo
817 3806 1006 3877 praelio
1044 3805 1271 3861 hostem
1313 3805 1504 3873 ferire,
1534 3822 1664 3861 cum
1707 3823 1810 3877 pro
1854 3809 1907 3861 te
1946 3807 2135 3878 angeli

505 3900 864 3968 dimicarent,
903 3904 959 3954 et
1001 3899 1315 3955 militarent
1353 3899 1452 3955 tibi
1484 3900 1689 3955 ﬂuctus
1731 3900 1925 3969 maris,
1966 3906 2135 3955 terrm

505 3994 710 4063 hiatus,
739 3993 865 4049 cceli
890 3993 1187 4064 fragores?

1157 4130 1379 4186 CAPUT
1419 4131 1486 4185 Il.

578 4246 827 4317 Exsurge
869 4259 1044 4313 nunc,
1089 4246 1289 4313 Moses,
1334 4249 1392 4299 et
1436 4246 1561 4302 vide
1607 4251 1834 4317 gentem
1874 4251 2032 4301 tuam
2078 4251 2136 4301 et

503 4340 889 4397 haereditatem
939 4339 1138 4412 populi
1191 4338 1295 4394 tibi
1352 4339 1572 4407 crediti,
1627 4339 1815 4411 perire
1869 4339 2134 4395 manibus

501 4434 648 4505 suis;
705 4433 893 4505 aspice
955 4433 1230 4505 populum
1290 4433 1451 4488 illum
1508 4433 1639 4502 Dei,
1701 4433 1791 4489 cui
1848 4434 2133 4506 gradienti

502 4528 764 4601 pervium
805 4544 961 4583 mare
1007 4526 1254 4599 patebat,
1291 4527 1380 4583 cui
1428 4526 1697 4583 esurienti
1738 4544 1893 4583 escas
1930 4529 2132 4583 caelum

2162 1920 2220 1991 Α
2243 1907 2527 1961 suavitate
2565 1905 2761 1961 solitus
2794 1904 3115 1971 excludere,
3148 1906 3206 1957 et
3232 1901 3360 1957 vide
3390 1897 3811 1973 quemadmodum

2245 2000 2641 2056 dominabatur
2668 2001 2845 2066 furor,
2879 2002 3051 2070 atque
3093 2012 3325 2052 omnem
3358 1995 3670 2062 suavitatem
3699 1991 3811 2063 psal~

2245 2111 2476 2150 morum
2526 2099 2757 2149 tuorum
2805 2110 2873 2149 ex
2920 2092 3278 2164 perditorum
3329 2088 3581 2145 sensibus
3622 2084 3815 2140 abluerit

2246 2190 2377 2260 (83),
2417 2193 2476 2243 et
2512 2188 2903 2259 unusquisque
2944 2187 3016 2240 de
3049 2184 3402 2256 principibus
3432 2181 3687 2254 p0pulum
3719 2179 3816 2233 uni-

2243 2298 2467 2337 versum
2487 2281 2558 2337 ad
2586 2286 2831 2336 mortem
2853 2280 3073 2348 afferat,
3099 2284 3155 2334 ut
3178 2277 3499 2333 libertatem
3526 2277 3818 2344 extorqueat,

2243 2393 2350 2448 pro
2376 2392 2487 2448 quo
2513 2378 2570 2430 te
2598 2375 2785 2447 ipsum
2814 2374 2984 2429 morti
3008 2372 3301 2431 oiferebas.
3335 2370 3629 2435 Suscitare,
3649 2365 3819 2428 Elisus,

2244 2470 2345 2541 qui
2384 2470 2608 2525 hostem
2646 2467 3013 2524 iutroduxisti
3056 2466 3115 2521 in
3155 2465 3495 2531 Samariam,
3524 2469 3578 2518 et
3619 2460 3818 2515 amicum

2241 2564 2446 2619 fecisti.
2480 2565 2584 2619 Per
2618 2566 2674 2618 te
2709 2562 2770 2617 in
2800 2562 3001 2617 castris
3033 2560 3207 2632 Syriae
3237 2558 3639 2631 quadrigarum
3677 2554 3818 2607 incre-

2241 2657 2367 2729 puit
2398 2657 2609 2727 fragor,
2637 2662 2692 2711 et
2719 2672 2820 2710 vox
2846 2655 3108 2726 equitum
3137 2658 3196 2709 et
3221 2651 3448 2708 virtutis
3472 2668 3484 2706 :
3507 2648 3648 2720 fugit
3669 2645 3819 2707 hostis.

2242 2750 2417 2804 evasit
2453 2750 2805 2805 obsidionem
2831 2748 3079 2804 .ludaans.
3112 2747 3218 2801 Ubi
3252 2762 3405 2800 nunc
3435 2745 3542 2799 ista
3567 2740 3764 2805 merita,
3784 2742 3825 2792 et

2242 2843 2339 2898 ubi
2370 2860 2521 2898 nunc
2549 2844 2673 2898 istm
2702 2842 3067 2914 operationes
3096 2843 3430 2896 sanctorum
3449 2838 3477 2893 ‘I
3513 2838 3621 2891 Nec
3656 2834 3822 2889 mirum

2243 2937 2289 2992 si
2315 2937 2599 2992 miserunt
2619 2936 2731 3008 (84)
2752 2936 3159 3008 prophetarum
3184 2950 3381 3006 opera,
3405 2931 3504 3004 qui
3528 2928 3828 3001 negaverunt

2242 3032 2650 3103 prophetarum
2697 3030 2998 3086 arbitrum.
3048 3028 3183 3083 Ideo
3232 3028 3291 3082 in
3338 3033 3416 3095 te,
3455 3024 3661 3091 Iudaea,
3697 3035 3825 3075 arma

2243 3126 2351 3196 (85)
2383 3127 2813 3192 convertuntur,
2840 3123 3125 3178 orationes
3156 3124 3266 3176 tua:
3297 3119 3445 3176 nihil
3479 3117 3578 3175 tibi
3613 3115 3828 3188 prosunl,

2242 3219 2376 3290 quia
2427 3218 2567 3273 fides
2615 3223 2711 3273 tua
2756 3218 2895 3272 nihil
2942 3220 3249 3288 operatur;
3299 3215 3434 3269 ideo
3474 3212 3749 3268 adversum
3787 3210 3829 3258 te

2464 3315 2549 3366 est
2590 3311 2833 3383 populus
2879 3315 3029 3378 tuus,
3074 3310 3208 3381 quia
3249 3309 3310 3363 in
3363 3315 3421 3364 te
3471 3319 3727 3363 conversa
3763 3302 3829 3354 est

2242 3405 2476 3477 perfidia
2513 3409 2632 3460 tua.
2664 3404 2825 3469 Quod
2861 3404 3179 3459 remedium
3217 3403 3516 3474 quaeritur,
3546 3399 3635 3454 ubi
3669 3398 3831 3451 auctor

2241 3500 2477 3555 remedii
2526 3516 2636 3553 non
2689 3498 3063 3554 conciliatur?
3107 3497 3253 3562 Quid
3306 3495 3546 3568 putabas
3592 3492 3829 3553 futurum,

2238 3610 2366 3648 cum
2412 3593 2525 3647 tuis
2567 3592 2829 3647 manibus
2866 3592 3042 3647 vitam
3086 3597 3241 3646 tuam
3286 3589 3692 3661 exstingueres,
3728 3596 3832 3637 cum

2237 3688 2346 3743 tuis
2378 3686 2606 3742 vocibus
2636 3686 2973 3742 advocatum
3010 3691 3172 3741 tuum
3209 3684 3641 3745 exterminares,
3666 3676 3760 3733 nisi
3783 3679 3833 3728 ut

2237 3780 2294 3835 in
2326 3787 2380 3836 te
2420 3796 2650 3852 quoque
2691 3779 2950 3850 injiceres
2982 3779 3225 3834 manus?
3255 3778 3442 3832 Habes
3480 3773 3627 3848 quod
3654 3768 3831 3843 petisti.

2237 3874 2503 3947 Eripuisti
2547 3873 2648 3928 tibi
2695 3874 2998 3944 praesulem
3046 3871 3223 3944 pacis,
3276 3870 3474 3942 petisti
3520 3866 3695 3924 necari
3732 3862 3833 3917 Vitta

2235 3973 2348 4023 tuae
2379 3968 2680 4034 arbitrum,
2711 3967 2948 4023 concedi
2978 3966 3081 4021 tibi
3116 3965 3444 4020 Barabbam
3477 3982 3489 4018 :
3520 3963 3623 4029 Qui
3651 3961 3836 4030 propter

2234 4063 2547 4118 seditionem
2587 4064 2795 4129 factum
2838 4063 2897 4116 in
2934 4063 3155 4116 civitate
3196 4065 3247 4115 et
3288 4057 3639 4114 homicidium
3675 4054 3835 4109 missus

2231 4158 2417 4224 fuerat
2454 4158 2513 4211 in
2552 4171 2816 4212 carcerem
2847 4154 3021 4226 (Luc.,
3055 4170 3204 4223 xxm,
3249 4153 3370 4219 l9);
3413 4153 3543 4208 ideo
3581 4148 3717 4204 salus
3753 4144 3834 4198 abs

2234 4254 2292 4304 te
2333 4249 2581 4317 recessit,
2622 4265 2727 4321 pax
2767 4248 2929 4316 abiit,
2970 4247 3135 4319 quies
3177 4246 3435 4315 destitit;
3475 4245 3605 4301 data
3642 4246 3720 4297 est
3752 4237 3833 4291 tibi

2233 4342 2453 4410 seditio,
2498 4343 2694 4397 datum
2739 4341 3059 4410 excidium;
3105 4356 3352 4411 agnosce
3407 4338 3515 4394 tibi
3556 4336 3718 4391 hodie
3756 4334 3835 4386 Ba-

2233 4436 2470 4491 rabbam
2522 4436 2736 4504 vivere,
2788 4439 2845 4491 et
2893 4436 3087 4491 Jesum
3144 4436 3463 4489 mortuum.
3522 4430 3649 4486 Ideo
3695 4427 3747 4481 in
3788 4428 3832 4477 te

2231 4535 2437 4602 regnat
2474 4514 2697 4599 seditio,
2730 4546 2836 4601 pax
2878 4529 3102 4601 sepulta
3141 4534 3247 4597 est,
3280 4530 3344 4582 ut
3385 4526 3669 4582 crudelius
3694 4538 3723 4575 a
3746 4518 3835 4574 tuis

503 4621 991 4689 subministrabat,
1025 4621 1148 4676 sine
1184 4621 1330 4677 mari
1361 4622 1642 4690 clausum,
1676 4621 1798 4678 sine
1840 4622 2132 4677 Pharaone
2153 4663 2207 4736 Ο
2233 4640 2449 4696 pereas,
2478 4629 2535 4679 et
2563 4623 2720 4696 prius
2744 4639 2920 4695 quam
2950 4624 3022 4679 ab
3051 4622 3253 4678 alienis
3284 4620 3531 4693 perires.

512 4716 792 4736 A,L__--_-__
869 4714 982 4736 -2..-
1027 4720 1306 4736 L-_._-..__..A
1362 4715 1649 4736 -A__2I21_A-
1693 4715 1949 4736 :A:_____--_
2024 4718 2096 4736 13-

502 4716 818 4785 obsessum,
866 4714 986 4769 sine
1026 4720 1311 4770 terrarum
1358 4715 1653 4771 sterilitate
1687 4715 1974 4787 jejunum.
2022 4718 2130 4772 Ex-

501 4826 688 4882 surge,
718 4812 926 4875 Aaron,
964 4807 1064 4880 qui
1100 4808 1404 4878 aliquando
1433 4815 1667 4881 propter
1703 4807 1979 4863 offensam
2014 4810 2129 4876 Dei,

500 4921 630 4960 cum
681 4919 833 4959 mors
882 4902 1161 4974 plurimos
1209 4902 1610 4973 depasceretur
1658 4903 1875 4975 populi,
1928 4903 2132 4959 stetisti

501 4998 651 5054 inter
700 4997 947 5053 viventes
993 5012 1061 5051 ac
1108 5000 1385 5063 mortuos,
1433 4998 1489 5051 et
1542 5012 1700 5052 mors
1743 4996 1916 5067 stetit,
1962 5002 2131 5069 atque

499 5093 723 5164 objectu
753 5090 1004 5164 corporis
1039 5090 1124 5146 tui
1161 5089 1329 5145 haesit
1364 5089 1510 5157 lues,
1538 5105 1643 5145 nec
1676 5090 1918 5145 transire
1949 5091 2127 5163 potuit

2871 4767 3089 4825 CAPUT
3126 4769 3219 4824 IIl.

2301 4903 2444 4968 Quid
2487 4907 2729 4970 tantum,
2775 4900 3114 4958 miserabilis
3157 4901 3371 4971 civitas,
3416 4902 3699 4956 Romanus
3737 4892 3832 4947 suis

2229 4997 2427 5063 armis,
2479 5001 2756 5075 quantum
2812 4996 3053 5068 populus
3103 5002 3232 5050 tuus
3280 4996 3565 5050 malorum
3614 4985 3829 5047 invexit?

2230 5092 2299 5147 Ut
2339 5107 2471 5145 cum
2518 5091 2782 5146 Romanis
2824 5106 3131 5162 pugnares,
3175 5090 3256 5145 tui
3300 5090 3569 5144 fecerunt
3606 5103 3619 5142 :
3660 5095 3828 5155 pacem

498 5185 571 5241 ad
615 5185 1016 5258 contagionem
1063 5182 1398 5239 viventium.
1446 5183 1728 5240 Suscitare
1776 5189 1836 5241 et
1876 5188 1961 5253 tu,
2000 5187 2131 5242 Jesu
2226 5184 2506 5241 volebant
2536 5184 2798 5252 Romani,
2831 5187 2891 5238 tu
2931 5183 3146 5239 bellum
3186 5182 3461 5238 indixisti.
3501 5180 3645 5247 Quid
3675 5186 3829 5232 causa!

500 5280 681 5349 Nave,
737 5280 834 5352 qui
896 5295 1091 5335 muros
1148 5277 1617 5350 inexpugnabiles
1670 5279 1928 5346 Jertcho,
1980 5279 2129 5334 tubis
2228 5285 2369 5348 erat,
2422 5283 2484 5332 ut
2537 5278 2799 5332 fortiores
2853 5276 3195 5333 lacesseres?
3240 5275 3461 5331 Durum
3512 5290 3662 5339 sane,
3703 5266 3828 5340 quod

500 5374 833 5431 canentibus
863 5372 1267 5445 complanasti;
1298 5377 1354 5427 et
1387 5371 1513 5427 vide
1548 5372 1824 5443 populum
1860 5371 1951 5426 cui
1982 5377 2128 5428 exte—
2227 5376 2423 5427 contra
2449 5372 2637 5443 legem
2665 5387 2883 5426 sacram
2910 5371 3188 5442 templum
3216 5369 3446 5442 gentilis
3474 5365 3721 5429 intravit;
3744 5357 3825 5415 sed

499 5481 593 5521 ros
629 5466 935 5539 subjecisti,
977 5481 1133 5523 nunc
1177 5464 1447 5521 eumdem
1489 5464 1811 5537 subjectum
1857 5465 2124 5537 opprimi.
2218 5466 2342 5539 jam
2383 5481 2497 5519 non
2534 5468 2655 5520 erat
2693 5464 2791 5521 Dei
2831 5464 3135 5536 templum.
3173 5464 3295 5519 Non
3341 5479 3475 5518 eras
3517 5462 3612 5517 Dei
3644 5458 3822 5518 civitas,

501 5559 802 5628 Suscitare,
848 5560 1040 5629 David,
1080 5561 1515 5631 exasperantem
1562 5558 1828 5631 spiritum
1870 5558 2125 5615 citharae.
2227 5575 2337 5615 nec
2365 5575 2486 5614 esse
2517 5562 2765 5631 poteras,
2799 5574 2926 5629 qum
2961 5574 3083 5615 eras
3113 5561 3472 5613 mortuorum
3503 5552 3820 5627 sepulcrum;

565 5720 687 5786 (82")
715 5720 903 5770 Codex
944 5734 1097 5782 mam,
1128 5723 1271 5774 trino
1310 5724 1455 5774 intra
1496 5737 1551 5774 se
1591 5723 1792 5787 prauo.
1836 5724 2127 5776 Factiones

498 5791 578 5844 ibi
613 5787 893 5853 siquidem
928 5794 1038 5840 tres
1082 5795 1252 5851 erant,
1299 5793 1547 5855 Joannis,
1592 5794 1836 5847 Simonis
1872 5799 1927 5847 et
1964 5795 2127 5847 Elea-

501 5863 611 5918 zari
629 5873 643 5923 ;
673 5870 839 5923 supra
863 5857 961 5910 lib.
993 5868 1053 5922 ν,
1082 5871 1203 5922 cap.
1235 5862 1284 5912 t.
1315 5862 1489 5916 Buta.

2285 5727 2384 5788 (83)
2418 5726 2897 5792 Expaditorum.....
2925 5722 3226 5777 aboleverit.
3255 5724 3335 5776 In.

2291 5799 2386 5863 (84)
2413 5801 2500 5850 An
2530 5798 2825 5849 amiserunt
2844 5793 2875 5849 P
2904 5795 3205 5851 GALLAND.

2289 5869 2389 5934 (85)
2409 5870 2575 5921 Arma
2605 5873 2712 5920 tua.
2739 5868 2914 5920 Bsan.
