4032 6194
840 7 1449 39 -ΜΑ
1356 32 1369 37 ,,
1450 7 1635 35 μέςηι-ρτέρμ
1678 28 1697 31 -
1736 28 1753 33 ~—
1776 28 1819 32 -——
1868 24 2023 36 —-—<.—.—
2138 28 2151 33 -
2318 28 2355 33 _
2550 21 2833 31 -wﬂ—h—
2856 8 3095 27 W7
3098 16 3335 27 νᾳ-Δη-ῄ-μ,

1190 308 1524 369 msronus
1565 307 1918 368 unanosot.
1960 312 2590 369 ANACEPHALEOSIS.
2660 278 2663 285 ’

218 428 533 499 praesertim
563 432 815 498 tuorum,
850 446 994 503 quos
1038 431 1157 504 ipsa
1198 434 1510 502 occideras,
1550 451 1669 490 non
1700 451 1846 507 quos
1868 448 1927 520 Α
1949 438 2083 504 tuas,
2114 452 2246 491 cum
2272 435 2398 507 ipsa
2424 436 2540 489 tuis
2564 435 2833 491 manibus
2863 435 3186 491 destrueres
3210 436 3575 491 munimenta

202 521 284 579 .ab
326 522 489 577 hoste
538 524 828 580 amiseras.
872 525 1172 590 Quomodo
1223 527 1377 582 enim
1429 534 1661 600 poteras
1714 529 1846 584 vitte
1946 535 2066 599 tua,
2099 546 2231 589 cum
2265 529 2377 584 tuis
2415 528 2783 585 mucronibus
2824 528 3056 584 foderes
3094 530 3311 584 viscera
3346 534 3463 597 tua,
3494 530 3574 583 ita

221 631 337 671 esse
387 616 764 686 domicilium,
807 634 936 691 qute
993 636 1119 675 eras
1174 622 1375 677 mortis
1427 621 1842 692 habitaculum,
1950 629 2010 679 ut
2032 623 2215 679 hostis
2240 623 2630 689 misereretur,
2652 628 2713 676 ut
2741 622 2839 677 ille
2864 625 3138 694 parceret,
3156 626 3213 679 et
3237 628 3299 677 tu
3325 622 3571 677 smvires.

224 306 351 361 2313
1190 308 1524 366 HISTORUE
1565 307 1918 366 HIEROSOL.
1960 312 2590 366 ANACEPHALAEIOSIS.
2914 344 2919 349 ι
3434 312 3571 366 2314

222 710 595 766 diversorium
630 711 932 783 scelerum,
973 714 1266 771 latronum
1305 716 1622 787 spelaeum?
1645 719 1844 774 Jacue-
1950 716 2188 772 Videbas
2214 717 2371 772 enim
2398 715 2556 788 quod
2582 716 2732 770 Deus
2756 715 3060 770 adversum
3100 719 3153 771 te
3182 718 3484 787 pugnaret,
3520 720 3576 769 et

222 808 353 858 runt
379 804 437 858 in
479 808 536 860 te
575 808 807 861 Ananus
844 813 900 861 et
942 809 1190 864 Joannes
1221 809 1332 881 (86)
1363 810 1625 881 insepulti
1660 825 1844 865 sacer-
1948 812 2340 867 Romanorum
2372 811 2714 881 fungeretur
2759 808 3039 880 partibus,
3083 812 3147 863 ut
3180 810 3299 879 ipsa
3345 808 3447 862 tibi
3493 808 3577 861 in-

223 899 417 954 dotum
484 900 797 971 principes;
868 904 926 957 et
990 901 1069 956 illi
1132 903 1347 958 dudum
1411 903 1851 959 sacerdotalibus
1949 904 2128 960 ferres
2168 904 2547 959 voluntariam
2588 902 3018 974 perditionem:
3060 902 3187 957 ideo
3234 906 3577 972 spectatores

223 991 404 1047 induti
432 993 608 1060 stolis,
644 993 745 1064 qui
780 995 1135 1050 venerationi
1166 997 1340 1051 etiam
1372 997 1576 1053 exteris
1602 997 1847 1064 fuerant,
1952 997 2243 1053 malebant
2287 1013 2407 1053 esse
2447 997 2687 1053 Romani
2735 1012 2911 1068 quam
2948 1011 3330 1067 percussores,
3379 1009 3450 1049 ne
3491 994 3576 1047 fu-

223 1085 507 1142 deformes
538 1088 1188 1158 jacuerunt..Cadavera
1233 1106 1434 1146 eorum
1479 1107 1605 1146 esca
1649 1091 1849 1147 volati-
1954 1091 2209 1147 rentibus
2256 1092 2367 1147 tuis
2410 1092 2565 1146 inter
2616 1107 2674 1145 se
2729 1089 3060 1158 visceribus,
3104 1105 3344 1145 manum
3392 1087 3583 1143 admo-

222 1180 360 1235 lium
406 1184 465 1235 et
507 1180 794 1236 devoratio
835 1198 1042 1237 canum
1080 1183 1225 1238 facta
1264 1188 1418 1252 sunt,
1457 1184 1731 1240 membris
1769 1186 1851 1240 la-
1953 1202 2085 1240 vere
2112 1186 2471 1257 contagionis
2510 1185 2713 1255 magis,
2747 1200 2924 1255 quam
2951 1182 3310 1239 fortitudinis
3335 1180 3580 1236 aestima-

223 1274 418 1341 cerati,
458 1278 513 1329 et
551 1277 673 1329 tota
720 1275 962 1347 dispersi
1014 1277 1174 1344 urbe,
1218 1280 1281 1332 ut
1317 1278 1611 1348 deplorare
1646 1280 1855 1334 veteris
1956 1285 2174 1335 rentur.
2206 1279 2288 1333 Ad
2331 1279 2455 1333 haec
2490 1277 2754 1333 nefanda:
2791 1278 2946 1333 necis
2975 1277 3252 1348 supplicia
3289 1274 3588 1330 accedebat

224 1368 539 1423 sanctitatis
577 1369 794 1440 species
834 1369 1123 1426 videretur
1162 1375 1377 1427 tantam
1421 1373 1561 1427 sacri
1605 1373 1856 1428 nominis
1959 1372 2137 1443 impia
2177 1373 2508 1428 immanitas
2549 1370 2923 1438 crudelitatis,
2962 1373 3028 1426 ut
3069 1369 3424 1441 sepulturam
3470 1384 3589 1424 om-

222 1463 652 1531 contumeliam,
682 1468 740 1517 et
775 1464 1014 1534 speciosi
1043 1465 1332 1536 quondam
1371 1466 1627 1521 muneris
1664 1467 1852 1522 defor-
1956 1466 2127 1522 nibus
2170 1468 2269 1539 qui
2313 1466 2397 1521 vel
2447 1466 2505 1520 in
2552 1467 2765 1536 templo
2806 1465 2987 1521 necati
3031 1464 3259 1518 fuerant
3303 1463 3389 1518 vel
3441 1463 3588 1517 circa

224 1555 504 1611 mitatem.
535 1555 645 1612 Sed
678 1557 800 1628 ipsa
838 1556 945 1612 tibi
976 1558 1147 1629 hujus
1172 1558 1532 1630 indignitatis
1557 1560 1856 1615 exordium
1956 1560 2115 1615 urbis
2168 1560 2407 1631 plateas,
2466 1565 2745 1632 negarent
2798 1577 2810 1614 :
2866 1575 2969 1613 nec
3029 1558 3267 1612 humare
3320 1556 3586 1627 cuiquam

222 1648 425 1716 fecisti,
465 1666 593 1720 qua:
626 1650 686 1704 in
725 1650 919 1706 medio
960 1652 1089 1706 sinu
1133 1658 1233 1707 tuo
1278 1654 1576 1708 occidebas
1619 1655 1859 1726 prophe-
1961 1653 2208 1723 vacabat,
2245 1654 2382 1709 dum
2426 1654 2589 1708 bellis
2628 1654 2780 1707 inter
2816 1669 2873 1708 se
2914 1655 3347 1723 occuparentur,
3387 1648 3590 1704 ferien-

226 1747 327 1810 tas,
358 1759 491 1814 quae
534 1743 824 1814 lapidabas
859 1750 1085 1801 sanctos
1123 1747 1367 1802 Domini.
1405 1751 1547 1803 Ante
1578 1748 1858 1819 templum
1883 1813 1928 1820 _
1963 1747 2133 1820 dique
2174 1748 2356 1818 magis
2401 1764 2570 1820 quam
2612 1746 2892 1802 humandi
2925 1762 3063 1800 cura
3101 1745 3403 1800 universos
3439 1747 3591 1797 tene-

225 1813 525 1891 Zacharias
556 1813 740 1907 jacuit
775 1838 1074 1909 exanimis,
1101 1839 1281 1910 jacuit
1320 1840 1649 1896 inhumatus
1676 1813 1938 1912 z'ergoB
1962 1813 2079 1895 bat.
2125 1842 2206 1894 Ita
2242 1813 2490 1912 quodam
2532 1841 2722 1895 furore
2768 1839 3086 1895 occiderant
3124 1837 3357 1923 pietatis.
3389 1835 3590 1901 officia,

224 1930 459 2001 sanguis
492 1934 624 1985 tuus
662 1930 827 1985 illum
858 1932 1024 1987 lavat.
1063 1934 1200 1997 Quae
1230 1949 1401 1988 causa
1432 1939 1623 1989 autem
1657 1934 1860 1990 mortis
1963 1934 2374 1989 crudescebant
2400 1934 2711 2006 impietatis
2745 1933 3089 2002 ministeria;
3122 1932 3381 2003 nihilque
3412 1930 3592 2001 magis

224 2023 335 2078 fuit.
371 2025 602 2092 Anano,
648 2024 757 2079 nisi
815 2025 971 2097 quod
1024 2027 1313 2098 increpuit
1354 2028 1627 2099 populum
1676 2036 1860 2096 tuum,
1966 2028 2023 2082 in
2049 2026 2223 2083 tantis
2249 2027 2667 2082 calamitatibus
2694 2027 2963 2099 perierat,
2983 2043 3155 2098 quam
3183 2024 3594 2094 misericordia,

223 2117 359 2189 quia
407 2134 524 2173 non
580 2123 913 2189 resurgeret
961 2121 1069 2191 (87)
1111 2137 1213 2191 pro
1261 2103 1463 2193 templi
1507 2121 1862 2188 defensione,
1967 2138 2094 2192 quas
2136 2120 2251 2175 sola
2291 2122 2435 2176 solet
2473 2121 2712 2175 allevare
2757 2120 3029 2189 miserias,
3075 2119 3242 2173 solari
3286 2133 3596 2173 aerumnas.

227 2212 360 2283 quia
413 2212 813 2283 expostulabat
866 2213 1185 2269 libertatem
1235 2215 1546 2286 perditam,
1599 2217 1865 2270 virtutem

227 2303 550 2372 desertam,
604 2306 851 2361 calcatas
898 2311 1154 2363 veterum
1207 2324 1501 2363 sacrorum
1565 2308 1864 2380 reliquias,

228 2400 645 2454 commaculata
684 2399 884 2455 altaria
917 2420 928 2454 :
960 2401 1407 2473 relinquendum
1446 2402 1736 2457 asserebat
1763 2418 1863 2473 po-

228 2493 454 2564 pulum,
489 2509 596 2547 usu
633 2494 1067 2549 simulacrorum
1108 2494 1526 2551 insensibilium
1568 2499 1626 2550 et
1652 2499 1864 2550 statua-

232 2602 363 2641 rum
399 2602 559 2642 more
600 2587 743 2643 nihil
776 2588 901 2659 jam
947 2588 1290 2644 sentientem
1334 2591 1443 2660 (88)
1482 2590 1863 2645 commacula-

237 2680 406 2736 tum?
444 2681 592 2735 luta
642 2681 796 2736 enim
843 2682 1112 2737 animalia
1154 2682 1369 2738 referre
1414 2684 1621 2750 solent,
1664 2683 1754 2737 vel
1794 2683 1867 2735 vi-

243 2773 629 2830 cissitudinem
684 2775 975 2844 vindictae,
1020 2776 1234 2831 sentire
1288 2775 1588 2847 injuriam,
1645 2776 1868 2831 incitari

235 2867 458 2936 aculeo,
490 2868 782 2925 declinare
820 2869 1074 2925 verbera.
1115 2868 1226 2934 Qui
1265 2886 1402 2942 ergo
1445 2885 1549 2925 nec
1578 2869 1869 2937 excitatur,

228 2977 335 3016 nec
382 2962 673 3018 declinare
712 2963 868 3018 novit
913 2963 1066 3033 quod
1108 2970 1336 3030 noceat,
1383 2963 1586 3019 similis
1630 2970 1713 3019 est
1756 2979 1869 3019 nou

228 3055 638 3112 sentientibus.

882 3174 1102 3231 CAPUT
1142 3175 1228 3230 IV.

291 3296 366 3349 Et
410 3310 619 3349 revera
668 3294 763 3348 ubi
820 3294 1052 3349 libertas
1093 3300 1210 3361 tua,
1256 3295 1417 3365 cujus
1457 3295 1645 3349 studio
1690 3311 1872 3366 quon-

212 3390 357 3444 dam
413 3404 535 3443 non
586 3387 877 3459 Egyptiis,
928 3404 1044 3442 non
1082 3388 1419 3451 Palaestinis,
1465 3405 1576 3443 non
1618 3389 1874 3460 Assyriis,

214 3487 428 3553 postea
473 3497 591 3535 non
629 3481 800 3536 Medis
843 3480 1164 3536 cedendum
1208 3482 1765 3538 existimavistiiubi
1796 3487 1878 3537 est

210 3575 311 3630 illa
356 3574 830 3630 ﬂachabaaorum
874 3574 1034 3641 ﬁdes,
1078 3591 1208 3646 quae
1248 3576 1541 3646 quondam
1583 3575 1642 3630 in
1683 3576 1876 3648 paucis

207 3670 371 3724 fudit
424 3668 792 3739 Babylonios,
836 3670 1035 3722 Persas
1078 3668 1318 3740 fugavit,
1352 3669 1704 3724 Demetrium
1743 3685 1873 3741 per-

207 3763 393 3829 culit;
459 3761 538 3816 ad
590 3767 942 3832 postremum
996 3762 1055 3816 in
1107 3763 1355 3833 parvulis
1419 3779 1484 3816 ac
1547 3762 1878 3818 mulieribus

203 3855 509 3911 Antiochi
547 3871 730 3923 arma,
769 3854 996 3925 gladios
1029 3855 1410 3927 incendiaque
1449 3857 1778 3927 superavit:
1822 3860 1879 3911 et

1966 2216 2220 2287 Namque
2262 2219 2319 2270 et
2364 2215 2423 2270 hi
2466 2215 2564 2287 qui
2610 2214 2923 2269 amiserant
2974 2229 3104 2267 suos
3147 2228 3263 2267 non
3308 2210 3603 2267 audebant

1967 2308 2211 2364 humare
2240 2313 2475 2381 propter
2498 2307 2888 2375 formidinem,
2918 2324 3049 2362 cum
3081 2306 3269 2377 gravis
3298 2308 3487 2361 terror
3516 2305 3598 2360 in-

1970 2406 2206 2473 grueret
2235 2420 2268 2456 a
2307 2402 2544 2458 diversae
2580 2401 2838 2457 factionis
2877 2400 3261 2472 principibus;
3301 2402 3357 2453 et
3401 2399 3458 2452 hi
3501 2398 3601 2470 qui

1968 2500 2338 2562 necaverant,
2383 2495 2600 2552 alienos
2639 2495 2934 2563 cavebant,
2969 2510 3040 2548 ne
3081 2493 3212 2565 quis
3250 2492 3380 2547 illos
3408 2494 3603 2563 praeri-

1970 2595 2134 2661 peret
2178 2590 2246 2644 ad
2294 2590 2667 2661 sepulturam.
2716 2591 2911 2661 Itaque
2958 2604 3191 2643 necesse
3229 2592 3353 2642 erat
3396 2604 3601 2644 omnes

1971 2683 2194 2752 timere,
2221 2698 2292 2737 ne
2318 2681 2472 2753 quod
2496 2682 2658 2737 alteri
2685 2682 2898 2737 donare
2924 2681 3156 2749 vellent,
3186 2681 3241 2736 id
3268 2680 3375 2736 sibi
3404 2697 3595 2737 sume-

1967 2782 2129 2845 rent;
2166 2777 2249 2830 vel
2294 2775 2448 2848 quod
2487 2777 2651 2847 pejus
2693 2783 2800 2845 est,
2840 2791 3012 2848 quem
3054 2780 3395 2846 paraverant
3436 2791 3603 2829 usum

1972 2869 2233 2941 sepulcri,
2266 2884 2399 2924 eum
2428 2869 2533 2940 ipsi
2559 2885 2677 2923 non
2705 2869 3102 2941 impetrarent.
3442 2862 3456 2875 ’

2616 3041 2834 3096 CAPUT
2874 3041 2959 3097 Vl.

1896 3180 1949 3252 (Σ
2047 3202 2106 3255 1η
2139 3201 2352 3271 templo
2387 3200 2565 3272 igitur
2604 3199 2713 3271 ipsi
2747 3215 2849 3270 pro
2890 3201 3202 3271 unguentis
3226 3200 3375 3255 bene
3402 3199 3602 3254 olenti-

1977 3294 2119 3360 bus,
2174 3310 2277 3365 pro
2332 3292 2807 3364 thymiamateriis
2860 3292 3007 3347 bene
3069 3292 3446 3364 spirantibus,
3502 3307 3604 3363 pro

1979 3387 2335 3442 diversorum
2362 3388 2573 3443 florum
2610 3386 2904 3453 odoribus,
2934 3388 3120 3457 gravis
3148 3390 3270 3441 erat
3295 3385 3608 3456 insepultu-

1978 3498 2106 3536 rum
2133 3481 2475 3537 cadaverum
2512 3481 2683 3548 fetor,
2715 3496 2843 3552 quae
2874 3480 3070 3551 pluvia
3096 3479 3449 3548 dissolverat,
3479 3496 3606 3551 quae

1977 3576 2212 3629 ﬂamma
2265 3575 2641 3641 ambusserat,
2689 3590 2820 3645 quae
2866 3576 2944 3628 sol
2993 3574 3347 3629 calefecerat.
3396 3573 3606 3628 Omnes

1976 3674 2135 3723 artus
2183 3683 2458 3722 cessurum
2504 3667 2711 3722 civium
2759 3665 3107 3721 diro‘odore
3151 3666 3428 3720 fetebant.
3471 3666 3610 3721 Hinc

1977 3764 2360 3817 resolutorum
2417 3762 2657 3833 putredo
2723 3761 3026 3825 viscerum,
3085 3759 3220 3813 inde
3277 3764 3609 3813 exustorum

1979 3856 2146 3911 nidor
2185 3871 2383 3911 sensus
2417 3870 2617 3910 omnes
2652 3862 2825 3925 atque
2868 3870 2967 3909 ora
3010 3852 3382 3924 complebant
3410 3854 3606 3907 vivon-

199 3964 319 4021 pro
366 3948 789 4005 observatione
827 3948 1029 4019 patriae
1067 3949 1208 4003 mori
1248 3950 1453 4005 maluit
1492 3966 1661 4021 quam
1702 3950 1878 4021 regiis

200 4042 503 4114 imperiis
538 4040 977 4113 obtemperare?
1004 4041 1107 4097 Ubi
1136 4044 1220 4096 est
1258 4043 1352 4097 illa
1379 4042 1603 4098 devotio
1629 4046 1877 4113 patrum,

198 4136 637 4208 pulcherrima
678 4136 1001 4207 passionum
1047 4135 1330 4203 omnium,
1368 4152 1485 4209 qua
1521 4153 1579 4191 se
1620 4153 1734 4192 non
1777 4153 1880 4208 pro

192 4231 445 4294 liberis,
489 4245 604 4284 non
632 4245 737 4300 pro
766 4228 1105 4300 conjugibus
1139 4230 1325 4301 magis
1364 4246 1542 4301 quam
1589 4247 1695 4303 pro
1734 4236 1876 4287 tem-
1980 4238 2108 4287 rent
2150 4246 2281 4286 cum
2328 4229 2513 4301 patria
2556 4229 2723 4283 simul
2766 4229 2904 4283 solvi
2947 4229 3125 4284 etiam
3171 4230 3326 4300 leges
3370 4233 3608 4296 naturae,

196 4324 299 4396 pio
328 4324 484 4389 Dei,
529 4323 700 4377 morti
728 4322 1089 4377 offerebant?
1115 4326 1290 4379 Antea
1328 4329 1386 4379 et
1425 4323 1584 4395 virga
1613 4327 1877 4379 sacerdo-
1980 4326 2175 4396 negari
2210 4326 2305 4395 jus
2344 4322 2683 4389 viventibus,
2731 4338 2929 4393 pacem
2972 4322 3210 4390 civibus,
3255 4323 3609 4393 sepulturam

191 4418 344 4472 talis
406 4416 644 4482 ﬂoruit,
696 4415 876 4470 recisa
923 4416 994 4471 de
1046 4416 1291 4471 silvestri
1342 4417 1524 4472 radice
1567 4435 1581 4471 :
1633 4434 1785 4472 nunc
1826 4421 1884 4472 et
1983 4417 2287 4484 defunctis,
2335 4417 2586 4472 humana
2630 4417 2848 4488 pariter
2888 4422 3059 4487 atque
3101 4415 3296 4471 divina
3340 4416 3609 4471 maculari

194 4509 361 4566 ﬁdes
428 4512 589 4575 aret,
638 4514 696 4563 et
749 4510 974 4581 sepulta
1025 4514 1111 4564 est
1162 4510 1366 4580 pietas,
1412 4515 1468 4564 et
1518 4510 1656 4565 abiit
1698 4510 1963 4583 omnisn
1988 4528 2053 4567 ac
2082 4512 2286 4583 pollui,
2317 4510 2594 4582 permista
2627 4511 2844 4565 omnia.
2875 4509 3250 4566 Criminosam
3290 4525 3412 4563 esse
3450 4510 3610 4565 mise-

182 4605 459 4660 rit-tutis
518 4602 831 4658 aemulatio.
884 4601 996 4657 Nec
1038 4601 1246 4657 mirum
1302 4604 1346 4656 si
1399 4604 1643 4675 populus
1695 4605 1793 4675 qui
1847 4622 1879 4659 a
1904 4601 1960 4620 ν
1987 4605 2312 4674 ricordiam,
2340 4603 2638 4675 religionis
2667 4605 2789 4659 loco
2825 4603 3020 4658 haberi
3057 4601 3473 4670 crudelitatem,
3502 4618 3613 4658 cas.

188 4698 317 4754 Deo
364 4696 631 4753 recessit
669 4700 726 4750 et
763 4695 1088 4767 improbum
1116 4696 1588 4751 contradictionis
1614 4697 1880 4769 spiritum
1982 4705 2136 4754 trum
2176 4700 2234 4753 in
2275 4698 2515 4769 templo,
2558 4697 2774 4752 bellum
2822 4697 2881 4751 in
2918 4696 3140 4763 limine,
3177 4695 3348 4751 funus
3389 4697 3446 4750 in
3478 4698 3612 4750 alta-

181 4794 525 4865 sequitur,
568 4790 623 4843 in
664 4806 722 4844 se
764 4789 952 4861 ipsum
995 4789 1205 4845 divisus
1247 4793 1352 4845 est.
1386 4788 1682 4854 Quomodo
1724 4791 1881 4844 enim
1986 4792 2174 4857 ribus;
2208 4808 2275 4847 ea
2295 4795 2550 4862 spectare
2572 4789 2768 4857 oculis,
2793 4805 2923 4861 quas
2955 4790 3251 4862 prophetis
3271 4790 3616 4845 denuntian-

180 4902 419 4959 pacem
468 4898 645 4938 suam
688 4888 886 4938 tenere
926 4886 1171 4954 poterat,
1206 4884 1302 4954 qui
1346 4899 1547 4955 pacem
1584 4884 1683 4938 Dei
1720 4899 1882 4954 repu-
1986 4886 2135 4941 tibus
2164 4902 2279 4940 non
2315 4884 2686 4940 credidissent
2725 4884 2936 4939 futura.
2970 4885 3114 4938 Nam
3154 4883 3222 4938 de
3266 4883 3356 4938 his
3396 4882 3617 4938 dixerat

179 4980 438 5036 diavit?
478 4980 610 5034 Pas:
636 4979 732 5032 Dei
756 4976 1006 5032 Christus
1035 4984 1133 5041 est,
1165 4980 1260 5047 qui
1295 4979 1427 5044 fecit
1460 4983 1692 5047 utraque
1718 4993 1885 5032 unum
1988 4979 2160 5034 David
2198 4996 2211 5034 ε
2254 4980 2572 5035 Polluerunt
2618 4978 2876 5048 templum
2915 4984 3165 5033 sanctum
3209 4983 3384 5041 tuum,
3421 4992 3609 5047 posue-

180 5076 478 5146 (Ephes.,
522 5087 579 5137 ll,
614 5073 720 5139 14).
750 5071 948 5125 Merito
984 5087 1123 5141 ergo
1165 5088 1235 5125 ex
1279 5087 1396 5124 uno
1437 5071 1654 5142 populo
1692 5070 1885 5142 plures
1988 5081 2119 5127 runt
2180 5073 2433 5128 mortalia
2483 5087 2759 5127 servorum
2826 5078 3042 5127 tuorum
3091 5086 3238 5126 escas
3300 5072 3615 5127 volatilibus

176 5169 552 5225 adversum
579 5179 639 5218 se
668 5162 803 5218 facti
834 5170 985 5231 sunt,
1014 5164 1147 5235 quia
1174 5165 1486 5218 noluerunt
1523 5163 1681 5235 sequi
1710 5163 1888 5218 divisa
1987 5167 2135 5230 creti;
2185 5165 2491 5236 emiderunt
2534 5167 2852 5234 sanguinem
2895 5179 3077 5220 eorum
3131 5167 3270 5221 sicut
3313 5182 3514 5236 aquam
3556 5169 3615 5220 in

179 5262 559 5316 sociantem
608 5257 825 5327 Jesum,
874 5257 972 5313 sed
1019 5257 1194 5313 secuti
1239 5260 1372 5313 sunt
1418 5259 1718 5328 conjuncta
1752 5257 1889 5312 divi—
1988 5262 2221 5315 circuitu
2262 5260 2580 5322 Jerusalem,
2621 5263 2673 5314 et
2712 5273 2821 5313 non
2868 5265 2987 5313 erat
3025 5261 3120 5329 qui
3156 5260 3403 5328 sepeliret
3445 5258 3614 5329 (Psal.

180 5358 460 5413 dentem
502 5351 719 5406 furoris
744 5350 1027 5423 spiritum.
1991 5369 2207 5421 Lxxvm,
2245 5355 2373 5425 1-3).
2415 5352 2592 5409 Simul
2629 5351 2784 5407 enim
2816 5356 2973 5421 tunc,
3011 5354 3070 5407 et
3102 5356 3305 5424 gentes
3340 5358 3619 5409 venerunt

1990 5448 2049 5502 in
2079 5447 2472 5504 hereditatem
2511 5445 2606 5501 Dei
2640 5461 2768 5517 qua
2810 5446 3104 5501 auferrent
3137 5446 3351 5512 omnia,
3382 5454 3440 5502 et
3475 5453 3617 5502 tem-

1993 5541 2151 5613 plum
2184 5540 2466 5613 pollutum
2507 5543 2593 5594 est
2630 5553 2864 5594 suorum
2903 5537 3221 5607 funeribus,
3251 5543 3308 5594 et
3336 5540 3624 5611 insepulta

1988 5636 2289 5706 jacuerunt
2322 5634 2591 5689 cadavera
2635 5632 3066 5688 interfectorum
3104 5631 3172 5687 ad
3212 5649 3398 5689 escam
3436 5635 3621 5689 avium

1977 3950 2143 4019 tium,
2174 3954 2235 4005 ut
2273 3950 2377 4021 ipsi
2418 3965 2531 4005 non
2570 3948 2752 4003 multo
2788 3951 2917 4020 post
2944 3947 3205 4019 graviore
3242 3947 3442 4002 morbo
3468 3962 3606 4001 con-

1979 4047 2367 4109 sumerentur,
2393 4059 2457 4097 ac
2498 4059 2557 4097 se
2590 4042 2923 4113 superstites
2962 4041 3424 4111 ingemiscereut,
3455 4043 3607 4114 quod

1981 4138 2212 4193 duriore
2254 4153 2421 4208 pmna
2465 4135 2742 4208 perirent,
2795 4151 2976 4206 eoque
3023 4139 3300 4201 servatos,
3347 4144 3408 4191 ut
3455 4135 3606 4190 vide-

908 5496 1131 5551 CAPUT
1173 5496 1233 5550 V.

262 5638 594 5697 Solvebas
642 5636 841 5707 igitur,
892 5636 1228 5703 Jerusalem,
1271 5635 1597 5691 mercedem
1640 5635 1892 5707 perfidia:

252 5812 368 5875 (86)
414 5806 628 5868 Supra
654 5803 852 5867 legitur
876 5805 1099 5853 Annuus
1124 5808 1171 5852 el
1196 5805 1357 5854 Iesus.
1395 5804 1569 5855 ΒΑΜ.

250 5884 374 5951 (87)
403 5880 522 5932 [ns
530 5880 758 5937 urgeret.
786 5875 866 5924 In.

594 5953 869 6020 ΡΑτιιοι.
923 5954 1026 6021 XV
1074 5953 1250 6036 (XIV,
1303 5976 1454 6021 mas
1502 5955 1607 6039 ll.)

3236 5961 3310 6019 73

2060 5805 2157 5868 (88)
2186 5803 2347 5853 Forte
2371 5803 2718 5852 sentientium.
2749 5802 3047 5853 GALLAND.
