4128 6194
254 284 391 338 2317

1243 284 1572 341 ΙΠ8ΤΟΒΙᾹΞ
1611 283 1968 341 HIEROSOL.
2011 283 2651 342 ANACEPHALEOSIS.

3475 290 3612 345 23i8

248 429 369 468 sum
410 428 444 467 a
480 413 747 483 sanguine
778 411 920 482 justi
965 412 1151 483 hujus,
1196 428 1289 470 vos
1328 412 1578 469 videritis
1632 414 1878 485 (Matth,
1903 425 1961 498 Α
1983 412 2240 482 credidit,
2271 412 2375 468 sed
2414 413 2540 485 plus
2582 413 2802 468 addidit
2838 415 3185 483 testimonio,
3216 416 3349 487 quia
3377 432 3482 473 nec
3517 420 3609 473 in-

247 521 413 574 xxvu,
443 508 532 575 24)
565 523 579 561 :
609 522 977 577 nequaquam
1005 512 1197 562 tamen
1238 508 1430 563 minus
1467 508 1687 563 exsistit
1727 525 1878 573 reus,

249 601 350 672 qui
404 600 640 671 gloriam
693 600 1007 656 Dominica:
1055 617 1376 673 agnoscens
1422 602 1877 667 resurrectionis,

246 694 560 765 praedicare
615 693 828 748 invitus
883 694 1128 762 studuit,
1186 695 1285 750 sed
1342 697 1573 751 credere
1629 695 1881 767 perﬁdus

246 788 616 859 contempsit,
656 788 800 841 sicut
828 791 1065 843 testatur
1090 789 1343 860 ejusdem
1379 789 1640 860 epistola,
1670 789 1876 844 Cirsari

248 880 309 935 in
338 880 489 935 hunc
515 880 751 935 modum
781 881 997 936 directa
1028 899 1040 935 :

902 1029 1126 1085 CAPUT
1165 1030 1200 1082 Χ
1213 1071 1224 1082 .

327 1165 543 1217 Pontius
598 1164 810 1218 Pilatus
859 1162 1085 1217 Claudio
1126 1164 1376 1218 salutem.
1428 1165 1613 1233 Nuper
1663 1163 1878 1223 accidit,

248 1262 303 1311 et
337 1257 479 1327 quod
516 1259 630 1326 ipse
658 1257 911 1326 probavi,
952 1257 1164 1312 Judzos
1197 1273 1295 1326 per
1334 1257 1598 1311 invidiam
1638 1273 1693 1311 se
1730 1272 1879 1312 suos-

248 1366 353 1419 que
382 1355 623 1420 posteros
660 1350 874 1404 crudeli
908 1350 1348 1405 condemnatione
1372 1352 1611 1421 punisse.
1647 1352 1883 1420 Denique

249 1457 369 1497 cum
406 1445 736 1513 promissum
790 1443 1052 1497 haberent
1093 1448 1278 1513 patres
1330 1458 1543 1507 eorum,
1585 1443 1729 1513 quod
1769 1443 1883 1497 illis

250 1539 393 1592 Deus
441 1552 623 1591 eorum
677 1538 911 1591 mitteret
962 1537 1027 1590 de
1082 1537 1209 1591 creto
1266 1538 1525 1593 Sanctum
1579 1552 1733 1590 suum
1788 1539 1883 1606 qui

249 1644 433 1684 eorum
473 1632 586 1686 Rex
628 1632 813 1684 merito
862 1630 1154 1692 diceretur,
1198 1635 1247 1685 et
1291 1630 1436 1684 hunc
1482 1644 1536 1684 se
1572 1632 1884 1699 promiserit

244 1739 347 1794 per
391 1725 663 1792 Virginem
706 1726 993 1778 missurum
1038 1724 1112 1778 ad
1152 1729 1353 1789 terras;
1382 1726 1545 1779 istum
1580 1726 1763 1793 itaque
1801 1739 1884 1779 me

249 1818 483 1886 praeside
519 1818 579 1871 in
617 1816 864 1872 Iudaeam
915 1820 1049 1873 Deus
1087 1818 1431 1873 Hebraeorum
1468 1834 1585 1871 cum
1632 1819 1836 1871 misisse

251 1915 304 1965 et
352 1911 611 1966 vidissent
665 1927 786 1965 eum
836 1926 994 1966 oecos
1039 1912 1401 1972 illuminasse,
1455 1913 1683 1982 leprosos
1729 1926 1883 1965 mun-

249 2004 435 2068 dasse,
479 2005 814 2074 paralyticos
866 2019 1111 2068 curasse,
1163 2004 1424 2060 daemones
1464 2006 1531 2060 ab
1574 2006 1881 2059 hominibus

246 2099 490 2167 fugasse,
539 2103 776 2153 mortuos
814 2100 975 2153 etiam
1017 2100 1321 2160 suscitasse,
1358 2100 1647 2169 imperasse
1686 2099 1879 2159 ventis,

248 2192 555 2247 ambulasse
614 2194 766 2248 siccis
818 2192 1045 2262 pedibus
1102 2207 1265 2261 super
1328 2192 1511 2246 undas
1574 2195 1771 2252 maris,
1831 2197 1880 2244 et

248 2287 421 2341 multa
477 2286 592 2341 alia
638 2287 851 2353 fecisse,
901 2301 1021 2341 cum
1073 2288 1241 2340 omnis
1289 2286 1526 2356 populus
1569 2286 1877 2340 Iudaeorum

246 2394 363 2435 eum
407 2380 606 2435 Filium
650 2381 745 2434 Dei
792 2394 899 2434 esse
941 2379 1172 2441 diceret,
1214 2380 1481 2433 invidiam
1527 2386 1719 2433 contra
1762 2394 1879 2432 eum

236 2475 393 2543 passi
434 2479 563 2529 sunt
601 2474 872 2543 principes
908 2473 1247 2534 Iudaeorum,
1297 2479 1348 2527 et
1391 2479 1683 2527 tenuerunt
1726 2489 1874 2531 eum.

243 2567 482 2637 mihique
525 2567 892 2629 tradiderunt,
941 2571 992 2621 et
1033 2567 1149 2621 alia
1191 2582 1296 2637 pro
1341 2567 1468 2621 aliis
1521 2567 1655 2621 mihi
1705 2567 1769 2621 de
1820 2581 1877 2620 eo

252 2662 562 2715 mentientes
620 2660 905 2723 dixerunt,
946 2665 1232 2716 asserentes
1288 2662 1449 2714 istum
1491 2676 1709 2727 magum
1747 2675 1875 2721 esse,

251 2758 303 2808 et
336 2758 519 2808 contra
556 2755 716 2823 legem
756 2770 938 2810 eorum
975 2770 1149 2823 agere.
1182 2755 1293 2822 Ego
1332 2759 1513 2808 autem
1551 2754 1760 2808 credidi
1798 2756 1875 2807 ita

245 2862 374 2912 esse,
404 2855 455 2901 et
479 2848 814 2918 ﬂagellatum
856 2849 1069 2903 tradidi
1101 2848 1258 2903 illum
1292 2848 1524 2902 arbitrio
1554 2863 1755 2901 eorum.
1784 2847 1880 2900 Illi

243 2947 430 2996 autem
454 2944 836 3010 cruciﬁmerunt
862 2958 999 3003 eum,
1029 2947 1079 2996 et
1105 2942 1311 3011 sepulto
1342 2940 1584 2996 custodes
1611 2940 1872 2995 adhibue-

243 3040 398 3091 runt.
438 3035 540 3090 Ille
581 3040 777 3098 autem,
816 3036 1082 3090 militibus
1126 3036 1256 3090 meis
1301 3034 1745 3095 custodientibus,
1790 3035 1876 3089 dic

248 3132 409 3185 tertio
457 3132 782 3195 resurrexit;
827 3132 886 3183 in
929 3135 1147 3184 tantum
1174 3136 1352 3184 autem
1381 3131 1589 3184 exarsit
1633 3129 1877 3198 nequitia

240 3223 571 3285 Judcorum,
611 3228 672 3277 ut
707 3223 902 3278 darent
943 3226 1228 3292 pecuniam
1273 3222 1600 3286 custodibus,
1647 3228 1696 3275 et
1740 3221 1878 3276 dice-

241 3324 366 3373 rent
402 3334 415 3371 :
446 3316 622 3371 Dicite
665 3316 799 3388 quia
845 3315 1104 3386 discipuli
1154 3316 1276 3386 ejus
1317 3331 1520 3386 corpus
1564 3315 1741 3385 ipsius
1787 3331 1875 3368 ra-

241 3415 499 3483 puerunt
550 3408 793 3480 (Matth.,
840 3425 1023 3477 xxvnt,
1074 3410 1182 3478 13).
1235 3409 1342 3465 Sed
1390 3425 1511 3464 cum
1560 3411 1881 3479 accepissent

237 3506 551 3574 pecuniam,
606 3503 752 3574 quod
797 3506 1008 3572 factum
1063 3505 1270 3570 fuerat,
1323 3508 1495 3558 tacere
1544 3518 1651 3557 non
1696 3509 1880 3572 polue-

243 3604 401 3655 runt.
428 3598 570 3655 Nam
612 3602 662 3652 et
700 3598 857 3652 illum
890 3599 1185 3653 surrexisse
1215 3598 1397 3652 testati
1424 3602 1553 3650 sunt
1579 3611 1633 3651 se
1659 3596 1875 3657 vidisse,

246 3696 298 3745 et
322 3706 379 3745 se
404 3707 437 3746 a
468 3691 670 3748 Judzis
693 3694 978 3762 pecuniam
1006 3694 1290 3762 accepisse.

892 3837 1109 3893 CAPUT
1148 3838 1235 3891 XI.

322 3973 451 4027 Rrec
489 3972 618 4028 ideo
663 3971 925 4044 ingressi,
957 3987 1027 4026 ne
1072 3971 1198 4043 quis
1246 3970 1409 4025 aliter
1453 3970 1779 4037 mentiatur,
1823 3974 1882 4023 et

245 4068 491 4122 aestimet
525 4065 869 4121 credendum
914 4065 1223 4120 mendaciis
1256 4064 1605 4119 indecorum.
1648 4064 1726 4119 De
1767 4079 1881 4134 quo

243 4160 357 4233 ipsi
393 4160 592 4232 perﬁdi
630 4163 934 4226 testantur,
966 4158 1189 4214 dicente
1225 4158 1472 4229 Josepho
1510 4157 1878 4212 historiarum

245 4255 544 4326 scriptore,
587 4253 740 4324 quod
780 4253 950 4308 fuerit
986 4253 1084 4307 illo
1123 4256 1377 4323 tempore
1420 4250 1505 4305 vir
1550 4250 1770 4322 sapiens
1813 4250 1879 4321 (si

249 4354 444 4404 tamen
496 4350 757 4418 oportet,
809 4346 1028 4417 inquit,
1079 4345 1267 4401 virum
1322 4344 1484 4416 dici),
1534 4344 1879 4399 mirabilium

249 4448 567 4497 creatorem
619 4456 881 4511 operum,
936 4440 1031 4511 qui
1092 4438 1355 4511 apparuit
1406 4436 1695 4509 discipulis
1743 4438 1878 4501 suis,

1982 508 2270 574 credulus,
2319 512 2377 562 et
2422 507 2634 562 invitus
2674 506 2923 578 negavit.
2971 510 3034 564 In
3076 526 3191 581 quo
3234 510 3440 566 Christi
3482 514 3611 567 Jesu

1981 601 2181 656 claruit
2213 606 2427 656 aeterna
2456 600 2732 671 potentia,
2763 601 2921 671 quod
2951 618 3086 658 eum
3116 605 3287 660 etiam
3326 605 3613 677 principes

1981 710 2287 766 synagogas
2347 709 2520 765 quem
2578 694 2652 749 ad
2711 700 2961 750 mortem
3024 698 3609 767 comprehenderant,

1982 789 2161 844 Deum
2205 788 2544 844 fatebantur.
2584 789 2651 844 Et
2690 805 2823 845 vere
2860 788 3019 860 quasi
3065 790 3207 845 Deus
3247 792 3371 846 sine
3412 809 3614 864 excep-

1984 881 2137 937 tione
2166 898 2536 952 personarum
2573 887 2673 937 aut
2710 883 2830 938 ulla
2865 884 3065 938 mortis
3099 884 3400 941 formidine
3450 887 3605 941 locu-

1981 981 2093 1041 tus,
2126 974 2412 1030 excidium
2442 992 2668 1046 quoque
2703 976 2901 1047 templi
2936 977 3190 1032 futurum
3227 979 3608 1041 annnntiavit,

1983 1068 2083 1123 sed
2122 1085 2235 1124 non
2268 1085 2362 1124 eos
2392 1069 2592 1141 templi
2622 1069 2831 1139 injuria
2858 1071 3191 1126 commovit.
3226 1070 3339 1125 Sed
3372 1072 3504 1142 quia
3542 1072 3612 1127 ab

1984 1178 2053 1219 eo
2079 1162 2137 1216 in
2164 1162 2397 1233 flagitiis
2433 1166 2492 1217 et
2515 1162 2826 1234 sacrilegiis
2858 1164 3335 1234 corripiebantur,
3370 1165 3502 1219 hinc
3529 1165 3613 1220 ira

1983 1256 2216 1324 exarsit,
2248 1262 2311 1310 nt
2352 1256 2731 1311 interﬁcerent
2772 1273 2927 1323 eum,
2969 1273 3137 1327 quem
3181 1258 3339 1311 nulla
3378 1257 3612 1313 habuis-

1982 1355 2109 1406 sent
2138 1352 2420 1420 tempora.
2450 1351 2587 1405 Nam
2625 1366 2756 1404 cum
2797 1351 2889 1405 alii
2921 1350 3293 1421 prtedicando
3334 1354 3442 1421 (92)
3486 1368 3609 1406 me-

1982 1442 2206 1497 ruerint
2250 1442 2429 1498 facere
2470 1459 2598 1515 quae
2638 1443 2915 1512 fecerunt,
2960 1444 3049 1498 hic
3091 1444 3147 1498 in
3189 1446 3469 1514 potestate
3511 1445 3609 1498 ha-

1980 1536 2172 1603 bebat,
2202 1539 2266 1590 ut
2296 1536 2493 1591 omnia
2524 1553 2651 1607 quas
2676 1536 2798 1590 ﬁeri
2827 1536 3016 1603 vellet,
3048 1538 3407 1607 impetraret.

2611 1658 2831 1712 CAPUT
2867 1658 2977 1712 XII.

1840 1773 1878 1870 ἶ
1904 1792 1959 1862 Β
2054 1774 2264 1827 Octavo
2291 1773 2467 1843 igitur
2492 1773 2583 1827 die
2614 1773 2965 1848 Spptembris
2996 1774 3207 1828 mensis
3241 1783 3608 1831 concremata

1983 1870 2071 1921 est
2106 1866 2300 1921 civitas
2335 1883 2347 1921 :
2377 1882 2520 1921 exesa
2560 1884 2660 1937 per
2694 1883 2863 1922 omne
2894 1872 3120 1938 tempus
3156 1884 3395 1923 numero
3422 1868 3611 1924 decies

1982 1966 2223 2015 centena
2253 1961 2455 2027 millia,
2487 1976 2553 2015 cx
2587 1960 2895 2031 myriades,
2925 1966 2989 2014 ut
3019 1961 3279 2033 plerique
3305 1967 3563 2017 asserunt
3596 1980 3608 2015 ι

1980 2054 2303 2109 Iudaeorum
2327 2060 2526 2109 tamen
2554 2054 2836 2123 omnium,
2866 2054 2962 2109 sed
3003 2070 3118 2109 non
3156 2055 3419 2110 omnium
3457 2055 3606 2126 ejus-

1982 2146 2113 2202 dem
2152 2147 2401 2217 regionis
2440 2153 2538 2201 aut
2581 2147 2712 2216 loci,
2748 2146 2880 2217 quia
2915 2162 2981 2201 eo
3026 2147 3278 2220 undique
3328 2164 3608 2203 convene-

1980 2245 2114 2295 rant
2156 2244 2418 2313 tempore
2464 2239 2740 2311 paschalis
2784 2240 3160 2295 solemnitatis
3201 2259 3211 2289 :
3258 2242 3464 2313 captivi
3511 2242 3610 2296 ab-

1980 2335 2132 2389 ducti
2173 2335 2489 2405 nonaginta
2517 2337 2734 2405 septem
2765 2333 2964 2388 millia.
3008 2333 3268 2405 Denique
3296 2337 3451 2390 tanta
3477 2351 3607 2406 cap-

1979 2429 2220 2482 tivorum
2260 2444 2377 2499 prie
2414 2426 2781 2481 multitudine
2809 2426 3023 2481 utilitas
3061 2426 3188 2494 fuit,
3220 2431 3281 2482 ut
3311 2427 3547 2500 triginta
3578 2446 3611 2482 a

1980 2522 2246 2575 Romanis
2282 2537 2394 2575 uno
2439 2519 2786 2575 numismate
2817 2520 2921 2574 sub
2949 2536 3165 2575 corona
3203 2520 3608 2575 venderentur.

1978 2617 2207 2669 Peracta
2244 2614 2421 2685 igitur
2457 2612 2773 2680 obsidione,
2798 2614 2970 2683 jussit
2998 2614 3184 2668 Caesar
3218 2614 3375 2668 Titus
3415 2613 3605 2669 fundi-

1980 2712 2070 2763 tus
2105 2713 2358 2763 evertere
2395 2707 2682 2761 civitatem
2722 2722 2788 2761 ac
2829 2707 3128 2778 templum,
3162 2711 3225 2761 ut
3264 2706 3605 2778 adimplere.

1976 2808 2071 2857 tur
2110 2802 2350 2856 verbum
2397 2800 2620 2855 Domini
2659 2801 2789 2855 Jesu
2830 2800 3238 2870 praedicantis:
3279 2802 3448 2856 Amen
3492 2801 3612 2854 dico

1975 2896 2141 2958 vobis,
2186 2911 2295 2949 non
2332 2895 2745 2963 derelinquetur
2794 2894 2934 2963 lapis
2973 2908 3138 2964 super
3178 2893 3433 2964 lapidem,
3476 2897 3610 2965 quin

1975 2990 2295 3044 destruatur
2350 2989 2592 3060 (Matth.,
2650 3003 2797 3056 XXIV,
2853 2989 2906 3057 2)
2954 3005 2965 3041 :
3015 2986 3146 3042 talis
3195 2987 3427 3059 quidem
3482 2986 3612 3041 ﬁnis

1976 3083 2498 3153 Hierosolymorum
2537 3080 2846 3136 obsidionis
2879 3079 3005 3135 fuit.
3050 3080 3319 3136 Eamdem
3356 3096 3493 3135 vero
3524 3097 3610 3134 ur.

1898 3168 2110 3237 C‘bem
2149 3175 2595 3247 Hierosolymam
2631 3175 3081 3230 Chananaeorum
3122 3173 3357 3246 quidam
3405 3177 3610 3245 potens

1977 3270 2251 3336 condidit,
2282 3270 2380 3340 qui
2405 3269 2590 3340 patrio
2622 3283 2885 3323 sermone
2911 3273 3209 3323 vocaretur
3247 3268 3369 3323 Rex
3398 3268 3609 3331 Justus,

1976 3379 2152 3436 quam
2206 3363 2396 3434 primo
2451 3361 2737 3433 Solymam
2787 3361 3165 3432 nuncupavit,
3216 3365 3417 3432 postea
3465 3366 3608 3416 tem-

1977 3457 2135 3529 plum
2167 3455 2382 3511 addidit
2417 3455 2528 3526 (93)
2559 3472 2573 3509 :
2606 3455 2757 3510 unde
2799 3455 3192 3526 Hierosolyma
3234 3454 3381 3509 dicta
3418 3454 3613 3509 civitas

1978 3556 2081 3605 est.
2113 3552 2154 3603 A
2185 3549 2468 3621 principio
2505 3564 2635 3603 suos
2670 3549 2884 3603 incolas
2920 3547 3122 3602 habuit
3155 3548 3227 3601 de
3267 3552 3436 3618 gente
3464 3547 3607 3603 Cha-

1978 3658 2331 3699 nanaeorum.
2375 3641 2551 3696 David
2589 3642 2810 3713 primus
2839 3641 2924 3695 vir
2955 3640 3224 3697 Hebraeus
3257 3641 3611 3697 Chananaaos

1977 3736 2214 3809 expulit,
2246 3734 2537 3790 constituit
2566 3750 2718 3802 suos,
2752 3734 2849 3805 qui
2892 3734 2948 3787 in
2994 3749 3060 3789 ea
3099 3732 3205 3787 sibi
3245 3732 3486 3787 domum
3519 3750 3607 3786 re-

1980 3830 2132 3902 giam
2177 3828 2327 3885 fecit.
2375 3828 2561 3883 Voluit
2600 3831 2659 3882 et
2701 3827 2981 3898 templum
3024 3827 3136 3880 Deo
3184 3825 3467 3890 condere,
3512 3825 3609 3879 sed

1979 3923 2302 3996 prohibitus
2341 3922 2595 3989 oraculo,
2627 3921 2989 3975 Salomonem
3022 3917 3313 3974 heredem
3342 3918 3606 3989 reliquit:

1980 4016 2079 4089 qui
2122 4016 2401 4087 templum
2442 4013 2599 4086 quod
2636 4014 2758 4084 ipse
2798 4016 3051 4080 voverat,
3088 4011 3407 4066 aediﬁcaret.
3454 4012 3609 4067 Salo-

1982 4127 2115 4166 mon
2153 4110 2343 4182 itaque
2379 4108 2657 4179 templum
2684 4106 2960 4162 fundavit.
2997 4105 3221 4177 Reliqui
3258 4120 3490 4177 qnoque
3517 4121 3605 4159 re-

1982 4219 2081 4276 ges
2122 4204 2191 4258 ad
2239 4205 2503 4257 ornatum
2556 4200 2713 4255 urbis
2753 4198 3022 4255 addidere
3074 4198 3316 4269 plurima
3350 4214 3364 4250 :
3404 4198 3611 4253 invidia

1982 4315 2045 4354 ex
2078 4297 2503 4367 magniﬁcentia
2532 4299 2654 4350 orta
2683 4299 2788 4349 est.

2588 4411 2811 4466 CAPUT
2849 4411 2983 4465 XIII.

246 4540 380 4607 post
405 4534 658 4589 triduum
688 4534 885 4588 mortis
909 4549 1026 4588 sua:
1052 4533 1262 4600 vivens,
1291 4531 1609 4587 secundum
1636 4531 1880 4603 prophe-
1899 4542 1958 4613 Ι)
2053 4532 2204 4585 Inter
2245 4529 2442 4584 omnia
2482 4532 2676 4581 tamen
2717 4541 2896 4596 opera
2929 4525 3208 4596 templum
3251 4524 3610 4596 precellebat

248 4634 441 4683 tarum
471 4627 678 4698 scripta
711 4644 724 4682 :
757 4628 855 4699 qui
883 4633 942 4683 et
971 4628 1091 4683 haec
1120 4634 1176 4683 et
1203 4627 1314 4681 alia
1344 4624 1783 4681 innumerabilia
1812 4625 1881 4679 de

247 4737 320 4777 eo
360 4722 535 4793 plena
576 4720 861 4776 miraculis
889 4721 1372 4794 prophetaverunt
1406 4737 1419 4774 :
1451 4736 1514 4775 ex
1557 4736 1669 4791 quo
1713 4719 1883 4789 coepit

249 4815 622 4887 congregatio
662 4815 1135 4884 Christianorum,
1168 4822 1224 4871 et
1265 4815 1323 4868 in
1368 4831 1538 4869 omne
1580 4814 1879 4868 hominum

246 4910 571 4983 penetravit
623 4924 802 4981 genus
861 4926 872 4963 :
929 4924 1032 4963 nec
1084 4908 1193 4962 ulla
1240 4908 1391 4962 natio
1442 4907 1688 4961 Romani
1731 4906 1883 4960 orbis

247 5004 552 5071 remansit,
583 5019 711 5074 qua:
741 5003 923 5057 cultus
951 5002 1075 5072 ejus
1113 5017 1312 5072 expers
1350 5001 1789 5072 relinqueretur.
1824 4998 1880 5053 Si

250 5096 417 5152 nobis
457 5113 571 5151 non
613 5096 855 5152 credunt
890 5094 1105 5163 Judaei,
1149 5097 1235 5150 vel
1279 5096 1393 5149 suis
1436 5095 1671 5150 credant
1717 5110 1730 5147 :
1778 5094 1882 5146 hoc

250 5190 393 5246 dixit
430 5190 731 5262 Josephus,
757 5206 926 5263 quem
970 5189 1078 5262 ipsi
1115 5195 1170 5244 et
1210 5188 1524 5243 maximum
1562 5190 1787 5259 putant.
1818 5186 1885 5239 Et

251 5289 446 5341 tamen
478 5285 537 5340 in
565 5300 631 5339 eo
657 5284 814 5356 quod
842 5300 1039 5339 verum
1066 5284 1286 5339 locutus
1325 5287 1407 5338 est
1442 5286 1677 5354 propter
1704 5280 1880 5335 histo-

251 5377 355 5433 rias
383 5378 577 5446 ﬁdem,
616 5378 753 5450 quia
779 5378 979 5432 fallere
1023 5377 1181 5432 nefas
1219 5376 1480 5448 putabat,
1509 5381 1565 5431 et
1605 5391 1723 5430 non
1759 5390 1881 5428 cre-

252 5470 397 5528 didit
431 5477 668 5544 propter
704 5471 977 5527 duritiam
1012 5471 1197 5526 cordis
1238 5476 1294 5525 et
1323 5469 1577 5541 perﬁdiae
1614 5468 1882 5524 intentio-

254 5580 437 5621 nem:
483 5582 599 5621 non
652 5571 844 5620 tamen
894 5564 1119 5619 veritati
1172 5562 1522 5635 praejudicat,
1573 5561 1710 5632 quia
1768 5577 1881 5615 non

320 5771 414 5835 (93)
445 5770 732 5821 Precando.
765 5770 835 5819 Et
859 5770 1024 5833 paulo
1055 5774 1194 5833 post,
1223 5770 1526 5833 imperaret.
1559 5767 1739 5818 Bm.

1981 4624 2331 4695 amplissimo
2383 4635 2559 4690 opere
2606 4623 2663 4673 et
2711 4619 2954 4689 fulgenti
3003 4633 3325 4693 marmore,
3378 4619 3609 4690 peripe—

1983 4723 2166 4773 tasma
2193 4715 2500 4786 pretiosum
2538 4719 2593 4767 et
2626 4712 2963 4781 maximum,
2994 4726 3161 4766 cocco
3198 4717 3255 4767 et
3295 4712 3608 4782 hyacintho

1982 4812 2262 4882 byssoque
2295 4807 2589 4872 intextum,
2622 4822 2691 4859 ex
2720 4820 2972 4875 purpura
3010 4820 3123 4859 non
3154 4804 3335 4858 otiosa
3372 4806 3607 4858 materia

1980 4908 2153 4959 tantm
2193 4899 2556 4965 diversitatis,
2586 4898 2684 4953 sed
2723 4898 2884 4969 cujus
2924 4898 3143 4969 species
3185 4912 3381 4951 rerum
3430 4898 3609 4951 laten-

1981 4998 2126 5053 tium
2154 4993 2489 5066 mysterium
2517 4994 2774 5065 signaret
2800 5008 2813 5046 :
2847 5007 2912 5046 eo
2938 4991 3093 5063 quod
3134 4990 3258 5061 ejus
3289 4994 3439 5044 esset
3465 4994 3611 5044 tem-

1982 5092 2163 5161 plum,
2187 5089 2287 5160 qui
2308 5087 2448 5143 cmlo
2477 5091 2533 5142 et
2559 5086 2702 5154 aeri,
2732 5090 2898 5140 terrae
2928 5091 2984 5139 et
3007 5084 3171 5151 mari,
3202 5084 3363 5156 quasi
3393 5087 3615 5137 creator

1982 5184 2394 5239 elementorum
2428 5179 2840 5245 dominaretur,
2870 5184 3039 5249 atque
3060 5176 3257 5231 omnia
3281 5175 3433 5231 solus
3455 5191 3609 5246 rege»

1983 5280 2073 5332 ret
2102 5280 2160 5331 et
2186 5275 2547 5347 gubernaret.
2577 5274 2751 5328 Cocco
2777 5271 2932 5325 enim
2961 5271 3199 5342 igneum
3230 5270 3434 5324 ccelum
3462 5268 3612 5340 ﬁgu-

1983 5374 2163 5437 ratur,
2208 5367 2512 5441 hyacintho
2556 5381 2673 5433 aer,
2705 5365 2870 5437 bysso
2910 5368 3086 5432 terra,
3139 5377 3293 5417 mare
3339 5378 3613 5434 purpura,

1985 5480 2114 5537 quae
2134 5460 2445 5533 conchyliis
2468 5458 2768 5515 maritimis
2785 5456 3067 5512 inﬁcitur:
3095 5462 3155 5511 ut
3174 5456 3289 5511 duo
3312 5470 3383 5510 ex
3404 5456 3614 5523 colore,

1985 5559 2099 5614 duo
2127 5573 2195 5613 ex
2234 5554 2602 5627 generatione
2632 5552 2889 5623 colligas.
2931 5551 3186 5623 Denique
3220 5551 3485 5623 princeps
3525 5566 3615 5604 sa-

319 5829 418 5909 ζθθ)
450 5841 615 5892 Forte
657 5829 916 5893 additum.
946 5829 1087 5904 Quae
1127 5853 1256 5892 mox
1296 5829 1612 5904 sequuntur
1651 5837 2057 5888 restitutionem
2089 5833 2320 5886 suadere
2351 5830 2625 5883 videntur.
2655 5829 2954 5884 GALLAND.
