4032 6194
536 278 672 328 2319

1996 273 2051 326 S.
2114 273 2420 329 AMBROSII

3688 282 3801 335 2320

531 394 826 450 cerdotum
871 394 992 448 haec
1030 396 1276 464 quatuor
1312 393 1657 450 indumento
1696 410 1798 449 suo
1845 395 2160 466 exprimere
2186 395 2475 479 Adicium
2516 396 2691 452 videri
2727 413 2738 450 :
2779 412 2958 469 eoque
2998 395 3225 467 impulsi
3267 401 3395 450 sunt
3430 400 3800 469 tanquanitem-

533 494 924 555 consueverat,
953 487 1186 560 quando
1215 489 1466 543 maxima
1495 488 1795 543 celebritas
1822 491 1942 543 erat
1985 487 2156 543 festo-

530 597 662 637 rum
698 581 949 649 dierum;
997 581 1159 652 quasi
1196 585 1380 637 totum
1426 582 1705 637 mundum
1741 580 2023 648 indueret,
2061 596 2163 652 pro

527 676 742 747 populo
781 675 1218 747 supplicaturus,
1264 676 1321 731 in
1371 677 1492 747 ejus
1536 676 1720 748 ﬁgura
1762 674 1861 748 qui
1889 678 2163 731 venturus

529 772 657 825 erat
685 770 951 841 princeps
983 769 1345 826 sacerdotum
1384 770 1563 837 Jesus,
1596 776 1659 824 ut
1699 769 1924 824 tolleret
1956 785 2160 840 pecca-

527 867 655 918 tum
684 862 905 917 mundi.
943 863 1183 918 Femora
1208 863 1475 934 princeps
1500 856 1861 918 sacerdotum
1891 863 2044 918 lineo
2070 863 2157 917 in-

528 956 705 1012 terius
734 956 1090 1027 operimento
1118 956 1369 1029 tegebat,
1400 972 1469 1011 eo
1509 956 1665 1028 quod
1701 972 1823 1029 pra:
1858 957 2077 1012 caeteris
2103 956 2161 1010 in

531 1049 823 1105 sacerdote
863 1049 1007 1104 ﬁdes
1047 1050 1253 1104 mentis
1290 1050 1570 1121 quaeritur
1608 1053 1664 1105 et
1699 1050 1956 1121 corporis
1994 1050 2161 1104 casti—

531 1144 746 1209 monia,
784 1159 912 1214 qum
946 1143 1277 1214 succingere
1310 1143 1516 1199 debeat
1542 1144 1730 1199 carnis
1766 1144 2161 1215 intemperan-

530 1236 693 1291 tiam.
737 1238 847 1291 Deo
888 1239 1053 1291 erant
1092 1236 1450 1291 tabernacula
1484 1253 1664 1307 sacra,
1699 1253 1873 1293 unum
1900 1237 2160 1305 interius,

530 1329 685 1384 aliud
714 1329 961 1384 exterius
993 1348 1004 1383 :
1034 1330 1089 1383 in
1135 1330 1244 1385 hoc
1281 1346 1507 1401 semper
1548 1332 1868 1386 introibant
1905 1330 2160 1386 sacerdo-

530 1429 659 1478 tes:
690 1423 750 1477 in
779 1423 915 1477 illud
957 1423 1198 1478 interius
1237 1424 1389 1495 quod
1430 1425 1701 1480 Sanctum
1741 1424 2162 1496 appellabatur,

529 1516 711 1571 semel
768 1516 1044 1571 introibat
1101 1517 1365 1589 princeps
1421 1518 1814 1588 sacerdotum,
1874 1534 1988 1573 non
2044 1518 2163 1573 sine

531 1609 813 1681 sanguine
843 1626 1018 1681 quem
1051 1609 1282 1665 oﬂ‘erret
1307 1627 1411 1682 pro
1448 1628 1507 1665 se
1536 1615 1594 1665 et
1629 1628 1731 1683 pro
1768 1612 1967 1683 populi
1996 1610 2162 1683 igno-

2263 506 2370 561 pus
2431 490 2632 545 afforet
2703 489 2984 546 libertatis
3049 488 3407 560 recipiendae.
3466 492 3802 549 Prudentiores

2263 589 2461 639 contra
2490 583 2894 655 opinabantur,
2925 583 3078 655 quod
3120 584 3225 638 hoc
3255 600 3431 655 genus
3460 583 3615 639 stella:
3636 585 3806 642 bellum

2264 676 2440 733 soleat
2469 677 2830 734 denuntiare.

2890 822 3106 879 CAPUT
3153 821 3259 876 XV.

2334 963 2411 1016 Ne
2469 961 2775 1034 quisquam
2834 962 3207 1017 arbitraretur
3261 978 3363 1016 nos
3410 960 3583 1017 aliena
3625 980 3653 1017 a
3693 964 3814 1018 cultu

2266 1059 2458 1110 nostro
2489 1057 2545 1109 et
2583 1054 2882 1127 disciplina
2919 1055 3155 1120 locutos,
3188 1054 3435 1127 primum
3472 1070 3576 1108 non
3603 1054 3718 1126 quid
3742 1074 3818 1111 no-

2262 1148 2348 1204 bis
2385 1149 2646 1205 videatur
2681 1150 3007 1218 astruimus,
3040 1149 3137 1205 sed
3176 1148 3316 1220 quid
3359 1147 3627 1215 acciderit,
3662 1164 3816 1219 quave

2265 1243 2565 1315 opiniones
2609 1247 2743 1298 tunc
2788 1242 3058 1315 temporis
3103 1242 3336 1319 fuerint,
3386 1242 3514 1314 quid
3569 1242 3819 1313 prudentes

2263 1337 2564 1403 senserint,
2606 1337 2743 1409 quid
2776 1336 3193 1408 imprudentes,
3236 1351 3421 1406 neque
3462 1351 3580 1389 cum
3613 1334 3671 1390 de
3707 1341 3819 1390 secta

2263 1431 2588 1485 Judaeorum
2632 1429 2768 1501 quid
2807 1430 3017 1484 dictum
3063 1435 3167 1495 est,
3210 1429 3291 1483 ita
3321 1428 3582 1500 scriptum
3621 1428 3822 1483 videatur

2267 1540 2299 1578 a
2327 1523 2492 1579 nobis
2526 1525 2683 1595 quasi
2724 1523 2785 1578 in
2825 1522 3064 1578 veritate
3105 1524 3288 1578 cultus
3328 1538 3541 1589 eorum,
3575 1537 3675 1575 non
3699 1522 3823 1592 quasi

2269 1617 2326 1672 in
2366 1618 2568 1673 umbra
2598 1620 2655 1672 et
2689 1617 2873 1688 figura
2912 1617 3275 1689 praemissum
3317 1616 3756 1682 contexuerimus,
3783 1619 3827 1667 ut

529 1704 716 1758 rentia
744 1708 918 1775 atque
947 1703 1173 1758 delicto.
1205 1705 1314 1758 Hoc
1349 1704 1699 1776 significante
1731 1704 1941 1776 Spiritu
1971 1708 2166 1760 sancto
2188 1773 2237 1784 ﬁ
2268 1727 2642 1783 sequeremur
2676 1711 2787 1784 (94)
2831 1711 3186 1782 perfectiora.
3235 1711 3380 1765 Nam
3426 1710 3492 1765 de
3539 1708 3695 1780 signis
3728 1708 3826 1762 stel-

532 1803 834 1854 venturum
879 1799 1095 1864 Jesum,
1139 1798 1234 1869 qui
1277 1813 1409 1853 vere
1448 1799 1601 1853 solus
1642 1799 1884 1853 intraret
1928 1798 1987 1852 in
2024 1773 2243 1859 inte:B
2269 1807 2453 1860 larum
2501 1807 2671 1860 etiam
2729 1804 2788 1858 in
2844 1803 3149 1875 Evangelio
3199 1803 3503 1869 docemur,
3553 1800 3671 1874 quia
3708 1808 3827 1855 erunt

530 1894 682 1946 riora
721 1891 1045 1945 divinorum
1076 1892 1395 1962 penetralia
1433 1897 1949 1958 sacramentorum,
1982 1896 2038 1946 et
2075 1908 2164 1946 ar-

531 2000 670 2039 cana
713 1984 1041 2039 substantiae
1081 1985 1325 2039 caelestis
1366 1985 1465 2056 qui
1509 1991 1697 2040 nosset
1742 1987 1941 2041 omnia
1986 1986 2163 2054 solus;

530 2080 757 2133 Patrem
797 2093 1027 2148 quoque
1057 2077 1333 2148 sanguine
1367 2095 1469 2132 suo
1510 2079 1615 2133 toti
1656 2079 1873 2134 mundo
1912 2079 2163 2134 reconci-

530 2172 719 2239 liaret,
761 2179 822 2226 ut
857 2178 913 2226 et
949 2172 1259 2226 caelestium
1302 2174 1361 2226 et
1396 2172 1748 2227 terrestrium
1782 2172 2165 2228 misereretur.

531 2265 787 2337 Denique
829 2268 1028 2336 postea
1068 2280 1241 2335 quam
1284 2265 1464 2332 venit,
1502 2267 1811 2336 paciﬁcuvit
1852 2269 2037 2320 omnia
2070 2282 2169 2337 per

527 2361 850 2427 sanguinem
884 2362 1057 2413 crucis
1090 2373 1220 2421 suae,
1249 2374 1369 2428 quae
1410 2362 1468 2413 in
1500 2360 1625 2413 cazlo
1651 2360 1737 2414 vel
1761 2362 1821 2413 in
1861 2367 2003 2414 terra
2040 2367 2167 2413 sunt

534 2452 751 2523 (00103.,
784 2468 822 2517 1,
857 2454 972 2511 20).

1154 2592 1375 2647 CAPUT
1415 2592 1543 2647 XIV.

605 2751 758 2805 Intus
804 2749 1357 2820 thymiamaterium,
1406 2749 1563 2804 intus
1610 2766 1828 2817 mensa,
1876 2749 2030 2805 intus
2080 2751 2165 2805 lu-

533 2859 724 2899 cerna.
776 2843 1353 2914 Thymiamaterium,
1396 2843 1546 2915 quod
1598 2844 1680 2898 ita
1721 2844 1792 2899 ad
1837 2845 2019 2899 Deum
2063 2846 2166 2899 Pa-

533 2942 701 3007 trem,
734 2940 874 2993 sicut
910 2940 1204 2999 incensum,
1242 2937 1520 3007 dirigatur
1556 2936 1806 2992 maxime
1844 2938 2165 2993 sacerdota-

535 3031 603 3086 lis
638 3034 812 3087 oratio
856 3032 1022 3101 (Paul.
1063 3047 1182 3098 ch,
1222 3030 1297 3097 2).
1336 3031 1544 3098 Mensa,
1587 3031 1739 3101 quod
1777 3032 1836 3086 in
1878 3048 1946 3085 ea
1981 3032 2171 3103 passio

2266 1901 2425 1969 signa
2469 1900 2526 1953 in
2559 1898 2688 1961 sole,
2732 1905 2781 1953 et
2820 1898 2971 1961 (una,
3013 1903 3063 1952 et
3101 1899 3157 1951 in
3193 1897 3366 1951 stellis
3412 1896 3576 1965 (Luc.,
3613 1910 3709 1961 xxi,
3744 1896 3826 1961 25).

2271 1992 2464 2046 Vitulae
2491 2007 2718 2063 quoque
2758 1992 3121 2045 asseruerunt
3155 1995 3347 2060 partu,
3388 2005 3515 2043 cum
3543 1987 3832 2043 immolanda

2269 2090 2480 2141 astaret
2507 2086 2776 2140 altaribus
2812 2086 2869 2139 in
2905 2085 3092 2139 medio
3124 2083 3323 2154 templi
3354 2098 3563 2153 agnam
3588 2082 3766 2137 editam
3789 2081 3830 2132 in

2270 2180 2403 2251 ipsis
2441 2196 2728 2235 sacrorum
2774 2196 2901 2250 qua:
2944 2195 3116 2249 supra
3158 2177 3618 2243 memoravimus,
3652 2173 3837 2230 celebri-

2270 2274 2496 2328 tatibus.
2537 2274 2885 2329 Orientalem
2927 2288 3153 2344 quoque
3192 2275 3417 2344 portam
3457 2270 3835 2325 interioremso-

2271 2368 2383 2423 lido
2412 2384 2525 2423 tere
2556 2383 2808 2439 gravem,
2841 2383 2968 2438 quae
3001 2366 3206 2422 soleret
3241 2365 3315 2420 ad
3356 2381 3644 2437 vesperam
3683 2361 3837 2433 viginti

2269 2463 2525 2518 virorum
2568 2461 2761 2517 claudi
2801 2461 3012 2529 labore,
3055 2460 3329 2516 obseratis
3378 2458 3625 2513 vectibus
3663 2456 3835 2521 ferreis,

2268 2574 2374 2629 per
2398 2556 2616 2629 aliquot
2652 2560 2847 2611 noctes
2887 2560 3091 2627 sponte
3134 2559 3464 2619 reseratam,
3494 2558 3549 2607 et
3586 2550 3668 2606 vix
3692 2553 3837 2622 postea

2268 2667 2299 2703 a
2361 2649 2689 2705 custodibus
2740 2649 3006 2704 clausam.
3069 2648 3126 2703 Id
3189 2663 3418 2720 quoque
3483 2644 3837 2701 arbitrabantur

2268 2744 2530 2816 plerique
2570 2743 2895 2798 futurorum
2936 2743 3170 2813 signum
3211 2741 3526 2809 bonorum,
3569 2738 3753 2811 quibus
3783 2736 3843 2789 in-

2270 2838 2551 2909 gressuris
2600 2841 2763 2909 porta
2813 2834 3137 2908 aperiretur
3195 2853 3208 2889 :
3261 2834 3637 2891 consultiores
3692 2835 3841 2885 autem

2269 2931 2496 2987 aiebant
2557 2930 2873 2985 custodiam
2939 2928 3139 3001 templi
3203 2930 3520 2985 resolutam
3572 2924 3763 3005 rideri,
3801 2925 3847 2975 ut

2270 3040 2626 3098 quaecunque
2663 3024 2813 3079 intus
2850 3024 3041 3079 forent
3074 3023 3145 3077 ab
3181 3023 3450 3077 hostibus
3491 3020 3844 3091 diriperentur,

533 3123 741 3183 Christi
780 3124 872 3190 sit,
902 3129 959 3179 et
995 3124 1268 3195 mysteria
1312 3127 1824 3180 sacramentorum.
1858 3125 2014 3180 Unde
2056 3125 2160 3179 Da-
2186 3139 2240 3212 ρ
2265 3120 2447 3176 exiret
2488 3119 2673 3172 cultus
2707 3118 2945 3172 interior
2984 3120 3043 3171 et
3079 3117 3343 3171 vastitate
3389 3116 3757 3177 evacuaretur,
3786 3126 3849 3164 ce-

535 3217 628 3273 vid
670 3218 808 3273 dicit
838 3236 849 3271 :
882 3220 1102 3273 Parasti
1140 3222 1196 3272 in
1238 3224 1521 3287 conspectu
1558 3234 1671 3274 meo
1716 3233 1955 3273 mensum
1998 3220 2164 3285 (Psal.

536 3325 672 3376 xxii,
717 3314 790 3380 ὅ),
841 3310 1003 3380 cujus
1047 3310 1221 3364 veluti
1265 3310 1570 3366 duodecim
1614 3328 1821 3383 panes,
1867 3311 2164 3367 duodecim

535 3404 774 3476 apostoli
814 3408 986 3458 testes
1028 3407 1160 3458 sunt
1198 3404 1479 3475 passionis
1523 3405 1646 3476 ejus
1691 3422 1755 3459 ac
1799 3406 2167 3461 resurrectio-

535 3496 642 3551 nis.
687 3497 962 3564 Lucerna,
1006 3513 1134 3568 quaa
1175 3497 1279 3551 sub
1315 3498 1718 3553 candelabrum
1747 3498 2000 3569 ponitur,
2033 3502 2166 3553 ante

536 3590 640 3645 sub
671 3589 867 3647 modio
893 3597 1036 3657 erat,
1067 3591 1122 3645 id
1149 3595 1254 3651 est.
1290 3591 1433 3663 legis
1461 3608 1731 3647 mensura
1762 3609 1774 3646 :
1810 3608 1961 3646 nunc
1994 3598 2079 3646 est
2111 3592 2168 3646 in

536 3683 732 3754 gratiae
787 3684 1173 3755 plenitudine,
1227 3685 1607 3756 heptamycho
1654 3686 1924 3757 frequens
1968 3686 2167 3740 lumen

535 3777 856 3841 effundens,
890 3795 958 3835 eo
989 3778 1143 3848 quod
1182 3778 1425 3849 Spiritus
1460 3785 1689 3834 sanctus
1726 3782 1943 3849 septem
1992 3780 2163 3833 maxi-

533 3886 762 3926 marum
803 3872 1118 3942 gratiarum
1161 3872 1461 3927 virtutibus
1498 3873 1597 3927 Dei
1635 3874 1918 3945 templum
1949 3873 2164 3928 illumi-

534 3969 651 4020 net.
695 3965 983 4020 Trinitatis
1026 3965 1200 4036 igitur
1239 3965 1491 4037 cognitio
1532 3967 1593 4021 in
1635 3966 2007 4022 interioribus
2049 3971 2171 4021 erat

532 4059 774 4131 templi,
831 4075 961 4129 qum
1010 4059 1348 4114 dicebantur
1395 4060 1598 4115 Sancta
1664 4064 2023 4128 sanctorum,
2070 4060 2169 4114 ubi

534 4151 786 4223 reposita
815 4152 1109 4223 quondam
1137 4152 1297 4224 virga
1324 4157 1507 4208 Aaron
1536 4153 1729 4208 ﬂoruit
1757 4171 1769 4208 :
1803 4154 1955 4225 quod
1988 4154 2170 4225 gratia

533 4244 897 4299 sacerdotalis
954 4246 1009 4299 in
1068 4244 1291 4301 Christo
1347 4248 1593 4317 amplius
1658 4253 1807 4302 esset
1867 4253 2169 4317 operatura

532 4343 664 4410 post
690 4343 953 4404 mortem,
986 4355 1100 4409 qua
1136 4340 1417 4395 mundum
1450 4341 1718 4395 redemit.
1752 4340 1931 4394 Judaei
1958 4356 2095 4409 ergo
2122 4342 2163 4393 si

535 4431 843 4487 voluissent
894 4433 1162 4502 credere,
1215 4432 1499 4488 evidentia
1555 4433 1913 4488 imminentis
1970 4434 2169 4489 excidii

534 4525 698 4597 signa
729 4526 1033 4594 habebant,
1073 4526 1280 4598 quibus
1311 4527 1465 4581 velut
1504 4528 1670 4582 claris
1700 4528 1930 4583 vocibus
1964 4529 2169 4584 admo-
2190 4512 2251 4584 D

537 4618 824 4674 nebantur
852 4620 1025 4674 tinem
1063 4620 1169 4674 sibi
1205 4619 1405 4676 affore.
1436 4622 1578 4675 Nam
1611 4638 1712 4692 per
1742 4637 1960 4676 annum
1988 4623 2171 4677 ferme

534 4729 705 4785 supra
730 4714 1015 4785 templum
1045 4715 1234 4784 ipsum
1275 4718 1523 4769 cometes
1549 4715 1689 4770 arsit
1717 4716 1888 4787 gladii
1921 4716 2168 4787 quadam

533 4806 838 4878 pendentis
876 4806 1271 4877 similitudine,
1302 4808 1640 4890 denuntians
1677 4826 1908 4880 quoque
1935 4810 2086 4864 ferro
2117 4813 2175 4863 et

534 4902 677 4974 igni,
732 4901 919 4971 gentis
970 4904 1027 4955 et
1081 4901 1249 4972 regni
1303 4901 1573 4974 urbisque
1616 4902 1796 4974 ipsius
1850 4904 2172 4958 vastitatem

532 4995 810 5051 futuram.
839 4995 984 5059 Quid
1025 4994 1181 5049 enim
1217 4993 1533 5050 similitudo
1572 4996 1751 5067 gladii
1790 4998 1897 5052 nisi
1937 4996 2167 5061 bellum,

535 5088 676 5161 quid
702 5088 851 5160 ignis
877 5087 986 5142 nisi
1009 5088 1339 5144 incendium
1371 5089 1777 5145 denuntiaret?
1796 5091 1952 5145 Visus
1974 5096 2167 5147 autem

534 5189 619 5240 est
662 5183 821 5254 prius
863 5198 1037 5254 quam
1085 5183 1328 5254 populus
1358 5200 1391 5237 a
1426 5184 1697 5238 Romanis
1740 5201 1863 5241 sese
1913 5185 2173 5241 dissocia-

536 5272 642 5332 ret.
708 5276 844 5347 Ipsis
903 5291 1032 5329 vero
1092 5277 1322 5330 Pascha!
1370 5275 1567 5331 diebus
1622 5277 1906 5333 undecimi
1961 5280 2171 5335 mensis

533 5376 731 5426 octavo
756 5369 864 5437 die,
894 5386 997 5440 per
1025 5369 1276 5441 singulas
1312 5375 1527 5436 noctes,
1557 5370 1699 5425 hora
1728 5371 1952 5427 circiter
1992 5389 2168 5441 nona,

537 5464 817 5535 templum
858 5467 912 5517 et
947 5476 1045 5516 ara
1086 5463 1208 5532 cjns
1253 5463 1331 5517 ita
1376 5463 1591 5519 lumine
1637 5464 1975 5535 refulgebat,
2009 5466 2169 5537 quasi

540 5553 663 5610 dies
680 5560 831 5610 esset
853 5573 952 5626 per
974 5556 1225 5610 mediam
1245 5556 1363 5611 fere
1388 5558 1592 5612 horam
1614 5557 1867 5628 quotidie
1890 5574 2129 5614 manens
2154 5576 2169 5615 :

541 5646 692 5716 quod
723 5647 926 5715 vulgus
965 5649 1449 5719 interpretabatur
1484 5652 1839 5707 cumulandaz
1878 5651 2063 5721 gentis
2091 5652 2171 5707 in-

610 5809 707 5874 (94)
732 5807 1101 5870 Sequerentur.
1128 5813 1423 5864 GALLAND.

2267 3213 2500 3269 lebritas
2537 3209 2945 3265 sacriﬁciorum
2985 3211 3400 3277 destrueretur,
3446 3210 3594 3280 quod
3632 3208 3782 3261 etiam
3810 3207 3849 3255 et

2269 3313 2578 3378 antequam
2627 3303 3027 3375 cruciﬁgerent
3070 3303 3361 3361 Christum
3417 3296 3851 3370 Jesurn,,liquido

2268 3400 2646 3472 signiﬁcatum
2687 3398 2856 3453 lectio
2894 3397 3075 3453 docet.
3107 3399 3238 3452 Post
3278 3397 3499 3452 multos
3524 3409 3737 3467 quoque
3762 3391 3851 3445 dies

2267 3494 2455 3565 figura
2490 3492 2755 3565 quaedam
2797 3492 3063 3562 apparuit
3099 3490 3524 3546 inaestimabilis
3561 3481 3854 3559 magnitudi-

2270 3588 2355 3642 nis
2383 3603 2555 3659 quam
2582 3586 2814 3657 plurimi
2844 3586 3303 3656 circumspexere
3336 3585 3509 3657 (sicut
3534 3582 3655 3636 libri
3675 3578 3850 3635 Iudaeo-

2270 3697 2397 3735 rum
2436 3680 2915 3750 manifestarunt),
2960 3683 3018 3733 et
3053 3684 3185 3734 ante
3229 3678 3370 3733 solis
3413 3690 3671 3733 occasum
3707 3669 3854 3728 subito

2270 3775 2366 3829 visi
2392 3775 2451 3829 in
2481 3774 2731 3829 nubibus
2759 3790 2958 3829 currus
2993 3777 3051 3827 et
3087 3772 3233 3827 acies
3259 3777 3507 3827 armatae
3540 3788 3553 3825 :
3586 3769 3769 3841 quibus
3790 3770 3853 3817 too

2268 3868 2379 3923 tius
2409 3868 2617 3922 ludam
2653 3867 3017 3938 regionisque
3051 3867 3175 3936 ejus
3216 3866 3390 3922 urbes
3430 3862 3853 3920 incursarentur:

2270 3963 2390 4033 ipsa
2447 3967 2639 4016 autem
2693 3963 3055 4016 Pentecostes
3107 3960 3471 4015 solemnitate
3525 3955 3858 4029 ingredientes

2269 4056 2588 4110 sacerdotes
2606 4055 2664 4109 in
2692 4055 2889 4125 templi
2922 4054 3215 4121 interiora,
3240 4059 3530 4109 nocturno
3562 4058 3794 4121 tempore
3814 4045 3860 4098 ul

2269 4149 2542 4204 sacriﬁcia
2593 4154 2816 4203 assueta
2873 4149 3268 4217 celebrarent,
3323 4152 3384 4203 et
3438 4151 3656 4203 motum
3711 4142 3858 4213 primo

2270 4243 2572 4314 quemdam
2609 4243 2848 4298 sensisse
2889 4258 2951 4296 se
2987 4242 3389 4312 prodiderunt,
3422 4246 3481 4298 et
3519 4240 3751 4296 sonitum
3772 4232 3860 4288 edi-

2270 4340 2421 4402 tum;
2454 4342 2655 4408 postea
2692 4336 2866 4392 etiam
2906 4336 3135 4391 audisse
3176 4336 3487 4406 repentina
3536 4349 3663 4389 voce
3694 4331 3862 4385 clama-

2271 4435 2391 4484 tum
2429 4448 2439 4483 :
2481 4434 2836 4486 Transeamus
2860 4430 3005 4485 hinc.

2888 4574 3109 4629 CAPUT
3148 4575 3277 4629 XVI.

2342 4714 2499 4767 Jesus
2543 4728 2769 4784 quoque
2818 4713 3051 4767 Ananiae
3101 4711 3271 4781 ﬁlius,
3326 4712 3581 4766 ruricola
3628 4710 3723 4771 vir,
3763 4709 3863 4759 aut!

2272 4810 2518 4877 quatuor
2570 4822 2748 4861 annos
2803 4822 2978 4877 quam
3020 4805 3234 4861 bellum
3277 4805 3621 4861 Judaeorum
3665 4797 3867 4874 pupulas

2270 4898 2612 4968 adoriretur,
2664 4900 2722 4954 in
2778 4915 3002 4954 summa
3052 4916 3190 4970 pace
3238 4899 3399 4955 urbis
3450 4903 3511 4955 et
3558 4890 3865 4953 abundantia

2271 5008 2402 5046 cum
2423 4994 2765 5065 scenopegia
2784 4993 3069 5047 sacriﬁciis
3090 4993 3446 5048 solemnibus
3468 4990 3863 5047 celebrarentur.

2272 5088 2547 5158 templum
2576 5086 2889 5141 ascendens
2908 5087 3084 5158 .caapit
3107 5088 3353 5141 clamare
3387 5103 3402 5141 :
3442 5089 3563 5141 Vos:
3587 5085 3653 5138 ab
3677 5083 3862 5137 ariam,

2269 5195 2374 5234 vom
2397 5181 2467 5235 ab
2493 5181 2783 5243 occidente,
2813 5196 2921 5235 vos:
2940 5198 2972 5234 ιι
2996 5186 3233 5250 quatuor
3250 5182 3452 5246 ventis,
3476 5195 3583 5234 vos:
3604 5190 3752 5247 super
3772 5171 3862 5226 Hie-

2270 5274 2616 5341 rosolymam,
2649 5290 2758 5329 vos:
2791 5290 2954 5343 super
2988 5276 3262 5346 templum,
3288 5290 3402 5330 vos:
3427 5290 3595 5344 super
3612 5280 3806 5341 sponsos
3826 5267 3862 5315 εἰ

2270 5381 2518 5436 sponsas,
2558 5383 2665 5421 vom
2705 5383 2866 5438 super
2909 5384 3117 5424 omnem
3153 5369 3445 5439 populum.
3493 5368 3605 5422 Hoc
3648 5357 3860 5418 noctibus

2272 5465 2444 5531 atque
2473 5459 2672 5515 diebus
2699 5462 3135 5518 vociferabatur.
3171 5461 3466 5517 Commoti
3497 5460 3756 5531 primores
3776 5448 3857 5505 loci

2270 5553 2673 5624 corripuerunt
2698 5571 2851 5623 eum,
2882 5555 3130 5610 terribile
3161 5554 3309 5609 vocis
3334 5554 3466 5624 ejus
3487 5550 3743 5607 indicium
3763 5554 3857 5615 pel"

2270 5647 2589 5713 horrentes,
2629 5651 2685 5702 et
2713 5648 2976 5720 plurimis
3005 5665 3136 5704 eum
3170 5647 3470 5719 suppliciis
3504 5645 3745 5707 effecere,
3769 5649 3853 5709 quo
