4032 6194
221 286 354 337 232i

1205 290 1539 345 HISTORIA!)
1581 292 1931 348 HIEROSUL.
1974 294 2606 358 ANACEI’IIALASOSIS.

3449 316 3586 367 2322

220 405 705 504 saltem‘afﬂictus
732 408 951 476 dolore,
981 408 1267 465 desineret
1295 412 1571 467 terribilia
1602 419 1658 470 et
1690 416 1855 486 plena
1956 418 2054 473 sed
2093 420 2265 475 etiam
2302 438 2550 492 regnum
2591 426 3016 496 pollicerentur.
3050 432 3110 486 id
3135 433 3229 486 alii
3273 433 3341 489 ad
3377 416 3586 504 Vespa-

220 498 501 571 prodigiis
547 499 908 556 denuntiare.
954 504 1023 557 At
1066 503 1161 558 ille
1215 521 1319 559 nec
1373 510 1529 561 metu
1587 508 1697 562 ullo
1751 525 1857 564 nec

218 591 556 647 verberibus
585 599 684 648 aut
714 596 1070 666 gravioribus
1097 597 1660 656 interminationibus
1689 602 1854 657 terri-

222 689 336 753 tus,
381 702 546 740 usum
592 694 689 741 aut
732 704 927 743 vocem
971 690 1224 758 mutavit,
1261 692 1356 747 sed
1404 692 1459 747 in
1507 694 1709 751 eadem
1756 695 1856 750 de-

224 779 603 835 nuntiationis
636 783 1081 853 perseverantia,
1110 783 1169 838 in
1200 786 1400 841 eodem
1440 790 1707 842 contextu
1743 804 1856 843 ser-

221 889 488 941 monum,
527 873 647 929 sine
680 874 789 928 ulla
827 875 1226 932 obsecrationis
1264 878 1707 948 interpolatione
1740 897 1855 936 ma-

223 964 419 1034 nebat,
463 966 688 1037 injurite
726 968 1045 1040 negligens,
1091 970 1289 1026 affectu
1328 972 1650 1028 immobilis.
1696 974 1859 1038 Quod

220 1075 587 1131 nequaquam
646 1061 1098 1131 perfunctoriuni
1154 1066 1293 1132 rati,
1349 1066 1444 1121 sed
1511 1067 1566 1121 in
1633 1084 1861 1123 excessu

227 1150 459 1223 mentis,
504 1159 564 1208 ut
595 1158 739 1221 erat,
781 1157 1048 1227 exprimi,
1093 1159 1423 1215 detulerunt
1463 1160 1536 1215 ad
1572 1161 1677 1216 loci
1702 1162 1856 1232 judi-

225 1262 377 1315 cem,
421 1246 522 1318 qni
578 1252 711 1302 tunc
764 1250 1039 1321 temporis
1088 1268 1121 1305 a
1174 1253 1446 1307 Romanis
1495 1270 1596 1325 per
1647 1254 1707 1310 id
1753 1255 1859 1310 loci

221 1339 456 1413 publica
485 1341 738 1413 agitabat
771 1342 1025 1415 negotia.
1066 1347 1116 1399 Is
1149 1345 1422 1402 rimandae
1446 1347 1699 1403 veritatis
1727 1366 1855 1421 gra-

222 1434 327 1501 tia,
358 1433 682 1489 saevissimis
711 1451 841 1490 eum
885 1436 1065 1507 poenis
1108 1439 1473 1495 exulceravit.
1508 1440 1631 1505 Quo
1678 1443 1858 1514 magis

219 1532 639 1599 perseveraret,
668 1545 737 1584 eo
765 1530 1159 1586 vehementius
1183 1533 1386 1606 corripi
1414 1534 1659 1607 ﬂagellis
1685 1536 1860 1591 homi-

220 1638 362 1676 nem
384 1621 570 1693 jubet,
602 1626 668 1678 ut
706 1624 751 1677 si
781 1640 895 1695 qua
922 1626 1227 1681 secretiora
1258 1626 1432 1682 futuri
1463 1630 1743 1684 tumultus
1768 1630 1855 1686 in-

220 1714 373 1769 dicia
400 1716 787 1788 comperisset,
812 1719 1222 1776 manifestaret.
1254 1724 1320 1775 At
1352 1721 1443 1778 ille
1469 1739 1655 1796 neque
1682 1724 1855 1793 ﬂevit,

221 1825 415 1881 neque
455 1810 701 1883 rogavit,
731 1811 826 1867 sed
865 1813 937 1867 ad
978 1813 1207 1886 singula
1244 1815 1480 1870 verbera
1519 1832 1633 1872 non
1665 1835 1854 1887 suum,

217 1903 321 1959 sed
359 1904 557 1975 patria:
594 1904 881 1960 excidium
920 1905 1187 1962 ﬂebiliter
1225 1908 1576 1979 deplorabat,
1610 1910 1847 1967 dicens:

226 1998 324 2051 γε
384 1999 785 2067 Hierosolymis.
831 1998 1024 2071 Neque
1080 2000 1462 2074 interrogatus
1517 2004 1644 2075 quis
1688 2007 1853 2072 esset,

219 2089 310 2145 vel
344 2091 520 2157 unde,
555 2092 639 2147 vel
665 2108 766 2146 cur
791 2092 993 2147 eadem
1026 2094 1261 2161 diceret,
1294 2112 1635 2167 responsum
1663 2098 1854 2153 reddi-

219 2184 328 2251 dit,
371 2185 473 2239 sed
526 2186 923 2241 tantummodo
959 2186 1433 2244 lamentationem
1471 2190 1625 2245 illam
1661 2192 1856 2263 patriae

218 2284 429 2350 questu
484 2279 792 2335 miserabili
837 2280 1303 2354 prosequebatur.
1355 2283 1616 2338 Defessus
1666 2285 1856 2356 itaque

218 2372 464 2429 Albinus
485 2373 613 2444 (hoc
635 2374 790 2428 enim
814 2391 1023 2429 nomen
1040 2374 1180 2446 viro)
1201 2375 1414 2431 dimisit
1433 2393 1563 2431 eum
1584 2380 1855 2449 tanquam

222 2466 479 2521 dementi
518 2467 733 2536 furore,
777 2467 913 2539 quid
959 2467 1175 2523 diceret
1222 2485 1331 2523 non
1380 2470 1748 2526 sentientem.
1790 2474 1859 2526 At

227 2558 320 2613 ille
341 2575 535 2631 neque
566 2576 889 2616 sermonem
911 2561 1095 2616 ullum
1118 2579 1249 2616 cum
1276 2578 1570 2635 quoquam
1590 2563 1853 2631 habebat,

233 2667 412 2724 neque
467 2652 623 2709 aliud
667 2654 826 2726 loqui
870 2672 973 2724 per
1021 2654 1303 2726 reliquum
1357 2660 1581 2729 tempus
1630 2656 1856 2712 auditus

231 2749 337 2813 est;
367 2746 467 2802 sed
500 2748 608 2802 hoc
635 2750 911 2820 tanquam
940 2749 1181 2819 lugubre
1209 2755 1378 2822 atque
1400 2751 1702 2805 funereum
1730 2767 1858 2805 can-

224 2838 401 2895 ticum
427 2856 656 2909 canens,
687 2841 886 2896 diebus
914 2858 979 2896 ac
1009 2842 1269 2897 noctibus
1289 2843 1510 2914 jugiter
1530 2844 1855 2915 resultabat,

226 2936 319 2988 Vae
362 2936 778 3005 Hierosolymis;
822 2951 1008 3008 neque
1054 2936 1378 2991 verberanti
1420 2937 1855 3003 conviciabatur,

219 3044 420 3100 neque
458 3028 649 3082 ‘cibum
693 3028 1044 3100 impertienti
1077 3029 1287 3100 gratias
1314 3030 1519 3101 agebat
1554 3047 1566 3083 :
1601 3048 1710 3085 una
1739 3034 1859 3085 erat

219 3122 293 3176 ad
331 3138 540 3176 omnes
578 3121 901 3192 eademque
947 3123 1116 3193 plena
1161 3123 1413 3177 funebris
1449 3124 1696 3178 ululatus
1739 3141 1853 3179 res-

219 3215 452 3286 ponsio,
482 3219 538 3270 et
565 3215 812 3269 maxime
842 3215 1251 3270 sacrificiorum
1278 3216 1720 3272 celebritatibus.
1752 3220 1861 3273 Per

216 3313 444 3381 septem
502 3308 694 3379 itaque
753 3324 935 3363 annos
979 3313 1034 3364 et
1085 3308 1338 3381 quinque
1391 3326 1619 3365 menses
1660 3311 1857 3366 eadem

213 3401 531 3458 verborum
573 3401 764 3471 series,
804 3401 957 3456 idem
1001 3401 1149 3457 vocis
1190 3419 1379 3457 sonus.
1422 3403 1629 3458 Mansit
1664 3404 1858 3476 itaque

217 3495 546 3550 indefessus
576 3498 730 3550 tanto
752 3497 1012 3567 tempore
1041 3512 1054 3549 :
1088 3495 1182 3550 ubi
1199 3495 1418 3551 obsidio
1440 3496 1630 3568 coepit,
1653 3497 1857 3553 eadem

216 3590 316 3643 ille
342 3588 646 3643 vociferari
668 3589 905 3657 destitit,
929 3590 1089 3661 quasi
1111 3590 1317 3645 cessari
1340 3594 1623 3662 oporteret
1642 3591 1859 3646 denun-

215 3683 521 3737 tiationem
567 3698 696 3736 cum
736 3683 1022 3751 adessent,
1064 3700 1192 3755 quae,
1230 3684 1458 3738 fuerant
1501 3684 1855 3739 denuntiata.

218 3776 335 3831 Sed
373 3775 474 3830 ubi
517 3775 688 3848 erepit
724 3775 957 3831 ﬂamma
988 3776 1188 3831 urbem
1232 3777 1451 3849 pariter
1490 3780 1546 3831 et
1581 3778 1857 3850 templum

214 3869 533 3936 involvere,
586 3869 929 3925 circumiens
977 3886 1206 3925 murum
1253 3871 1495 3925 clamare
1544 3870 1710 3943 cepit
1754 3870 1857 3926 ite-

216 3979 353 4016 rum
393 3979 407 4015 :
443 3965 539 4017 Ve
561 3965 781 4017 civitati
812 3969 863 4018 et
883 3965 1087 4034 populo
1122 3969 1172 4018 et
1197 3965 1409 4034 templo.
1448 3965 1512 4018 Et
1539 3964 1611 4018 ad
1642 3967 1856 4036 postre-

214 4073 388 4111 mum
433 4054 675 4122 addidit,
712 4058 805 4111 V2
833 4059 996 4112 etiam
1025 4059 1160 4111 mihi
1177 4076 1192 4119 ;
1223 4061 1278 4112 et
1304 4057 1581 4112 fundibali
1610 4058 1718 4127 (95)
1746 4058 1860 4112 ictu

211 4151 279 4205 in
314 4148 519 4204 eadem
545 4165 681 4205 voce
712 4150 903 4205 emisit
934 4150 1218 4222 spiritum.

844 4345 1061 4401 CAPUT
1099 4346 1253 4400 XVII.

1961 512 2185 567 sianum
2254 515 2619 572 referendum
2684 525 2987 591 putarunt,
3057 525 3456 595 prudentiores
3517 528 3589 585 ad

1963 606 2264 662 Dominum
2290 610 2501 677 .lesum,
2533 612 2626 683 qui
2660 615 2975 670 secundum
3002 634 3237 674 carnem
3265 620 3494 691 genitus
3519 637 3589 677 ex

1960 700 2135 755 Maria
2163 718 2407 774 regnum
2453 722 2620 759 suum
2662 723 2763 776 per
2794 707 3122 765 universum
3162 713 3440 768 mundum
3481 714 3585 770 dif-

1960 793 2123 849 fudit.
2172 797 2359 851 Tantis
2410 797 2599 869 itaque
2652 801 2819 856 rebus
2872 804 3239 859 manentibus
3281 807 3413 875 (97),
3473 825 3586 862 non

1963 893 2267 958 potuerunt
2337 907 2534 946 cavere
2600 896 2750 964 quod
2825 895 3092 951 divinitus
3155 898 3584 954 decernebatur.

1961 981 2309 1038 Manifestam
2352 985 2502 1040 enim
2547 988 2647 1042 Dei
2691 987 2748 1042 in
2790 1005 2850 1043 se
2886 994 3295 1062 cognoscentes
3324 992 3491 1061 iram,
3519 994 3589 1049 ad

1962 1076 2359 1134 consolationis
2386 1079 2624 1151 alicujus
2655 1083 2975 1138 remedium
3013 1084 3342 1156 pertingere
3372 1102 3580 1141 reuue-
3664 1084 3665 1091 “

1961 1175 2099 1225 runt
2140 1190 2151 1224 :
2196 1175 2355 1227 tanta
2400 1174 2632 1229 sceleris
2680 1175 3034 1232 obnubilatio
3077 1177 3359 1237 mentium
3396 1179 3588 1235 oculos

1962 1263 2296 1321 obduxerat.

2552 1413 2772 1470 CAPUT
2808 1416 2984 1471 XVIII.

2032 1581 2351 1650 Desperatis
2376 1581 2659 1652 siquidem
2693 1590 2748 1637 et
2778 1599 2980 1639 eorum
3008 1584 3197 1652 rebus,
3232 1590 3433 1642 auctor
3464 1593 3580 1642 tur-

1962 1672 2161 1727 barum
2213 1674 2526 1743 Eleazarus,
2570 1674 2716 1732 inter
2765 1682 2964 1732 caetera
3014 1677 3343 1733 difﬁdentiae
3391 1680 3577 1745 verba,

1880 1795 1933 1865 Β
1959 1766 2291 1837 abjectionis
2316 1785 2431 1823 suae
2460 1786 2492 1824 a
2519 1771 2628 1825 Deo
2656 1770 2732 1824 sic
2759 1775 3099 1842 conquestus
3125 1778 3211 1828 est
3250 1790 3266 1856 ξ
3296 1773 3340 1827 Ο
3370 1773 3580 1839 miseri,

1959 1859 2030 1914 ad
2076 1877 2247 1932 quam
2289 1878 2446 1932 spem
2484 1864 2647 1917 istius
2692 1863 2822 1917 vitaz
2863 1881 2963 1919 nos
3002 1868 3391 1921 reservamus?
3432 1868 3581 1931 Esto,

1957 1952 2134 2008 hostis
2186 1955 2469 2025 ignoscat,
2525 1956 2663 2027 quid
2720 1958 2979 2027 proderit
3037 1975 3168 2013 cum
3222 1959 3316 2013 Dei
3373 1958 3585 2014 offensa

1958 2047 2145 2101 clara?
2164 2050 2326 2119 Ignes
2351 2049 2422 2104 ab
2449 2051 2607 2105 hoste
2633 2050 2690 2104 in
2712 2067 2814 2105 nos
2840 2051 3007 2119 versi,
3036 2054 3256 2107 mutata
3281 2055 3581 2108 ventorum

1957 2140 2209 2211 ﬂamina,
2243 2144 2495 2198 ﬂammas
2524 2148 2773 2212 retortaa,
2805 2149 2866 2199 ut
2893 2147 3086 2200 nostra
3113 2145 3357 2200 subsidia
3387 2145 3582 2200 deme-

1959 2240 2178 2290 rentur.
2206 2237 2343 2300 Quis
2383 2238 2590 2309 poterit
2627 2239 2962 2294 adversante
2994 2240 3107 2293 Deo
3143 2240 3369 2294 vivere?
3395 2241 3613 2294 Nullus.

1959 2329 2136 2384 venia:
2190 2331 2365 2399 locus,
2420 2331 2518 2385 sed
2574 2332 2943 2388 manifestum
3004 2333 3335 2387 voluntariae
3386 2334 3588 2387 mortis

1958 2424 2286 2494 imperium.
2322 2424 2473 2488 Quid
2516 2425 2670 2479 enim
2719 2441 2827 2479 nox
2870 2425 3195 2491 intervenit,
3242 2426 3443 2479 nisiut
3486 2444 3586 2480 nos

1957 2516 2133 2571 hostis
2173 2533 2282 2571 non
2326 2516 2682 2587 praeveniret,
2716 2534 2817 2573 nec
2850 2517 3051 2572 deusto
3081 2518 3282 2572 murali
3315 2518 3582 2589 prtesidio

1957 2609 2223 2664 continuo
2291 2610 2665 2681 irrumperet;
2733 2611 2828 2666 sed
2891 2615 2956 2665 ut
3028 2611 3189 2665 nobis
3251 2611 3584 2666 exercenda:

1951 2709 2171 2759 mutuae
2201 2704 2355 2758 necis
2399 2707 2621 2775 tempus
2651 2710 3060 2774 reservaretur,
3093 2704 3407 2777 liceretque
3452 2722 3580 2759 cum

1958 2796 2151 2851 liberis
2199 2798 2402 2852 nostris
2448 2802 2504 2851 et
2544 2798 3057 2853 necessitudinibus
3096 2798 3261 2863 mori,
3301 2815 3371 2852 ne
3423 2798 3584 2851 vide-

1958 2905 2148 2945 remus
2187 2890 2423 2945 anhelos
2460 2906 2623 2946 senes
2663 2907 2918 2963 anusque
2953 2908 2988 2946 a
3016 2890 3284 2945 Romanis
3310 2891 3582 2961 pertrahi,

1957 2983 2312 3038 charissimas
2364 2985 2635 3056 conjuges
2679 2984 2753 3039 ad
2803 2983 3031 3040 victoris
3074 2984 3369 3039 libidinem
3416 2983 3585 3055 rapi?

1958 3078 2415 3133 Commoriamur
2462 3079 2680 3149 patriae,
2724 3095 2796 3135 ne
2839 3079 3015 3133 simus
3059 3078 3391 3149 superstites
3440 3077 3581 3132 tanti

1878 3156 1933 3227 Ο
1959 3171 2254 3226 dedecoris
2294 3172 2618 3243 opprobrio.
2666 3173 2787 3236 Quo
2831 3171 3006 3242 igitur
3042 3170 3328 3242 fugiemus
3371 3187 3404 3224 a
3442 3170 3583 3224 facie

1962 3266 2080 3334 Dei,
2116 3272 2213 3320 aut
2255 3281 2370 3337 quo
2413 3265 2626 3320 ibimus
2664 3265 2889 3320 infenso
2937 3265 3098 3320 nobis
3137 3264 3259 3319 caeli
3301 3263 3585 3318 Domino?

1962 3358 2016 3414 Si
2051 3360 2255 3415 cadant
2294 3375 2468 3430 super
2512 3376 2614 3415 nos
2660 3365 2879 3415 montes
2924 3364 2982 3413 et
3015 3358 3269 3413 concavis
3304 3357 3585 3428 specubus

1959 3452 2329 3520 abscondant,
2371 3453 2660 3525 quomodo
2710 3458 2901 3507 tamen
2940 3453 3256 3523 poterimus
3304 3450 3585 3507 declinare

1958 3545 2421 3616 indignationem
2457 3551 2633 3601 tantae
2663 3547 2995 3616 potestatis?
3021 3562 3134 3616 quo
3162 3545 3317 3599 enim
3347 3560 3581 3616 progre-

1961 3639 2206 3706 diemur,
2239 3643 2303 3694 ut
2336 3654 2451 3693 non
2489 3639 2561 3693 sit
2597 3639 2767 3704 Deus,
2796 3655 2924 3693 cum
2963 3639 3084 3708 ipse
3126 3637 3334 3707 ubique
3364 3636 3471 3691 sit?
3498 3641 3582 3691 An

1960 3732 2270 3787 mediocria
2317 3732 2577 3803 exempla
2622 3735 2773 3799 sunt,
2811 3731 3018 3802 quibus
3062 3730 3389 3795 doceamur,
3430 3730 3581 3801 quod

1954 3825 2297 3897 jamdudum
2340 3826 2495 3898 genti
2534 3829 2743 3880 nostrae
2779 3840 2881 3895 pro
2912 3823 3154 3894 peccatis
3186 3821 3395 3878 nostris
3420 3822 3584 3876 infes-

1961 3923 2052 3975 tus
2076 3919 2167 3987 sit,
2195 3921 2291 3991 qui
2320 3923 2449 3975 ante
2477 3917 2853 3990 praesidebat?
2883 3917 3021 3982 Quis
3045 3917 3152 3972 hoc
3178 3915 3418 3995 dubitet,
3450 3932 3580 3970 cum

1963 4013 2162 4081 videat,
2193 4012 2349 4084 quod
2391 4014 2449 4067 in
2495 4029 2595 4067 nos
2639 4027 2843 4067 manus
2878 4014 3086 4066 nostra
3122 4024 3408 4065 conversa:
3448 4009 3580 4074 sint,

1960 4109 2264 4179 pluresque
2290 4106 2491 4161 seditio
2514 4105 2845 4172 domestica,
2872 4120 3040 4176 quam
3067 4103 3281 4158 bellum
3308 4101 3584 4157 exstinxe-

1962 4202 2072 4255 rit?

2582 4343 2801 4398 CAPUT
2840 4342 2968 4397 XIX.

292 4514 512 4569 Urbem
540 4512 714 4567 etiam
750 4528 882 4568 cum
909 4514 1140 4583 templo,
1172 4512 1406 4567 vetustis
1447 4513 1619 4568 etiam
1654 4513 1934 4589 IitterisD
2029 4510 2145 4563 Non
2178 4509 2401 4564 donabo
2435 4508 2702 4563 Romanis
2735 4507 2885 4578 quod
2918 4505 3177 4571 vicerint,
3210 4521 3315 4560 nec
3348 4504 3453 4575 ipsi
3479 4505 3584 4559 sibi

211 4608 503 4680 scriptum
555 4612 697 4673 erat,
749 4611 885 4661 tunc
941 4605 1275 4677 perituram,
1323 4623 1449 4661 cum
1498 4608 1857 4678 tetragonum

214 4701 511 4773 templum
557 4700 773 4755 factum
831 4698 1043 4753 fuisset.
1095 4700 1289 4770 Itaque
1344 4699 1458 4753 sive
1511 4698 1693 4766 obliti,
1744 4699 1860 4753 sive

210 4792 608 4864 obstupefacti
635 4791 1030 4864 ingruentium
1057 4791 1341 4846 malorum
1368 4792 1729 4858 necessitate,
1765 4792 1860 4846 ubi

210 4889 503 4958 occupata
528 4888 614 4940 est
638 4884 904 4949 Antonia,
926 4887 1287 4956 tetragonum
1314 4885 1374 4938 in
1400 4884 1640 4940 circuitu
1661 4884 1860 4956 templi

207 4982 487 5036 fecerunt
525 4979 661 5047 (96).
700 4980 857 5034 Inter.
893 4993 1023 5049 quae
1069 4977 1206 5032 illud
1248 4978 1857 5049 praecellentissimum,

204 5073 373 5146 quod
406 5073 465 5127 in
493 5071 697 5127 litteris
718 5086 880 5143 aeque
900 5070 1137 5125 vetustis
1164 5071 1323 5142 (quas
1351 5087 1538 5126 sacras
1559 5071 1856 5139 vocabant)

206 5166 495 5223 manebat
523 5166 889 5237 impressum,
919 5165 1073 5236 quod
1097 5164 1412 5220 secundum
1443 5164 1580 5219 illud
1610 5170 1856 5237 tempus,

203 5262 451 5316 futurus
498 5262 648 5313 esset
678 5258 764 5312 vir
799 5258 900 5329 qui
937 5258 1006 5313 de
1052 5257 1284 5329 regione
1325 5273 1521 5313 eorum
1554 5257 1858 5330 imperium

206 5357 545 5408 assumeret
597 5352 656 5406 in
710 5350 908 5406 orbem
962 5355 1271 5406 terrarum.
1327 5353 1465 5415 Quae
1518 5369 1608 5406 res
1656 5367 1754 5407 eos
1801 5352 1859 5406 in

206 5450 387 5501 tanto
430 5446 625 5501 furore
662 5445 874 5517 posuit,
910 5449 971 5499 ut
999 5444 1104 5499 sibi
1140 5461 1257 5500 non
1295 5445 1480 5499 solum
1518 5444 1857 5512 libertatem,

288 5632 391 5694 (95)
437 5630 608 5692 Editi,
648 5629 1003 5692 fundibulari.
1034 5631 1116 5682 De
1157 5630 1263 5680 hac
1303 5642 1433 5680 vero
1477 5628 1863 5681 emendatione

206 5704 433 5755 videsis
458 5714 587 5768 qum
622 5701 1026 5754 annotabamus
1057 5703 1313 5766 superius
1351 5700 1420 5752 ad
1451 5704 1617 5765 caput
1650 5702 1729 5762 44,
1762 5701 1857 5751 lib.

206 5790 235 5825 ἲ
259 5775 893 5914 ’(ξϐῖρθφθωω,
924 5845 1239 5912 deformat.
1268 5845 1545 5899 Caeterum
1581 5844 1674 5899 hic
1702 5844 1861 5897 locus

1959 4602 2067 4657 hoc
2097 4601 2404 4666 vindicant,
2441 4600 2538 4672 qui
2569 4600 2774 4665 sciunt,
2806 4599 2957 4670 quod
2996 4614 3196 4653 omnes
3223 4598 3345 4653 fere
3377 4598 3585 4654 nostris

1960 4695 2143 4767 potius
2198 4695 2375 4749 armis
2422 4710 2592 4765 quam
2650 4692 2849 4748 alienis
2904 4692 3245 4765 perierimus
3302 4710 3313 4746 :
3374 4692 3586 4764 quique

1962 4791 2344 4845 Romanorum
2372 4804 2536 4843 arma
2562 4787 2826 4842 viderunt
2856 4787 3172 4843 Cassaream
3199 4785 3588 4841 inhabitantes

1959 4882 2156 4947 Judaei,
2182 4898 2428 4954 quorum
2466 4881 2673 4935 feriato
2717 4881 2808 4936 die
2848 4881 3077 4936 Sabbati
3119 4880 3267 4935 inter
3303 4880 3587 4934 solemnes

1961 4979 2285 5031 nostrorum
2340 4991 2629 5030 sacrorum
2680 4976 2865 5030 cultus
2918 4974 3229 5030 multitudo
3282 4972 3583 5045 gentilium

1960 5064 2412 5135 Caesariensium,
2446 5070 2754 5140 repentino
2784 5068 3035 5140 quodam
3072 5068 3289 5139 impetu
3319 5069 3375 5122 et
3410 5066 3585 5121 misso

1959 5164 2205 5235 desuper
2233 5163 2425 5218 furore
2453 5178 2720 5217 succensa
2750 5161 2954 5233 viginti
2990 5160 3165 5216 millia
3194 5160 3422 5227 delevit,
3462 5177 3582 5214 om-

1959 5273 2061 5311 nes
2112 5256 2348 5328 fugavit,
2394 5259 2456 5310 ut
2505 5258 2684 5310 totam
2734 5254 2941 5310 urbem
2990 5253 3333 5309 exinaniret.
3386 5256 3586 5309 Nonne

1961 5350 2177 5421 Syriam
2223 5354 2399 5404 totam
2444 5348 2676 5422 quidem
2726 5348 2983 5419 implevit
3028 5347 3331 5414 dementia,
3382 5349 3443 5401 ut
3489 5348 3583 5401 lu-

1962 5445 2068 5500 diei
2103 5449 2276 5515 atque
2304 5444 2545 5516 gentiles
2576 5444 2633 5498 in
2671 5443 2872 5498 iisdem
2909 5440 3147 5496 urbibus
3189 5440 3303 5508 siti,
3345 5444 3404 5496 et
3439 5441 3588 5495 inco-

1963 5632 2219 5697 superius
2247 5629 2342 5681 lib.
2370 5642 2427 5689 v,
2450 5642 2572 5692 cap,
2590 5628 2670 5689 Μ,
2692 5626 2799 5679 sub
2825 5627 3012 5689 ﬁnem,
3034 5628 3115 5678 sic
3135 5626 3359 5679 effertur
3391 5642 3401 5677 :
3427 5631 3590 5678 tetra-

1962 5717 2155 5769 gonum
2182 5701 2456 5751 circuitum
2487 5699 2663 5765 templi
2690 5699 2940 5761 fecerunt.
2970 5698 3049 5749 ID.

2024 5776 2119 5837 (97)
2148 5771 2492 5825 Manentibus.
2518 5770 2694 5824 ΒΑΜ.
