4032 6194
530 288 665 354 2'323
1630 282 1641 291 ’
1995 296 2049 348 δ.
2100 294 2420 349 Auuuosu
3698 301 3802 353 23a

528 422 677 475 latus
714 421 897 491 gratia
940 420 1042 473 sibi
1089 421 1245 491 prius
1283 420 1435 485 nexi,
1471 425 1664 490 postea
1700 421 1851 474 inter
1892 434 1948 473 se
1982 419 2158 472 armis
2182 420 2323 501 Aut
2365 417 2536 471 tantis
2578 417 2861 488 supersint
2895 416 3204 483 doloribus,
3251 433 3365 471 nou
3411 416 3553 489 quod
3594 418 3808 477 defecerit

522 512 883 581 colliderent,
922 531 1035 585 quo
1080 512 1354 568 Romanis
1394 514 1607 568 vadum
1654 513 1861 568 futuras
1908 511 2153 566 victoria:
2257 510 2463 578 clades,
2494 511 2591 565 sed
2633 511 2787 582 quod
2808 510 2929 581 jam
2972 509 3131 564 nulla
3169 510 3407 581 requies.
3438 510 3551 574 Quo
3576 511 3708 567 enim
3730 513 3809 571 cir-

528 607 1006 663 constitueretur?
1046 608 1189 662 Nam
1231 608 1366 678 quid
1412 607 1483 662 de
1532 606 1864 677 Scythopoli
1913 604 2156 677 loquar?
2257 604 2644 659 cumferamus
2689 604 2901 672 oculos,
2942 607 3041 657 aut
3084 602 3225 674 quid
3260 603 3553 659 decernere
3586 603 3811 663 delectet?

531 716 643 771 quo
666 700 846 755 Judaei
878 701 1068 771 primo
1106 700 1536 768 contenderant,
1568 705 1631 755 ut
1669 698 1940 769 gentilem
1978 715 2157 769 popu-
2259 696 2391 752 urbs
2428 700 2549 753 tota
2593 698 2917 768 sepulcrum
2956 701 3317 751 mortuorum
3354 700 3476 750 est:
3519 698 3673 754 solem
3693 717 3811 771 spec-

532 795 647 847 Ium
678 795 1080 864 praevenirent,
1112 812 1182 850 ne
1223 794 1359 865 quid
1398 794 1667 848 adversus
1702 798 1928 847 nostros
1957 808 2151 847 exem-
2255 790 2504 845 tantibus
2549 793 2859 846 occurrunt
2903 790 3134 859 favillae;
3178 790 3285 845 viae
3319 806 3504 845 vacum
3535 791 3811 862 viventium,

533 887 625 956 plo
655 893 989 943 caeterarum
1030 887 1256 943 urbium
1289 886 1750 942 machinaretur?
1790 889 1986 957 Itaque
2016 902 2155 956 quos
2257 885 2488 955 repletae
2539 882 2923 939 cadaveribus.
2983 883 3168 939 Miseri
3220 884 3472 939 seniores
3516 886 3813 943 cinerulenta

536 997 637 1050 par
685 981 796 1035 fuit
839 982 1171 1052 conjunctos
1214 981 1517 1035 adversum
1558 979 1905 1051 alienigenas
1950 978 2156 1034 viribus
2257 976 2482 1045 canitie,
2526 981 2581 1031 et
2624 978 2796 1032 scisso
2840 977 3054 1032 amictu
3102 993 3276 1049 supra
3322 977 3578 1049 reliquias
3614 981 3815 1036 mortuo-

533 1074 685 1129 bello
707 1074 1034 1141 decernere,
1058 1075 1179 1129 haec
1206 1091 1235 1129 e
1256 1074 1546 1128 contrario
1572 1073 1873 1127 adversum
1901 1073 2153 1128 seJudaai
2257 1087 2385 1125 rum
2424 1070 2644 1139 sedent,
2684 1071 2840 1126 nuda
2878 1075 3137 1142 tegentes
3176 1087 3319 1137 ossa,
3353 1087 3464 1142 quo
3498 1071 3763 1127 defendant
3791 1092 3816 1127 a

533 1166 987 1235 deceﬂaverunt,
1017 1172 1079 1221 ut
1116 1184 1241 1238 pars
1271 1182 1473 1222 eorum
1512 1166 1779 1220 adversus
1804 1171 2075 1236 cognatos
2101 1172 2157 1221 et
2258 1163 2573 1219 volatilibus
2621 1181 2686 1218 ac
2734 1164 2951 1220 bestiis.
2996 1164 3260 1219 Mulieres
3302 1180 3497 1235 paucae
3539 1165 3815 1231 incolumes,

532 1259 819 1331 proximos
858 1276 990 1314 suos
1027 1260 1403 1331 praeliaretur.
1446 1260 1653 1315 Deinde
1694 1260 1799 1331 ipsi
1832 1276 1935 1330 pro
1975 1259 2154 1330 pretio
2258 1273 2400 1327 quas
2439 1256 2601 1313 miles
2635 1257 2845 1328 impius
2886 1258 2956 1312 ad
2998 1256 3435 1328 turpitudinem,
3465 1274 3572 1313 non
3598 1260 3659 1312 ad
3684 1260 3816 1314 vitam

531 1352 754 1422 laboris,
785 1356 846 1406 et
884 1353 1125 1424 impensi
1167 1353 1461 1425 sanguinis
1501 1370 1533 1408 a
1580 1353 1885 1422 gentilibus
1916 1353 2155 1424 perime-
2257 1351 2585 1406 servaverit.
2625 1351 2758 1415 Quis
2796 1351 2919 1405 haec
2964 1350 3160 1406 videns
3198 1359 3256 1405 et
3299 1351 3370 1406 de
3413 1352 3819 1422 comperendina-

534 1451 753 1513 rentur,
797 1446 947 1517 quod
988 1447 1407 1517 prohibuerunt
1449 1447 1555 1518 ipsi
1595 1447 1718 1502 fieri
1758 1446 1815 1500 in
1872 1446 2150 1517 gentibus.
2257 1444 2413 1498 tione
2467 1443 2693 1499 vivendi
2744 1444 3022 1516 cogitans,
3070 1444 3269 1499 audeat
3320 1444 3392 1500 ad
3441 1446 3632 1500 coelum
3674 1446 3817 1502 levare

531 1538 890 1606 Damasceni,
924 1540 1083 1595 nulla
1122 1540 1428 1596 exsistente
1469 1556 1657 1609 causa,
1691 1543 1817 1594 octo
1857 1539 2033 1594 millia
2055 1541 2151 1594 Ju-
2256 1538 2483 1592 oculos?
2524 1536 2661 1601 Quis
2700 1538 2775 1592 sic
2813 1537 3124 1593 immemor
3158 1538 3384 1608 patriae,
3422 1537 3589 1593 hostis
3613 1555 3818 1607 suorum,

530 1631 784 1687 (imorum
835 1637 1188 1700 straverunt,
1239 1632 1579 1708 Ascalonitaa
1628 1633 1744 1688 duo
1802 1633 1984 1688 millia
2040 1635 2153 1704 (98)
2256 1629 2478 1701 pietatis
2501 1630 2744 1698 alienus,
2773 1647 2976 1702 expers
3006 1630 3338 1697 dulcedinis,
3371 1632 3530 1703 cujus
3556 1635 3663 1686 tam
3686 1633 3817 1688 semi-

531 1726 896 1796 quingentos.
936 1728 999 1780 In
1029 1727 1165 1781 urbe
1198 1743 1427 1798 quoque
1465 1727 1556 1781 cui
1595 1727 1892 1782 Ptolemais
1917 1743 2149 1793 nomen,
2175 1794 2214 1798 _
2257 1724 2360 1778 viri
2385 1724 2457 1778 sit
2487 1724 2673 1779 mollis
2701 1724 2974 1796 spiritus?
3003 1724 3140 1789 Quis
3173 1724 3256 1780 ita
3287 1709 3659 1792 ‘meticulosus,
3685 1741 3818 1797 quem

530 1818 658 1872 caesi
687 1794 836 1874 iduo
914 1819 1113 1875 millia.
1179 1794 1528 1876 Alexandriae
1600 1836 1732 1875 vero
1809 1824 1971 1874 vetus
2036 1794 2230 1875 eratB
2256 1831 2372 1870 non
2408 1816 2619 1888 pudeat
2649 1794 2746 1872 his—
2772 1819 3165 1872 reservatum?
3201 1818 3428 1874 Utinam
3469 1819 3681 1889 quidem
3700 1794 3817 1872 volim

534 1911 728 1967 odium
769 1912 920 1968 inter
960 1912 1187 1968 .ludieos
1223 1915 1279 1967 et
1325 1913 1582 1983 gentium
1627 1914 1888 1985 populos,
1929 1930 1993 1968 ex
2037 1930 2152 1985 quo
2255 1908 2457 1965 defecti
2502 1926 2776 1980 essemus,
2814 1914 2916 1966 aut
2962 1911 3008 1965 si
3055 1912 3165 1967 vita
3205 1914 3544 1983 superesset,
3580 1913 3821 1967 oculorum

534 2020 782 2076 magnum
816 2006 1139 2060 Alexander
1178 2022 1314 2061 usus
1353 2010 1439 2059 est
1476 2005 1663 2061 studio
1701 2006 2029 2062 Iudaeorum
2079 1998 2165 2061 ad.
2252 2003 2447 2058 lumen
2477 2004 2732 2073 periisset
2752 2005 2908 2074 prius
2935 2020 3107 2075 quam
3125 2008 3378 2060 sanctam
3401 2005 3599 2060 urbem
3618 2005 3821 2060 dirutam

532 2098 818 2168 Egyptios
874 2098 1253 2169 subjiciendos
1306 2116 1319 2151 :
1380 2098 1532 2153 unde
1586 2099 1816 2154 condita
1881 2100 2018 2154 urbe
2083 2117 2152 2155 ex
2252 2096 2501 2151 hostium
2544 2096 2803 2153 manibus
2832 2097 3213 2166 intueremur,
3256 2100 3649 2170 templumque
3684 2098 3821 2152 hoca

529 2205 692 2261 atquo
716 2190 924 2246 Judmis
952 2194 1009 2246 et
1043 2191 1316 2263 Egyptiis
1342 2191 1611 2247 attributa
1636 2192 1937 2263 privilegia
1971 2200 2028 2248 et
2058 2194 2153 2248 ha-
2254 2189 2563 2259 majoribus
2587 2191 2792 2247 nostris
2817 2194 3101 2246 sacratum
3130 2192 3263 2258 Deo,
3288 2197 3404 2247 tam
3429 2191 3600 2263 impie
3617 2190 3822 2246 flammis

526 2281 834 2338 bitationes
863 2283 1119 2351 diversae,
1148 2300 1219 2338 ne
1258 2300 1455 2338 eorum
1493 2285 1678 2339 cultus
1715 2286 2155 2356 permisceretur
2252 2284 2517 2350 cremari,
2547 2288 2647 2338 aut
2690 2283 3006 2340 sacerdotes
3045 2285 3106 2339 in
3155 2287 3369 2356 templo
3416 2286 3823 2356 conspiceremus

529 2375 629 2446 qui
678 2374 1097 2447 puriﬁcationes
1140 2393 1271 2432 suas
1314 2378 1435 2432 sine
1482 2379 1601 2434 ulla
1646 2378 1910 2434 volebant
1954 2384 2149 2434 conta-
2246 2376 2436 2445 jacere
2462 2377 2817 2433 interfectos!

529 2468 699 2538 gione
727 2484 968 2525 servare.
1012 2469 1150 2525 Hinc
1186 2471 1516 2542 frequentes
1554 2472 1706 2528 inter
1736 2488 1832 2527 eos
1856 2472 2152 2528 conﬂictus

526 2561 710 2629 fuere,
751 2568 945 2619 exorta
982 2564 1199 2635 jurgia,
1232 2564 1513 2635 judicium
1560 2565 1832 2637 petitum.
1881 2566 2029 2622 Nihil
2078 2573 2153 2622 ta-

531 2671 661 2711 men
690 2671 756 2711 ex
799 2658 939 2712 tanti
970 2658 1120 2729 regis
1146 2663 1490 2714 temeratum
1514 2659 1693 2730 liquet
1719 2660 1890 2714 fuisse
1932 2660 2148 2715 benefi-
2323 2656 2697 2712 Emendemus
2738 2670 2897 2726 ergo,
2928 2655 3081 2727 quod
3122 2656 3211 2710 his
3246 2658 3652 2728 superviximus
3680 2658 3824 2723 malis,

527 2749 651 2817 ciis,
682 2748 783 2805 sed
818 2753 1018 2821 postea
1059 2768 1093 2806 a
1133 2751 1441 2823 gentilibus
1476 2756 1673 2807 exorto
1709 2755 1981 2820 tumultu,
2021 2771 2151 2809 cum
2253 2756 2313 2803 ut
2360 2748 2653 2804 videamur
2702 2764 2819 2803 non
2864 2749 2995 2803 vitai
3038 2749 3227 2804 studio
3278 2749 3560 2806 distulisse
3604 2755 3824 2816 mortem,

524 2842 856 2897 Iudaeorum
887 2845 1071 2899 necati
1097 2845 1294 2916 aliqui,
1324 2844 1419 2900 alii
1446 2845 1518 2900 ad
1544 2862 1768 2916 poenam
1797 2848 2148 2913 detinentur,
2250 2842 2347 2897 sed
2375 2842 2597 2896 virtutis
2623 2841 2952 2898 intentione.
2983 2842 3448 2900 Circumvallavit
3482 2843 3652 2900 hostis
3689 2858 3824 2899 omne

529 2935 739 3005 injuria
763 2940 985 2991 motum
1027 2937 1356 2993 Judzeorum
1388 2939 1664 3010 populum
1691 2938 1996 2994 adversum
2024 2956 2151 2996 auc-
2251 2935 2689 2990 munimentum.
2720 2936 2809 2990 Nil
2849 2939 3127 3007 superest,
3160 2937 3269 2992 nisi
3306 2941 3409 2993 aut
3453 2956 3575 3006 nos,
3606 2943 3694 2993 aut
3727 2954 3827 2993 con-

526 3034 675 3084 tores
708 3029 938 3100 injuriae
976 3031 1350 3087 insurrexisse
1392 3049 1405 3085 :
1443 3036 1500 3087 et
1535 3048 1665 3086 cum
1704 3032 2049 3104 pertinacius
2090 3050 2149 3090 se
2240 3030 2409 3101 juges
2453 3034 2661 3084 nostrae
2700 3046 2712 3082 ε
2744 3030 2868 3100 jam
2908 3029 3016 3085 Sibi
3052 3030 3197 3085 ﬁlios
3242 3037 3469 3087 nostros
3512 3032 3569 3086 in
3610 3031 3825 3087 auctione

525 3121 594 3176 de
633 3121 846 3177 civibus
888 3123 1076 3178 ultum
1120 3124 1188 3179 iri
1234 3124 1463 3190 vellent,
1504 3126 1798 3181 inductum
1833 3127 2144 3183 exercitum
2166 3159 2217 3197 ρ
2248 3122 2621 3190 constituunt,
2650 3127 2982 3195 certantque
3023 3123 3173 3179 inter
3210 3141 3291 3191 se,
3330 3127 3463 3197 quis
3506 3126 3657 3197 cujus
3690 3124 3829 3180 abdu-

529 3214 849 3269 Romanum
877 3216 976 3287 qui
1007 3218 1297 3288 sexaginta
1318 3217 1648 3273 Iudaeorum
1674 3219 1855 3273 millia
1881 3220 2029 3275 intra
2056 3236 2147 3275 ur-
2170 3214 2220 3233 ν
2247 3220 2334 3271 cat
2356 3231 2615 3283 uxorem,
2642 3219 2837 3270 utrum
2864 3232 2970 3288 pro
2991 3216 3331 3287 dignitatum
3361 3219 3581 3274 meritis
3603 3234 3828 3290 persona-

526 3305 655 3361 bem
684 3306 916 3361 fuderit.
2246 3325 2442 3364 rumve
2471 3309 2770 3365 ordinibus
2792 3309 3197 3366 distribuenda:
3216 3312 3350 3382 sint,
3373 3320 3475 3368 aut
3499 3313 3725 3369 sortibus
3743 3312 3828 3380 (99)

1147 3426 1367 3480 CAPUT
1414 3427 1517 3481 xx.
2246 3402 2434 3457 subire
2459 3402 2704 3474 cogendi
2734 3402 3115 3473 miserabiles;
3148 3404 3313 3459 nobis
3338 3422 3572 3478 quoque
3598 3408 3828 3478 parantur

2246 3496 2506 3567 prodigia
2544 3511 2861 3567 pinnarum,
2898 3500 3185 3553 tormenta
3223 3499 3658 3571 exquisitissime
3688 3518 3698 3552 :
3735 3514 3827 3553 non

596 3588 804 3642 Verum
832 3587 972 3659 quid
1009 3588 1065 3643 in
1096 3588 1401 3645 levioribus
1436 3607 1649 3658 moror,
1682 3608 1814 3646 cum
1860 3592 2143 3647 excidium
2245 3591 2430 3645 solum
2455 3590 2719 3646 ardentes
2741 3589 3013 3658 ﬂammae,
3042 3596 3141 3646 aut
3168 3592 3406 3648 diversae
3437 3610 3603 3650 neces
3627 3591 3827 3648 victricis

524 3680 692 3735 totius
719 3680 870 3735 orbis
897 3680 955 3736 in
986 3681 1156 3737 unius
1192 3682 1429 3738 civitatis
1455 3684 1621 3740 ruina
1647 3684 1813 3740 nobis
1840 3686 2141 3757 deploran-
2244 3685 2357 3738 ictu
2384 3684 2598 3738 securis
2625 3702 2639 3738 :
2671 3684 2814 3738 duro
2842 3684 3080 3756 quidem
3109 3690 3236 3756 post
3254 3685 3503 3754 vincula,
3532 3692 3652 3760 post
3677 3700 3829 3742 carce-

524 3772 661 3828 dum
700 3774 808 3828 sit?
844 3774 949 3829 Ubi
995 3779 1080 3829 est
1126 3776 1380 3832 maxima
1424 3777 1620 3833 civitas
1659 3780 2009 3834 Jerusalem?
2047 3780 2143 3835 ubi
2244 3793 2385 3843 rem,
2414 3782 2542 3848 post
2565 3778 2775 3848 jugum
2816 3778 3115 3849 supplicio,
3162 3778 3261 3835 sed
3296 3781 3673 3837 tolerabiliora
3704 3779 3827 3843 viris,

523 3865 729 3923 decora
748 3867 885 3923 Sion
903 3869 930 3922 ?
950 3867 1045 3923 ubi
1076 3869 1354 3940 templum
1382 3871 1684 3926 mirabile?
1704 3871 1801 3926 ubi
1830 3873 2142 3928 secundum
2244 3870 2290 3924 si
2316 3870 2560 3925 ludibrio
2588 3874 2777 3938 vacet;
2807 3871 2905 3927 sed
2932 3870 3103 3928 etiam
3134 3874 3308 3929 avulsi
3344 3880 3508 3931 artus
3533 3872 3827 3937 viventibus,

521 3960 654 4014 illud
688 3960 1115 4017 tabernaculum
1147 3963 1455 4019 sanctitatis
1480 3965 1810 4035 sacrarium,
1832 3982 1945 4037 quo
1966 3967 2141 4021 semel
2245 3968 2303 4018 et
2332 3964 2619 4036 praecipue
2656 3968 2934 4021 truncatas
2972 3982 3199 4021 manus.
3237 3968 3349 4023 Nec
3389 3969 3690 4034 immerito,
3723 3965 3828 4037 quia

520 4053 577 4106 in
610 4070 761 4108 anno
789 4054 940 4110 solus
969 4054 1232 4127 princeps
1262 4058 1622 4113 sacerdotum
1652 4058 1876 4115 solebat
1904 4059 2139 4129 intrare,
2243 4056 2543 4111 defuerunt
2570 4074 2670 4112 suo
2714 4059 2963 4126 muneri,
2996 4076 3127 4114 cum
3154 4067 3384 4132 possent
3414 4062 3525 4118 sibi
3551 4059 3825 4117 subvenire.

521 4163 636 4201 non
677 4147 799 4201 sine
826 4148 1128 4219 sanguine,
1159 4166 1331 4221 quem
1364 4167 1467 4222 pro
1509 4167 1567 4206 se
1605 4150 1837 4208 offerret
1864 4155 1922 4207 et
1945 4152 2141 4225 populi
2242 4149 2530 4206 Subeundi
2579 4167 2808 4223 quoque
2864 4168 3084 4208 morsus
3146 4154 3399 4209 ferarum
3462 4156 3531 4210 ad
3593 4156 3827 4209 victorum

519 4237 763 4294 delicto?
791 4241 1157 4296 Profanatum
1186 4243 1450 4313 gentibus
1482 4244 1777 4299 :habitant
1806 4246 1864 4300 in
1887 4246 2141 4318 reliquiis
2242 4240 2642 4314 spectaculum,
2684 4246 2834 4317 quod
2879 4246 3116 4302 diversis
3156 4247 3283 4318 jam
3321 4249 3640 4305 celebratur
3674 4244 3827 4301 arenis

523 4330 678 4386 urbis
704 4332 803 4403 qui
843 4349 971 4388 eam
1000 4334 1424 4391 destruxerunt.
1452 4337 1577 4403 Ubi,
1610 4338 1863 4409 inquam,
1896 4355 1976 4408 es,
2007 4339 2138 4394 civi-
2242 4337 2473 4392 urbium
2506 4356 2518 4391 :
2549 4339 2633 4392 vel
2663 4340 2925 4411 exemplo
2949 4340 3111 4395 nobis
3153 4340 3326 4397 debet
3349 4358 3475 4397 esse
3506 4340 3825 4413 pudendum,

519 4427 601 4480 tas
627 4425 838 4481 referta
864 4427 1109 4498 populis,
1140 4429 1473 4485 venerabilis
1499 4429 1750 4502 regibus,
1783 4432 2141 4503 acceptabilis
2241 4431 2326 4484 vel
2361 4430 2480 4485 visu
2527 4431 2807 4498 mirabile,
2853 4438 2917 4487 ut
2954 4448 3331 4501 reservemur,
3374 4439 3478 4491 aut
3513 4432 3713 4502 bestiis,
3747 4432 3827 4484 aut

521 4518 651 4587 Deo,
691 4519 894 4590 gratiae
945 4521 1147 4576 sedes?
1191 4522 1516 4577 Pavimenta
1566 4527 1662 4579 tua
1707 4524 1778 4579 de
1826 4517 2507 4594 marmore,Dfratribus
2537 4524 2870 4594 prmliaturi.

517 4611 763 4682 parietes
802 4613 884 4668 tui
919 4614 1202 4686 fulgentes
1237 4631 1549 4684 marmore,
1578 4617 1830 4673 culmina
1871 4621 1967 4673 tua
2008 4636 2141 4690 pre-

520 4704 662 4760 tioso
710 4705 1087 4777 splendebant
1133 4725 1448 4779 marmore;
1496 4714 1675 4781 portze
1720 4713 1833 4766 tuae
1873 4712 2143 4768 micantes

515 4815 673 4867 auro,
710 4798 836 4855 alia:
875 4803 1116 4872 argento
1151 4802 1481 4859 renitentes.
1522 4804 1733 4860 Omnes
1759 4804 2058 4873 interfecti,
2088 4812 2144 4861 et
2312 4804 2378 4858 Et
2429 4803 2487 4857 id
2541 4820 2723 4875 genus
2760 4804 2869 4860 alia
2918 4804 3096 4861 multa
3148 4807 3446 4862 Eleazarus
3496 4810 3553 4862 in
3602 4804 3824 4862 medium

515 4893 612 4964 qui
642 4894 698 4948 te
732 4893 958 4965 jugiter
994 4894 1408 4965 inhabitabant,
1438 4900 1496 4954 et
1534 4898 1632 4970 qui
1663 4898 1736 4953 ad
1777 4903 1833 4954 te
1871 4915 1936 4954 ex
1966 4899 2143 4955 totius
2244 4896 2561 4968 proferebat
2609 4897 2946 4953 difﬁdentiae
2997 4904 3057 4954 et
3095 4900 3512 4972 desperationis
3553 4900 3725 4973 plena.
3765 4898 3825 4951 Ex

514 4986 668 5041 orbis
706 4990 989 5043 terrarum
1026 4987 1284 5060 partibus
1320 4991 1752 5059 conveniebant,
1784 4995 1847 5047 ut
1884 5009 2001 5048 non
2035 4992 2137 5047 du-
2240 4990 2444 5063 quibus
2471 4991 2752 5059 omnibus,
2777 4994 2834 5046 et
2859 4992 2996 5063 ipsis
3018 5009 3208 5049 rerum
3226 4988 3826 5052 eventibuscumludazi

510 5079 666 5135 bium
698 5079 743 5133 si
775 5086 959 5136 totum
996 5080 1053 5136 in
1094 5086 1149 5138 te
1175 5083 1457 5138 mundum
1495 5084 1745 5154 periisse.
1775 5085 1994 5140 Nudata
2025 5102 2142 5141 om-
2241 5084 2347 5139 sibi
2396 5084 2700 5140 manifeste
2746 5085 2955 5140 iratum
3002 5090 3170 5143 Deum
3215 5090 3613 5158 cognovissent;
3646 5102 3740 5141 non
3772 5085 3826 5139 si—

512 5173 629 5244 nia,
662 5190 696 5228 a
734 5174 1077 5231 culminibus
1120 5181 1393 5245 cremata,
1424 5194 1456 5231 a
1487 5177 1882 5233 fundamentis
1907 5178 2135 5235 diruta:
2239 5184 2329 5233 cut
2377 5181 2544 5234 Deum
2591 5180 3025 5249 gloriﬁcaverunt
3070 5187 3166 5237 aut
3212 5186 3426 5250 gratias
3481 5187 3712 5254 egerunt,
3750 5176 3824 5232 sed

509 5266 658 5322 facta
688 5273 774 5324 est
800 5268 1074 5325 habitatio
1097 5275 1193 5325 tua
1218 5270 1469 5342 deserta;
1500 5286 1604 5327 nec
1632 5274 1718 5325 est
1747 5272 1847 5344 qui
1876 5274 1934 5327 in
1955 5273 2140 5328 taber-
2238 5277 2574 5327 evanuerunt
2626 5274 2680 5326 in
2730 5275 3144 5341 cogitationibus
3199 5279 3346 5342 suis;
3407 5283 3459 5332 et
3520 5278 3820 5332 obscuratum

511 5360 723 5416 naculis
761 5362 871 5417 tuis
911 5360 1209 5435 inhabitet,
1252 5368 1309 5419 et
1343 5364 1532 5421 adhuc
1570 5381 1920 5438 quemquam
1956 5366 2139 5422 vivere
2241 5374 2317 5422 cst
2360 5368 2625 5437 insipiens
2665 5382 2754 5421 cor
2789 5382 2969 5422 eorum
3003 5370 3202 5437 (Rom,
3242 5387 3281 5436 ι,
3328 5374 3449 5441 21);
3491 5376 3546 5424 et
3584 5383 3703 5424 eum
3743 5366 3820 5435 qui

506 5450 667 5521 libet,
707 5461 762 5509 et
803 5472 920 5511 non
963 5456 1166 5512 vixisse
1210 5458 1488 5528 poenitet?
1523 5459 1657 5514 Duri
1695 5459 1860 5526 oculi,
1891 5459 1987 5531 qui
2019 5461 2137 5515 haec
2241 5461 2315 5515 ad
2331 5476 2448 5517 oves
2477 5466 2685 5517 tantum
2706 5463 2895 5517 domus
2915 5463 3085 5518 Israel
3103 5464 3347 5534 perditus
3364 5469 3584 5520 venerat
3612 5459 3816 5531 (Matth.

509 5545 698 5601 videre
740 5556 1006 5619 possunt;
1053 5550 1305 5606 immites
1350 5552 1547 5621 animi,
1583 5553 1678 5624 qui
1718 5553 1857 5609 velle
1904 5560 2139 5625 possunt
2238 5570 2326 5620 xv,
2378 5555 2487 5622 24),
2533 5554 2795 5624 oderunt,
2845 5555 3107 5611 odientes
3162 5557 3581 5624 cruciﬁxerunt,
3625 5561 3674 5611 et
3715 5553 3811 5625 glo-

2861 2524 3081 2578 CAPUT
3120 2525 3252 2579 XXI.

2845 4672 3073 4759 CAPUT_
3113 4674 3262 4727 XXI].

570 5748 667 5807 (98)
692 5748 989 5810 Josepbus,
1019 5752 1292 5803 octodecim
1320 5753 1511 5806 millia.
1540 5755 1715 5810 Bm.

564 5816 662 5882 (99)
695 5816 927 5868 Sortitus
971 5821 1291 5874 restituebat
1318 5824 1600 5879 Barrensis
1637 5828 1912 5893 superius,
1940 5826 2009 5880 ad
2036 5827 2131 5881 lib.
2166 5842 2224 5892 ν,
2249 5842 2370 5894 cap.
2394 5829 2476 5893 53,
2507 5830 2655 5883 circa
2685 5830 2781 5882 ﬁn.
2814 5832 3115 5886 GALLLND.
