4128 6194
249 330 393 382 2325

1247 327 1580 384 lllSTORH‘j
1622 327 1979 384 HIEROSUL.
2021 328 2654 385 ANACEI’IIALA‘JOSIS.

3475 332 3610 385 2326

249 454 400 508 riam
443 455 867 510 resurrectionis
911 471 1182 511 evacuare
1224 455 1410 510 moliti
1457 459 1609 511 sunt.
1658 457 1794 509 Nam
1835 456 1881 510 si
1906 455 2165 540 Asionis
2228 471 2532 510 numerum
2599 454 2983 524 destinatum;
3048 458 3104 511 in
3167 457 3373 528 quibus
3434 456 3608 511 etiam

250 562 366 601 non
425 548 856 619 cognovissent,
916 548 1001 603 rei
1049 549 1189 604 adeo
1234 564 1598 621 nequaquam
1651 549 1883 605 exstitis-
1985 550 2231 604 maxime
2298 550 2548 605 notanda
2616 555 2702 604 est
2764 551 2904 605 aenei
2970 550 3248 622 serpentis
3309 550 3607 621 exaltatio,

246 644 397 696 sent.
427 640 587 696 Unde
625 641 748 713 ipse
779 641 850 697 de
882 642 963 697 eis
998 643 1275 698 Dominus
1314 659 1327 696 :
1355 645 1417 699 Si
1452 659 1559 698 non
1603 646 1877 709 venissem,

246 740 299 790 et
343 736 554 789 locutus
580 737 653 791 eis
690 738 934 803 fuissem,
976 743 1250 808 peccatum
1278 752 1385 791 non
1412 738 1667 792 haberent
1696 756 1711 790 :
1740 753 1883 791 nunc

246 834 431 884 autem
458 833 509 884 et
533 830 806 893 viderunt,
838 835 889 885 et
914 831 1145 885 oderunt
1179 837 1229 885 et
1254 846 1336 885 me
1359 836 1412 885 et
1447 833 1665 886 Patrem
1706 847 1881 886 meum

246 921 455 991 (Ιοιιηυ
498 938 589 989 xv,
629 926 718 989 22,
758 924 869 991 24).
917 925 1322 995 Cognoverunt
1365 924 1645 995 siquidem
1690 928 1764 994 (l)
1814 941 1877 980 ex

244 1017 409 1070 Patre
436 1016 730 1087 quomodo
759 1020 816 1070 et
847 1017 1140 1071 daemones
1172 1016 1428 1071 dicentes
1460 1034 1473 1071 :
1502 1019 1709 1075 Scimus
1733 1019 1880 1088 quod

243 1113 319 1164 sis
361 1111 530 1165 Filius
566 1112 660 1165 Dei
695 1113 912 1181 (Mare.
951 1127 990 1179 ι,
1031 1112 1130 1179 24ς
1164 1114 1318 1174 Luc.,
1351 1127 1423 1176 Iv,
1466 1111 1586 1182 34);
1618 1110 1877 1168 videntes

247 1202 548 1271 mirabilia,
577 1203 870 1259 audientes
909 1202 1287 1272 mirabiliora;
1319 1204 1418 1259 sed
1456 1220 1570 1258 non
1601 1220 1877 1276 cognove-

244 1300 384 1351 runt
416 1297 500 1351 rei
530 1297 826 1352 veritatem
862 1316 876 1353 :
908 1297 1045 1370 quia
1078 1297 1205 1353 duri
1232 1298 1397 1352 corde
1425 1296 1877 1354 detrectaverunt

242 1390 500 1446 credere.
546 1391 609 1445 Si
647 1393 788 1447 enim
829 1392 1101 1448 credentes
1142 1407 1263 1447 vere
1301 1394 1689 1462 cognovissent,
1734 1408 1871 1447 nun-

240 1498 407 1555 quam
440 1488 726 1542 Dominum
764 1486 972 1555 gloria,
1006 1489 1068 1539 ut
1108 1485 1186 1541 ait
1225 1485 1452 1552 Paulus,
1492 1488 1876 1555 cruciﬁmissent

244 1580 284 1647 (Ι
332 1579 477 1643 Con,
520 1596 576 1647 η,
623 1580 699 1650 8).
748 1579 889 1633 Hinc
930 1579 1213 1652 propheta
1262 1596 1274 1633 :
1319 1581 1577 1648 Cognovit
1620 1580 1710 1635 bos
1746 1596 1869 1650 pos-

238 1688 492 1728 sessorem
558 1688 747 1734 suum,
812 1679 864 1727 et
928 1674 1113 1728 asinus
1174 1688 1411 1743 praesepe
1474 1673 1682 1727 domini
1745 1676 1871 1741 sui;

241 1768 418 1822 Israel
453 1774 634 1822 autem
671 1783 751 1822 me
791 1782 901 1822 non
930 1770 1176 1834 cognovit
1210 1770 1358 1837 (Isu..
1396 1783 1433 1833 ι,
1470 1769 1546 1835 3).
1583 1767 1728 1831 Quid
1770 1784 1872 1838 per

239 1862 467 1929 bovem,
490 1860 597 1915 nisi
622 1860 963 1933 praedicator
985 1864 1211 1915 sanctus
1235 1861 1473 1933 quisque
1512 1860 1866 1933 intelligitur,
1892 1838 1945 1908 Β

238 1956 299 2009 in
329 1954 544 2011 semine
574 1955 730 2009 verbi
773 1955 870 2009 Dei
907 1954 1259 2010 illaborans?
1286 1954 1431 2018 Quid
1470 1971 1573 2026 per
1616 1954 1866 2026 asinum,

236 2048 346 2104 nisi
378 2049 577 2103 brutus
616 2048 876 2120 gentium
918 2049 1166 2120 populus
1203 2048 1580 2120 designatur?
1610 2049 1731 2121 qui,
1773 2065 1869 2103 au-

236 2142 399 2197 diens
449 2142 687 2213 pastoris
736 2141 1038 2214 cujuslibet
1081 2141 1566 2213 praedicationem,
1614 2159 1749 2197 mox
1797 2142 1866 2197 ad

236 2250 495 2306 presepe
556 2234 783 2289 Domini
844 2235 1125 2305 cucurrit,
1177 2241 1239 2290 ut
1294 2235 1499 2306 pabulo
1556 2235 1711 2291 verbi
1767 2236 1866 2290 Dei

237 2328 579 2387 adhaereret.

826 2466 1049 2521 CAPUT
1085 2466 1264 2521 XXIII.

312 2612 454 2665 Bene
498 2614 684 2665 autem
725 2614 852 2683 post
892 2610 1269 2683 quadraginta
1315 2615 1371 2665 et
1414 2611 1553 2665 duos
1597 2611 1861 2668 visitatio-

241 2704 329 2759 nis
377 2720 490 2759 suae
531 2720 705 2759 annos
754 2705 923 2760 Israel
965 2721 995 2759 a
1041 2707 1194 2759 terra
1242 2704 1637 2775 promissionis
1680 2710 1861 2761 exter-

237 2799 520 2867 minatur,
575 2799 709 2870 quia
772 2803 896 2871 post
949 2797 1333 2870 quadraginta
1400 2799 1737 2870 egressionis
1790 2801 1859 2855 ab

233 2893 472 2964 .Egypto
528 2908 742 2957 annos,
794 2891 852 2945 in
909 2908 1032 2946 eam
1094 2892 1447 2947 introductus
1498 2892 1857 2963 perhibetur;

232 2985 289 3039 in
317 2985 523 3057 quibus
563 2985 703 3040 duas
738 2984 1003 3057 Decalogi
1037 2985 1294 3059 lapideas
1330 2986 1580 3041 secundo
1617 2986 1863 3058 suscepit

230 3078 469 3146 tabulas,
499 3095 604 3151 per
628 3095 770 3151 quas
800 3079 1186 3151 perfiguratur
1220 3079 1537 3151 biennium,
1572 3081 1643 3136 ad
1669 3080 1860 3136 adver-

292 3249 358 3309 (I)
387 3247 706 3311 Legendum
734 3247 921 3299 forsan
946 3262 1010 3298 ea:
1030 3252 1206 3311 parte.
1238 3249 1417 3300 ΒΑΜ.

1982 642 2143 715 cujus
2187 646 2447 715 respectu
2490 643 2730 716 quisque
2772 643 3150 699 moribundus
3190 644 3313 699 vitae
3354 644 3608 700 restitue-

1979 736 2167 792 batur.
2214 737 2372 792 Sicut
2421 737 2573 792 enim
2619 737 2713 791 illo
2757 737 3033 809 temporis
3076 737 3255 809 spatio
3299 740 3355 794 et
3392 754 3608 794 manna

1980 830 2125 902 pasti
2150 833 2304 899 sunt,
2331 836 2388 886 et
2422 847 2523 903 per
2559 831 2929 886 mediatorem
2957 831 3146 886 Mosen
3184 831 3369 902 legem
3400 832 3607 886 tabulis

1982 923 2326 995 descriptam
2366 923 2601 995 lapideis
2636 928 2998 995 acceperunt,
3041 927 3098 978 et
3135 923 3231 995 qui
3272 924 3328 978 in
3371 924 3605 979 articulo

1980 1018 2180 1073 mortis
2249 1023 2579 1089 serpentem
2648 1034 2760 1072 non
2829 1022 3201 1088 respexerunt
3263 1016 3604 1088 exaltatum,

1980 1112 2305 1183 perierunt;
2338 1112 2415 1166 sic
2458 1112 2607 1166 intra
2650 1112 2758 1166 hoc
2800 1112 3109 1166 eversionis
3142 1114 3367 1182 tempus
3406 1127 3607 1167 verum

1979 1221 2191 1260 manna
2237 1206 2410 1275 (unde
2451 1205 2663 1260 dictum
2709 1204 2896 1259 fuerat
2936 1206 3140 1276 (Joan.,
3186 1222 3259 1271 γι,
3306 1202 3398 1279 51)
3443 1221 3457 1259 :
3495 1207 3607 1277 Ego

1975 1314 2091 1354 sum
2114 1301 2276 1369 panis
2303 1302 2484 1362 vivus,
2511 1301 2610 1369 qui
2633 1299 2699 1354 de
2716 1300 2863 1362 cato,
2889 1301 3018 1369 etc.)
3050 1297 3279 1353 haurire
3307 1297 3609 1355 salubriter

1976 1398 2305 1459 renuentes,
2334 1406 2645 1463 verumque
2681 1390 3061 1448 mediatorem
3096 1391 3380 1447 Christum
3410 1393 3601 1445 Jcsum

1975 1485 2044 1540 de
2092 1502 2204 1557 quo
2246 1485 2663 1556 prmcinebatur
2706 1502 2719 1540 :
2767 1485 3091 1557 Prophetam
3131 1486 3278 1540 vobis
3323 1486 3605 1539 suscitabit

1975 1582 2227 1635 Dominus
2268 1583 2405 1635 Deus
2442 1585 2617 1635 vester
2655 1579 2721 1635 de
2760 1580 3031 1646 fratribus
3070 1580 3300 1644 vestris;
3344 1583 3604 1647 tanquam

1972 1688 2053 1728 me
2080 1675 2257 1743 ipsum
2285 1673 2543 1737 audietis,
2574 1689 2729 1743 quem
2757 1676 2806 1728 si
2832 1676 2956 1743 quis
2988 1688 3096 1727 non
3132 1671 3387 1736 audierit,
3424 1676 3600 1728 eceter-

1971 1768 2274 1822 minabitur
2332 1768 2399 1822 de
2452 1768 2656 1838 populo
2709 1782 2807 1821 suo
2865 1767 3070 1837 (Deut.,
3122 1748 3273 1833 xvm,
3336 1770 3420 1832 15,
3482 1768 3598 1833 19);

1970 1861 2205 1932 ejusque
2232 1861 2433 1933 legalia
2462 1862 2518 1916 in
2544 1876 2602 1916 se
2631 1861 2753 1932 ipso
2780 1877 2914 1915 vera
2942 1865 3101 1931 petra
3126 1859 3408 1931 descripta
3438 1860 3599 1930 sequi

1970 1955 2404 2022 dissimulantes,
2458 1956 2762 2010 exaltatum
2815 1956 2874 2009 in
2924 1970 3111 2021 cruce,
3167 1957 3223 2007 et
3279 1970 3311 2007 a
3362 1953 3602 2009 mortuis

1968 2049 2301 2117 surrexisse,
2341 2048 2446 2103 sub
2485 2048 2725 2103 articulo
2764 2046 3099 2103 miserrimae
3138 2046 3447 2102 eversionis
3487 2061 3601 2101 cre-

1969 2142 2105 2197 dere
2144 2145 2500 2213 respuentes,
2533 2158 2566 2196 a
2603 2147 2754 2196 terra
2784 2140 3179 2212 promissionis
3210 2138 3597 2202 exterminati,

1967 2237 2294 2307 perierunt;
2343 2241 2402 2290 ut
2448 2236 2684 2307 populus
2732 2234 2825 2288 illo
2870 2235 2965 2305 qui
3007 2234 3222 2290 sedebat
3269 2235 3327 2287 in
3374 2232 3600 2287 tenebris

1966 2337 2018 2385 et
2058 2331 2345 2385 habitabat
2392 2332 2448 2382 in
2488 2332 2700 2399 regione
2735 2329 2940 2383 umbra
2982 2329 3171 2382 mortis
3211 2328 3362 2391 (Isa.,
3406 2341 3478 2391 1x,
3522 2328 3595 2390 '2),

1965 2425 2148 2479 lucem
2188 2429 2466 2477 aeternam
2498 2422 2691 2477 videns
2724 2419 3174 2487 resurrectionis,
3214 2418 3270 2472 in
3308 2435 3433 2473 eam
3464 2434 3594 2472 cum

1962 2516 2322 2589 plenitudine
2385 2533 2484 2571 sua
2539 2515 2821 2581 introeat;
2876 2516 2934 2568 et
2984 2513 3062 2567 sic
3124 2513 3371 2582 reliquie
3431 2513 3598 2566 Israel

1958 2612 2123 2666 salvae
2156 2613 2292 2679 ﬁant
2331 2613 2525 2679 (Rom,
2566 2624 2641 2675 χι,
2682 2608 2756 2678 5),
2798 2610 3079 2679 quatenus
3120 2622 3189 2661 ex
3232 2605 3457 2660 duobus
3499 2620 3595 2677 pa-

1961 2704 2214 2772 rietibus,
2260 2721 2372 2759 una
2418 2705 2748 2758 conseratur
2791 2703 2852 2756 in
2894 2699 3304 2756 resurrectione
3350 2697 3593 2753 Ecclesia

1960 2816 2134 2870 super
2174 2798 2333 2853 illum
2369 2798 2625 2870 lapidem
2662 2796 2992 2868 angularem
3033 2797 3130 2864 qui
3164 2796 3333 2861 faciet
3362 2797 3593 2861 utraque

1959 2910 2127 2948 unum
2155 2894 2396 2964 (Ephes.,
2436 2909 2493 2957 u,
2527 2890 2634 2959 14),
2664 2890 2972 2945 Dominum
3012 2893 3266 2942 nostrum
3302 2884 3589 2941 Christum

1959 2988 2169 3053 Iesum,
2213 2986 2309 3057 qui
2354 2985 2485 3039 vivit
2528 2988 2587 3040 et
2628 2986 2835 3054 regnat
2888 2981 2944 3035 iu
2985 2981 3185 3034 saecula
3231 2979 3584 3033 saeculorum.

1958 3084 2158 3138 Amen.
