4128 6194
571 265 718 344 2335

569 409 763 460 Theod.
794 427 950 463 unum
989 425 1110 462 ann.
1144 417 1252 460 500.

571 473 785 523 Tornac.
816 489 979 524 unum
1005 474 1395 584 propemodum
1426 477 1656 538 ejusdem
1685 479 1864 527 atatis.

576 537 736 584 Long.
781 550 960 584 unum.
1049 538 1187 584 allic.
1231 549 1410 584 unum.
1449 539 1624 584 Jovac.
1667 553 1846 584 unum.

576 537 736 608 Long.
781 550 960 648 ιέιόἱιω,
1005 537 1187 587 Vallic.
1231 549 1410 599 unum,
1449 537 1624 602 Joyac.
1667 553 1846 602 unum,
1887 541 2041 590 etiam
2088 554 2206 588 ann.

637 612 764 648 circ.
893 637 901 647 .

637 612 764 649 Cll‘C.
795 612 901 648 500.

1111 671 1190 720 DE
1228 671 1390 721 FUGA
1425 671 1683 722 SzECULI.

1041 743 1326 806 Castigatus
1383 748 1460 792 est
1510 744 1573 793 ad
1625 759 1744 794 mss.

581 833 747 898 Vatic.
775 845 866 880 seu
895 832 1153 898 variantes
1180 832 1450 891 lectiones,
1480 833 1543 882 de
1578 834 1762 898 quibus
1788 849 1958 898 supra.

577 894 775 944 Thuan.
802 908 942 942 nunc
971 895 1117 943 Colb.
1148 907 1307 943 unum
1341 908 1459 943 ann.
1495 894 1599 943 80οζ

582 957 725 1005 Colb.
759 956 916 1004 alium
947 970 1066 1005 ann.
1093 956 1253 1004 ferme
1284 961 1388 1004 700.

581 1019 727 1066 Colb.
753 1019 964 1067 tertium
992 1022 1043 1067 et
1067 1023 1326 1080 quartum,
1350 1032 1472 1066 ann.
1505 1020 1631 1068 circ.
1659 1024 1764 1068 500.

585 1080 713 1142 Vict.
747 1093 909 1129 unum
933 1094 1053 1129 ann.
1082 1080 1304 1142 amplius
1333 1084 1439 1128 600.

584 1141 746 1202 Bigot.
777 1156 936 1190 unum
971 1155 1091 1191 ann.
1117 1141 1256 1190 haud
1287 1142 1455 1191 minus
1485 1146 1589 1190 600.

583 1203 787 1252 Pratell.
821 1218 980 1252 unum
1006 1216 1126 1252 ann.
1159 1203 1315 1252 etiam
1347 1204 1473 1254 circ.
1501 1209 1608 1252 600.

584 1266 947 1314 Fiscanensem
971 1278 1131 1314 unum
1155 1279 1274 1314 ann.
1307 1270 1414 1314 500.

585 1327 834 1389 Ebrulph.
870 1341 1027 1377 unum
1052 1328 1216 1377 atatis
1245 1341 1351 1376 non
1380 1328 1654 1379 inferioris.

586 1389 759 1452 Albin.
786 1403 945 1439 unum
976 1390 1186 1452 optima
1210 1394 1364 1440 nota.

590 1451 785 1501 Remia.
820 1465 979 1499 unum
1005 1451 1123 1500 ann.
1154 1451 1277 1501 circ.
1309 1455 1414 1500 400.

580 1514 779 1562 Theod.
808 1527 968 1562 unum
993 1527 1114 1562 ann.
1151 1519 1256 1562 500.

585 1575 753 1638 Torn,
771 1589 933 1638 unum
961 1575 1172 1638 aqualis
1199 1577 1376 1626 atatis.

587 1636 903 1698 Alnetinum,
927 1636 1146 1698 hoc—est,
1165 1653 1192 1687 e
1215 1639 1528 1689 monasterio
1552 1642 1605 1688 Β.
1630 1640 1692 1686 51.
1715 1639 1777 1688 de
1801 1639 1984 1688 Alneto
2005 1640 2212 1689 Cisterc.

649 1699 762 1748 0rd.
795 1713 976 1760 unum,
1002 1713 1120 1751 ann.
1153 1701 1277 1749 circ.
1307 1706 1413 1749 500.

588 1761 771 1810 ’νειιιὶα
801 1776 961 1810 unum
993 1762 1230 1825 ejusdem
1258 1762 1500 1813 similiter
1527 1764 1706 1813 atatis.

994 1859 1074 1909 DE
1113 1860 1347 1910 JOSEPH
1385 1861 1814 1910 PATRIARCIIA.

1087 1931 1314 1982 Collatus
1345 1936 1419 1980 est
1456 1946 1572 1981 cum
1604 1945 1722 1980 mss.

592 2019 754 2083 Vatic.
783 2033 874 2067 seu
904 2033 1010 2083 var.
1043 2020 1164 2068 lect.
1199 2019 1261 2068 de
1298 2021 1482 2082 quibus
1511 2033 1682 2083 supra.

589 2082 743 2130 Corb.
776 2095 914 2129 nunc
941 2082 1113 2130 Germ.
1139 2095 1244 2131 uno
1269 2096 1390 2131 ann.
1420 2086 1525 2131 800.

593 2144 767 2191 Germ.
797 2143 898 2191 alio
929 2157 1046 2192 ann.
1081 2146 1185 2190 400.

591 2204 815 2252 Colbert.
850 2217 953 2254 uno
982 2219 1101 2253 ann.
1131 2205 1254 2254 circ.
1285 2208 1390 2252 500.

591 2266 904 2325 Fulientino,
952 2281 1042 2316 seu
1090 2280 1117 2313 e
1166 2267 1478 2316 monasterio
1525 2268 1571 2314 S.
1621 2267 1864 2314 Bernardi
1915 2265 2068 2314 Paris.
2118 2279 2222 2315 uno

655 2327 804 2377 etiam
833 2342 952 2377 ann.
987 2342 1092 2377 non
1117 2330 1291 2378 minus
1316 2333 1426 2377 500.

591 2388 843 2453 Ebrulph.
871 2403 994 2448 uno,
1021 2390 1257 2440 Michael.
1287 2405 1410 2452 uno,
1438 2389 1605 2440 Albin.
1635 2405 1758 2453 uno,
1786 2389 2018 2453 ejusdem
2044 2390 2221 2440 atatis.

591 2451 803 2508 Benign.
832 2467 938 2501 uno
964 2466 1084 2500 ann.
1113 2458 1220 2501 800.

592 2514 938 2623 Laggounensi,
958 2515 1065 2563 sive
1086 2515 1304 2578 insignis
1327 2515 1561 2565 ecclesia
1587 2516 1954 2576 Laudunensis,
1975 2529 2077 2564 uno
2103 2529 2222 2565 ann.

592 2637 786 2687 Theod.
820 2652 945 2700 uno,
973 2639 1128 2688 Torn.
1156 2652 1280 2699 uno,
1314 2640 1497 2687 Vallic.
1527 2652 1649 2698 uno,
1681 2654 1800 2688 ann.
1833 2641 1960 2688 circ.
1991 2644 2096 2688 500.

828 2745 910 2795 DE
947 2745 1404 2795 BENEDICTIONE
1443 2745 1987 2796 PATRIARCHARUM.

1092 2817 1378 2879 Castigatus
1409 2821 1487 2866 est
1517 2816 1581 2865 ad
1611 2831 1731 2865 mss.

600 2905 764 2968 Vatic.
793 2919 884 2954 seu
913 2906 1169 2955 variantes
1197 2906 1447 2955 lectiones
1471 2905 1533 2953 de
1562 2906 1750 2967 quibus
1775 2919 1945 2968 supra.

599 2967 750 3016 Corb.
781 2981 921 3017 nunc
945 2970 1116 3017 Germ.
1150 2981 1309 3017 unum
1339 2981 1457 3016 ann.
1487 2971 1594 3016 800.

597 3030 772 3078 Germ.
805 3031 961 3079 alium
996 3043 1116 3080 ann.
1147 3031 1256 3079 400.

601 3091 818 3152 Regium
864 3106 1042 3154 unum,
1085 3093 1212 3141 Full.
1259 3105 1451 3154 unum.
1482 3091 1729 3152 Ebrulpb.
1772 3104 1952 3154 unum,
1991 3091 2226 3141 Michael.

659 3167 840 3214 unum,
865 3153 1035 3203 Albin.
1068 3168 1246 3212 unum,
1279 3153 1474 3202 Theod.
1509 3167 1686 3214 unum,
1719 3167 1836 3202 ann.
1872 3153 1998 3203 circ.
2027 3158 2131 3202 500.

598 3215 814 3264 Tornac.
846 3231 1006 3264 unum
1038 3229 1158 3264 ann.
1187 3219 1293 3263 500.

599 3276 754 3324 Laud.
785 3291 943 3326 unum
975 3291 1094 3326 ann.
1123 3281 1231 3325 700.

601 3338 815 3401 Benign.
849 3353 1009 3388 unum
1038 3353 1158 3388 ann.
1192 3342 1298 3386 800.

1018 3437 1106 3485 DE
1151 3436 1321 3485 ELIA
1373 3435 1457 3484 ET
1497 3437 1816 3486 JEJUNIO.

1125 3507 1351 3557 Collatus
1379 3511 1457 3557 est
1484 3507 1548 3556 ad
1578 3521 1700 3557 mss.

603 3595 764 3660 Vatic.
796 3609 887 3644 seu
916 3596 1172 3660 variantes
1204 3596 1474 3655 lectiones,
1503 3596 1567 3645 de
1598 3597 1783 3660 quibus
1809 3611 1979 3660 supra.

601 3658 795 3706 Thuan.
820 3672 959 3707 nunc
993 3657 1136 3706 Colb.
1171 3672 1274 3708 uno
1303 3673 1422 3708 ann.
1454 3661 1593 3708 1000.

600 3721 746 3769 Colb.
775 3720 875 3769 alio
899 3733 1020 3770 ann.
1054 3720 1178 3770 circ.
1209 3725 1317 3770 500.
1581 3739 1586 3744 ’

600 3785 773 3830 Germ.
802 3796 905 3832 uno
934 3796 1054 3831 ann.
1083 3787 1189 3831 500.

601 3844 794 3908 Victor.
827 3858 932 3894 uno
961 3845 1195 3908 ejusdem
1223 3846 1403 3894 atatis.

601 3906 843 3969 Michael,
871 3920 973 3956 uno
991 3906 1118 3957 ann.
1148 3907 1274 3956 circ.
1305 3911 1413 3955 600.

605 3969 832 4018 Laudun.
865 3983 967 4018 uno
1002 3983 1122 4018 ann.
1149 3969 1311 4017 ferme
1342 3974 1447 4018 700.

599 4031 816 4082 Tornac.
848 4045 951 4081 uno
981 4045 1103 4081 ann.
1135 4035 1243 4080 500.

607 4093 840 4143 Valliluc.
878 4107 970 4143 seu
999 4107 1026 4142 e
1061 4093 1374 4143 monasterio
1411 4095 1565 4144 Vallis
1605 4096 1843 4146 Lucentis
1871 4096 2084 4146 Cisterc.
2117 4096 2228 4145 0rd.

666 4168 768 4204 uno
799 4155 1030 4218 ejusdem
1060 4155 1238 4206 atatis.

987 4264 1066 4314 DE
1112 4263 1402 4314 NABUTHE
1445 4264 1848 4314 JESRAELITA.

1094 4335 1398 4385 Recensitus
1429 4339 1505 4385 est
1533 4335 1597 4384 ad
1626 4350 1746 4385 mss.

603 4423 762 4487 Vatic.
797 4437 887 4475 seu
916 4425 1172 4474 variantes
1205 4425 1477 4485 lectiones,
1507 4425 1569 4473 de
1600 4424 1788 4487 quibus
1812 4437 1981 4486 supra.

601 4485 796 4536 Thuan.
831 4500 1012 4549 unum,
1046 4501 1185 4536 nunc
1215 4487 1440 4549 Colbert.
1472 4501 1593 4536 ann.
1617 4485 1764 4536 1000.

600 4548 795 4598 Thuan.
823 4548 1062 4611 alterum,
1088 4563 1228 4599 nunc
1260 4548 1414 4598 etiam
1438 4550 1605 4609 Colb.,
1631 4549 1722 4599 sed
1748 4548 2108 4599 recentiorem.

599 4611 824 4674 Colbert.
847 4611 1058 4661 tertium
1084 4625 1208 4661 ann.
1237 4611 1457 4674 amplius
1483 4617 1589 4661 500.

603 4672 746 4737 Colb.
779 4677 1018 4736 quartum
1048 4674 1282 4737 ejusdem
1306 4672 1487 4723 atatis.

601 4734 821 4784 Clarom'.
853 4749 1014 4784 unum
1043 4734 1166 4785 ann.
1197 4740 1306 4784 800.

603 4799 785 4860 Mazar.
817 4811 998 4858 unum,
1023 4811 1163 4847 nunc
1191 4799 1312 4860 Reg.
1341 4811 1460 4846 ann.
1493 4802 1601 4845 300.

604 4859 811 4923 Dionys.
845 4873 1006 4910 unum
1040 4875 1162 4910 ann.
1191 4865 1300 4910 500.

606 4922 808 4972 Pratell.
839 4935 998 4972 unum
1035 4936 1156 4972 ann.
1187 4923 1458 4972 plusquam
1490 4925 1595 4970 600.

602 4984 798 5034 Gemet.
825 4999 983 5034 unum
1006 4985 1172 5035 atatis
1188 4983 1338 5034 haud
1367 4984 1528 5032 multo
1553 4983 1824 5032 inferioris.

605 5047 893 5109 Laudinum
922 5061 1101 5109 unum,
1131 5048 1222 5096 sed
1247 5047 1611 5096 recentiorem.

603 5108 839 5158 Michael.
873 5123 1033 5160 unum
1063 5108 1181 5159 ann.
1217 5109 1428 5158 circiter
1456 5113 1564 5156 600.

603 5171 770 5221 Albin.
803 5171 934 5220 duos
963 5172 1196 5234 ejusdem
1225 5177 1311 5221 aut
1333 5170 1569 5234 supparis
1595 5169 1776 5220 atatis.

606 5231 1041 5284 Vindocinensem
1068 5248 1247 5294 unum,
1267 5234 1366 5284 hoc
1395 5231 1517 5283 este
1542 5231 1852 5282 monasterio
1874 5232 1957 5281 SS.
1980 5232 2234 5283 Trinitatis

665 5297 882 5346 Vindoc.
915 5311 1036 5346 ann.
1063 5297 1188 5346 circ.
1217 5300 1325 5345 700.

601 5361 838 5409 Remens.
866 5373 1027 5409 unum
1055 5359 1119 5408 ab
1149 5358 1426 5408 Hincmaro
1459 5359 1653 5420 datum,
1680 5356 2001 5421 proindeque
2032 5370 2149 5406 ann.
2179 5362 2234 5407 ut

663 5421 935 5472 minimum
965 5426 1071 5471 800.

599 5483 796 5547 Remig.
822 5498 981 5533 unum
1008 5486 1086 5532 sat
1112 5483 1264 5547 bona
1286 5487 1438 5533 nota.

604 5546 828 5595 Laudun.
858 5560 1021 5594 unum
1052 5559 1174 5595 ann.
1206 5546 1329 5594 circ.
1360 5550 1467 5593 700.

599 5605 793 5671 Theod.
823 5621 980 5656 unum
1005 5622 1125 5656 ann.
1157 5609 1377 5671 amplius
1407 5613 1512 5657 500.

602 5666 779 5727 ῌθηὶε.
807 5682 965 5715 unum
995 5684 1115 5718 ann.
1147 5666 1254 5717 80οξ

601 5725 818 5774 Tornac.
849 5742 1004 5776 unum
1030 5745 1150 5779 ann.
1180 5736 1286 5780 500.

602 5787 1062 5848 Pontiniaceusem,
1097 5806 1185 5839 seu
1218 5806 1243 5840 e
1275 5795 1586 5843 monasterio
1632 5794 1828 5844 Pontin.
1868 5793 1962 5843 0rd
2014 5793 2228 5843 Cisterc.

667 5862 844 5908 unum,
876 5862 992 5898 ann.
1025 5852 1228 5902 circiter
1255 5859 1357 5902 500.

1801 295 2154 352 ELENCHUS
2192 293 2334 349 MSS.
2378 294 2460 349 ET
2496 293 2714 350 EDITT.

3757 303 3868 354 2336

2307 416 2764 483 Carol_i_doce_n_sem
2816 430 2905 465 seu
2955 431 2981 465 e
3032 415 3342 483 monasterio
3388 418 3874 483 Carolilocirejusdem

2372 478 2568 527 ordinis
2595 479 2807 530 Cisterc.
2836 492 3015 539 unum,
3039 480 3206 528 atatis
3233 479 3385 528 etiam
3408 493 3509 529 non
3533 478 3780 531 interioiis.

2712 563 2894 611 LIBER
2927 563 3007 611 DE
3043 563 3249 621 ΤΟΒΙΛ,
3281 563 3526 613 NECNON

2372 625 2532 673 LIBRI
2569 625 2647 673 DE
2686 625 3372 675 INTERPELLATIONIBUS
3400 627 3506 676 JOB
3538 627 3610 675 ET
3644 629 3828 678 DAVID.

2805 688 2986 736 Collati
3016 692 3135 736 sunt
3167 700 3286 736 cum
3318 701 3436 736 mss.

2310 772 2472 822 Vatic.
2505 785 2593 819 seu
2622 771 2838 821 variant.
2869 772 2988 821 lect.
3017 775 3073 820 ut
3100 785 3271 834 supra.

2306 835 2502 884 Thuan.
2534 847 2673 883 nunc
2701 835 2930 883 Colbert.
2967 847 3090 891 uno.
3113 847 3235 883 ann.
3266 838 3406 882 1000.

2309 897 2532 962 Colbert.
2565 895 2684 956 alio,
2712 895 2905 945 Victor.
2933 909 3056 957 uno,
3084 897 3232 946 Dion.
3269 909 3391 957 uno,
3415 897 3622 948 Tornac.
3649 913 3760 962 uno,
3783 917 3878 952 ann.

2374 958 2499 1006 circ.
2537 962 2642 1005 500.

2313 1019 2541 1069 Laudun.
2569 1033 2672 1068 uno
2702 1033 2820 1069 ann.
2853 1025 2961 1069 700.

2373 1083 2469 1130 Hos
2487 1086 2664 1152 autem.
2679 1085 2935 1152 tractatus
2954 1083 3015 1131 ab
3041 1084 3258 1152 invicem
3276 1089 3541 1152 propterea
3561 1100 3649 1135 non
3668 1088 3883 1152 dv'sjunxi‘.

2313 1157 2442 1205 mus,
2468 1145 2590 1208 quia
2623 1143 2804 1192 iisdem
2835 1146 2884 1192 in
2916 1143 3634 1210 manuscriptis'coiztz‘nentur.

2718 1229 3032 1280 APOLOGIA
3083 1230 3280 1280 DAVID
3328 1234 3531 1283 PRIOR.

2824 1292 3018 1341 Collata
3050 1297 3135 1342 est
3157 1308 3276 1343 cum
3307 1308 3428 1344 mss.

2317 1376 2477 1444 Vatic.
2505 1390 2596 1424 seu
2623 1377 2835 1426 variant.
2861 1377 3199 1444 lectionibus,
3227 1385 3279 1428 ut
3301 1393 3473 1444 supra.

2312 1438 2506 1487 Thuan.
2534 1451 2659 1496 uno,
2688 1451 2828 1487 nunc
2852 1439 3080 1488 Colbert.
3108 1455 3226 1489 ann.
3263 1438 3398 1490 1000.

2313 1500 2536 1549 Colbert.
2568 1501 2682 1548 aliis
2705 1501 2909 1549 duobus
2935 1515 3056 1550 ann.
3083 1503 3208 1552 circ.
3242 1508 3349 1552 500.

2316 1564 2440 1623 Reg.
2473 1575 2576 1612 uno
2600 1575 2720 1611 ann.
2755 1562 2881 1612 circ.
2910 1567 3016 1611 500.

2314 1625 2497 1673 Mazar.
2525 1638 2664 1674 nunc
2688 1626 2811 1686 Reg.
2846 1638 2948 1674 uno
2977 1639 3100 1674 ann.
3133 1630 3238 1674 300.

2313 1687 2468 1734 Corb.
2499 1699 2638 1736 nunc
2663 1688 2833 1736 Germ.
2864 1700 2968 1736 uno
2999 1702 3119 1738 ann.
3149 1693 3258 1736 800.

2316 1747 2510 1797 Victor.
2538 1763 2640 1798 uno
2671 1763 2789 1798 ann.
2823 1749 2948 1799 circ.
2976 1755 3084 1799 500.

2317 1811 2790 1876 Dionysqejusdem
2829 1815 2917 1860 aut
2944 1812 3179 1876 supparis
3206 1813 3382 1862 atatis.

2318 1871 2674 1937 Audoeniano,
2698 1887 2789 1922 seu
2819 1887 2846 1922 e
2875 1871 3189 1925 monasterio
3226 1875 3274 1924 S.
3305 1875 3539 1926 Audoeni
3569 1875 3888 1937 Rothomagen-

2382 1934 2451 1982 sis
2479 1947 2606 1994 uno,
2635 1949 2755 1985 ann.
2783 1939 2891 1984 600.

2323 1996 2488 2045 Albin.
2518 1996 2720 2047 duobus
2742 1998 2973 2046 melioris
2999 2002 3151 2049 nota.

2319 2061 2552 2124 Canem.
2586 2073 2688 2108 uno
2717 2060 2869 2109 bona
2897 2061 3228 2124 antiquitatis.

2322 2119 2549 2170 Laudun.
2583 2135 2686 2170 uno
2711 2135 2833 2171 ann.
2860 2123 2986 2172 circ.
3013 2119 3120 2172 700.

2322 2183 2519 2233 Remia.
2548 2197 2653 2233 uno
2681 2198 2802 2233 ann.
2832 2188 2940 2232 400.

2320 2245 2516 2294 Theod.
2546 2259 2652 2296 uno
2677 2260 2798 2296 ann.
2826 2246 2949 2296 circ.
2982 2252 3090 2296 500.

2323 2308 2539 2370 Renign.
2573 2322 2677 2358 uno
2705 2323 2824 2358 ann.
2857 2313 2965 2357 800.

2322 2369 2537 2419 Tornac.
2570 2384 2674 2420 uno
2698 2386 2819 2420 ann.
2854 2371 2977 2420 circ.
3011 2377 3118 2420 500.

2713 2457 3082 2505 APOLOGIA
3133 2457 3566 2506 POSTERIOR.

2839 2519 3092 2582 Castigata
3121 2523 3198 2568 est
3221 2519 3285 2568 ad
3315 2533 3440 2569 mss.

2328 2596 2487 2646 Vatic.
2517 2612 2611 2648 seu
2636 2597 2891 2647 variantes
2918 2598 3170 2661 lectiones
3196 2597 3260 2647 de
3293 2599 3481 2661 quibus
3504 2611 3669 2660 supra.

2325 2661 2538 2722 Regium
2574 2673 2733 2709 unum
2764 2673 2900 2708 anno
2932 2660 3138 2709 circiter
3163 2664 3271 2708 500.

2326 2723 2514 2770 Mazar.
2546 2735 2706 2770 unum
2731 2736 2850 2770 ann.
2880 2727 2986 2770 300.

2325 2783 2552 2847 Colbert.
2574 2783 2723 2844 duos,
2743 2784 2936 2834 Victor.
2968 2797 3146 2847 unum,
3171 2783 3317 2833 Dion.
3345 2797 3528 2845 unum,
3552 2797 3669 2833 ann.
3689 2782 3798 2832 circ.
3819 2784 3896 2829 500.

2329 2845 2482 2893 Laud.
2515 2859 2675 2894 unum
2705 2859 2824 2894 ann.
2857 2847 2985 2895 circ.
3014 2849 3124 2894 700.

2325 2906 2520 2955 Theod.
2550 2921 2709 2956 unum
2734 2922 2854 2957 ann.
2888 2909 3014 2957 circ.
3041 2913 3148 2956 500.

2627 2992 3106 3041 ENARRATIONES
3137 2993 3199 3040 ΙΝ
3235 2992 3518 3041 PSALMOS
3552 2993 3649 3040 XII.

2810 3055 3018 3104 Collata
3047 3059 3163 3104 sunt
3192 3067 3310 3102 cum
3344 3067 3468 3104 mss.

2333 3135 2497 3198 Vatic.
2525 3135 2588 3182 de
2619 3134 2805 3197 quibus
2834 3148 3004 3198 supra.

2330 3197 2488 3258 Regio
2523 3210 2626 3245 uno
2655 3211 2775 3246 ann.
2803 3197 2910 3244 60οζ

2327 3259 2522 3308 Thuan.
2551 3271 2676 3320 uno,
2705 3272 2844 3308 nunc
2872 3258 3015 3307 Colb.
3045 3273 3167 3308 ann.
3196 3265 3299 3308 500.

2328 3321 2553 3369 Colbert.
2581 3319 2702 3381 alio,
2730 3321 2910 3370 Victor
2934 3334 3058 3382 uno,
3086 3321 3317 3383 ejusdem
3346 3324 3531 3373 atatis.

2330 3383 2532 3446 Remig.
2559 3396 2662 3432 uno
2691 3397 2813 3432 ann.
2844 3386 2950 3430 400.

2332 3444 2516 3494 Vallic'.
2549 3458 2672 3503 uno,
2701 3451 2752 3494 et
2775 3447 2934 3508 Long.
2964 3457 3065 3494 uno
3094 3459 3214 3496 ann.
3248 3450 3354 3495 500.

2636 3538 2993 3589 ENARRATIO
3027 3540 3088 3588 IN
3125 3539 3424 3590 PSALMUM
3460 3540 3644 3590 CXVII.

2827 3600 3098 3650 Recensita
3132 3606 3208 3650 est
3240 3601 3302 3651 ad
3340 3616 3461 3651 mss.

2333 3691 2493 3757 Vatic.
2525 3705 2616 3741 seu
2644 3692 2900 3742 variantes
2921 3692 3192 3757 lectiones,
3219 3695 3274 3742 ut
3301 3707 3476 3757 supra.

2333 3755 2546 3816 Regium
2574 3767 2734 3804 unum
2763 3768 2883 3804 ann.
2913 3755 3030 3816 plus
3053 3755 3230 3804 minus
3259 3760 3366 3804 500.

2331 3815 2649 3880 Sorbonicos
2675 3817 2806 3880 duos
2834 3815 2960 3880 circ.
2989 3817 3223 3880 ejusdem
3249 3818 3430 3868 atatis.

2332 3879 2634 3929 Navarricos
2658 3879 2789 3928 duos
2809 3879 2972 3929 atatis
2996 3878 3152 3929 etiam
3183 3893 3288 3929 non
3319 3881 3540 3929 multum
3571 3878 3782 3926 diversa.

2331 3943 2572 3990 German.
2598 3955 2758 3991 unum
2784 3955 2904 3991 ann.
2931 3941 3138 3991 circiter
3166 3946 3269 3990 400.

2331 4003 2560 4053 Colbert.
2589 4017 2750 4054 unum
2779 4003 2935 4053 etiam
2965 4018 3085 4053 ann.
3117 4004 3350 4054 totidem.

2334 4065 2566 4115 Audoen.
2593 4080 2754 4115 unum
2779 4079 2900 4115 ann.
2931 4065 3052 4115 circ.
3089 4070 3194 4114 500.

2332 4129 2528 4178 Gemet.
2559 4142 2719 4178 unum
2749 4142 2868 4178 ann.
2896 4129 3022 4178 circ.
3052 4131 3159 4176 too.

2333 4189 2530 4240 Fiscan.
2559 4204 2719 4240 unum
2748 4204 2870 4240 ann.
2899 4191 3023 4241 circ.
3056 4195 3163 4238 600.

2333 4251 2585 4316 Ebrulph.
2615 4265 2776 4302 unum
2802 4252 3031 4316 ejusdem
3059 4252 3416 4316 autisupparis
3444 4249 3620 4300 atatis.

2334 4315 2553 4364 Vindo’c.
2581 4328 2743 4364 unum
2766 4315 2888 4364 ann.
2914 4315 3020 4364 fere
3050 4315 3284 4364 totidem.

2335 4378 2551 4427 Remen.
2581 4391 2743 4426 unum
2776 4381 2912 4426 nota
2935 4390 3042 4426 non
3071 4378 3233 4426 multo
3262 4374 3541 4426 inferioris.

2332 4439 2533 4488 Remia.
2559 4452 2719 4488 unum
2749 4453 2870 4488 ann.
2904 4439 3113 4488 circiter
3141 4443 3250 4487 500.

2332 4501 2526 4568 Theod.
2554 4515 2712 4568 unum
2742 4501 3015 4568 ann.circ.
3045 4505 3191 4568 500._
3264 4562 3273 4568 _
3347 4564 3362 4568 _
3434 4562 3463 4568 Α.
3568 4560 3627 4568 Η
3690 4557 3723 4568 η
3799 4549 3883 4568 ΜΣ

2336 4564 2657 4624 Latiensem,
2687 4564 2787 4613 hoc
2818 4567 2912 4625 est,
2937 4577 2963 4612 e
2997 4562 3311 4614 monasterio
3347 4560 3667 4625 lmtiensiin
3690 4557 3910 4625 Henna???

2397 4611 2782 4737 ii'nunli.,c.i:jusi
2797 4611 3024 4676 atatem?
3044 4611 3152 4675 aut,
3164 4611 3530 4675 characterem
3575 4621 3760 4671 discere
3792 4611 3910 4664 nobis

2397 4702 2501 4737 non
2551 4701 2654 4737 icui
2684 4723 2693 4734 .

2395 4702 2501 4737 non
2531 4688 2693 4737 licuit.

2734 4773 3137 4822 EXPOSITIO
3181 4774 3251 4822 IN
3297 4772 3560 4822 LUCAM.

2845 4835 3096 4898 Castigata
3125 4839 3204 4884 est
3231 4834 3294 4884 ad
3322 4848 3445 4884 mss.

2337 4917 2500 4967 Vatic.
2531 4931 2621 4966 seu
2656 4916 2912 4966 variantes
2935 4915 3207 4970 lectiones.
3230 4915 3295 4964 de
3324 4915 3511 4979 quibus
3539 4924 3701 4976 supra.

2333 4981 2485 5028 Corb.
2517 4993 2656 5030 nunc
2685 4980 2858 5027 Germ.
2885 4991 3044 5027 unum
3071 4992 3196 5027 ann.
3220 4982 3328 5026 050.

2333 5043 2556 5106 Colbert.
2584 5042 2811 5106 quinque
2844 5055 2962 5106 ann.
2994 5045 3104 5098 600,
3135 5045 3222 5089 500
3255 5045 3306 5090 et
3331 5042 3435 5088 400.

2333 5105 2528 5155 Victor.
2557 5103 2866 5154 unum’ann.
2901 5103 3025 5153 circ.
3060 5106 3167 5151 400.

2333 5168 2531 5216 Fulien.
2561 5180 2720 5215 unum
2748 5165 2871 5215 circ.
2905 5169 3012 5214 500.

2334 5232 2456 5293 Reg.
2484 5243 2645 5293 unum
2670 5242 2791 5293 ann.
2817 5227 2942 5277 circ.
2969 5232 3063 5293 200
3091 5230 3177 5277 aut
3201 5230 3308 5274 300.

2331 5291 2554 5341 Clarom.
2586 5291 2816 5354 ejusdem
2846 5291 3027 5340 atatis.

2333 5355 2531 5403 Gemet.
2563 5367 2724 5402 unum
2748 5365 2871 5402 ann.
2901 5357 3010 5401 600.

2333 5417 2517 5465 Pratel.
2548 5429 2706 5465 unum
2731 5419 2840 5464 700.

2331 5477 2538 5527 Taurin.
2569 5491 2730 5527 unum
2755 5489 2891 5527 anno
2915 5480 3024 5525 600.

2336 5540 2569 5590 Michael.
2602 5554 2762 5589 unum
2789 5553 2910 5589 ann.
2938 5539 3064 5588 circ.
3093 5541 3202 5586 700.

2336 5603 2504 5652 Λὶὴίη.
2537 5617 2695 5651 unum
2721 5616 2840 5652 ann.
2873 5602 3000 5651 circ.
3031 5604 3138 5650 500.

2333 5667 2541 5713 Carnut.
2568 5679 2725 5713 unum
2757 5665 2855 5714 avi
2883 5677 2988 5712 non
3018 5663 3340 5712 recentioris.

2337 5729 2572 5776 Remens.
2603 5741 2759 5776 unum
2790 5739 2910 5775 ann.
2944 5730 3031 5774 700
3060 5725 3142 5774 vel
3173 5729 3280 5774 800.

2336 5791 2532 5853 Remig.
2559 5803 2717 5838 unum
2750 5788 2982 5851 ejusdem
3011 5788 3347 5850 antiquitatis.

2332 5852 2676 5904 Sorbiunum
2711 5864 2827 5901 ann.
2862 5855 2968 5901 300.
