4052 6388
575 329 636 385 H
1724 324 2064 382 EPISTOLA
2102 325 2672 385 NUNCUPATORIA.
3770 339 3853 394 12

569 450 819 512 Summo
861 449 1089 530 quippe
1123 446 1257 509 loco
1282 455 1468 508 natus
1516 455 1568 507 et
1614 448 1797 508 avitae
1828 443 2053 525 gloria:
2076 465 2327 520 memor,
2359 449 2664 527 majorum
2692 456 2948 510 tuorum
2971 453 3239 531 vestigia
3259 472 3385 515 non
3417 457 3599 520 modo
3631 477 3848 539 sequi,

572 550 680 613 sed
710 551 893 612 etiam
915 558 1295 610 antevertere
1322 546 1653 608 studuisti.
1686 546 1854 606 Hinc
1886 541 2298 622 episcopalem
2322 555 2547 606 nactus
2575 546 2942 624 dignitatem
2969 549 3154 611 rebus
3182 551 3478 616 Ecclesiae
3510 555 3606 617 vel
3624 561 3851 619 maxi-

572 652 690 713 mis
728 649 1166 728 componendis
1194 664 1445 726 operam
1467 662 1596 705 non
1625 645 1833 705 minus
1862 644 2172 721 sagaciter
2193 661 2377 724 quam
2400 643 2673 725 feliciter
2697 647 2948 709 dedisti.
2979 650 3216 712 Deinde
3230 654 3647 729 promeritam
3670 674 3849 735 pur-

571 772 748 835 pura:
774 754 1037 832 adeptus
1064 754 1381 823 honorem,
1405 768 1477 811 ac
1501 748 1889 827 gravissimis
1915 749 2095 825 regni
2117 748 2388 825 negotiis
2417 748 2588 827 apud
2610 760 2856 812 exteras
2876 745 3158 815 nationes
3183 757 3533 818 tractandis
3553 779 3591 819 a
3613 776 3847 838 regum

568 856 842 917 maximo
875 855 1231 933 deputatus,
1263 853 1504 915 nullam
1527 852 1804 930 Europae
1827 849 2146 912 catholicae
2173 851 2487 929 regionem
2519 853 2761 932 insigni
2787 872 2995 917 rerum
3012 867 3327 936 gestarum
3364 859 3697 938 splendore
3724 886 3847 926 va-

572 974 749 1068 cuam
776 953 1117 1068 reliquisti.
1148 956 1405 1068 blanent
1435 954 1735 1066 hodieque
1773 954 1999 1026 Romae,
2025 971 2143 1030 per
2170 962 2366 1014 totam
2396 956 2673 1029 Italiam,
2712 958 2780 1018 in
2811 957 3164 1036 Germania,
3195 962 3532 1040 Hispania.
3564 964 3836 1027 Lusita-

569 1056 701 1125 nia,
751 1057 999 1217 qigregia
1047 1057 1370 1135 sapientiae
1412 1055 1791 1135 virtutisque
1829 1062 1951 1115 tua:
1986 1053 2287 1131 vestigia;
2333 1071 2487 1133 quae
2516 1057 2722 1117 omnia
2768 1058 2828 1118 si
2857 1076 2980 1137 pro
3032 1061 3127 1122 rei
3161 1062 3470 1141 dignitate
3514 1082 3844 1129 ησσηεενε

569 1171 758 1217 auare
809 1174 927 1217 tan.

569 1171 927 1233 aggrediar,

1674 1346 1709 1379 ,λ
1734 1347 1749 1361 .
1776 1348 1807 1379 ί.
1852 1345 1866 1361 .
1911 1346 1926 1360 .
1965 1306 2250 1379 cupidum,
2281 1304 2444 1362 Pater
2473 1306 2699 1377 optime,
2742 1307 2885 1364 vires

1682 1376 1943 1433 Deﬁcient
1974 1396 1987 1431 :

567 1519 674 1583 sed
702 1518 1118 1600 eloquentiori
1145 1519 1302 1580 hanc
1322 1514 1591 1597 palmam
1619 1514 1945 1596 relinquo;
1995 1515 2150 1577 mihi
2185 1516 2344 1575 enim
2379 1516 2447 1577 id
2486 1524 2638 1576 esset
2658 1518 3034 1595 periculosa:
3051 1521 3307 1599 plenum
3352 1540 3509 1601 opus
3540 1525 3706 1599 aleae,
3764 1536 3831 1589 et

565 1620 821 1682 aliunde
852 1629 944 1682 tot
980 1620 1270 1684 laudibus
1305 1621 1533 1699 dignus
1560 1620 1675 1680 vix
1701 1618 1877 1681 laudi
1897 1619 2137 1680 aditum
2166 1620 2493 1681 concedere
2513 1619 2672 1681 soles

652 1723 870 1783 Verum
899 1723 967 1784 id
991 1723 1145 1783 mihi
1179 1740 1217 1781 a
1246 1722 1547 1783 modestia
1595 1712 1712 1781 tua~
1768 1720 2102 1798 impetrare
2129 1716 2330 1789 liceat,
2363 1719 2864 1782 Eminentissime
2894 1722 3273 1798 Cardinalts,
3314 1734 3382 1786 ut
3418 1727 3540 1788 duo
3577 1737 3831 1791 tantum

562 1844 945 1906 summopere
971 1826 1280 1901 miranda,
1316 1844 1581 1906 quorum
1604 1825 1779 1886 testis
1803 1825 1903 1905 fui
1929 1821 2240 1896 oculatus,
2272 1824 2390 1884 huc
2425 1822 2703 1903 afferam.
2752 1825 3034 1886 Primum
3062 1839 3149 1890 est
3180 1838 3238 1890 te
3263 1831 3352 1890 ita
3376 1831 3609 1908 patriae
3636 1832 3829 1894 rebus

560 1946 798 2008 semper
835 1928 1230 2007 advigilasse,
1268 1936 1341 1987 ut
1372 1936 1573 1988 tamen
1607 1936 1988 2003 exterarum,
2023 1923 2195 2001 apud
2218 1942 2373 2004 quos
2403 1926 2653 2002 negotia
2680 1926 2955 2004 gerebas,
2997 1929 3235 1988 animos
3288 1929 3408 1991 tibi
3451 1931 3827 2008 devincires,

562 2045 620 2095 et
652 2052 752 2094 eos
780 2038 912 2093 tum
933 2031 1182 2111 officiis,
1210 2038 1340 2090 tum
1360 2027 1606 2090 dicendi
1638 2026 1844 2104 lepore
1866 2026 1956 2086 ita
1985 2025 2104 2086 tibi
2124 2023 2515 2099 conciliares,
2544 2036 2617 2087 ut
2639 2027 2965 2105 optimates
2987 2037 3040 2088 et
3062 2027 3259 2091 aulici
3282 2040 3340 2091 te
3364 2032 3544 2111 quasi
3570 2033 3829 2094 Patrem

560 2134 656 2197 vel
691 2137 1123 2215 propinquum
1159 2140 1587 2210 agnoscerent.
1632 2126 2039 2203 Quamobrem
2070 2127 2135 2186 in
2165 2124 2345 2185 nulla
2368 2128 2497 2206 fere
2520 2127 2795 2205 Europae
2829 2128 3146 2192 catholicae
3173 2131 3424 2209 regione
3450 2135 3825 2212 peregrinus

562 2238 973 2303 existimaris.
1001 2235 1185 2314 Quod
1212 2235 1291 2306 si,
1318 2242 1389 2294 ut
1419 2232 1507 2293 ait
1538 2228 1773 2290 Orator
1805 2224 1910 2308 (a),
1944 2249 1973 2282 α
2006 2245 2135 2288 non
2170 2228 2507 2307 quidquam
2550 2247 2627 2288 ex
2656 2227 2836 2289 rebus
2864 2230 3150 2291 humanis
3184 2241 3269 2292 est
3292 2231 3665 2310 praeclarius
3709 2247 3825 2297 aut

557 2340 986 2421 praestantius,
1037 2354 1219 2417 quam
1254 2335 1325 2396 de
1367 2330 1689 2411 republica
1718 2329 1863 2390 bene
1896 2328 2143 2405 mereri,
2170 2351 2199 2384 ν
2230 2338 2500 2408 quantus
2549 2330 2693 2390 hinc
2729 2329 2857 2391 tuis
2906 2327 3197 2392 laudibus
3232 2332 3516 2395 cumulus
3555 2334 3823 2409 accedit,

560 2443 729 2525 quod
754 2459 883 2502 non
909 2438 1186 2518 patriam
1209 2436 1390 2497 modo
1418 2443 1611 2505 tuam,
1650 2431 1756 2492 sed
1782 2428 1943 2491 alias
1973 2430 2155 2492 etiam
2173 2430 2459 2489 nationes
2494 2429 2747 2489 summis
2779 2429 3086 2508 beneﬁciis
3111 2433 3828 2501 exornaveris;.Lusita-

557 2546 729 2606 niam
759 2543 922 2615 dico,
960 2538 1315 2607 Bavariam,
1354 2532 1634 2600 Italiam;
1660 2549 1796 2611 quae
1826 2538 2071 2592 tantum
2101 2530 2453 2591 ornamenti
2478 2527 2574 2589 vel
2597 2530 2887 2607 prasidii
2914 2530 2983 2591 in
3011 2532 3289 2594 amicitia
3315 2543 3498 2612 atque
3529 2539 3825 2600 auctori-

561 2661 688 2712 tate
713 2658 849 2720 tua,
879 2652 1179 2726 quantum
1209 2638 1512 2701 commodi
1538 2636 1884 2714 repositum
1912 2634 1977 2695 in
2004 2633 2386 2711 benignitate
2404 2641 2750 2694 senserunt.

638 2749 921 2812 Alterum
950 2744 1119 2827 quod
1150 2744 1302 2805 mihi
1322 2752 1639 2819 stuporem
1667 2756 1824 2817 saepe
1848 2739 2157 2816 ingentem
2182 2736 2401 2798 attulit
2430 2735 2595 2798 illud
2629 2746 2739 2812 est,
2768 2736 2936 2816 quod
2952 2734 3351 2815 amplissimis
3376 2738 3515 2801 licet
3546 2743 3827 2803 muneri-

560 2855 674 2916 bus
705 2869 820 2930 per
855 2857 1057 2910 totum
1093 2845 1234 2906 vitae
1265 2838 1653 2905 curriculum
1674 2840 2075 2919 perfunctus,
2107 2833 2271 2897 nihil
2301 2836 2584 2897 obstante
2612 2854 2820 2896 rerum
2843 2836 3227 2914 agendarum
3254 2836 3431 2911 mole,
3467 2837 3826 2903 litterarum

561 2956 797 3020 cultum
815 2969 1132 3033 nunquam
1161 2946 1594 3009 intermiseris.
1628 2942 1749 3006 Nec
1768 2952 2010 3003 tantum
2034 2942 2172 3002 dico
2198 2950 2256 3001 te
2284 2940 2351 3001 id
2375 2940 2748 3018 praestitisse
2776 2939 2945 3019 quod
2970 2939 3170 3001 solent
3191 2939 3309 3002 alii
3334 2943 3643 3021 sapientes
3669 2944 3818 3013 viri,

558 3057 831 3139 publicis
852 3053 1120 3133 negotiis
1152 3047 1457 3128 deputati,
1486 3047 1595 3126 qui
1611 3044 1722 3105 ubi
1748 3063 1786 3104 a
1814 3041 2003 3104 solito
2031 3058 2283 3101 munere
2314 3048 2560 3115 vacant,
2587 3040 2670 3101 ad
2689 3038 3063 3102 litterariam
3089 3041 3595 3103 exercitationem
3614 3052 3821 3103 trans-

562 3172 730 3234 eunt,
765 3156 862 3218 vel
888 3175 1011 3216 usu
1042 3152 1347 3214 librorum
1395 3146 1764 3208 solitudinis
1794 3144 2044 3204 taedium
2069 3139 2327 3220 fallunt,
2372 3138 2539 3220 quod
2561 3150 2765 3201 tamen
2794 3141 2998 3215 ipsum
3030 3149 3116 3200 est
3151 3141 3217 3200 in
3244 3158 3466 3219 magna
3498 3139 3678 3201 laude
3701 3158 3821 3218 po-

558 3264 861 3330 nendum;
903 3258 1009 3320 sed
1036 3258 1128 3319 ita
1149 3271 1386 3333 semper
1415 3256 1842 3329 comparatum
1869 3245 2067 3325 fuisse
2101 3244 2395 3315 demiror,
2428 3250 2499 3303 ut
2532 3242 2605 3303 de
2632 3243 2851 3323 quovis
2885 3240 3281 3317 litteraturae,
3307 3262 3414 3302 seu
3453 3260 3667 3316 sacrae,
3716 3259 3825 3301 seu

558 3370 843 3451 profanae
871 3381 1089 3445 genere
1120 3358 1509 3441 loquendum,
1537 3351 1964 3417 disserendum
1983 3345 2079 3408 vel
2104 3346 2497 3408 scribendum
2518 3348 2736 3427 fuerit,
2755 3364 2884 3406 non
2904 3346 3110 3409 minus
3131 3344 3410 3423 expedite
3431 3353 3484 3404 et
3512 3344 3826 3421 sagaciter

560 3443 693 3532 haec.
711 3443 929 3547 egeris,
973 3481 1156 3545 quam
1183 3454 1561 3540 peritissimi
1586 3453 1813 3534 quique
1840 3448 2077 3510 artium
2108 3456 2161 3508 et
2186 3443 2670 3525 disciplinarum
2699 3445 2991 3523 magistri
3019 3466 3040 3505 :
3066 3444 3214 3505 adeo
3244 3452 3313 3503 ut
3344 3444 3452 3522 qui
3479 3451 3537 3502 te
3566 3443 3823 3520 negotia

564 3568 660 3632 vel
692 3569 1063 3649 gravissima
1092 3574 1269 3627 tanta
1294 3560 1554 3623 solertia
1582 3563 1952 3618 tractantem
1973 3558 2318 3625 cernerent,
2360 3549 2568 3610 omnia
2592 3549 3033 3627 posthabuisse
3075 3556 3392 3626 putarent,
3440 3563 3560 3625 quo
3608 3563 3835 3617 rerum

559 3671 970 3750 gerendarum
984 3666 1280 3747 peritiam
1306 3677 1696 3742 assequerere
1711 3678 1730 3726 ;
1752 3656 1862 3738 qui
1888 3671 2032 3716 vero
2057 3653 2128 3715 de
2158 3652 2483 3731 omnigena
2511 3649 2873 3712 litteratura
2889 3651 3283 3711 disserentem
3298 3648 3612 3717 audirent,
3632 3656 3691 3706 te
3715 3656 3816 3706 to-

560 3786 687 3839 tam
724 3784 963 3836 aetatem
991 3773 1053 3834 in
1081 3769 1439 3832 litterarum
1468 3764 1679 3827 studio
1717 3761 2109 3831 contrivisse,
2145 3767 2482 3838 cwteraque
2517 3744 2724 3817 Omnia
2750 3755 3097 3833 neglexisse
3126 3753 3462 3813 crederent.

638 3878 759 3940 Sed
781 3896 965 3958 quam
991 3874 1169 3936 bonis
1201 3871 1420 3933 avibus
1440 3871 1674 3951 factum
1705 3874 1816 3939 est,
1843 3874 1915 3926 ut
1937 3882 2015 3924 ex
2037 3864 2233 3925 tantis
2258 3860 2667 3940 undequaque
2689 3861 2993 3937 susceptis
3009 3856 3394 3939 feliciterque
3418 3850 3608 3930 gestis
3634 3864 3822 3927 nego-

561 3983 673 4044 tiis
701 3951 926 4042 ad-nos
952 3986 1267 4055 receptum
1298 3971 1588 4035 haberes!
1617 3965 2006 4028 [mmortales
2033 3982 2177 4025 sane
2210 3962 2453 4041 gratias
2481 3961 2772 4024 habemus
2794 3959 3110 4021 Ludovico
3143 3956 3401 4032 Magno,
3435 3951 3547 4031 qui
3572 3960 3630 4009 te
3657 3957 3823 4007 acta-

562 4098 707 4143 rum
731 4099 941 4142 rerum
967 4078 1177 4158 gloria
1205 4073 1468 4148 clarum,
1499 4071 1687 4152 hujus
1715 4068 1978 4130 caenobii
2001 4067 2348 4127 antistitem
2377 4064 2811 4131 constituerit;
2832 4080 2954 4141 qua
2977 4062 3043 4121 in
3072 4077 3140 4119 re
3156 4056 3362 4116 nescio
3391 4071 3475 4113 an
3489 4048 3643 4130 plus
3666 4048 3815 4120 tuis,

560 4184 1064 4247 Eminentissime
1089 4177 1472 4249 Cardinalis,
1504 4192 1688 4255 quam
1713 4173 1952 4234 nostris
1983 4170 2316 4231 commodis
2331 4167 2764 4247 prospexerit.
2800 4165 2965 4225 Hinc
2986 4160 3099 4222 illa
3128 4158 3322 4239 effusa
3349 4157 3415 4217 in
3442 4150 3817 4213 monasterio

561 4297 782 4348 nostro
809 4284 1053 4360 laetitia,
1086 4285 1230 4346 hinc
1260 4280 1366 4342 ille
1390 4277 1657 4358 plausus
1694 4276 1969 4336 omnium
2001 4271 2312 4334 sodalium
2338 4271 2410 4334 de
2432 4280 2610 4333 tanta
2640 4273 2901 4351 fortuna
2929 4266 3052 4327 sibi
3079 4274 3293 4325 mutuo
3322 4254 3818 4339 gratulantium:

560 4412 687 4474 qua
715 4397 784 4456 in
811 4412 879 4454 re
924 4358 1054 4453 non
1088 4398 1305 4470 partes
1351 4384 1474 4448 tuli
1502 4383 1915 4462 posteriores.
1956 4379 2204 4459 Ecquid
2238 4378 2398 4439 enim
2437 4375 2863 4438 litteratorum
2891 4370 3073 4433 εωιαί
3111 4366 3262 4447 plus
3302 4363 3524 4445 gaudii
3571 4358 3813 4439 afferat,

556 4518 745 4577 quam
773 4517 912 4558 cum
939 4496 1059 4557 sibi
1088 4493 1437 4573 principem
1460 4508 1501 4549 a
1521 4504 1737 4566 regum
1764 4482 2226 4564 sapientissimo
2258 4481 2579 4559 designari
2614 4477 3007 4557 conspiciunt
3040 4487 3404 4551 eum,~quem
3433 4464 3583 4545 ipsi,
3619 4461 3675 4521 si
3706 4476 3815 4537 pe-

561 4616 669 4656 nes
709 4616 772 4657 se
802 4598 932 4677 ejus
962 4596 1058 4656 rei
1095 4593 1437 4655 arbitrium
1459 4590 1707 4670 fuisset,
1740 4584 2052 4647 communi
2075 4584 2349 4643 omnium
2384 4578 2624 4643 calculo
2655 4579 2778 4641 sibi
2797 4573 3237 4655 cooptassent?

641 4699 722 4758 In
755 4666 1436 4759 Sdn-Germanensibus
1459 4666 1696 4752 tautem
1728 4685 1964 4747 aedibus
2000 4683 2156 4758 illis,
2185 4702 2319 4764 quae
2348 4692 2443 4745 tot
2468 4682 2838 4761 principum
2868 4674 3253 4739 domicilium
3280 4675 3560 4753 fuerunt,
3608 4684 3717 4729 ceu
3752 4666 3818 4725 in

564 4817 707 4861 arce
733 4795 827 4858 vel
861 4793 1114 4875 specula
1144 4792 1409 4871 quadam
1437 4790 1841 4858 constitutus,
1882 4783 2384 4844 Eminentissime
2412 4779 2797 4853 Cardinalis,
2833 4777 2916 4837 iis
2952 4772 3234 4836 omnibus
3259 4769 3460 4851 fulges
3491 4779 3814 4828 ornamen-

567 4902 673 4975 tis,
703 4899 929 4980 quibus
962 4896 1111 4958 olim
1141 4895 1352 4956 varias
1385 4892 1663 4968 Europae
1687 4899 1898 4967 gentes
1954 4885 2342 4958 illustrabas,
2393 4883 2678 4965 quodque
2714 4877 2999 4941 mirabile
3041 4878 3217 4939 dictu
3246 4883 3356 4947 est,
3399 4888 3597 4931 annos
3623 4882 3816 4945 prope

565 5004 896 5067 Nestoreos
925 5018 1223 5071 emensus,
1255 4997 1469 5059 divina
1488 4992 1755 5075 quadam
1784 4988 2098 5051 celeritate
2131 4987 2371 5065 ingenii
2408 4986 2776 5065 dicendique
2806 4982 3010 5060 copia,
3036 4980 3201 5040 sicut
3231 4973 3378 5036 olim
3407 4971 3512 5032 ille
3541 4969 3816 5030 Carnea-

568 5106 695 5176 des,
755 5104 1029 5165 omnium
1056 5101 1137 5162 ad
1164 5113 1223 5164 te
1249 5100 1488 5160 animos
1527 5095 1836 5158 convertis
1869 5102 1922 5153 et
1953 5091 2151 5169 rapis.
2189 5090 2270 5150 Te
2295 5107 2453 5168 saepe
2486 5091 2553 5151 in
2582 5105 2872 5149 consessu
2920 5082 3310 5163 eruditorum
3350 5072 3724 5152 suspicimus
3749 5069 3817 5129 de

568 5207 788 5286 quovis
837 5204 1191 5266 litterarum
1237 5221 1455 5283 genere
1484 5203 1576 5263 ita
1594 5199 1802 5278 perite
1836 5195 2256 5266 disserentem,
2303 5199 2375 5252 ut
2415 5192 2737 5271 fateantur
2772 5204 2974 5248 omnes
3005 5192 3064 5244 te
3093 5198 3221 5240 non
3243 5179 3446 5239 minus
3474 5173 3813 5235 eruditione

569 5327 753 5389 quam
786 5310 1092 5388 dignitate
1128 5271 1366 5387 primas
1391 5271 1619 5367 tenere:
1640 5303 1800 5366 Nam
1825 5301 1952 5361 sive
1987 5300 2060 5360 de
2086 5298 2357 5361 historia
2388 5304 2442 5355 et
2472 5290 2872 5373 geographia,
2921 5289 3048 5348 sive
3073 5284 3145 5346 de
3171 5281 3356 5343 rebus
3394 5271 3812 5389 ecclesiasticis

571 5420 625 5471 et
656 5371 975 5471 canonicis
998 5371 1251 5488 agalur,
1275 5425 1493 5488 parem
1518 5408 1584 5467 in
1615 5402 1901 5465 omnibus
1930 5399 2292 5483 facultatem
2332 5371 2603 5468 exhibes,
2637 5394 2706 5453 in
2726 5388 2928 5463 nulla,
2960 5397 3031 5448 ut
3063 5387 3156 5448 ita
3191 5375 3612 5488 dicam,ﬂorbis
3648 5371 3810 5432 litte-

558 5505 735 5570 rarii
775 5516 961 5587 parte
1004 5510 1245 5587 hospes.
1282 5509 1437 5570 Tum
1480 5505 1539 5564 si
1566 5501 1649 5563 ad
1683 5499 2134 5562 mansuetiores
2162 5497 2379 5558 Musas
2410 5502 2469 5554 te
2490 5494 2746 5573 referas,
2790 5488 3063 5559 Graecas,
3101 5482 3362 5545 Latinas
3401 5470 3808 5551 Galliamque,

571 5610 877 5670 memoriae
901 5606 1205 5689 felicitate
1214 5609 1498 5689 juvenes,
1528 5602 1769 5680 ingenii
1794 5597 2145 5662 acrimonia
2173 5594 2453 5657 eruditos
2482 5588 2785 5671 quoslibet
2809 5583 3150 5647 antecellis.

651 5738 727 5810 (ι)
780 5737 897 5821 Cic.
940 5735 1097 5792 Fam.
1130 5754 1183 5804 ι,
1218 5737 1273 5793 5.
