4052 6388
524 368 597 427 15
1944 359 2124 415 PRJEI

2170 360 2339 418 ATIO.
3704 377 3770 431 l6

527 491 822 555 terpretum
850 480 1109 537 lectiones
1145 478 1289 554 notis
1317 476 1567 540 inseruit,
1593 483 1862 547 quotquot
1881 475 2130 531 videlicet
2151 487 2262 531 tum
2283 492 2345 531 ex
2378 476 2637 532 Romanis
2664 478 2967 543 codicibus,
2993 491 3106 537 tum
3136 496 3203 538 ex
3231 492 3473 540 veterum
3501 484 3658 541 libris
3679 501 3772 543 cx-

525 595 749 652 cerpere
780 588 1023 649 potiterat
1045 574 1238 630 Petrus
1269 573 1510 628 Moribus
1526 571 1823 638 Parisinus,
1857 581 1914 626 ut
1939 587 2003 626 ex
2038 571 2280 641 eiusdem
2317 571 2509 625 Morini
2533 572 2775 642 epistolis
2798 575 3137 646 aliorumque
3161 578 3484 632 testimoniis
3504 580 3773 648 arguitur.

597 674 713 732 Sub
746 675 860 729 lucc
886 672 1121 728 Joannes
1138 670 1367 726 Drusius
1387 670 1575 724 eadem
1609 669 1729 739 ipsa
1753 684 1874 738 qua
1896 667 2196 722 Fiaminius
2225 668 2484 729 ediderat,
2514 682 2621 721 non
2651 655 2841 737 paucis
2865 672 3270 728 accessionibus
3298 673 3620 744 locupletata
3649 691 3772 734 cum

534 769 764 826 eruditis
798 767 941 821 notis
969 764 1257 834 descripsit
1283 782 1298 819 :
1331 772 1385 818 at
1411 779 1532 818 cum
1558 761 1669 817 fato
1697 770 2106 832 prmoccupatus
2138 775 2199 814 ea
2228 760 2280 813 in
2314 759 2587 830 publicum
2624 761 2783 816 edere
2812 778 2918 816 non
2948 763 3229 833 potuisset,
3262 772 3387 834 post
3415 758 3772 835 eius'obitum

520 864 830 936 publicandi
861 878 1046 917 curam
1082 863 1320 930 suscepit
1372 859 1616 913 Sixtinus
1647 858 1872 911 Amama
1916 853 2306 911 llebraicarunt
2331 855 2628 909 litterarum
2665 854 2984 913 Frauekerre
3007 858 3284 929 professor
3315 876 3608 937 :ppusque
3628 863 3772 917 Arn-

521 960 712 1014 bemiae
746 957 942 1028 prolliit
976 973 1120 1010 anno
1148 956 1302 1018 l62â€˜2,
1336 956 1438 1009 hoc
1465 954 1620 1007 titulo
1654 971 1667 1006 :
1715 950 1953 1006 Veterum
1980 953 2328 1020 interpretum
2355 949 2659 1005 Graecorum
2706 954 2761 1005 in
2809 962 2974 1007 totum
3006 953 3160 1008 Vetus
3188 954 3575 1009 Testamentum
3612 955 3777 1027 Frag-

520 1064 715 1119 menta,
739 1054 980 1114 collecta,
1004 1069 1150 1105 versa
1172 1060 1221 1104 et
1238 1051 1376 1104 uotis
1394 1049 1667 1103 illustrata
1688 1065 1721 1101 a
1746 1046 1953 1101 Joanne
1976 1046 2192 1113 Drusio,
2220 1046 2416 1116 lingua:
2436 1055 2636 1101 sancire
2657 1048 2709 1100 in
2731 1047 3023 1102 illustrium
3061 1049 3257 1105 Frisia!
3286 1051 3533 1104 ordinum
3571 1051 3776 1107 Acade-

520 1150 649 1213 mia,
669 1149 793 1203 dum
819 1149 1026 1209 viveret,
1047 1146 1360 1216 professore.
1400 1142 1581 1197 Drusii
1614 1142 1769 1196 labor
1799 1157 1828 1197 a
1862 1141 2092 1195 laudatis
2126 1140 2260 1195 viris
2310 1140 2561 1195 laudatus
2586 1179 2602 1204 ,
2631 1141 2930 1196 litterarum
2970 1159 3246 1199 sacrarum
3278 1146 3539 1201 studiosis
3573 1161 3775 1216 magno

519 1242 646 1298 usui
686 1241 807 1296 fuit.
836 1239 994 1296 Hunc
1015 1251 1117 1309 ego
1143 1239 1339 1292 librum
1370 1236 1680 1307 frequenter
1719 1235 1871 1290 adire
1904 1234 2140 1290 solebam
2163 1276 2177 1298 ,
2204 1243 2499 1305 antequam
2540 1236 2606 1290 de
2640 1236 2792 1291 novis
2833 1239 3238 1294 accessionibus
3269 1238 3534 1295 faciendis
3559 1241 3771 1310 cogita~

517 1354 633 1393 rem
663 1353 679 1390 :
713 1345 768 1393 et
791 1336 1027 1390 mirabar
1052 1332 1280 1389 subinde
1301 1348 1367 1387 ex
1389 1341 1538 1387 tanto
1561 1346 1723 1401 opere
1752 1330 1887 1385 adeo
1915 1346 2087 1400 pauca
2107 1346 2391 1400 superesse
2422 1329 2747 1400 fragmenta.
2769 1331 2905 1385 Cum
2940 1343 3120 1388 autem
3152 1334 3468 1391 evolvendis
3491 1336 3777 1393 codicibus

518 1429 722 1487 Graecis
774 1428 990 1484 solitam
1047 1426 1232 1481 darem
1263 1438 1506 1495 operam,
1556 1423 1666 1492 iam
1700 1422 1829 1476 anni
1854 1431 1982 1477 sunt
2019 1423 2304 1493 plusquam
2331 1423 2519 1494 viginti
2558 1432 2701 1490 tres,
2737 1440 2885 1489 rem,
2925 1442 3113 1496 quam,
3137 1440 3288 1498 pomi
3315 1429 3771 1500 diligentissime,

519 1542 639 1581 sum
664 1541 919 1595 agressus
951 1543 964 1577 :
1002 1532 1114 1578 tum
1150 1522 1194 1578 si
1224 1537 1330 1592 qua
1381 1529 1625 1575 veterum
1678 1518 2028 1588 interpretum
2071 1518 2187 1574 loca
2254 1519 2306 1573 in
2361 1520 2749 1589 manuscriptis
2785 1531 3156 1586 occurrerent,
3192 1525 3375 1578 statim
3406 1524 3473 1579 ad
3511 1524 3773 1582 Drusium

517 1616 898 1686 properabam,
930 1622 990 1669 ut
1010 1613 1345 1684 explorarem
1378 1627 1446 1665 an
1478 1610 1761 1666 observata
1792 1610 2045 1680 etlitaque
2076 1625 2282 1665 essent.
2321 1609 2477 1665 Brevi
2501 1620 2681 1666 autem
2714 1614 2956 1683 comperi
2985 1615 3154 1668 multa
3182 1616 3542 1684 prmtermissa
3566 1614 3772 1685 fuisse,

517 1710 629 1765 imo
651 1725 716 1765 ex
741 1711 853 1780 iam
891 1709 1191 1765 observatis
1216 1718 1269 1761 et
1297 1707 1458 1763 editis
1491 1722 1596 1760 non
1619 1720 1791 1775 pauca
1810 1721 1930 1760 esse
1961 1721 2081 1774 qua:
2122 1721 2289 1759 manu
2331 1706 2538 1760 medica
2586 1716 2823 1776 egerent.
2859 1704 2996 1763 lliuc
3040 1709 3223 1762 omnia
3258 1708 3565 1764 describere
3603 1710 3771 1778 ccepi,

514 1803 887 1875 paulatimque
912 1812 1024 1857 tum
1061 1802 1114 1856 in
1146 1800 1342 1867 Gallia,
1385 1808 1495 1854 tum
1523 1800 1578 1853 in
1608 1798 1779 1863 Italia,
1813 1806 1867 1853 et
1892 1797 2239 1868 potissimum
2269 1797 2476 1862 Romae,
2512 1807 2720 1853 tantam
2759 1799 3054 1855 lectionum
3082 1801 3275 1856 silvam
3309 1801 3520 1870 reperi,
3546 1814 3605 1857 ut
3630 1801 3773 1857 Dru-

516 1900 669 1955 siana
695 1898 944 1955 collectio
974 1906 1175 1954 nostrae
1190 1905 1504 1966 comparata
1536 1911 1603 1952 ne
1640 1895 1907 1952 decimam
1945 1894 2187 1964 quidem,
2229 1895 2339 1949 imo
2391 1909 2460 1949 ne
2498 1895 2764 1950 decimam
2794 1897 3041 1967 quintam
3069 1898 3187 1967 eius
3219 1910 3424 1968 partem
3454 1901 3767 1970 attingeret.

514 1996 834 2067 Quanquam
865 2010 973 2050 non
1002 1993 1057 2048 in
1082 1994 1338 2048 omnibus
1369 1991 1664 2062 Scriptura:
1705 2006 1875 2047 sacrae
1908 1990 2063 2045 libris
2091 1992 2319 2060 a-qualis
2361 1990 2622 2046 offeratur
2646 1992 2939 2048 lectionum
2978 1995 3195 2051 messis.
3222 1994 3355 2051 Nam
3382 1996 3436 2051 in
3473 1994 3771 2052 Pentateu-

513 2090 639 2154 cho,
672 2089 718 2144 si
746 2101 1076 2143 annumeres
1111 2101 1175 2139 ea
1208 2101 1331 2156 quae
1355 2084 1408 2138 in
1432 2082 1742 2153 Appendice
1767 2098 1834 2137 ex
1868 2083 2055 2137 codice
2084 2080 2422 2136 Coisliniano
2456 2082 2841 2154 adiunximus,
2878 2100 2946 2140 ue
2980 2086 3292 2141 vicesimam
3314 2088 3531 2158 quidem
3555 2100 3776 2144 nostra-

512 2197 634 2237 rum
671 2190 882 2251 partem
909 2187 1128 2251 aequant
1149 2178 1427 2233 Drusianze
1474 2178 1753 2234 lectiones.
1788 2176 1847 2231 In
1892 2176 2047 2231 libris
2070 2174 2236 2232 Josue
2268 2176 2595 2234 etJudicum
2615 2194 2756 2249 pene
2786 2180 2922 2235 nihil
2965 2181 3129 2237 habet
3168 2181 3418 2248 Drusius,
3455 2183 3548 2238 ubi
3580 2199 3683 2238 nos
3710 2183 3770 2238 in

512 2274 740 2345 singulis
764 2290 902 2345 pene
926 2273 1208 2329 versiculis
1231 2273 1489 2328 lectiones
1517 2272 1862 2342 proferimus.
1891 2274 1949 2326 ln
1983 2271 2136 2327 libris
2162 2270 2394 2343 Regum,
2420 2275 2656 2329 maxime
2674 2274 2726 2328 in
2758 2276 2935 2344 primo
2963 2285 3018 2332 et
3040 2279 3301 2344 secundo,
3320 2281 3409 2333 vix
3432 2279 3773 2350 quinquage-

511 2367 707 2423 simam
743 2378 1055 2424 nostrorum
1097 2368 1417 2438 particulam
1444 2368 1662 2423 exhibet
1679 2367 1784 2423 ille.
1815 2368 1871 2423 In
1902 2368 2042 2423 libro
2062 2367 2165 2422 Job
2186 2369 2375 2424 multis
2407 2370 2649 2440 partibus
2681 2370 3008 2427 Drusianam
3033 2382 3254 2444 superat
3282 2383 3466 2429 nostra
3497 2375 3766 2441 collectio,

510 2464 819 2534 pariterque
850 2465 903 2518 in
934 2462 1188 2528 Psalmis,
1209 2479 1440 2534 quorum
1475 2464 1629 2519 multi
1654 2479 1791 2534 pene
1813 2472 1985 2519 totum
2020 2463 2410 2536 Symmachum
2439 2475 2848 2535 repraesentant.
2878 2465 2936 2522 In
2988 2464 3316 2533 Proverbiis,
3349 2453 3678 2524 Ecclesiaste
3715 2478 3771 2523 et

508 2560 750 2616 Cantieis
780 2575 888 2615 non
926 2561 1094 2614 multa
1137 2558 1465 2630 proferimus
1508 2573 1668 2614 nova.
1703 2558 1898 2614 Verum
1931 2560 1984 2614 in
2012 2561 2290 2632 prophetis
2323 2560 2599 2625 omnibus,
2628 2561 2900 2631 praecipue
2927 2576 3055 2616 vero
3088 2563 3140 2617 in
3171 2562 3405 2618 Jeremia
3429 2606 3443 2630 ,
3488 2561 3770 2618 Ezechiele

507 2663 566 2710 et
594 2654 895 2710 minoribus
935 2655 1234 2725 prophetis,
1274 2664 1352 2710 tot
1378 2655 1620 2710 nondum
1652 2656 1937 2711 observata
1971 2668 2308 2727 comparent,
2335 2666 2394 2711 ut
2423 2656 2690 2712 Drusiana
2715 2657 2961 2713 collectio
2987 2658 3054 2714 iis
3083 2660 3278 2714 obruta
3324 2659 3570 2713 videatur
3617 2673 3763 2713 esse.

578 2747 673 2802 His
705 2750 777 2804 ita
808 2749 1157 2820 comparatis,
1181 2748 1247 2804 de
1271 2749 1436 2804 modo
1460 2751 1822 2806 concinnandi
1853 2752 2156 2821 edcndique
2181 2752 2360 2822 cperis
2404 2767 2512 2805 non
2538 2767 2646 2806 una
2672 2752 2776 2808 fuit
2804 2754 3104 2809 amicorum
3150 2755 3437 2810 sententia.
3479 2754 3584 2808 Alii
3620 2753 3767 2808 enim

508 2844 761 2900 volebant
792 2855 963 2899 totum
1017 2844 1345 2900 Hebraicum
1379 2844 1465 2900 edi
1512 2854 1717 2900 textum
1761 2862 1883 2901 cum
1919 2847 2364 2918 interpretatione
2394 2847 2503 2900 Ï„á¿¶Î½
2524 2846 2599 2911 Î¸â€™,
2622 2848 2810 2904 eadem
2833 2865 3061 2919 prorsus
3088 2852 3344 2906 methodo
3370 2867 3476 2922 qua
3506 2850 3768 2922 Origenes

505 2936 767 3001 ediderat,
793 2935 865 2990 ita
904 2944 963 2990 ut
995 2950 1084 2990 sex
1110 2934 1309 3004 uquue
1356 2934 1624 2990 columnae
1653 2936 1927 3002 adessent,
1953 2943 2007 2990 et
2029 2937 2201 2991 sicubi
2244 2936 2476 2990 aliorum
2510 2937 2867 3008 interpretum
2904 2939 3174 2995 editiones
3198 2940 3518 3005 deficerent,
3560 2956 3770 2997 vacuus

507 3032 582 3086 ibi
613 3031 766 3087 locus
793 3032 1211 3100 relinqueretur.
1241 3032 1310 3084 At
1349 3044 1436 3084 me
1469 3030 1789 3096 reluctante,
1813 3039 1867 3085 et
1898 3041 2104 3102 quanto
2133 3031 2495 3086 litteratorum
2528 3031 2897 3098 incommodo,
2933 3036 3261 3106 quantisque
3312 3036 3619 3107 sumptibus
3656 3045 3767 3091 tam

506 3127 745 3181 immane
782 3141 919 3194 opus
963 3125 1303 3195 proditurum
1331 3132 1476 3179 esset
1497 3123 1784 3194 obiiciente
1819 3124 1917 3196 (a).
1951 3126 2034 3180 vel
2061 3126 2221 3181 iidem
2252 3127 2353 3195 ipsi
2381 3127 2472 3198 qui
2504 3127 2610 3182 tale
2633 3129 2921 3184 consilium
2948 3130 3244 3198 dederant,
3277 3140 3525 3187 auctores
3547 3133 3766 3188 demum

505 3222 742 3286 fuerunt,
775 3230 836 3275 ut
862 3222 913 3274 in
948 3221 1126 3291 primo
1182 3220 1359 3275 solum
1392 3219 1667 3274 Geneseos
1699 3220 1896 3290 capite,
1929 3222 2087 3289 quasi
2134 3237 2233 3292 pro
2258 3221 2581 3292 specimine,
2615 3222 2957 3294 Origenianae
2978 3226 3249 3282 columnae
3278 3228 3530 3283 adessent
3564 3247 3577 3282 :
3617 3244 3683 3283 ac
3712 3229 3767 3284 in

504 3316 859 3386 sequentibus
888 3315 1083 3370 deinde
1105 3314 1394 3384 capitibus,
1422 3329 1484 3369 ea
1510 3315 1686 3370 solum
1717 3315 1834 3370 loca
1871 3316 2195 3373 efferrentur
2246 3318 2300 3372 in
2350 3319 2864 3389 medium,quorum
2899 3321 3273 3391 interpretatio
3307 3324 3421 3379 sive
3462 3325 3763 3379 secundum

501 3409 780 3479 Aquilam,
833 3408 947 3463 sive
986 3408 1282 3463 secundum
1331 3406 1469 3460 alios
1497 3415 1709 3476 reperta
1725 3405 1950 3464 fuisset:
1988 3409 2063 3463 ita
2112 3416 2172 3463 ut
2223 3408 2484 3462 lectiones
2525 3410 2631 3464 illae
2664 3426 2788 3464 cum
2843 3409 3088 3475 Hebraeo,
3120 3412 3264 3467 LXX
3294 3412 3684 3485 Interpretibus
3712 3421 3767 3469 et

503 3502 735 3573 Vulgata
768 3512 1116 3573 comparatae,
1146 3517 1258 3556 uno
1282 3500 1387 3556 sub
1407 3512 1628 3572 aspectu
1653 3501 1917 3573 iacerent,
1949 3512 2004 3559 et
2035 3504 2263 3574 quidem
2287 3504 2476 3561 eodem
2508 3505 2719 3573 ordine,
2739 3515 3005 3576 quantum
3038 3506 3253 3575 licebat,
3284 3522 3392 3578 quo
3426 3509 3495 3562 ab
3534 3508 3767 3578 Origene

502 3599 559 3656 in
589 3596 851 3667 Hexaplis
883 3598 1071 3668 positae
1099 3596 1332 3651 fuerant.
2866 3608 2872 3619 â€™

573 3691 891 3763 Compendii
915 3706 1044 3747 vero
1074 3707 1260 3760 causa,
1291 3694 1382 3749 ubi
1404 3694 1514 3749 duo
1538 3694 1625 3750 vel
1657 3703 1765 3750 tres
1793 3694 1876 3750 vel
1909 3695 2090 3765 plures
2121 3694 2445 3766 interpretes
2487 3697 2679 3752 eodem
2710 3712 2938 3768 prorsus
2968 3698 3136 3753 modo
3154 3705 3395 3764 vertunt,
3425 3713 3489 3753 ac
3510 3696 3630 3752 sine
3656 3697 3769 3751 ullo

501 3785 590 3840 vel
622 3785 852 3841 minimo
886 3785 1224 3851 discrimine,
1261 3796 1391 3843 tunc
1416 3788 1721 3843 versionem
1753 3802 1861 3841 non
1889 3788 2185 3857 repetimus
2233 3788 2299 3843 ad
2344 3790 2610 3859 singulos,
2647 3798 2708 3845 ut
2749 3790 2955 3845 fecerat
2980 3790 3243 3860 Origenes
3266 3832 3278 3855 ,
3304 3790 3397 3845 sed
3427 3792 3647 3845 nomina
3669 3806 3766 3846 eoâ€”

502 3892 625 3933 rum
655 3877 748 3949 qui
781 3878 1028 3934 similiter
1055 3878 1390 3948 interpretati
1416 3877 1654 3945 fuerant,
1683 3893 1712 3932 a
1738 3877 1913 3948 prima
1939 3878 2117 3932 solum
2146 3878 2387 3934 nominis
2410 3878 2609 3946 littera,
2640 3880 3019 3950 praemittimus
3045 3881 3147 3935 hoc
3183 3888 3340 3948 pacto
3364 3881 3454 3942 A.,
3485 3880 3572 3943 Î£.,
3607 3878 3667 3934 Î˜,
3704 3880 3767 3932 á½²Î½

500 3969 949 4043 Ï„Î¿á¿Ï‚Î¼Ï…ÎºÏ„á¿†ÏÏƒÎ¹Î½
981 3968 1144 4024 Î±á½‘Ï„Î¿á¿¦
1172 3969 1261 4033 Î‘..
1291 3968 1375 4037 S.,
1409 3969 1538 4038 Tlt.,
1564 3971 1620 4026 in
1650 3970 1870 4024 naribus
1899 3968 2033 4038 ejus.
2064 3968 2100 4023 ll

2166 3971 2345 4025 uaiea:
2375 3970 2645 4035 lectionis,
2677 3982 2731 4027 et
2756 3972 3262 4042 interpretationutn
3295 3970 3766 4041 Graecarumque!

504 4062 651 4118 illam
682 4073 1009 4133 sequuntur,
1034 4065 1343 4119 versionem
1379 4064 1629 4120 Latinam
1662 4065 1717 4119 in
1769 4064 1941 4119 altera
2000 4063 2253 4119 columna
2280 4079 2312 4119 e
2360 4064 2581 4136 regione
2619 4066 2892 4135 ponimus,
2925 4065 3214 4135 subiuncta
3245 4065 3414 4120 altero
3449 4065 3768 4120 charactere

504 4153 733 4226 Vulgata
761 4155 976 4220 Latina,
1007 4164 1067 4209 ut
1087 4156 1250 4210 etiam
1282 4153 1468 4210 Graece
1490 4154 1728 4224 imperiti
1760 4153 1865 4207 hac
1897 4160 2088 4207 nostra
2112 4152 2434 4210 collectione
2466 4155 2543 4209 uti
2572 4155 2809 4210 valeant.

569 4245 689 4303 Non
718 4247 944 4303 deerant
974 4246 1066 4316 qui
1091 4245 1286 4299 vellent
1327 4244 1595 4315 integrum
1640 4243 1727 4297 edi
1776 4251 1990 4298 textum
2022 4239 2292 4298 Biblicum
2319 4283 2335 4309 ,
2364 4244 2457 4300 alii
2482 4243 2808 4300 Hebraicum
2827 4286 2843 4310 ,
2880 4243 2971 4298 alii
3010 4240 3178 4308 LXX,
3198 4243 3290 4298 alii
3317 4258 3446 4298 vero
3475 4242 3763 4315 Vulgatam

499 4341 770 4410 Latinam,
806 4352 867 4398 ut
894 4343 1101 4399 scilicet
1125 4342 1219 4411 qui
1257 4339 1512 4410 flexaptis
1541 4340 1767 4404 nostris,
1808 4338 1902 4392 ubi
1935 4346 2122 4393 textus
2153 4338 2362 4409 integer
2404 4340 2706 4396 secundum
2746 4340 2949 4394 nullam
2995 4339 3286 4394 editionem
3322 4339 3507 4405 adest,
3536 4339 3614 4392 uti
3652 4339 3765 4391 vel-

501 4437 633 4503 lent,
656 4438 732 4492 ibi
765 4445 943 4492 tamen
971 4445 1138 4491 totam
1166 4434 1461 4506 Scripturae
1483 4434 1678 4488 seriem
1707 4432 2006 4487 secundum
2036 4433 2279 4502 aliquam
2311 4447 2379 4487 ex
2416 4432 2749 4487 editionibus
2782 4432 2850 4487 ad
2880 4446 3102 4487 manum
3138 4431 3421 4485 baberent.
3462 4428 3541 4483 Ne
3567 4428 3763 4497 multa,

502 4530 605 4584 hoc
626 4530 753 4585 item
779 4530 1069 4585 consilium
1116 4530 1483 4600 respuendum
1529 4527 1660 4584 duxi
1693 4528 2001 4597 :siquidem
2035 4543 2124 4583 res
2160 4528 2235 4582 ita
2282 4528 2609 4583 concinnata
2656 4536 2774 4594 est,
2804 4536 2863 4581 ut
2893 4528 3128 4598 quisque
3151 4525 3436 4582 commode
3462 4526 3657 4595 possit,
3677 4524 3768 4580 vel

501 4619 851 4685 Hebraicum,
872 4620 957 4675 vel
990 4619 1131 4672 LXX
1169 4621 1511 4690 interpretes,
1542 4619 1626 4673 vel
1648 4616 1933 4687 Vulgatam
1956 4616 2228 4682 Latinam,
2253 4618 2337 4672 vel
2359 4619 2579 4672 demum
2611 4616 2913 4689 Polyglotta
2939 4620 3076 4688 ipsa,
3100 4619 3201 4675 hac
3223 4626 3487 4690 praesente
3506 4625 3560 4672 et
3575 4626 3762 4687 aperta

502 4710 870 4780 [templorum
900 4710 1239 4776 collectione,
1262 4710 1567 4779 perlegere;
1600 4718 1764 4777 atque
1790 4708 1881 4763 ubi
1916 4715 2212 4777 suppetunt
2243 4715 2486 4761 veterum
2527 4707 2882 4777 interpretum
2911 4708 3193 4776 lectiones,
3237 4708 3454 4763 easdem
3499 4723 3622 4763 eum
3656 4724 3723 4763 eo
3743 4748 3763 4775 ,

502 4818 664 4873 quem
696 4819 808 4873 prae
833 4804 1089 4858 manibus
1117 4804 1339 4869 habent,
1369 4801 1663 4873 Scriptura:
1690 4810 1839 4856 textu
1879 4798 2150 4866 conferre,
2181 4808 2241 4854 ut
2266 4799 2504 4869 plurium
2535 4799 2890 4869 interpretum
2932 4801 3136 4855 auxilio
3162 4815 3250 4856 res
3283 4799 3467 4854 minus
3504 4801 3647 4853 tritae
3674 4799 3761 4853 vel

503 4899 747 4954 obscurae
779 4897 992 4953 facilius
1021 4898 1246 4967 intelligi
1275 4904 1495 4967 queant.

576 4991 818 5062 Singulis
856 4992 1128 5063 capitibus
1158 5001 1316 5047 notas
1339 4990 1680 5061 subiicimus,
1714 4987 1805 5044 ubi
1839 4988 2016 5059 primo
2034 4988 2236 5044 dicitur
2260 4990 2532 5045 undcnam
2560 4988 2826 5044 lectiones
2848 4998 3091 5044 veterum
3110 4990 3464 5061 interpretum
3489 4997 3763 5057 excerpta;

503 5089 725 5145 fuerint.
755 5088 961 5143 Deinde
1000 5089 1047 5144 si
1075 5104 1182 5158 qua
1213 5091 1282 5143 ad
1333 5102 1516 5142 veram
1548 5085 1833 5141 lectionem
1876 5085 2223 5139 asserendam
2259 5097 2528 5155 oportuna
2555 5093 2865 5156 suppetant,
2890 5100 2951 5139 ea
2999 5086 3146 5141 clare
3192 5100 3289 5156 pro
3326 5083 3547 5138 modulo
3572 5093 3762 5138 nostro

501 5184 854 5256 proferimus.
873 5184 1016 5239 Loca
1034 5183 1254 5239 Patrum
1272 5198 1336 5238 ac
1355 5191 1594 5238 veterum
1617 5181 1941 5249 scriptorum
1966 5180 2248 5234 selectiora
2271 5181 2582 5251 adiicimus,
2607 5195 2796 5234 eorum
2825 5179 3062 5234 maxime
3088 5194 3322 5249 quorum
3349 5192 3537 5247 opera,
3566 5184 3762 5247 prater

502 5274 934 5345 á¼€Ï€Î¿ÏƒÏ€Î±ÏƒÎ¼á½±Ï„Î¹ÎµÎ¹
946 5274 1157 5344 (exigua
1168 5271 1488 5343 fragmenta)
1502 5286 1623 5339 quae
1640 5270 1694 5323 in
1711 5267 1929 5322 Catenis
1941 5285 2102 5323 manu

2155 5269 2325 5338 :riptis
2349 5279 2662 5340 supersunt,
2682 5271 2955 5340 deperdita
2974 5280 3121 5325 sunt.
3138 5269 3342 5324 llorum
3361 5285 3491 5325 vero
3509 5267 3755 5323 festivam

502 5368 714 5439 copiam
733 5367 1121 5422 animadvertet
1141 5365 1389 5420 eruditus
1420 5362 1608 5427 lector,
1635 5361 1936 5430 przesertim
1963 5361 2015 5414 in
2040 5360 2430 5419 Pentateucho.
2459 5365 2505 5418 A
2536 5366 2923 5435 prolixioribus
2953 5363 3429 5432 explanationibus
3451 5359 3759 5430 compendii

502 5477 669 5518 causa
700 5459 1085 5516 abstinuimus.
1120 5456 1235 5512 Non
1256 5458 1400 5512 enim
1432 5456 1487 5510 in
1514 5454 1795 5524 proposito
1832 5454 1991 5510 nobis
2025 5454 2128 5510 fuit
2154 5460 2545 5514 commentaria
2565 5477 2700 5515 nova
2731 5460 2786 5514 in
2822 5458 3159 5527 Scripturam
3194 5470 3406 5513 sacram
3436 5453 3626 5519 edere,
3661 5454 3757 5510 sed

499 5571 566 5612 ea
598 5556 775 5612 solum
815 5554 1007 5610 afferre
1030 5568 1153 5625 qua:
1174 5562 1415 5611 veterum
1442 5551 1798 5618 interpretum
1846 5548 2171 5609 lectionibus
2204 5554 2287 5609 vel
2316 5555 2574 5610 eruendis
2597 5556 2678 5610 vel
2716 5553 3107 5610 conï¬rmandis
3142 5548 3448 5607 necessaria
3472 5557 3650 5603 erant.
3678 5550 3753 5602 Ex

567 5678 637 5742 (Î±)
664 5677 1023 5742 Primigenlum
1049 5677 1272 5725 ordinem
1287 5674 1661 5742 ,â€œpartitionemi
1689 5673 1883 5742 scilicet
1920 5675 1973 5723 in
2012 5676 2261 5742 columnas
2284 5690 2393 5734 sex,
2420 5676 2480 5727 ab
2494 5679 2611 5742 ipso
2631 5677 2850 5742 Origene
2875 5674 3175 5742 institutum,
3199 5671 3509 5742 reuertimus.
3545 5667 3758 5742 Grandia

503 5731 677 5802 utrique
710 5731 867 5802 labor,
900 5746 1126 5802 sumptus
1164 5731 1485 5802 grandioresi
1504 5747 1628 5795 quos
1652 5741 1816 5782 tamen
1838 5737 1887 5802 in
1926 5743 2131 5802 gratiam
2157 5731 2401 5802 l_ectorurn
2433 5731 3049 5800 sub'eundos'receptmus.
3076 5738 3330 5789 Proaeunt
3368 5745 3489 5794 ergo
3532 5731 3759 5796 egregia

504 5795 728 5865 reliquie
751 5795 966 5866 non'iam
986 5795 1192 5852 nomine
1212 5811 1373 5861 tenus,
1398 5795 1489 5846 scd
1512 5808 1629 5845 vere
1655 5806 1810 5854 á½·ÎµÎ¹Î¹Î¹Î»Î¸Ï‚
1832 5795 2126 5848 distributas.
2154 5799 2287 5851 Eutr.
2315 5801 2526 5852 Panos.
