4052 6388
230 306 276 365 l1
1784 318 1827 372 ip

2043 319 2173 374 TlO.
2506 384 2511 385 ν
3328 282 3331 285 ’
3568 327 3639 383 l8

237 423 372 481 Brittii
392 426 556 482 netis
584 442 716 485 eas
752 431 1188 504 detestatus
1212 445 1264 492 et
1289 433 1692 503 exscripsimus,
1723 449 1845 503 quae
1877 435 2122 489 utiliores
2156 450 2278 490 esse
2307 435 2643 491 videbantur.
2678 436 2830 493 Licet
2855 439 3005 494 enim
3037 438 3128 496 ille
3150 441 3367 496 strenui
3389 444 3628 513 scripto-

238 521 294 577 ris
316 535 511 574 munus
538 521 1007 593 impleverit,
1041 526 1432 598 grammaticis
1455 534 1633 580 tamen
1664 525 2140 592 adnotationibus,
2177 541 2276 594 pro
2301 541 2449 580 more
2474 542 2577 581 suo
2596 568 2611 593 ,
2647 528 2829 582 omnia
2854 529 2921 583 ad
2952 545 3217 585 nauseam
3246 548 3422 600 usque
3450 536 3633 605 reple-

244 614 315 678 vit,
340 612 410 666 ita
456 621 531 666 ut
580 628 697 668 res
770 619 1107 674 omnino
1144 620 1300 674 tritas
1322 625 1375 673 et
1406 616 1605 685 cuique
1649 616 1863 687 pervias
1908 617 2113 685 passim
2152 615 2341 670 aﬂerat
2372 633 2574 688 :quam
2603 632 2718 671 rem
2742 618 2845 687 ipsi
2870 633 3011 685 ,nec
3038 621 3157 676 sine
3189 622 3458 690 ludibrio,
3493 622 3630 679 vitio

245 705 448 763 valebat
465 702 815 776 Iosephus
862 710 1207 782 Scaliger.

302 797 623 853 Ennianum
658 799 1041 868 ordinem,
1079 817 1251 873 quem
1272 800 1523 871 Origenes
1543 799 1868 865 instituerat,
1900 800 2226 856 servandum
2259 799 2386 855 duxi
2407 839 2423 863 ,
2454 800 2531 855 ita
2562 810 2621 854 ut
2651 800 2828 870 primo
2855 802 3065 857 locetur
3088 800 3390 860 Hebraicus
3417 813 3624 873 textus,

257 897 418 953 deinde
444 895 697 965 Aquila,
756 907 936 965 post
1015 896 1420 968 Symmachus,
1451 905 1645 965 quarto
1676 896 1796 951 loco
1826 894 1991 959 LXX,
2022 904 2298 966 postremo
2343 894 2643 951 Theodotio
2676 913 2689 949 :
2729 904 2892 965 atque
2934 896 3024 950 ubi
3054 905 3164 952 tres
3195 898 3317 952 aliae
3356 898 3628 954 editiones

262 994 443 1065 quinta,
473 1000 650 1047 sexta
674 1001 747 1047 et
781 993 1100 1062 septima
1125 994 1411 1058 habentur,
1448 992 1552 1047 illae
1575 991 1885 1048 novissima:
1912 992 2157 1047 omnium
2190 999 2483 1060 ponantur.
2514 988 2744 1050 Hebraei.
2770 988 3137 1054 Samaritani,
3168 998 3223 1045 et
3254 989 3378 1062 Syri
3405 993 3627 1048 Graecas

268 1089 775 1157 interpretationes,
804 1104 974 1159 qua:
1016 1103 1426 1157 nonnunquam
1458 1097 1774 1152 occurrunt,
1804 1101 2014 1155 semper
2041 1095 2162 1156 post
2192 1084 2515 1141 Hebraicum
2542 1095 2748 1139 textum
2777 1092 2831 1139 et
2860 1093 2988 1138 ante
3012 1085 3151 1139 alias
3175 1084 3441 1141 editiones
3461 1086 3617 1142 Grie-

275 1198 349 1238 cas
373 1184 655 1236 locamus.
698 1180 1066 1238 Hebraicae
1089 1181 1354 1236 lectiones
1386 1179 1501 1234 sine
1525 1179 1740 1249 punctis
1768 1178 2210 1248 motionibusque
2249 1177 2620 1233 Massoreticis
2656 1177 2746 1231 hic
2790 1191 3004 1245 semper
3037 1179 3395 1234 scribuntur:
3428 1192 3529 1233 nec
3555 1176 3626 1231 li-

278 1278 443 1333 berum
472 1276 585 1331 fuit
615 1291 810 1333 secus
843 1291 1079 1345 agere,
1109 1275 1243 1346 quia
1272 1283 1409 1329 nota:
1436 1274 1537 1329 illae
1563 1273 1925 1330 Massoreticaa
1952 1273 2251 1343 saepissime
2272 1274 2338 1328 ad
2368 1274 2535 1328 alium
2568 1287 2791 1329 sensum
2818 1273 3209 1341 determinant,
3231 1274 3621 1345 diversumque

284 1372 339 1427 ab
356 1387 420 1426 eo
438 1386 609 1441 quem
644 1370 734 1425 illi
754 1370 974 1425 secuti
1016 1378 1189 1425 sunt.
1207 1367 1478 1423 Lineolam
1497 1376 1674 1421 tamen
1691 1365 1944 1435 Maceaph
1968 1366 2192 1429 dictam,
2211 1366 2347 1419 utin
2377 1366 2740 1423 Massoreticis
2762 1366 2912 1423 libris
2933 1378 3248 1435 usurpatur,
3282 1370 3618 1426 retinendam

288 1465 421 1527 duxi,
449 1462 579 1532 quia
616 1462 756 1531 ejus
791 1461 1095 1531 aliquam
1126 1460 1389 1514 rationem
1422 1458 1681 1514 habuisse
1701 1458 1950 1513 videntur
1987 1468 2197 1514 veteres
2221 1458 2330 1525 illi,
2369 1466 2429 1512 ut
2458 1474 2527 1513 ex
2564 1459 2742 1519 verbis
2769 1457 3051 1515 Hebraicis
3080 1458 3267 1516 Graaee
3294 1461 3615 1532 descriptis,

292 1572 398 1629 qua
426 1564 765 1625 supersunt,
802 1554 1135 1624 liquidum
1161 1553 1394 1609 videtur.

354 1647 604 1704 Hebraici
640 1655 854 1702 textus
888 1645 1183 1699 Latinam
1214 1642 1711 1713 interpretationem
1734 1640 1983 1697 dedimus
2005 1681 2019 1708 ,
2049 1644 2267 1713 qualem
2315 1643 2515 1700 dedere
2549 1642 2744 1699 Santes
2776 1642 3055 1716 Pagninus
3088 1646 3171 1701 vel
3215 1644 3373 1713 Arias
3404 1645 3617 1703 Monta-

301 1757 428 1795 nus:
462 1755 594 1793 nam
625 1740 1013 1793 alterutrum
1064 1738 1191 1791 fere
1244 1730 1554 1807 sequimur;
1589 1736 1661 1791 ita
1692 1744 1871 1789 tamen
1905 1744 1963 1790 ut
2000 1737 2220 1806 quando
2249 1737 2323 1791 illi
2349 1739 2516 1793 nimio
2556 1738 2812 1808 scrupulo
2861 1738 3334 1807 interpretationes
3380 1740 3613 1795 efferunt

304 1835 569 1901 barbaras,
622 1842 682 1888 et
708 1849 855 1904 qua:
892 1834 1003 1887 vix
1043 1830 1459 1902 intelligantur,
1492 1829 1629 1884 alias
1670 1828 2065 1884 substituamus
2101 1830 2323 1900 paulum
2356 1831 2716 1902 elegantiores
2735 1840 2789 1886 et
2821 1831 3102 1886 clariores.
3136 1830 3236 1885 Vix
3274 1834 3417 1885 enim
3455 1848 3614 1902 aequo

305 1929 472 1983 animo
499 1928 672 1991 feras,
700 1925 978 1996 exempli
1022 1939 1228 1987 causa,
1257 1940 1368 1989 eos,
1407 1923 1499 1977 ubi
1532 1930 1613 2009 ἢκ
1645 1937 1743 1991 pro
1763 1923 1846 1975 ira
1884 1920 2166 1987 accipitur,
2195 1922 2338 1992 quod
2356 1908 2556 1992 passim
2583 1924 2865 1993 contingit,
2897 1940 3085 1978 nasum
3106 1932 3333 1984 vertere.
3354 1932 3612 1978 etnasum

310 2022 415 2084 Dei,
433 2036 528 2092 pro
556 2022 647 2075 ira
684 2019 792 2074 Dei
835 2019 1081 2087 ubique
1110 2016 1475 2085 interpretari,
1506 2024 1568 2069 ut
1596 2023 1787 2069 czetera
1815 2022 2021 2069 taceam
2049 2013 2381 2084 κακοζηλίας
2413 2016 2679 2085 exempla.
2712 2015 2945 2071 Nomina
2976 2032 3105 2071 vero
3137 2018 3352 2087 propria
3379 2033 3487 2070 non
3525 2032 3615 2073 se-

309 2115 529 2169 cundum
554 2112 1021 2167 Hassoreticam
1050 2108 1365 2171 lectionem,
1393 2107 1488 2161 sed
1520 2114 1578 2161 ut
1602 2116 1811 2162 veteres
1839 2105 2118 2183 legebant,
2155 2114 2214 2160 ut
2248 2105 2542 2175 plurimum
2578 2108 2971 2178 exprimimus;
3002 2110 3048 2163 si
3078 2124 3237 2165 secus
3261 2108 3505 2176 accidat,
3527 2108 3612 2164 vel

311 2208 504 2262 incuria
530 2207 617 2262 vel
647 2208 822 2276 lapsu
856 2203 1356 2276 typographorum
1383 2201 1605 2256 accidit.

374 2299 679 2356 Asteriscos
709 2310 767 2354 et
828 2299 1056 2352 obelos
1100 2295 1459 2365 apposuimus
1480 2335 1495 2359 ,
1529 2294 1845 2365 ubicunque
1894 2295 1950 2350 in
1982 2296 2368 2366 manuscriptis
2412 2297 2763 2353 notabantur.
2793 2296 3031 2353 Cmteros
3057 2306 3259 2361 autem,
3287 2299 3378 2368 qui
3404 2297 3608 2369 passim

314 2393 659 2449 occurrebant
677 2393 737 2446 in
769 2390 1076 2459 Hexaplis
1111 2387 1477 2458 Origenianis,
1498 2401 1749 2457 quosque
1770 2386 1883 2457 jam
1912 2388 2199 2442 restituere
2218 2386 2599 2443 difficillimum
2628 2382 2789 2454 esset,
2811 2404 2916 2443 non
2942 2390 3334 2461 perquirendos
3362 2407 3484 2447 esse
3507 2409 3611 2461 pu-

318 2487 556 2543 tavimus.
582 2484 753 2552 Nam,
788 2494 859 2539 ut
886 2483 1094 2538 fusius
1118 2483 1172 2535 in
1203 2481 1659 2537 Pneliminaribus
1688 2482 1918 2549 dicetur,
1949 2483 2338 2538 asteriscorum
2371 2484 2607 2539 maxima
2634 2500 2758 2553 pars
2781 2484 2944 2554 hujus
2972 2486 3187 2555 generis
3218 2495 3393 2553 erant,
3425 2496 3483 2541 ut
3512 2503 3613 2557 pa-

321 2596 433 2634 rum
465 2580 585 2635 inde
619 2581 768 2635 lucis
811 2578 889 2633 ad
942 2576 1270 2631 litterarum
1302 2573 1688 2629 Hebraicarum
1725 2575 2134 2645 intelligentiam
2177 2574 2479 2631 accederet.
2517 2575 2796 2646 Siquidem
2826 2586 2976 2631 tanto
3013 2577 3270 2647 scrupulo
3297 2576 3511 2631 fuerant
3538 2579 3610 2632 ab

322 2673 533 2746 Origene
582 2675 777 2746 positi,
837 2682 907 2727 ut
966 2669 1065 2725 vel
1120 2683 1283 2739 quam
1313 2668 1565 2724 minimas
1588 2668 1883 2739 particulas
1918 2669 2379 2739 Hebraismosque
2408 2686 2621 2734 omnes,
2651 2672 2742 2740 qui
2776 2670 2963 2729 Graeca
2999 2672 3181 2743 lingua
3214 2688 3320 2726 non
3354 2681 3615 2742 poterant

321 2773 566 2827 concinne
624 2757 955 2834 enuntiari,
1015 2765 1229 2835 quique
1263 2764 1394 2817 nihil
1426 2765 1493 2818 ad
1541 2779 1762 2819 sensum
1812 2763 2118 2832 faciebant,
2151 2765 2461 2835 importuna
2496 2766 2752 2838 ἀκριϐείᾳ
2785 2776 3053 2823 notarent.
3095 2767 3248 2823 Tunc
3269 2784 3400 2823 vero
3433 2770 3612 2824 solum

320 2865 549 2921 asterisci
568 2872 623 2918 et
649 2879 714 2919 ea
750 2878 887 2933 quae
917 2859 1223 2915 asteriscis
1247 2859 1626 2914 indicabantur
1657 2859 1807 2914 utilia
1829 2870 2003 2925 erant,
2035 2875 2159 2914 cum
2186 2860 2461 2916 clausulas
2483 2871 2581 2915 aut
2609 2862 2769 2916 verba
2803 2878 2833 2916 a
2861 2862 3004 2916 LXX
3042 2863 3430 2933 lnterpretibus
3470 2879 3615 2935 prte-

325 2961 556 3017 termissa
590 2960 955 3016 exhibebant
992 2976 1009 3013 :
1052 2956 1221 3025 hujus
1248 2965 1426 3011 autem
1462 2955 1676 3026 generis
1707 2956 1998 3011 asteriseos
2027 2972 2247 3011 summo
2296 2957 2479 3011 studio
2510 2958 2971 3027 perquisivimus,
3003 2962 3098 3030 qui
3131 2961 3177 3015 si
3205 2976 3328 3014 cum
3362 2960 3485 3016 aliis
3517 2977 3613 3016 su-

326 3056 656 3123 pervacaneis
692 3061 1154 3124 comparentur,
1204 3051 1519 3120 paucissimi
1566 3062 1713 3107 sunt.
1745 3049 1895 3106 Obeli
1935 3061 2139 3115 autem,
2186 3066 2250 3106 ea
2283 3067 2404 3121 qua:
2431 3052 2486 3106 in
2517 3051 2657 3106 LXX
2688 3051 3078 3125 lnterpretibus
3108 3056 3484 3111 redundabant
3517 3059 3615 3112 ad-

333 3161 575 3214 notantes,
633 3148 1030 3221 assequendaa
1098 3143 1505 3216 Scripturarum
1558 3147 1746 3214 menti,
1803 3157 1863 3203 ut
1916 3147 2212 3218 plurimum
2244 3147 2435 3203 saltem
2458 3188 2472 3211 ,
2501 3163 2693 3218 parum
2727 3149 3124 3206 conducebant.
3161 3152 3525 3218 Quamobrem
3558 3155 3614 3209 id

328 3248 541 3300 maxime
559 3246 921 3312 curavimus,
950 3251 1022 3298 ut
1045 3258 1213 3313 quam
1246 3243 1507 3312 plurimas
1532 3258 1813 3312 possemus
1835 3254 2082 3298 veterum
2111 3242 2465 3313 interpretum
2497 3244 2756 3300 lectiones
2779 3246 3027 3301 studioso
3050 3248 3235 3303 lectori
3267 3248 3610 3306 offerremus.

396 3339 566 3398 Sicubi
606 3358 776 3412 porro
808 3337 1162 3410 hujusmodi
1198 3337 1455 3394 lectiones
1483 3336 1674 3392 Latine
1702 3346 1912 3393 tantum
1944 3338 2024 3393 vel
2055 3339 2123 3393 ab
2154 3324 2483 3409 Hieronymo
2511 3340 2592 3393 vel
2617 3340 2685 3395 ab
2716 3341 2988 3411 Hesycliio
3012 3340 3336 3410 ali‘eruutur,
3367 3358 3431 3398 ex
3463 3341 3615 3398 Lati-

329 3435 413 3492 uis
436 3438 614 3494 Graeca
640 3438 829 3494 facere
852 3437 997 3492 sine
1033 3432 1272 3504 alicujus
1296 3448 1399 3488 ms.
1432 3434 1755 3488 auctoritate
1789 3443 2066 3489 tentavere
2105 3433 2324 3504 quidam
2363 3433 2701 3504 :Gmccaque
2749 3433 3065 3505 hujusmodi
3094 3435 3422 3507 fragmenta,
3456 3440 3616 3509 quasi

330 3546 631 3600 germanum
661 3532 912 3604 Aquilae,
988 3528 1331 3600 Symmachi,
1384 3527 1772 3585 Theodotionis
1818 3539 1875 3585 et
1923 3530 2155 3585 aliorum
2187 3538 2391 3585 textum
2413 3571 2429 3596 ,
2463 3530 2519 3585 in
2555 3531 2729 3586 lucem
2766 3532 3088 3588 emiserunt.
3122 3533 3195 3589 Ex
3236 3537 3438 3606 talique
3474 3552 3614 3590 ausu

332 3625 637 3699 plerumque
669 3627 883 3683 accidit
916 3633 986 3681 ut
1025 3625 1189 3693 longe
1217 3622 1490 3693 disparata
1517 3639 1615 3694 pro
1645 3624 1787 3680 veris
1817 3625 2241 3693 substituantur,
2272 3626 2414 3695 quod
2442 3626 2743 3695 saepissime
2771 3627 2978 3696 experti
3010 3643 3223 3693 sumus,
3251 3644 3376 3687 eum
3400 3641 3616 3701 reperta

336 3732 451 3773 vera
476 3721 726 3786 lectione,
754 3721 915 3775 illius
941 3718 1072 3773 sine
1103 3717 1423 3773 auctoritate
1445 3716 1652 3773 codicis
1681 3717 1917 3786 alicujus
1945 3718 2258 3773 substitutaa
2287 3717 2486 3771 νωθεία
2516 3720 2813 3788 conspicua
2840 3718 2959 3774 fuit.
2985 3718 3095 3785 Nec
3122 3722 3372 3790 improbo
3405 3730 3613 3787 tamen,

335 3818 543 3883 quando
571 3818 933 3887 exploratum
977 3822 1071 3869 est
1103 3828 1173 3866 ex
1201 3812 1400 3882 quibus
1425 3810 1628 3868 Grzeeis
1661 3812 1842 3868 verbis
1876 3812 2066 3868 Latina
2096 3815 2408 3880 manarint,
2440 3814 2484 3869 si
2523 3824 2654 3868 tunc
2682 3814 2797 3884 ipsa
2822 3814 3009 3870 Graeca
3056 3816 3220 3870 verba
3253 3817 3567 3874 iudicentur
3597 3834 3614 3874 :

335 3908 550 3975 exempli
574 3922 767 3971 causa,
807 3907 857 3962 si
888 3904 1027 3975 quis
1052 3912 1294 3958 veterum
1346 3904 1551 3959 diceret
1595 3903 1805 3973 Aquilae
1836 3905 2122 3959 lectionem
2169 3905 2251 3960 sic
2280 3905 2499 3971 habere,
2539 3915 2587 3958 et
2620 3906 2675 3958 in
2701 3907 2911 3959 nomine
2930 3906 3046 3975 ejus
3081 3916 3258 3976 gentes
3286 3909 3576 3978 sperabunt
3596 3947 3614 3974 ,

335 3989 459 4055 ‘unc
481 4002 596 4055 sine
624 4000 884 4070 periculo
928 3997 1047 4053 dici
1078 4005 1261 4066 posset
1288 3996 1473 4053 Graeca
1509 3996 1591 4052 sic
1624 3996 1901 4060 habuisse,

2012 3998 2036 4050 l.
2060 4000 2118 4052 ὲν
2145 3998 2221 4069 τῷ
2244 3998 2465 4069 ὀνόματι
2496 3997 2661 4052 αὐτοῦ
2690 3997 2759 4052 τὰ
2787 3997 2915 4069 ἔθνη
2938 3997 3203 4053 ὲλπιοῦσι.
3236 4000 3307 4054 ΑΙ.
3336 4002 3426 4055 illo
3447 4002 3612 4055 etiam

339 4104 462 4149 casu
490 4076 802 4149 monendus
838 4101 996 4147 esset
1030 4092 1205 4145 lector
1227 4090 1413 4146 Graeca
1435 4106 1499 4146 ex
1529 4090 1737 4148 Latinis
1770 4089 1914 4146 facta
1955 4091 2144 4159 fuisse,
2175 4093 2322 4163 quod
2351 4094 2515 4147 etiam
2546 4109 2760 4148 summa
2796 4094 3057 4164 religione
3084 4095 3436 4164 praestitimus
3465 4113 3479 4149 :
3509 4097 3612 4151 liu-

337 4186 671 4256 jusmodique
690 4186 819 4240 loca
849 4196 1080 4252 semper
1103 4181 1318 4238 uncinis
1342 4181 1687 4248 inclusimus,
1738 4197 1864 4238 cum
1892 4184 1975 4237 vel
1998 4198 2065 4238 ex
2096 4182 2307 4239 Latinis
2347 4182 2488 4238 facta
2510 4224 2525 4249 ,
2554 4184 2639 4238 vel
2668 4185 2890 4240 aliunde
2916 4185 3083 4240 dubia
3113 4186 3271 4241 nobis
3299 4201 3423 4242 esse
3458 4187 3608 4242 vide-

342 4278 546 4338 bantur.

435 4370 736 4428 Monendus
791 4379 884 4426 est
945 4367 1219 4423 candidus
1261 4368 1452 4435 lector,
1502 4377 1562 4422 ut
1601 4384 1725 4448 cum
1771 4369 1890 4425 loca
1952 4370 2198 4440 quaedam
2235 4370 2289 4425 in
2324 4369 2696 4426 Pentateucho
2729 4371 3016 4425 consulere
3049 4368 3309 4434 voluerit,
3342 4382 3450 4423 non
3486 4384 3607 4423 eam

343 4468 507 4535 modo,
530 4484 650 4539 qua:
675 4469 736 4523 in
770 4465 1060 4537 principio
1085 4465 1262 4532 posita
1299 4473 1403 4531 est,
1459 4464 1821 4533 llexaplorum
1850 4465 2254 4529 collectionem,
2291 4467 2387 4520 sed
2439 4465 2605 4520 etiam
2648 4463 3012 4534 Appendicem
3047 4479 3263 4533 semper
3292 4464 3453 4518 adeat
3486 4481 3500 4517 :
3535 4465 3610 4519 ibi

343 4577 558 4635 namque
579 4564 833 4635 plurima
883 4558 1132 4629 reperiet
1158 4560 1401 4614 nondum
1448 4559 1735 4614 observata
1772 4559 1928 4615 nobis
1961 4575 2086 4614 cum
2117 4559 2548 4616 Pentateuchum
2592 4558 2900 4624 ederemus,
2926 4558 3220 4628 aliquando
3252 4558 3418 4613 etiam
3454 4543 3612 4627 plura

338 4673 484 4727 quam
508 4675 561 4713 in
593 4656 885 4729 principio
913 4668 1305 4725 posueramus.
1336 4652 1620 4710 Lectiones
1670 4655 1742 4709 ibi
1781 4656 1984 4721 multae,
2018 4656 2188 4726 ignoti
2223 4665 2384 4711 antea
2419 4654 2764 4725 interpretis,
2803 4669 2906 4709 suo
2951 4654 3165 4710 auctori
3204 4655 3609 4721 restituuntur;

335 4751 441 4807 alite
465 4768 620 4810 secus
655 4752 864 4823 positae
890 4747 1280 4804 emendantur.
1307 4748 1460 4804 Hanc
1480 4758 1662 4805 autem
1697 4750 2042 4806 Collectionis
2076 4761 2281 4807 nostrae
2306 4761 2519 4822 partem
2549 4750 2670 4805 ideo
2697 4750 2752 4804 in
2783 4750 2919 4816 fine,
2945 4749 3276 4820 Appendieis
3310 4764 3464 4804 more
3484 4788 3499 4815 ,
3526 4748 3607 4803 lo-

330 4851 573 4914 cavimus,
601 4851 740 4921 quia
771 4846 849 4904 ad
888 4843 1284 4901 bibliothecam
1312 4844 1725 4911 Coislinianam,
1756 4861 1822 4901 ex
1854 4847 2010 4916 cujus
2038 4848 2225 4904 codice
2254 4845 2556 4917 perinsigni
2582 4847 2842 4901 lectiones
2881 4845 3001 4900 illas
3024 4845 3355 4914 posteriores
3378 4841 3611 4898 mutuati

328 4959 518 5013 sumus,
547 4949 768 5003 aditum
806 4945 1119 5014 impetrare
1149 4941 1492 5011 nequivimus
1510 4942 1609 5014 (α),
1638 4942 1808 4998 donec
1835 4944 1890 4996 in
1912 4942 2031 5013 ejus
2054 4944 2463 5013 possessionem
2488 4942 2699 4998 veniret
2724 4940 3128 4995 illustrissimus
3155 4938 3307 4993 Dom.
3342 4937 3610 4992 Henricus

326 5039 530 5101 Carolus
554 5045 630 5099 du
660 5040 966 5099 Cambout
992 5035 1062 5091 de
1082 5033 1309 5101 Coisliu,
1345 5037 1455 5092 dux
1485 5046 1539 5093 et
1584 5054 1684 5108 par
1708 5038 1954 5095 Francia:
1974 5080 1988 5105 ,
2011 5041 2308 5110 episcopus
2338 5039 2621 5105 Metensis,
2659 5036 3011 5094 Coislinianae
3043 5036 3265 5089 familiai
3292 5035 3480 5097 decus,
3515 5033 3610 5101 qui

320 5140 613 5206 proinnata
650 5132 1071 5194 beneﬁcientia
1104 5132 1318 5187 codices
1365 5134 1525 5189 nobis
1577 5136 1646 5189 ad
1700 5144 1893 5191 nutum
1948 5133 2338 5205 suppeditavit.
2367 5133 2494 5189 Haec
2525 5147 2697 5204 porro
2739 5132 3067 5188 bibliotheca
3109 5129 3611 5197 inanuscrlptorum

315 5228 606 5288 Graecorum
639 5230 817 5301 copia
855 5225 1084 5296 paucis,
1113 5227 1425 5294 praestantia
1450 5242 1577 5282 vero
1606 5238 1659 5284 et
1685 5230 2013 5302 antiquitate
2036 5230 2171 5283 nulli
2202 5229 2476 5284 concedit.
2513 5227 2726 5285 Horum
2764 5227 3073 5295 catalogum
3116 5221 3453 5294 peramplum
3489 5234 3612 5289 pre-

312 5328 552 5401 tiosisque
574 5323 893 5385 anecdotis
927 5322 1076 5376 bene
1098 5320 1282 5377 multis
1305 5321 1629 5379 instructum
1669 5325 1772 5381 sub
1809 5328 1927 5397 ejus
1960 5325 2225 5393 auspiciis
2260 5338 2546 5393 paramus,
2578 5324 2895 5396 propediem
2922 5321 2975 5374 in
3006 5320 3181 5373 lucem
3216 5315 3506 5370 edendum.

364 5426 523 5484 Solita
558 5443 699 5497 erga
740 5437 861 5481 nos
890 5417 1242 5474 humanitate
1268 5432 1482 5489 semper
1519 5435 1652 5477 usus
1685 5429 1770 5476 est
1795 5421 2206 5477 illustrissimus
2242 5420 2415 5475 abbas
2443 5420 2511 5475 de
2540 5420 2810 5486 Louvois,
2835 5415 3183 5476 Bibliotheca:
3214 5409 3396 5479 Regina
3424 5405 3617 5477 prefe‘

300 5531 423 5593 ctus,
450 5527 542 5598 qui
574 5541 683 5597 pro
716 5528 871 5577 voto
902 5514 1075 5570 nobis
1099 5513 1275 5582 regios
1310 5515 1524 5570 codices
1548 5516 1776 5584 obtulit,
1807 5533 2043 5588 quorum
2075 5530 2239 5573 usum
2277 5514 2508 5586 singula:
2549 5518 2727 5571 ferme
2771 5511 2934 5582 hujus
2977 5508 3157 5578 operis
3187 5509 3395 5574 paginae
3420 5498 3614 5555 testiﬁ-

295 5597 486 5677 cantur,
522 5621 758 5679 Ofﬁciis
799 5617 952 5671 item
988 5608 1106 5664 suis
1129 5624 1227 5665 nos
1257 5612 1503 5666 certatim
1537 5616 1814 5682 prosecuti
1845 5624 2013 5679 sunt,
2041 5611 2106 5668 V.
2133 5613 2219 5669 Cl.
2245 5609 2508 5668 Nicolaus
2540 5612 2827 5675 Clemens,
2873 5607 2941 5662 de
2961 5605 3119 5675 cujus
3139 5601 3290 5656 obitu
3321 5597 3613 5651 admodum

345 5715 409 5779 (α)
431 5719 712 5769 Lectiones
740 5709 961 5763 codicis
977 5702 1290 5779 .Coisliniani,
1314 5720 1435 5779 quas
1459 5706 1509 5755 in
1535 5711 1813 5773 appendice
1837 5710 2121 5773 conjecerat
2144 5706 2590 5771 Montefalconius,
2635 5705 2696 5753 ad
2722 5707 3003 5770 capitulum.
3032 5695 3434 5758 unumqlwdque.
3476 5703 3616 5753 cuius

289 5767 406 5847 aut;
437 5767 767 5833 revocandas
791 5768 1123 5845 curavimus.
1153 5767 1290 5818 Eutr.
1324 5768 1533 5818 ΡΑτιιοι..
1565 5767 1613 5833 ξ’
