4052 6388
140 304 184 359 2|
1479 322 1549 377 IN
1587 321 1908 377 HEXAPLA
1945 320 2293 379 ORIGENIS.

3473 332 3549 389 ‘2‘)

147 427 621 497 pulsatum-um
662 453 685 490 :
730 455 984 511 neque
1016 460 1213 498 eorum
1235 446 1465 498 meminit
1517 445 1768 517 Origenes
1797 446 1853 499 in
1883 451 1929 507 Α
1993 443 2055 499 11.
2085 444 2195 499 Cur
2226 443 2472 510 Tetrapla
2499 453 2548 499 et
2583 442 2831 512 "exopta
2857 442 3112 514 Origenes
3143 444 3509 502 adornaverat.

151 520 422 586 expositione
450 539 597 578 sua.
652 528 847 585 Inde
880 535 1241 602 profectum
1272 534 1499 591 fortasse
1527 552 1723 591 nomen
1745 548 1847 605 est,

154 610 263 680 quod
286 612 503 669 librarii
536 619 857 687 quidam
890 624 1262 684 Hebraicam
1287 627 1547 685 Hebraice
1589 632 1846 701 scriptam

161 702 445 770 columnam,
481 723 616 764 non
657 714 953 773 usitata
993 720 1121 775 sibi
1150 723 1520 778 characterum
1546 722 1722 781 forma
1753 727 1848 781 de-

165 795 315 859 territi,
341 797 397 852 in
443 802 805 861 nonnullis
874 812 1333 881 exemplaribus
1377 817 1843 883 praetermiserim,

171 886 364 958 satisque
387 889 743 950 habuerint
792 896 1198 958 Hebraicum
1233 912 1432 960 textum
1476 906 1667 964 Graeco
1713 912 1848 966 cha-

176 990 339 1035 ractere
384 996 874 1052 repraesentare
911 1010 930 1046 :
982 994 1168 1063 ‘cujus
1208 998 1283 1051 rei
1313 1000 1620 1068 exemplum
1676 1001 1846 1058 babe-

180 1086 270 1125 mus
289 1071 340 1126 in
376 1075 587 1131 codice
626 1076 1053 1149 Barberino,
1084 1084 1242 1142 Osca:
1273 1104 1348 1154 ιι,
1388 1090 1440 1155 1,
1476 1092 1567 1146 ubi
1601 1094 1844 1164 quinque

185 1164 526 1224 «alumnarum
584 1170 1057 1243 fragmentum
1112 1179 1330 1236 eli‘ertur
1368 1199 1593 1253 prorsus
1637 1187 1839 1244 omissa

189 1256 416 1316 Bebraica
458 1265 842 1336 scriptione.
933 1270 1010 1328 Si
1075 1276 1207 1344 quis
1263 1290 1443 1332 autem
1521 1281 1837 1348 reluctetur,

193 1353 411 1421 etdicat,
453 1371 571 1411 non
630 1359 784 1417 ideo
850 1365 1274 1421 πεντασέλιδον
1317 1371 1534 1436 vocari,
1591 1375 1736 1443 quod
1784 1376 1839 1430 in

199 1443 487 1510 quibusdam
519 1447 697 1505 libris
728 1450 1063 1510 Hebraica
1093 1456 1358 1526 scriptura
1385 1475 1612 1528 prorsus
1633 1463 1839 1519 omissa

200 1532 351 1599 luerit,
382 1538 477 1592 sed
512 1541 675 1609 quod
715 1542 783 1596 in
814 1547 1192 1602 recensione
1212 1549 1586 1606 columnarum
1621 1552 1840 1610 Hebrai-

203 1642 282 1682 cas
306 1637 503 1694 textus,
538 1635 732 1688 semel
777 1635 1142 1704 Hebraicis,
1168 1648 1461 1713 posteaque
1494 1647 1659 1701 semel
1687 1647 1835 1703 Grae—

205 1716 269 1769 cis
290 1716 474 1773 litteris
506 1720 893 1793 descriptus,
934 1741 1055 1796 pro
1088 1743 1196 1783 una
1228 1736 1434 1786 tantum
1459 1734 1713 1791 columna
1763 1740 1835 1793 sit

208 1805 420 1873 habitus,
452 1810 589 1866 huic
613 1828 740 1868 non
777 1815 1131 1872 admodum
1167 1824 1476 1891 repugnabo
1509 1843 1522 1879 :
1557 1842 1681 1882 nam
1710 1828 1838 1886 licet

208 1911 262 1952 ex
280 1899 669 1958 liebraicarum
700 1906 1071 1963 litterarum
1099 1912 1395 1970 omissione
1416 1918 1682 1975 accidisse
1716 1937 1839 1978 sus-

210 1990 357 2058 picer,
381 2005 435 2047 nt
469 1995 522 2050 id
561 2004 692 2051 tuto
741 1998 1071 2056 allirmare
1103 2004 1308 2073 possim
1330 2046 1344 2071 ,
1391 2011 1641 2081 exempla
1694 2030 1836 2070 nova

212 2080 476 2139 desiderari
509 2104 623 2143 non
660 2090 961 2147 diﬂiteor.

270 2172 652 2247 Hexsplorum,
687 2182 1013 2250 ἐξαπλῶν,
1046 2200 1249 2242 nomen
1279 2204 1344 2244 ex
1372 2200 1566 2250 natura
1599 2210 1696 2251 sua
1740 2199 1837 2254 ad-

208 2263 465 2334 jectivum,
510 2273 895 2331 substantive
930 2278 1160 2347 passim
1208 2294 1504 2354 usurpatur
1541 2304 1570 2341 a
1632 2288 1835 2347 Graecis

215 2359 585 2452 scriptoribus;
644 2366 993 2436 aliquando
1033 2371 1203 2425 etiam
1248 2375 1534 2444 adjective.
1586 2378 1677 2441 Sic
1711 2381 1834 2452 Epi-

217 2450 460 2540 phanius,
499 2456 645 2511 libro
691 2458 779 2513 De
840 2460 1216 2530 ponderibus,
1255 2465 1522 2533 Ἐξαπλὰς
1547 2467 1695 2540 (sic)
1734 2450 1834 2538 ’ἑὰς

220 2539 452 2609 Βίϐλονς,
476 2545 830 2617 Sextuplices
884 2550 1102 2606 Libros
1126 2598 1140 2622 ,
1179 2563 1237 2610 ut
1265 2554 1630 2628 Hexaplorum
1663 2563 1832 2621 libros

223 2632 445 2692 indicet:
489 2649 543 2695 et
599 2643 657 2697 in
720 2647 1154 2703 vetustissimo
1203 2652 1590 2721 prOphetarum
1645 2654 1833 2709 codice

221 2736 371 2790 penes
390 2726 497 2784 RR.
523 2730 630 2785 PP.
664 2731 944 2791 Jcsuitas
983 2736 1191 2807 legitur
1222 2740 1490 2807 ἑξαπλοῦς
1534 2744 1828 2816 Ἱερεμίας,

222 2817 473 2884 sextuplex
502 2819 824 2889 Jeremias,
864 2841 902 2879 a
942 2828 1244 2896 sextuplici
1281 2832 1558 2889 columna.
1606 2833 1687 2889 Ex
1724 2837 1830 2891 fre—

220 2909 390 2997 quenti
414 2925 572 2979 porro
601 2915 719 2980 illa,
768 2933 914 2987 qua
943 2919 1007 2971 in
1045 2921 1320 2992 plerisque
1347 2926 1591 2997 antiquis
1636 2943 1827 2983 exem-

225 2996 443 3063 plaribus
471 3009 741 3072 occurrit,
796 3009 1206 3081 Hexaplorum
1255 2996 1570 3087 mentione,
1622 3020 1825 3078 factum

228 3090 416 3186 ridetur
431 3108 489 3153 ut
517 3100 760 3169 librarii,
796 3106 965 3177 πρὸς
992 3107 1403 3184 ἀντιδιαστολὴν
1435 3112 1823 3186 Hexaplorum,

2021 535 2143 600 Quo
2178 544 2356 589 autem
2405 533 2635 589 consilio
2666 532 2920 603 Tetrapla
2954 534 3286 606 etHexapla
3317 540 3544 592 concin-

1951 627 2161 681 naverit
2208 625 2494 697 Origenes,
2527 626 2765 695 explicat
2805 625 3178 698 Hieronymus
3221 628 3545 697 praefatione

1948 716 2003 771 in
2032 717 2204 773 libros
2227 716 2718 786 Paralipomenmn,
2754 718 2838 773 his
2866 719 3054 774 verbis
3087 735 3102 771 :
3140 718 3211 771 Et
3243 729 3382 774 certe
3414 719 3544 776 Ori-

1946 825 2096 880 genes
2132 825 2232 863 non
2268 810 2439 863 solum
2475 810 2803 879 exemplaria
2828 811 3124 879 composuit
3152 822 3385 880 quatuor
3424 813 3541 866 eili-

1947 901 2170 966 tionum,
2202 916 2231 954 e
2253 900 2457 971 regione
2481 886 2696 970 singula
2729 901 2885 954 verba
2913 900 3252 965 describens;
3300 911 3355 955 ut
3397 918 3535 957 unus

1944 992 2257 1047 dissentiens
2288 993 2494 1058 statim,
2520 997 2727 1048 ceteris
2760 994 2900 1047 inter
2949 1010 3005 1047 se
3053 994 3534 1061 consentientibus,
3633 1058 3641 1065 ,

1945 1094 2245 1152 arguatur;
2278 1082 2388 1150 sed,
2411 1085 2552 1153 quod
2578 1084 3068 1153 majoris'audacite
3088 1095 3189 1149 est,
3219 1087 3275 1139 in
3303 1085 3535 1139 editione
3582 1077 3593 1084 ’

1942 1172 2094 1227 LXX
2125 1173 2494 1228 Tlteodotionis
2523 1175 2808 1228 editionem
2848 1175 3098 1241 miscuit,
3145 1178 3413 1232 asteriscis
3444 1181 3537 1234 de-

1940 1267 2158 1336 signans
2195 1282 2312 1337 quae
2337 1267 2512 1320 minus
2542 1277 2666 1320 ante
2697 1266 2931 1336 fuerant,
2968 1276 3021 1321 et
3052 1267 3274 1337 virgulis
3321 1286 3440 1340 qua:
3460 1287 3532 1350 ἐκ

1939 1360 2205 1428 superﬂuo
2232 1360 2545 1415 uidebantur
2581 1361 2849 1429 apposita.
2880 1358 2953 1414 Ut
2985 1361 3152 1432 igitur
3184 1361 3427 1430 prudens
3454 1362 3533 1418 le-

1939 1456 2061 1501 ctor
2105 1465 2172 1503 ex
2206 1450 2502 1504 multarum
2535 1449 3049 1518 intérpretationum
3080 1451 3370 1507 collatione
3400 1466 3529 1521 pos-

1939 1548 2022 1593 set
2051 1553 2304 1609 quasnam
2334 1540 2515 1595 verior
2557 1540 2852 1610 explicatio
2904 1548 3053 1595 esset
3096 1542 3526 1612 deprehendere,

1937 1631 2059 1687 illas
2081 1647 2272 1688 omnes
2302 1633 2574 1690 editiones
2606 1649 2718 1689 uno
2764 1642 3065 1703 conspectu
3101 1635 3301 1691 locavit
3341 1636 3527 1709 Orige-

1938 1738 2057 1788 nes,
2081 1732 2140 1779 ut
2174 1722 2439 1779 Hebraice
2464 1724 2701 1794 imperiti
2738 1735 2963 1795 possent
2992 1726 3231 1795 plurium
3276 1729 3417 1783 inter
3465 1745 3527 1785 se

1870 1810 1910 1866 Β
1940 1815 2393 1871 consentientium
2417 1817 2799 1871 auctoritatem
2821 1818 3097 1887 amplecti.
3119 1818 3223 1874 Sed
3254 1823 3381 1891 quia
3408 1824 3525 1879 hac

1939 1907 2052 1961 veri
2076 1922 2277 1962 sensus
2327 1907 2658 1976 assequendi
2684 1908 2794 1974 via,
2830 1908 3038 1963 incerta
3072 1925 3217 1979 saepe
3253 1921 3359 1976 est,
3424 1927 3524 1967 nec

1936 2000 2144 2055 erroris
2172 1999 2417 2070 periculo
2452 2010 2606 2053 vacat
2642 2017 2656 2053 :
2692 1999 3017 2070 plerumque
3040 2002 3185 2054 enim
3215 2002 3414 2057 accidit
3441 2012 3520 2067 ut,

1936 2091 2059 2146 aliis
2083 2105 2111 2143 a
2147 2104 2279 2144 vero
2308 2090 2482 2144 limite
2513 2088 2927 2146 deﬂectentibus
2948 2130 2964 2155 ,
3010 2106 3153 2147 unus
3202 2108 3518 2162 germanam

1935 2179 2179 2235 auctoris
2200 2187 2437 2233 mentem
2464 2178 2770 2248 exprimat;
2796 2179 3046 2235 dicamus
3065 2180 3230 2234 etiam
3258 2180 3522 2238 Hebraice

1934 2271 2109 2327 doctis
2128 2271 2267 2326 hanc
2282 2270 2584 2327 editionum
2611 2262 2987 2327 collectionem
3008 2274 3292 2343 perutilcm
3316 2273 3342 2327 l'
3341 2274 3516 2329 uisse:

1934 2380 2059 2419 nam
2091 2364 2168 2418 illi
2197 2379 2297 2434 pro
2324 2379 2409 2430 ea,
2448 2380 2556 2434 qua
2591 2365 2890 2435 pollebant,
2940 2363 3334 2423 Hebraicarum
3378 2368 3523 2422 litte-

1932 2471 2118 2510 rarum
2150 2456 2367 2525 peritia,
2397 2466 2648 2525 poterant
2688 2458 2943 2527 quisnam
2976 2459 3245 2529 interpres
3295 2460 3520 2530 propius

1933 2543 2000 2598 ad
2025 2542 2230 2599 fontem
2276 2545 2562 2600 accederet
2602 2544 2923 2617 intelligere.
2949 2547 3127 2603 Aliam
3182 2550 3311 2604 item
3356 2550 3521 2620 hujus

1932 2633 2002 2687 ab
2031 2649 2089 2689 se
2126 2635 2366 2703 suscepti
2403 2635 2589 2704 operis
2624 2651 2849 2692 causam
2898 2639 3210 2694 subindicat
3255 2639 3519 2711 Origenes

1931 2725 2326 2782 Commentario
2356 2729 2410 2781 in
2454 2727 2790 2784 Matthwum.
2825 2729 2965 2797 Quia
3000 2732 3261 2787 nimirum
3287 2733 3377 2788 ille
3398 2733 3518 2788 edi-

1932 2817 2068 2871 tioni
2092 2816 2201 2870 τῶν
2229 2820 2283 2870 0'
2317 2816 2576 2889 Vulgatai,
2607 2821 2721 2874 sive
2752 2824 2930 2893 κοινῇ,
2983 2822 3337 2879 librariorum
3377 2839 3518 2880 ausu

1929 2916 1985 2962 et
2016 2908 2328 2979 ignorantia
2359 2920 2655 2980 corruptae,
2676 2928 2899 2967 manum
2927 2917 3192 2970 medicam
3227 2916 3521 2973 admovere

1930 2998 2207 3067 cupiebat,
2237 3013 2303 3052 ea
2334 3013 2458 3069 quae
2493 3002 2864 3069 praetermissa
2900 3002 3139 3072 fuerant,
3163 3021 3229 3060 ex
3265 3006 3386 3062 aliis
3405 3006 3521 3061 edi-

1931 3094 2174 3151 tionibus
2197 3110 2323 3150 cum
2345 3097 2624 3153 asteriscis
2662 3098 2872 3155 addidit
2904 3116 2918 3154 :
2967 3118 3200 3174 quaeque
3246 3106 3521 3161 redunda-

225 3181 351 3238 slios
379 3188 563 3254 ιίιποε,
605 3193 702 3262 qui
741 3168 999 3251 “ni-eain
1036 3196 1147 3249 τῶν
1170 3200 1225 3252 οι
1255 3168 1825 3277 εσίίίοηεπηξεοξιβίέξ
1853 3168 1894 3225 (ἶ
1929 3187 2082 3253 bant,
2120 3203 2221 3242 nec
2262 3198 2421 3244 erant
2471 3189 2527 3243 in
2560 3188 2860 3256 Hebraico.
2908 3196 3175 3265 appositis
3225 3197 3428 3262 obelis,
3457 3208 3522 3253 ut

226 3278 506 3347 clehantur,
536 3287 690 3341 ἁπλᾶ
723 3288 850 3344 sive
878 3290 1171 3359 simplicia
1210 3305 1497 3359 vocarent,
1542 3307 1596 3352 et
1627 3298 1703 3353 ita
1738 3300 1823 3355 di.-

228 3367 541 3460 stinguerent
572 3393 605 3432 a
634 3381 1095 3451 sextuplicibus.
1135 3382 1222 3440 Sic
1264 3387 1315 3440 in
1363 3389 1549 3444 codice
1585 3390 1822 3460 quodam

231 3457 541 3550 Coisliniano
571 3472 776 3528 decimi
807 3475 1022 3530 saeculi
1054 3474 1123 3529 ad
1152 3477 1346 3533 librum
1384 3480 1451 3533 ιιι
1486 3457 1695 3550 Regum
1722 3499 1821 3549 νη,

234 3548 311 3641 ili,
339 3554 542 3625 legitur,
576 3560 635 3615 ἔν
653 3578 772 3617 τισι
796 3565 864 3618 δὲ
894 3563 1020 3618 τῶν
1046 3565 1251 3631 ἁπλῶν,
1274 3571 1327 3623 in
1358 3548 1676 3641 quibusdam
1703 3548 1823 3629 Ha?-

232 3639 439 3710 ploruut,
466 3649 582 3706 sive
606 3652 974 3723 simplicium
1014 3639 1431 3727 exemplarium.

293 3735 497 3796 Certum
526 3746 1014 3818 exploratumque
1038 3757 1125 3804 est
1150 3750 1202 3804 in
1225 3750 1479 3819 Psalmis,
1508 3754 1561 3809 in
1582 3753 1825 3828 Prophe-

236 3823 298 3880 tis
318 3832 610 3892 minoribus
630 3848 686 3894 et
712 3839 921 3895 forsan
951 3840 1112 3905 alibi,
1138 3853 1333 3911 praeter
1362 3845 1501 3900 duas
1537 3823 1823 3908 columnas

237 3915 527 3994 Hebraicss,
561 3947 809 4002 quarum
842 3934 1033 3989 altera
1068 3933 1374 4003 Hebraicis,
1407 3939 1577 3995 altera
1617 3940 1823 3998 Graecis

239 4006 411 4071 litteris
443 4019 726 4092 descripta
777 4033 942 4089 erat;
1004 4033 1060 4079 et
1109 4040 1203 4080 sex
1261 4028 1549 4085 columnas
1603 4030 1822 4088 Graecas

243 4104 442 4194 totidem
474 4110 1043 4182 interpretationum,
1078 4131 1272 4186 nempe
1297 4118 1531 4189 Aquilae,
1569 4121 1824 4194 Symma-

243 4193 344 4261 chi,
380 4197 535 4268 Lxx,
573 4203 1040 4272 Tlieodotionis,
1092 4205 1307 4273 Quintae
1343 4220 1397 4266 et
1432 4193 1646 4279 Sexus,
1700 4231 1824 4285 quae

245 4285 384 4341 simul
410 4299 527 4347 octo
558 4295 866 4351 columnas
890 4336 906 4361 ,
949 4295 1071 4352 sive
1106 4296 1325 4370 Octapla
1364 4304 1818 4372 constituebant;

247 4378 494 4444 septimam
557 4386 733 4441 etiam
785 4386 1053 4443 Grmcam
1104 4390 1398 4448 editionem
1443 4393 1653 4461 fuisse,
1699 4413 1822 4468 qua:

1927 3279 2138 3335 invecta
2167 3282 2393 3336 notavit.
2434 3283 2617 3354 Atque
2646 3295 2707 3340 ut
2733 3287 3212 3345 emendationibus
3242 3292 3358 3347 suis
3380 3291 3523 3347 face-

1927 3380 2010 3428 ret
2033 3372 2216 3438 lidem,
2248 3389 2356 3428 una
2387 3389 2511 3429 cum
2547 3375 2813 3434 ﬂebraico
2846 3378 3079 3434 aliorum
3124 3382 3523 3453 interpretatio-

1927 3479 2028 3519 nes
2055 3478 2086 3519 e
2120 3463 2346 3534 regione
2370 3467 2589 3534 posuit,
2619 3474 2681 3522 ut
2728 3469 2965 3539 quisque
3000 3470 3186 3527 videre
3226 3482 3412 3543 posset
3460 3490 3522 3529 se

1926 3569 2035 3609 non
2061 3553 2181 3609 sine
2209 3557 2538 3612 auctoritate
2564 3567 2619 3613 et
2662 3573 2858 3613 manca
2890 3562 3248 3619 resarcivisse
3274 3605 3290 3629 ,
3327 3572 3382 3620 et
3423 3581 3521 3619 su-

1924 3646 2132 3715 perﬂua
2156 3646 2394 3716 prmlixis
2423 3649 2596 3707 obelis
2634 3660 2694 3705 ut
2725 3652 2948 3709 inducta
2985 3664 3229 3710 notasse.

1925 3736 2012 3792 ιιι.
2040 3738 2409 3816 Αηβηρωαρια
2433 3744 2580 3816 prius
2610 3759 2800 3816 quarm
2818 3744 3089 3816 Tetrapla.
3130 3747 3344 3802 Certum
3370 3748 3521 3803 vide-

1997 3818 2087 3863 tur
2117 3807 2362 3879 Tetrapla
2382 3807 2531 3877 prius
2561 3807 2718 3884 quam
2750 3807 2995 3887 Πεπαριὰ
3028 3817 3302 3872 adornata
3323 3820 3513 3888 fuisse.

1995 3920 2269 3988 Quaeritur
2292 3921 2602 3994 Hexaplane
2629 3925 2800 3994 prius,
2832 3944 2903 3982 an
2930 3927 3183 4000 Tetrapla
3212 3930 3519 3985 concinna.

1926 4014 2063 4068 verit
2080 4011 2365 4085 Origenes.
2386 4015 2540 4077 Multi
2561 4015 2813 4088 Tetrapla
2835 4019 3114 4088 prativisse
3148 4031 3513 4080 censuerunt;

1923 4120 2114 4161 verum
2137 4116 2342 4178 pugnat
2372 4106 2641 4165 Henricus
2679 4109 2928 4167 Valesius
2957 4110 3245 4182 Origenem
3274 4112 3513 4182 Hexapla

1922 4196 2162 4256 edidisse
2190 4209 2318 4254 ante
2363 4216 2530 4270 quam
2580 4199 2856 4272 Tetraplis
2900 4218 3127 4257 manum
3176 4204 3511 4269 admoveret,

1924 4291 2030 4348 hoc
2056 4294 2219 4349 nixus
2252 4292 2475 4350 Eusebii
2523 4295 2841 4351 testimonio
2897 4295 3040 4350 Hist.
3084 4295 3251 4350 Eccl.
3278 4296 3375 4350 lib.
3426 4311 3511 4372 .Vl,

1921 4400 2042 4454 cap.
2069 4385 2135 4440 16
2164 4403 2178 4439 :
2215 4385 2431 4451 Ταύτας
2457 4385 2514 4439 δὲ
2550 4387 2771 4451 ἁπάσας
2815 4379 2908 4439 ἐπὶ
2948 4386 3143 4440 ταυτὸν
3170 4386 3512 4456 συναγαγὼν,

247 4480 412 4569 nonam
451 4476 775 4534 columnam
845 4495 1130 4551 occupare
1189 4483 1395 4550 debuit,
1460 4496 1624 4557 atque
1678 4489 1817 4545 adeo

1931 4473 2111 4529 διελών
2142 4496 2204 4531 τε
2249 4479 2386 4549 πρὸς
2427 4476 2634 4543 κῶλον,
2681 4479 2775 4531 καὶ
2815 4477 3209 4547 ἀντιπαραθεὶς
3255 4478 3514 4551 ἀλλήλαις

247 4555 517 4637 Enneapla,
591 4573 717 4628 sive
768 4588 985 4628 novem
1067 4574 1452 4632 columnarum
1510 4594 1652 4650 opus
1703 4581 1815 4637 elli-

1931 4567 2059 4637 μετὰ
2091 4571 2188 4623 καὶ
2235 4571 2409 4640 αὐτῆς
2450 4570 2549 4640 τῆς
2588 4568 2854 4640 Ἐϐραίων
2896 4568 3277 4640 σημειώσεως,
3303 4569 3372 4624 τὰ
3403 4570 3513 4623 τῶν

244 4665 360 4713 cere.
429 4663 494 4717 At
569 4665 792 4720 mirum
871 4664 1118 4721 fortasse
1190 4669 1439 4725 videatur
1511 4670 1819 4744 Enneaplo-

242 4758 339 4801 rum
406 4768 594 4811 nomen
671 4769 976 4826 nusquam
1045 4757 1189 4826 apud
1271 4768 1483 4817 veteres
1549 4778 1819 4820 memora-

241 4842 330 4893 tum
351 4846 585 4914 reperiri.
622 4849 715 4903 An
743 4848 890 4918 quia
926 4846 1082 4903 illam
1102 4850 1394 4907 editionem
1416 4852 1679 4925 Origenes
1705 4872 1815 4912 non

241 4926 283 4981 in
300 4938 422 4992 serie
448 4939 857 4996 columnarum
882 4981 901 5007 ,
933 4938 1035 4995 sed
1070 4939 1124 4993 in
1165 4940 1277 4997 imo
1311 4946 1558 5016 margine
1606 4947 1816 5005 locave—

236 5028 318 5087 ηι,
339 5025 445 5083 ideo
465 5046 753 5102 nusquam
786 5027 1215 5097 Enneaplorum
1241 5046 1462 5098 nomen,
1486 5035 1651 5090 etiam
1686 5052 1812 5092 cum

233 5106 303 5166 illa
337 5118 527 5186 aderat,
581 5128 948 5192 usurpatum
985 5118 1109 5173 est?
1140 5121 1224 5174 An
1277 5133 1521 5178 veterum
1576 5124 1813 5192 incuria,

231 5204 399 5265 etiamsi
448 5214 787 5271 columnam
844 5213 1212 5279 occupaverit
1274 5228 1429 5268 suam
1462 5253 1479 5279 ,
1538 5232 1812 5288 nusquam

229 5303 365 5357 tamen
387 5303 668 5380 Enneapla
699 5310 1040 5362 memorata
1068 5303 1578 5373 deprehenduntur?
1603 5310 1658 5364 Id
1682 5324 1815 5366 sane

226 5386 526 5454 divinandum
570 5395 972 5468 relinquitur.
1025 5389 1194 5465 Multa
1245 5410 1465 5467 quoque
1517 5398 1622 5453 alia
1682 5410 1816 5456 sunt

222 5496 310 5548 qua
329 5501 383 5543 ex
409 5491 527 5548 solo
555 5489 979 5560 Hexaplorum
1006 5478 1466 5556 Octaplorumque
1488 5498 1809 5559 conspectu,

218 5579 355 5634 statim
379 5596 499 5640 nota
529 5587 760 5656 cuique
793 5589 861 5634 et
895 5574 1194 5631 manifesta
1221 5586 1433 5641 essent,
1475 5593 1707 5652 quaeque
1744 5581 1810 5638 iis

218 5664 403 5729 destituti
434 5679 521 5733 vix
556 5695 627 5733 ac
663 5691 746 5732 ne
782 5671 890 5726 vix
952 5667 1176 5738 quidem
1223 5671 1532 5739 conjectura
1582 5674 1806 5744 assequi

214 5771 468 5829 Possumus.

1918 4659 2228 4730 λεγομένων
2265 4659 2546 4729 Ἑξαπλῶν
2576 4662 2706 4732 ἡμῖν
2731 4659 3045 4732 ἀντίγραφα
3078 4660 3471 4715 καταλέλοιπεν
3493 4677 3515 4696 ’-

1921 4749 2067 4814 ἰδίως
2104 4753 2205 4823 τὴν
2257 4752 2487 4807 Ἀκὺλου
2531 4752 2626 4805 καὶ
2655 4752 2979 4824 Συμμάχου,
3023 4751 3118 4808 καὶ
3158 4752 3515 4816 Θεοδοτίωνος

1917 4838 2130 4897 ἔκδοσιν
2163 4843 2280 4915 ἅμα
2322 4848 2391 4917 τῇ
2423 4842 2533 4897 τῶν
2569 4846 2623 4898 O'
2651 4846 2708 4897 ὲν
2730 4847 2842 4908 τοῖς
2869 4842 3206 4917 Τετραπλοῖς
3249 4846 3512 4897 ἐπικατα-

1919 4934 2213 4998 σκευάσας.
2249 4934 2385 5003 Quae
2415 4936 2498 4992 sic
2523 4935 2614 4990 ille
2636 4937 2798 4991 vertit
2825 4954 2838 4990 :
2884 4935 3000 4990 Has
3031 4937 3199 5007 igitur
3227 4952 3404 4989 omnes
3426 4936 3513 4995 ina

1918 5030 2322 5098 terpretationes
2355 5046 2478 5083 cum
2503 5032 2557 5083 in
2580 5044 2744 5085 unum
2769 5045 2956 5098 corpus
2980 5029 3295 5098 collegisset,
3328 5037 3385 5089 et
3418 5041 3510 5094 per

1920 5129 2059 5175 certa
2084 5121 2203 5176 cola
2225 5138 2288 5175 ac
2314 5123 2551 5179 membra
2584 5123 2948 5187 distinxisset,
2975 5138 3082 5174 una
3109 5137 3228 5174 cum
3254 5120 3365 5189 ipso
3397 5119 3515 5171 He-.

1916 5212 2097 5267 braico
2130 5222 2279 5268 textu
2303 5257 2317 5280 ,
2351 5211 2730 5287 Hexaplorum
2752 5214 2898 5269 nobis
2921 5212 3245 5281 exemplaria
3266 5211 3511 5279 reliquit;

1914 5317 2096 5376 postea
2126 5323 2247 5362 vero
2266 5308 2560 5365 editionem
2592 5310 2804 5381 Aquila:
2830 5317 2879 5362 et
2911 5305 3217 5376 Symmachi
3245 5320 3306 5357 ac
3344 5302 3511 5356 Theo-

1915 5400 2150 5455 dotionis
2172 5416 2290 5453 cum
2317 5399 2681 5476 Septuaginta
2716 5404 3073 5469 lnterpretum
3120 5395 3350 5449 versione
3372 5407 3521 5444 seor-

1912 5509 2031 5548 sum
2059 5493 2118 5550 in
2147 5491 2413 5563 Tetraplis
2440 5494 2694 5568 digessit.
2722 5495 2848 5551 [deo
2870 5500 3049 5546 autem
3085 5488 3167 5543 sic
3194 5484 3511 5539 vertendum

1913 5597 2033 5637 esse
2055 5581 2307 5648 credidit,
2338 5585 2488 5652 quod
2521 5598 2720 5639 vocem
2754 5576 3301 5637 ὲπικατασκευάσας,
3347 5586 3511 5641 quam

1913 5676 2028 5744 ipse
2070 5689 2139 5730 ex
2193 5676 2594 5748 manuscriptis
2650 5691 2752 5744 pro
2782 5671 3151 5729 ἐπισκευάσας
3210 5662 3512 5725 substituit,

1910 5774 2129 5835 putaret
2167 5762 2483 5835 signiﬁcare
2506 5811 2523 5836 ,
2579 5762 2837 5826 Tetranla
2862 5769 2985 5835 post
3014 5759 3161 5816 edita
3197 5754 3389 5814 fuisse.
3444 5752 3518 5811 At
