4052 6388
540 297 616 364 s:
1112 251 1115 255 ’
1911 302 2096 361 pm

2198 302 2311 359 lNA
2318 303 2435 359 MA
3718 310 3797 369 21

535 418 654 476 ςίνσο
705 418 1097 489 διασκευάσας,
1141 424 1257 481 sive
1304 427 1819 493 ὲπικατασκευάσας
1870 426 2081 498 legatur

2215 427 2307 481 τὸν
2333 427 2543 501 εἱρμὸν,
2583 435 2713 492 etc.,
2759 428 3066 485 referantur
3088 428 3158 485 ad
3185 429 3485 495 δείκνυται,
3517 439 3573 488 et
3590 447 3795 489 sensus

537 512 686 567 hunc
708 528 831 568 esse
860 515 1097 570 arbitror
1124 516 1351 587 hujusce
1381 518 1485 574 loci
1522 534 1743 577 sensum
1775 538 1789 574 :
1839 518 2111 590 Hexaplo-

536 620 657 658 rum
677 606 829 663 nobis
857 608 1181 678 exemplaria
1218 612 1474 683 reliquit:
1522 631 1643 668 cum
1674 613 1893 670 seorsim
1924 612 2111 669 editio—

534 709 654 748 nem
681 696 908 765 Aquilia,
943 696 1248 769 Symmachi
1300 712 1350 757 et
1388 702 1760 762 Theodotionis
1795 723 1915 765 eum
1955 701 2110 765 ιΧΧ

534 785 921 860 Interpretibus
950 795 1003 848 in
1032 777 1294 868 Tetraplis
1318 799 1640 871 digessisset.

602 881 858 940 Aoristus
900 886 1046 942 enim
1089 888 1193 945 hoc
1244 890 1349 945 situ
1403 892 1617 961 positus
1667 909 1781 949 rem
1834 901 2108 965 postremo

530 975 870 1033 enuntiatam
909 979 1063 1049 prius
1106 980 1304 1036 factam
1338 996 1460 1037 esse
1497 983 1749 1049 denotat,
1787 999 1952 1055 quam
1985 1000 2106 1040 eam

534 1080 656 1135 quae
675 1071 999 1139 praecedenti
1024 1073 1190 1127 verbo
1221 1074 1515 1129 indicatur.
1541 1074 1667 1131 Haec
1689 1092 1819 1132 vero
1850 1077 2108 1148 loquendi

532 1155 709 1216 forma
740 1162 876 1218 adeo
924 1164 1081 1219 obvia
1126 1166 1269 1236 apud
1302 1166 1602 1237 scriptores
1630 1167 1851 1225 Graecos
1896 1180 1997 1234 est,
2048 1179 2108 1226 ut

531 1247 732 1303 mirum
761 1251 831 1305 sit
860 1252 1036 1308 virum
1072 1254 1290 1311 doctum
1330 1259 1383 1311 in
1424 1271 1483 1313 re
1519 1264 1629 1312 tam
1672 1268 1857 1330 aperta
1891 1260 2104 1331 lapsum

528 1354 671 1397 esse.
697 1341 787 1398 Sic
812 1347 953 1415 apud
987 1348 1315 1405 Strabonem
1340 1351 1435 1407 lib.
1460 1369 1559 1408 xm
1585 1352 1699 1407 haec
1734 1353 1897 1408 verba
1923 1370 1939 1406 :
1974 1355 2105 1408 Ἀτ-

527 1432 690 1500 ταλος
718 1437 986 1503 διεδέξατο
1011 1440 1110 1511 τὴν
1130 1442 1324 1513 ἀρχὴν,
1351 1431 1446 1498 καὶ
1472 1443 1814 1517 ἀνηγορεύθη
1851 1444 2106 1515 βασιλεὺς

528 1518 683 1592 οὗτος
717 1530 966 1603 πρῶτος,
998 1533 1226 1604 νικήσας
1276 1535 1525 1602 Γαλάτας
1561 1536 1686 1610 νίκῃ
1735 1537 1947 1615 μεγάλῃ
1968 1576 1982 1603 ,
2026 1541 2107 1593 sic

528 1620 912 1689 explicantur:
966 1626 1178 1681 Attalus
1224 1630 1427 1697 excepit
1475 1630 1776 1699 imperium,
1817 1639 1868 1684 et
1901 1631 2103 1699 primus

2213 522 2302 585 sit,
2352 530 2634 576 ostensum
2682 531 2768 578 est
2821 519 3123 578 secundum
3181 524 3381 579 seriem
3409 523 3495 578 vel
3543 540 3612 579 ex
3644 518 3829 581 δαίθ’

2211 609 2462 667 chraici
2500 622 2555 667 et
2576 613 2809 668 aliarum
2838 613 3142 669 editionum
3165 655 3182 677 ,
3215 623 3425 670 textum
3459 616 3568 670 τῶν
3608 620 3667 670 O'
3692 617 3797 672 ali-

2208 711 2341 774 quot
2373 703 2426 759 in
2460 705 2593 762 locis
2620 708 3046 777 transpositnm,
3072 716 3128 764 et
3167 717 3499 778 praepostere
3545 709 3791 764 locatum

2207 794 2407 862 luisse;
2436 798 2687 854 videlicet
2718 800 2772 854 in
2800 809 2928 855 nota
2963 799 3034 854 ad
3063 801 3364 871 marginem
3403 801 3788 870 Tetraplornm

2206 889 2405 960 posita,
2429 906 2550 961 quae
2567 891 2821 946 monebat
2838 907 2904 949 eo
2925 893 3046 949 loco
3067 892 3262 948 seriem
3290 891 3401 946 τῶν
3418 893 3472 948 0'
3508 893 3787 947 turbatam

2204 990 2259 1037 et
2282 984 2671 1052 transpositam
2703 999 2826 1040 esse
2863 1000 2877 1037 :
2910 1001 3034 1055 quae
3065 993 3370 1055 sequuntur
3394 984 3563 1050 enim,
3587 983 3788 1040 τούτου

2205 1072 2364 1147 χάριν
2397 1072 2791 1146 παρεθήκαμεν
2821 1074 3162 1139 ἀκολουθίαν,
3204 1077 3319 1130 ideo
3354 1085 3552 1129 rectam
3594 1079 3790 1131 seriem

2206 1166 2332 1237 (hic)
2368 1170 2738 1237 apposuimus,
2794 1178 2977 1238 aperte
3010 1169 3253 1224 indicant
3288 1170 3434 1223 illam
3478 1168 3788 1223 restitutio-

2205 1275 2329 1313 nem
2368 1268 2493 1330 post
2518 1260 2661 1316 edita
2706 1260 2956 1330 Tetrapla
3012 1260 3211 1317 factam
3270 1261 3459 1316 fuisse.
3516 1259 3614 1315 His
3661 1275 3790 1330 quas

2199 1351 2313 1422 jam
2343 1352 2575 1407 dicimus
2599 1351 2758 1407 ﬁdem
2787 1351 2915 1407 facit
2937 1363 3064 1408 nota
3089 1353 3295 1409 codicis
3321 1352 3432 1406 illi.
3458 1350 3562 1405 PP.
3601 1349 3789 1406 lesui—

2206 1453 2381 1497 tarum
2408 1444 2617 1514 collegii
2648 1443 2908 1499 Ludovici
2934 1443 3133 1515 Magni,
3164 1459 3328 1515 quam
3360 1442 3499 1497 infra
3529 1442 3782 1499 edemus.

2204 1533 2279 1589 lbi
2314 1551 2549 1607 namque
2591 1537 2790 1591 dicitur
2826 1535 3116 1607 Origenem
3161 1536 3415 1607 Tctrapla
3443 1551 3541 1591 sua
3590 1549 3786 1589 corre-

2206 1626 2348 1680 xisse
2406 1634 2461 1681 et
2510 1627 2735 1682 scholiis
2777 1627 3118 1682 illustrasse:
3173 1643 3297 1698 qua:
3345 1627 3552 1682 scholia
3603 1626 3783 1695 ipsius

526 1725 621 1767 rex
647 1713 1006 1783 proclamante
1029 1728 1127 1783 est,
1151 1728 1428 1790 postquam
1456 1736 1703 1790 magnam
1722 1722 1996 1775 victoriam
2039 1720 2103 1775 de
2138 1781 2173 1790 _
2204 1713 2456 1784 Origenis
2478 1730 2642 1770 manu
2673 1716 2946 1786 descripta
2980 1717 3192 1772 viderat
3218 1718 3263 1772 is
3288 1716 3383 1787 qui
3426 1725 3611 1770 notam
3658 1714 3784 1769 edi-

526 1781 737 1859 Galatia
759 1781 1136 1875 reportaverat.
1151 1781 1292 1866 Nam
1315 1811 1441 1868 licet
1457 1781 1572 1869 haec
1588 1814 1811 1869 victoria
1829 1823 2096 1885 postremo

2205 1781 2486 1860 ditiillam
2514 1821 2676 1877 porro
2702 1808 2825 1862 cod.
2858 1781 3512 1877 ’Μοιιερθιὶθιιείεἰιοιοω
3551 1806 3622 1860 ad
3672 1803 3785 1860 He-

526 1891 649 1951 loco
678 1898 955 1953 enuntiari
989 1899 1258 1969 videatur,
1295 1917 1360 1957 ex
1389 1904 1679 1973 perspicuo
1731 1912 1910 1959 tamen
1952 1915 2104 1961 noto-

526 1998 634 2054 que
658 2001 761 2041 usu
811 1987 899 2044 hic
944 1990 1268 2058 intelligitur
1322 1993 1606 2049 victoriam
1658 1997 2005 2066 praecessisse
2050 2005 2105 2052 et

527 2072 1000 2148 inaugurationem
1028 2094 1271 2139 secutam
1317 2099 1459 2141 esse.
1490 2084 1647 2142 Hunc
1699 2087 1828 2141 item
1880 2086 2101 2143 Eusebii

534 2163 715 2222 locum
748 2169 828 2226 sic
868 2172 1139 2245 intelligas
1170 2185 1403 2245 oportet,
1439 2191 1503 2231 ac
1534 2177 1582 2232 si
1614 2177 1786 2234 series
1815 2179 1887 2236 ita
1920 2196 1979 2235 se
2007 2180 2104 2235 ha-

533 2256 705 2322 beret,
739 2261 884 2327 ἰδίως
909 2263 1007 2336 τὴν
1046 2266 1269 2321 ’Δκύλου
1302 2267 1394 2323 καὶ
1441 2270 1737 2342 Συμμάχου
1774 2273 1869 2326 καὶ
1911 2270 2102 2325 Θεοδο-

529 2348 720 2416 τίωνος
759 2352 968 2409 ἔκδοσιν
1011 2357 1127 2429 ἃμα
1159 2360 1224 2430 τῇ
1268 2359 1377 2413 τῶν
1407 2363 1461 2413 O'
1507 2360 1566 2413 ἐν
1606 2364 1720 2423 τοῖς
1769 2362 1869 2415 Te:
1880 2362 2103 2433 ραπλοῖς

521 2440 1051 2512 ὶπικατασκευάσας,
1081 2448 1151 2501 τὰ.
1179 2448 1288 2502 τῶν
1314 2450 1623 2523 λεγομένων
1667 2453 1945 2519 Ἑξαπλῶν
1969 2458 2101 2527 ἡμῖν

521 2532 827 2606 ἀντίγραφα
857 2538 1279 2597 καταλέλοιπεν
1311 2542 1363 2598 id
1393 2554 1494 2610 est,
1524 2562 1643 2599 eum
1665 2545 1884 2599 seorsim
1907 2546 2099 2599 editio-

523 2637 637 2679 nem
659 2626 889 2699 Aquilw,
930 2628 1236 2702 Symmachi
1280 2643 1330 2690 et
1373 2634 1746 2695 Tlteodotionis
1791 2654 1910 2692 cum
1946 2636 2095 2691 LXX

524 2710 905 2786 Interpretibus
949 2722 1005 2775 in
1038 2721 1300 2793 Tetraplis
1349 2727 1688 2799 digessisset,
1735 2728 2098 2799 Hexaplorum

521 2807 671 2862 nobis
700 2811 1028 2883 exemplaria
1054 2815 1286 2889 reliquit.
1317 2816 1575 2889 Nihilque
1595 2820 1760 2877 olIicit
1782 2822 1910 2877 huic
1932 2822 2100 2877 inter-

518 2901 829 2969 pretationi,
860 2921 964 2960 vox
991 2909 1291 2978 composita
1325 2911 1875 2979 ὲπικατασκευάσαςι
1906 2916 2095 2973 eadem

518 2991 720 3065 quippe
773 2996 914 3053 ratio
958 3014 1115 3069 aeque
1146 3002 1289 3058 valet
1322 3003 1375 3057 in
1431 3006 1752 3075 compositis
1785 3007 2097 3079 quibusque

518 3090 684 3160 atque
718 3086 773 3140 in
803 3088 1165 3159 simplicibus,
1190 3108 1315 3148 cum
1349 3095 1441 3149 tali
1471 3097 1634 3151 modo
1665 3109 2018 3168 usurpentur.

585 3176 701 3243 Qua
727 3180 903 3250 posita
934 3184 1384 3253 interpretatione
1418 3186 1672 3259 Tetrapla
1724 3191 1868 3247 haud
1929 3194 2096 3252 dubie

518 3269 673 3343 prius
707 3287 871 3341 quam
903 3270 1144 3346 Hexapla
1174 3279 1407 3335 ediderit
1428 3280 1711 3352 Origenes.
1750 3282 1816 3339 Et
1840 3286 1954 3341 haec
1980 3295 2096 3341 erat

516 3361 859 3419 eruditorum
905 3368 1090 3436 opinio
1122 3378 1415 3441 antequam
1465 3371 1750 3441 Valesius,
1790 3389 2094 3434 memorato

517 3449 739 3511 Eusebii
762 3455 882 3513 loco
915 3456 1105 3526 fultus,
1139 3476 1337 3517 novam
1365 3463 1617 3530 aperiret.
1643 3465 1724 3522 Ad
1750 3468 1865 3525 haec
1887 3481 2092 3537 autem,

519 3544 771 3617 Origenis
801 3558 929 3607 nota
961 3551 1014 3606 in
1039 3561 1203 3624 caput
1234 3570 1379 3613 mm
1407 3556 1632 3616 Genesis
1662 3575 1714 3614 v.
1749 3561 1802 3625 6,
1833 3577 1997 3631 quam
2026 3577 2094 3617 ex

516 3641 704 3698 codice
732 3638 1116 3714 Monspeliensi
1146 3649 1291 3706 eruit
1314 3648 1712 3718 Combelisius,
1764 3663 1931 3710 totam
1976 3659 2092 3710 sol-

515 3746 641 3788 vere
664 3735 1021 3804 quaestionem
1051 3738 1285 3794 videtur.
1335 3739 1468 3795 Eam
1515 3759 1675 3813 porro
1712 3745 1792 3799 sic
1823 3745 2094 3803 edidimus

514 3823 701 3879 eodem
729 3830 885 3882 loco:
923 3827 1141 3901 Ἐπειδὴ
1170 3833 1229 3884 ὲν
1253 3835 1368 3896 τοῖς
1392 3834 1757 3907 Τετραπλοῖς,
1791 3837 1851 3905 ἐξ
1891 3831 1966 3895 ὧν
1998 3841 2094 3896 καὶ

512 3914 575 3968 τὸ
601 3916 933 3989 ἀντίγραφον
957 3920 1291 3996 μετελήφθη,
1322 3925 1460 3996 πρὸς
1478 3927 1568 3982 τὸν
1594 3929 1783 4001 εἱρμὸν
1814 3931 1905 3985 τὸν
1933 3934 1991 3989 ὲν
2015 3932 2095 4005 τῷ

524 4007 798 4101 Ἐϐραῖκῷ
835 4012 929 4067 καὶ
959 4016 1080 4078 ταῖς
1112 4014 1301 4082 ἄλλαις
1329 4018 1574 4073 ὲκδὸσεσι
1610 4021 1882 4080 δείκνυται
1914 4028 2009 4083 καὶ
2058 4030 2092 4101 ἡ

511 4100 620 4156 τῶν
651 4102 1049 4177 Ἕϐδομήκοντα
1074 4108 1137 4165 ἓν
1163 4127 1272 4163 τισι
1305 4112 1489 4177 τόποις
1511 4115 1859 4185 μετατεθείσα
1877 4157 1891 4183 ,
1926 4119 2001 4183 ὡς
2025 4100 2095 4175 τὰ

514 4193 708 4266 πρῶτα
744 4195 948 4274 ὕστερα
973 4201 1068 4255 καὶ
1098 4201 1166 4256 τὰ
1195 4202 1399 4277 ὕστερα
1421 4207 1611 4279 πρῶτα
1631 4209 1885 4282 γενέσθαι
1909 4228 1923 4240 ·
1955 4212 2094 4284 ὅπερ

512 4287 607 4341 καὶ
636 4289 869 4349 ἐνταῦθα
906 4293 1102 4367 εὑρέθη
1137 4296 1385 4359 meeum
1404 4314 1418 4328 '
1444 4299 1633 4353 τούτου
1657 4302 1818 4373 χάριν
1850 4303 2094 4376 παρεθή-

510 4394 688 4451 καμεν
722 4381 1041 4438 ἀκολουθίαν
1063 4403 1076 4417 ο
1111 4386 1306 4444 ἔστιδὲ
1342 4389 1501 4462 αὕτη.
1535 4391 1645 4463 Τῷ,
1677 4395 2091 4469 Κατοικήσομεν

2205 1896 2364 1966 xapla
2410 1895 2660 1968 Origenis
2702 1899 2972 1968 pertinere
3011 1914 3119 1951 non
3171 1898 3576 1967 ambigendum.
3637 1892 3778 1948 Nam

2207 1989 2260 2042 in
2294 1987 2548 2058 Hexaplis
2570 1988 2660 2045 ille
2690 1990 2806 2045 suis
2846 1990 2963 2045 loca
2991 1989 3347 2060 Septuaginta
3392 1988 3778 2057 lnterpretum,

2205 2094 2326 2148 quae
2353 2080 2439 2133 vel
2470 2080 2815 2135 librariorum
2849 2081 3027 2150 lapsu,
3046 2082 3129 2137 vel
3150 2082 3257 2136 alio
3286 2096 3417 2135 casu
3446 2078 3779 2148 transposita

2204 2169 2442 2239 fuerant,
2474 2172 2652 2230 ordini
2696 2188 2796 2227 suo
2836 2173 3111 2239 restituit,
3160 2183 3221 2231 ut
3249 2172 3388 2229 intra
3432 2172 3778 2242 probabitur.

2274 2262 2430 2329 Quod
2477 2273 2657 2318 autem
2703 2264 2759 2318 in
2818 2262 3088 2333 Tetraplis
3137 2265 3430 2319 editionem
3479 2262 3623 2316 LXX
3665 2278 3780 2316 non

2202 2353 2570 2409 emendaverit
2623 2334 2925 2425 Origenes,
2972 2355 3067 2409 sed
3119 2356 3185 2409 iis
3236 2371 3455 2409 manum
3506 2354 3778 2407 medicam

2203 2454 2392 2516 postea
2422 2448 2760 2511 admoverit,
2795 2463 2989 2518 nempe
3020 2462 3145 2502 cum
3171 2445 3405 2517 Hexapla
3454 2455 3507 2500 et
3551 2444 3780 2513 Octapta

2203 2539 2516 2601 adornaret,
2546 2539 2735 2595 multis
2763 2555 2828 2595 ex
2854 2539 2990 2595 locis
3006 2539 3412 2609 comprobatur.
3446 2537 3539 2593 Sic
3565 2539 3779 2606 psalmo

2203 2645 2423 2694 uxxvr,
2465 2630 2521 2685 in
2576 2641 2704 2688 nota
2748 2632 2817 2687 ad
2856 2632 2893 2702 3'
2944 2632 2978 2687 5
3024 2630 3275 2700 superius
3312 2645 3464 2684 num.
3511 2631 3534 2684 l
3588 2630 3775 2695 allata,

2200 2721 2403 2777 dicitur
2441 2723 2620 2778 locum
2660 2724 2812 2781 illum
2858 2724 3108 2778 vitiatum
3155 2723 3355 2794 Μήτηρ
3397 2719 3555 2786 Σιὼν,
3604 2721 3779 2776 Mater

2201 2812 2353 2880 Sion,
2402 2816 2496 2885 qui
2530 2817 2751 2886 respicit
2796 2815 3119 2873 Hebraicum
3157 2798 3335 2900 τιθείη,
3370 2813 3551 2868 haberi
3588 2813 3641 2868 in
3669 2811 3774 2868 Te-

2200 2908 2481 2970 traselido.
2513 2909 2631 2963 sive
2660 2910 2713 2963 in
2741 2907 3028 2977 Tetraplo;
3064 2922 3225 2962 secus
3255 2913 3434 2960 autem
3463 2905 3517 2959 in
3545 2902 3778 2960 Octasc-

2200 3001 2330 3065 lido,
2369 3001 2484 3056 sive
2518 3002 2574 3085 in
2621 2998 2881 3070 Octaplo,
2919 3000 3013 3057 ubi
3051 3011 3199 3054 recte
3240 2998 3549 3069 legebatur,
3595 2997 3670 3068 μὴ
3704 2998 3772 3070 τῇ

2202 3092 2362 3155 Σιὼν.
2393 3094 2628 3163 nunquid
2684 3092 2834 3156 Sion,
2867 3092 2994 3162 quia
3020 3091 3272 3146 videlicet
3310 3091 3455 3145 hunc
3485 3090 3664 3144 locum
3717 3089 3772 3144 in

2198 3184 2466 3255 Tetraplis
2511 3186 2830 3241 mendosum
2853 3225 2869 3249 ,
2903 3184 2956 3237 in
2985 3181 3228 3252 Octaplis
3250 3179 3435 3253 postea
3468 3181 3775 3237 emendavit

2193 3280 2480 3351 Origenes.
2514 3281 2571 3334 ln
2593 3279 2733 3335 libro
2765 3286 2946 3333 autem
2975 3276 3079 3332 Job
3102 3274 3543 3346 frequentissima
3563 3289 3772 3328 memo-

2195 3382 2390 3428 rantur
2420 3374 2537 3428 loca
2567 3388 2633 3428 ex
2667 3371 2938 3441 Tetraplis
2973 3372 3283 3438 desumpta,
3314 3366 3517 3437 quibus
3543 3366 3772 3420 demou-

2195 3475 2404 3521 stratur
2433 3463 2574 3524 LXX
2608 3463 2966 3534 lnterpretum
3020 3461 3337 3525 editionem,
3386 3473 3509 3530 quae
3552 3458 3622 3511 ab
3649 3454 3772 3510 Ori-

2194 3574 2332 3629 gene
2374 3559 2430 3614 in
2478 3556 2745 3627 Tetraplis
2793 3555 2970 3627 posita
3000 3552 3203 3617 fuerat,
3256 3567 3369 3606 non
3423 3549 3769 3605 emendatam

2195 3650 2410 3718 fuisse;
2447 3652 2540 3707 sed
2591 3660 2657 3726 et.
2674 3652 2968 3724 σφάλματα
3009 3659 3064 3707 et
3090 3655 3456 3720 praeposterus
3485 3642 3768 3705 lectiones,

2194 3758 2317 3811 quae
2343 3742 2398 3795 in
2427 3743 2829 3812 exemplaribus
2853 3741 2960 3796 τῶν
2990 3743 3046 3795 O'
3075 3740 3399 3799 exstabant,
3439 3729 3645 3789 intacta
3695 3731 3767 3784 lbi

2194 3834 2562 3899 remansisse,
2610 3843 2668 3888 ut
2716 3834 2952 3905 quisque
2998 3830 3432 3911 animadvertere
3487 3824 3661 3896 possit
3711 3824 3767 3875 in

2193 3926 2340 3981 notis
2367 3928 2589 3981 nostris.
2633 3922 2990 3995 Exploratum
3023 3924 3208 3992 itaque
3252 3928 3337 3974 est
3373 3928 3580 3972 textum
3622 3911 3767 3968 LXX

2194 4011 2553 4084 lnterpretum
2583 4015 2638 4069 in
2665 4013 2935 4084 Tetraplis
2958 4029 3064 4068 non
3090 4010 3435 4066 emendatum
3455 4005 3645 4069 fuisse,
3673 4003 3767 4058 sed

2194 4115 2389 4178 postea
2422 4111 2475 4161 in
2506 4105 2761 4178 llexaplis
2792 4107 2844 4161 id
2898 4103 3220 4176 praestitisse
3260 4100 3571 4168 Origenem.
3623 4095 3770 4162 Qua,

2194 4211 2416 4271 propter
2436 4200 2527 4255 ubi
2555 4200 2623 4255 de
2645 4199 2978 4254 emendanda
3000 4195 3143 4251 LXX
3162 4195 3514 4262 lnterpretum
3535 4189 3768 4243 lectione

2195 4292 2375 4361 agitur
2431 4290 2574 4360 apud
2623 4300 2873 4353 veteres,
2931 4286 3171 4356 Hexapla
3224 4297 3459 4352 semper,
3513 4277 3766 4346 'l‘etrapla

2196 4398 2471 4452 nunquam
2507 4381 2762 4436 citantur.
2792 4378 2931 4436 llinc
2952 4388 3131 4434 autem
3163 4375 3427 4446 liquidum
3464 4381 3549 4428 est
3577 4370 3769 4425 Tetra-

511 4474 560 4526 oi
592 4475 777 4538 παῖδές
810 4493 903 4529 σου
947 4479 1005 4532 ὲν
1037 4481 1107 4551 γῇ
1143 4481 1342 4553 Γεσὲμ,
1388 4484 1719 4542 συνάπτεται
1754 4488 1817 4542 τὸ
1838 4529 1853 4553 ,
2034 4490 2093 4546 δὲ

2198 4476 2283 4546 pla
2315 4475 2468 4544 prius
2490 4490 2654 4543 quam
2689 4470 2914 4541 Octapla
2936 4473 3080 4527 edita
3098 4471 3274 4552 luisse
3300 4486 3314 4522 :
3344 4482 3470 4522 nam
3512 4465 3558 4521 si
3586 4464 3769 4520 Hexa-

511 4564 712 4637 Φαραὼ
737 4566 813 4637 τῷ
852 4568 1072 4644 Ἰωσὴφ,
1106 4575 1515 4643 κατοικήτωσαν
1544 4580 1601 4631 ὲν
1623 4582 1694 4651 γῇ
1719 4581 1916 4654 Γεσέμ.
1946 4583 2009 4636 Ei
2034 4583 2092 4643 δὲ

512 4655 729 4730 ἐπίστῃ,
758 4657 839 4711 ὅτι
863 4660 998 4716 εἰσιν
1025 4663 1082 4713 ὲν
1112 4663 1316 4728 αὐτοῖς.
1343 4664 1459 4720 Hoc
1492 4678 1575 4724 est
1605 4688 1618 4723 :
1653 4670 2091 4746 Quandoquidem

511 4749 567 4808 in
603 4746 884 4819 Tetraplis,
921 4753 1060 4809 unde
1077 4754 1345 4824 exemplar
1367 4767 1757 4830 transumptum
1782 4775 1881 4829 est,
1910 4782 2094 4820 secun-

511 4840 640 4899 dum
663 4843 849 4897 seriem
880 4843 1132 4900 Hebraici
1158 4850 1490 4920 aliarumque
1521 4853 1813 4908 editionum
1847 4859 2087 4912 ostendi-

513 4936 623 4995 tur,
678 4930 1024 5004 Septuaginta
1064 4936 1419 5008 lnterpretum
1472 4944 1753 4999 editionem
1803 4948 2006 5019 aliquot
2036 4949 2089 5004 in

511 5021 643 5080 locis
674 5029 1053 5096 transpositam
1081 5030 1286 5099 fuisse;
1322 5034 1399 5089 ita
1442 5043 1500 5087 ut
1533 5052 1651 5108 qua:
1684 5038 1867 5107 priora
1913 5051 2087 5106 erant,

511 5117 955 5188 posterius;quw
1003 5120 1315 5188 posteriora,
1361 5125 1508 5193 prius
1555 5124 1861 5185 locarentur
1900 5144 1921 5183 :
1949 5130 2089 5200 quod

511 5204 607 5259 hoc
651 5208 814 5265 etiam
839 5209 954 5265 loco
985 5213 1242 5271 accidisse
1291 5213 1733 5283 deprehenditur;
1763 5219 1882 5273 ideo
1911 5237 2089 5275 veram

510 5296 699 5349 seriem
735 5297 819 5352 hic
856 5303 1220 5369 apposuimus,
1268 5320 1385 5374 quae
1416 5306 1494 5361 sic
1525 5306 1700 5365 habet.
1746 5308 1848 5363 His
1877 5310 2044 5366 verbis
2069 5354 2086 5378 ,

509 5383 890 5445 Habitabitnus
918 5392 1071 5461 pueri
1102 5394 1179 5448 tui
1214 5395 1269 5448 in
1296 5403 1439 5451 terra
1478 5396 1673 5479 Gesem
1696 5439 1712 5462 ,
1750 5399 2089 5472 subjungitur

510 5475 675 5531 illud:
696 5476 840 5539 Dixi’
867 5490 1047 5536 autem
1070 5481 1284 5540 Pharao
1306 5484 1505 5557 Joseph
1532 5502 1547 5540 :
1582 5475 1837 5545 Habitent
1865 5490 1919 5545 in
1944 5502 2087 5548 terra

509 5566 725 5625 Gescm.
782 5572 839 5627 Si
876 5585 1058 5632 autem
1111 5579 1366 5644 noveris,
1401 5578 1548 5649 quod
1580 5579 1692 5635 sint
1745 5580 1802 5636 in
1847 5583 1949 5647 eis,
1976 5592 2083 5640 etc.

509 5655 682 5724 Quam
733 5674 916 5723 notam
966 5675 1027 5721 ut
1056 5676 1201 5723 recte
1250 5669 1543 5744 intelligas,
1590 5676 1860 5744 virgulam
1911 5691 2085 5745 ponas

508 5758 719 5821 oportet
749 5764 870 5821 post
900 5769 1085 5811 vocem
1109 5758 1439 5833 μετελήφθη,
1460 5763 1529 5818 ita
1548 5769 1607 5818 ut
1627 5765 1906 5837 sequentia
1934 5765 2071 5836 πρὸς

2194 4570 2283 4638 pla
2310 4584 2433 4623 cum
2466 4567 2709 4623 editione
2742 4565 2950 4621 scilicet
2978 4565 3067 4618 illa
3088 4562 3199 4617 τῶν
3222 4565 3277 4617 O'
3313 4576 3340 4616 a
3380 4559 3592 4615 mendis
3637 4574 3768 4629 pur-

2191 4672 2333 4733 gata,
2361 4658 2516 4729 prius
2542 4657 2805 4713 edidisset
2846 4656 3143 4729 Origenes;
3190 4670 3258 4713 an
3293 4653 3548 4707 credatur
3585 4652 3762 4725 ipsum

2189 4762 2380 4825 postea
2409 4767 2535 4808 cum
2561 4749 2810 4819 Tetrapla
2839 4748 3045 4812 ederet,
3083 4748 3249 4801 missa
3286 4746 3377 4800 illa
3418 4759 3582 4815 quam
3614 4753 3765 4798 tanto

2189 4845 2379 4901 labore
2402 4842 2806 4901 emaculaverat
2829 4838 3122 4910 Hexaplari
3153 4839 3412 4903 editione,
3454 4837 3617 4891 aliam
3683 4835 3766 4890 in-

2189 4940 2536 4995 emendatam
2566 4948 2621 4995 et
2638 4937 2834 4994 erratis
2856 4937 3080 5007 plenam
3106 4931 3455 5004 posuisseﬂd
3479 4938 3625 4985 certe
3638 4945 3763 4985 cum

2188 5044 2337 5090 recta
2366 5035 2577 5088 ratione
2610 5040 2879 5102 pugnaret
2906 5047 2920 5083 :
2962 5038 3018 5084 et
3051 5038 3310 5101 praeterea
3345 5025 3501 5080 locus
3544 5023 3763 5078 Eusebii

2189 5142 2351 5199 quem
2376 5141 2540 5195 supra
2563 5122 2976 5194 descripsimus,
3003 5134 3211 5175 necnon
3234 5130 3471 5187 sequens
3491 5114 3759 5187 Origcnis,

2187 5218 2241 5273 id
2286 5227 2470 5287 aperte
2517 5223 2765 5271 narrant.
2800 5214 2925 5269 Haec
2971 5221 3152 5267 autem
3209 5210 3459 5279 pluribus
3488 5207 3760 5280 prosecuti

2193 5323 2407 5374 sumus,
2432 5307 2560 5378 quia
2590 5305 2859 5362 Henricus
2888 5302 3138 5360 Valesius
3160 5301 3340 5356 locum
3377 5298 3599 5355 Eusebii
3642 5313 3762 5369 per-

2192 5416 2378 5472 peram
2412 5400 2822 5470 interpretatus,
2861 5395 3035 5452 doctis
3061 5393 3273 5463 aliquot
3299 5391 3432 5447 viris
3463 5392 3649 5446 lucum
3683 5387 3761 5445 fe-

2186 5499 2356 5547 cerui.

2363 5578 2454 5635 Π.
2493 5578 2610 5644 Quo
2645 5587 2871 5644 tempore
2898 5572 3144 5644 Hexapla
3171 5570 3580 5627 concinnaverit.

2260 5666 2338 5723 De
2380 5677 2621 5736 tempore
2666 5680 2776 5736 quo
2830 5662 3068 5733 Hexapla
3118 5661 3404 5717 adornavit
3452 5660 3751 5730 Origenes,

2191 5776 2417 5833 prorsus
2450 5759 2730 5817 ἀσύστατα
2761 5766 2947 5815 narrat
2980 5755 3337 5829 Epiphanius,
3366 5756 3459 5826 qui
3492 5756 3589 5823 ait,
3627 5754 3752 5812 Ori-
