4052 6388
194 302 246 354 25
1559 314 1628 370 IN
1665 315 1988 374 HEXAPLA
2025 316 2365 375 ORIGENIS.
3531 324 3600 382 26

201 434 340 491 genere
362 435 393 473 a
423 428 745 493 tempore
790 429 1025 488 Decii
1073 435 1147 490 ad
1174 449 1340 506 usque
1364 433 1656 503 imperium
1682 434 1821 490 Galli
1853 445 1910 492 et
1936 443 1981 500 Α
2012 437 2325 510 Symmachi
2353 435 2751 507 interpretatio.
2781 433 3021 491 Eusebio
3049 434 3236 496 itidem
3265 436 3595 507 astipulatnr

203 510 440 566 Valesiani
497 522 569 568 et
627 517 845 575 ultra
923 524 1269 581 ﬂoruisse:
1318 540 1382 582 ac
1429 526 1483 578 in
1528 526 1907 596 persecutione
2006 528 2374 599 Epiphanius,
2419 530 2665 585 scribens
2712 527 2905 583 haeresi
2950 543 3111 590 utv,
3142 541 3267 596 cap.
3308 527 3374 592 3,
3403 528 3593 601 Orige-

209 604 314 660 Decii
340 606 523 661 multa
570 624 892 677 passum
930 655 957 680 ,
1020 632 1217 688 neque
1248 626 1421 673 tamen
1467 618 1729 688 martyrio
1771 632 1907 673 con-
2006 633 2129 673 nem
2181 619 2589 674 lucubrationes
2622 633 2756 672 suas
2800 617 2856 672 in
2908 615 3255 685 Scripturam
3282 657 3298 682 ,
3349 618 3590 689 impulsu

211 705 537 762 summatum,
580 697 1017 760 Caesaream
1069 709 1447 764 concessisse:
1481 708 1608 764 inde
1631 706 1905 780 Jerosoly-
2004 709 2280 765 Ambrosii
2310 719 2611 780 susceptas,
2635 710 2703 763 ab
2734 707 2993 778 Hexaplis
3017 707 3187 763 fuisse
3210 709 3586 779 auSpicatum:

219 802 365 853 mam,
402 799 626 857 postea
706 791 1003 865 Tyrum
1045 817 1062 853 :
1124 799 1248 862 ubi,
1294 798 1469 868 pergit
1513 798 1635 861 ille,
1677 809 1802 854 octo
1852 816 1864 853 ι

2004 800 2077 854 Τὸ
2102 800 2351 872 πρῶτον,
2388 801 2592 870 inquit,
2631 797 2796 854 αὐτοῦ
2844 799 3121 868 ἐπιμελῶς
3161 799 3588 872 ἐφιλοτιμήσατο

222 877 371 947 viginti
411 894 736 938 annorum
786 888 1041 955 spatio
1087 898 1364 953 moratus,
1408 888 1647 959 Hexapla
1681 905 1864 960 compc

2004 894 2330 959 συναγαγεῖν
2355 889 2464 945 τῶν
2496 890 2553 957 ἒξ
2575 889 2903 962 ὲρμηνειῶν.
2949 889 3115 959 Atqui
3157 901 3290 945 tunc
3322 894 3584 962 temporis

227 962 322 1025 siit.
346 970 477 1027 Haec
510 972 991 1044 Epiphanius,
1036 982 1145 1051 qui
1183 983 1377 1036 mirum
1413 991 1676 1051 quantum
1710 997 1740 1036 a
1771 998 1902 1038 vero
2001 980 2345 1036 Alexandria:
2389 983 2731 1036 versabatur.
2789 979 3147 1049 Returquebit
3196 991 3580 1050 argumentum

231 1065 555 1120 aberraverit.
582 1065 755 1123 Nam
794 1085 997 1136 cum,
1034 1072 1278 1128 Eusebio
1305 1081 1461 1138 teste,
1492 1071 1756 1143 Origenes
1795 1074 1902 1127 im-
2000 1067 2201 1136 aliquis
2224 1108 2237 1130 ,
2264 1075 2319 1121 et
2356 1067 2534 1135 dicet,
2566 1068 2670 1122 hoc
2712 1076 2952 1137 tempore
2982 1084 3074 1123 sex
3103 1069 3580 1138 interpretationes

234 1159 520 1226 penatibus
569 1158 761 1216 Gallo
838 1171 910 1216 et
951 1161 1299 1227 Volusiauo,
1354 1165 1447 1234 qui
1498 1180 1643 1218 anno
1694 1164 1900 1220 Christi
1999 1152 2052 1209 in
2085 1170 2255 1209 unum
2281 1156 2537 1227 colligere
2564 1172 2670 1210 non
2693 1156 2936 1225 potuisse
2961 1154 3387 1228 Origenem,qni
3412 1159 3574 1214 etiam

236 1250 462 1306 25λωὶ
495 1260 669 1313 sunt,
713 1252 1007 1319 obierit,
1075 1255 1173 1309 vix
1221 1256 1392 1325 potuit
1444 1265 1566 1325 post
1596 1254 1743 1311 Decii
1772 1273 1897 1325 per-
2000 1255 2114 1301 tum
2166 1245 2479 1318 Symmachi
2532 1248 2979 1317 interpretatione
3023 1258 3077 1302 et
3126 1249 3362 1303 editione
3411 1248 3575 1307 Sexta

242 1343 550 1396 mentionem
618 1343 772 1397 anni
827 1343 963 1398 251
1040 1345 1227 1400 tribus
1280 1346 1439 1400 annis
1489 1346 1712 1403 vixisse.
1765 1346 1897 1404 June
1998 1347 2232 1394 careret.
2270 1337 2590 1409 Respondeo
2636 1334 3001 1408 Hexaplorum
3045 1340 3573 1409 coagmentationem

244 1433 377 1504 igitur
403 1433 804 1490 doctissimus
864 1436 1422 1507 illustrissimusque
1462 1437 1725 1504 Huctius,
1756 1440 1897 1511 rcje-
1996 1437 2177 1481 meme
2210 1427 2590 1497 meormasse
2617 1427 2821 1497 ipsum.
2867 1443 2992 1482 cum
3023 1438 3168 1483 esset
3191 1429 3568 1494 Alexandriae.

248 1527 329 1581 etis
357 1524 656 1595 Epiphanii
707 1527 920 1590 notis,
952 1528 1200 1583 aliunde
1239 1529 1502 1585 calculum
1542 1538 1726 1601 petere
1771 1533 1864 1588 niti

1994 1530 2103 1569 non
2142 1516 2260 1585 ipsa
2298 1526 2704 1585 coagmentasse
2727 1556 2742 1579 ,
2792 1531 2914 1571 cum
2947 1517 3190 1572 nondum
3238 1520 3569 1588 exemplaria

250 1629 527 1687 tonutque
544 1618 1057 1688 probabiliorem
1081 1635 1150 1675 ea
1167 1621 1234 1677 de
1254 1637 1311 1676 re
1331 1625 1864 1680 statuatsententiam

1993 1605 2220 1662 haberet
2245 1608 2311 1662 ad
2335 1624 2554 1662 manum
2578 1626 2591 1663 :
2622 1608 2714 1663 sed
2742 1608 2854 1679 jam
2880 1607 3004 1662 inde
3028 1607 3160 1676 ipsis
3181 1609 3570 1677 investigandis

254 1712 533 1780 adtempus
562 1709 899 1765 Maximini
931 1727 1097 1781 opus
1137 1710 1497 1783 Hexaplorum
1536 1725 1793 1771 revocat:
1825 1733 1891 1773 ac
1993 1712 2213 1767 Operam
2243 1699 2477 1755 ἀεάίεεθ·
2510 1696 2698 1769 Itaque
2726 1716 2834 1753 ηοη
2865 1699 2998 1754 die“
3027 1699 3365 1771 Epiphanius
3406 1703 3570 1776 6W’l‘

254 1801 490 1858 Caesarem
520 1802 886 1856 inchoatum
924 1841 948 1867 ,
1011 1802 1152 1874 Tyri
1177 1814 1354 1860 autem
1395 1805 1691 1876 perfectum
1724 1807 1864 1864 fuiss

1964 1822 1965 1829 ι
1992 1810 2196 1863 versv;
2225 1796 2339 1863 sed,
2374 1795 2795 1867 ἐφιλοτιμήσατο
2824 1799 3168 1865 συναγαγεῖν.
3209 1815 3228 1848 ρ

255 1895 497 1963 opinatur,
563 1895 646 1949 ne
672 1903 856 1950 tanta
908 1904 1123 1951 autem
1165 1897 1370 1954 edendo
1406 1914 1569 1969 opere
1606 1899 1737 1970 iam,
1762 1909 1893 1957 ωηο
2065 1886 2157 1940 Sic
2204 1886 2289 1941 vir
2335 1886 2742 1943 eruditissimus
2776 1888 3088 1957 opinionem
3133 1904 3288 1942 suam
3322 1903 3568 1946 asserere

257 1985 497 2055 cogitasse
522 1984 851 2056 Origenem
888 1995 1099 2056 putat,
1128 2002 1252 2042 cum
1279 1988 1620 2045 Alexandria;
1647 2006 1893 2046 versare.
1990 1975 2208 2031 nititur.
2249 1975 2347 2032 His
2377 1986 2557 2032 autem
2608 1987 2875 2048 repugnat
2905 1976 3286 2035 Tillemontius
3309 2021 3323 2046 ,
3355 1983 3448 2051 qui
3479 1989 3565 2035 ta-

258 2083 361 2128 tur:
382 2074 699 2142 ibidemque
729 2059 1079 2132 nonnullas
1102 2076 1394 2147 Scriptura
1415 2079 1889 2150 interpretationes
1990 2084 2114 2124 me"
2146 2080 2202 2125 ει
2228 2070 2343 2140 ipse
2370 2071 2528 2141 quasi
2558 2070 2879 2126 hario‘and“
2914 2087 3026 2125 rem
3059 2072 3129 2126 ί¹³
3159 2082 3472 2143 Ρθνιωοιθιν
3506 2083 3566 2129 ιη

256 2165 513 2236 collegisse
538 2167 1043 2238 contulisseque:
1068 2183 1192 2239 quae
1225 2169 1391 2226 totius
1413 2180 1702 2227 structura:
1725 2173 1888 2228 veluti

258 2255 536 2333 rudimenta
589 2258 798 2312 haberi
874 2268 1207 2327 poterant;
1267 2261 1460 2316 deinde
1512 2260 1773 2319 Caasareae
1828 2264 1885 2318 in

258 2344 572 2415 Cappadocia
601 2348 682 2402 rei
712 2348 884 2403 serio
910 2363 1157 2403 manum
1185 2349 1532 2415 admovisse;
1558 2351 1887 2423 demumque

260 2434 374 2507 Tyri
394 2438 714 2494 absolvisse.
747 2439 859 2495 Sic
878 2440 985 2494 ille
1019 2438 1476 2511 Origenianorum
1497 2443 1592 2498 lib.
1616 2460 1656 2508 I,
1679 2460 1802 2515 cap.
1826 2447 1882 2513 5,

262 2542 378 2582 nam
399 2527 452 2582 2.
477 2528 610 2599 Ejus
633 2532 819 2585 verba
873 2527 1112 2585 referre
1143 2546 1248 2585 non
1280 2532 1501 2602 pigebit.

328 2637 348 2671 ι
386 2619 763 2690 Tetraplorum
800 2631 866 2676 et
899 2620 1290 2692 Hexaplorum
1313 2663 1326 2687 ,
1356 2640 1594 2694 quorum
1639 2628 1877 2682 mentio-

266 2725 378 2764 nem
411 2709 532 2765 fecit
582 2711 880 2768 Eusebius
931 2713 1045 2768 lib.
1098 2728 1153 2767 vi
1204 2713 1445 2781 ΙΙὶειονο,
1485 2732 1607 2787 cap.
1651 2720 1738 2784 16,
1787 2721 1877 2776 cui

268 2804 474 2872 tempori
504 2804 873 2876 adjungenda
913 2808 999 2861 sit
1042 2804 1375 2876 descriptio,
1418 2817 1660 2866 statuere
1689 2827 1877 2882 prom-

265 2902 402 2959 ptum
434 2909 536 2948 non
562 2903 667 2949 est.
704 2895 969 2952 Factum
1018 2895 1078 2951 id
1116 2896 1424 2967 signiﬁcare
1458 2903 1672 2958 videtur
1704 2903 1877 2961 Euse-

270 2980 381 3037 bius
416 2985 581 3039 multo
624 2996 952 3056 antequam
991 2987 1332 3044 Alexandria
1373 2991 1636 3063 Origenes
1680 3010 1872 3052 exces—

271 3073 444 3141 sisset,
472 3086 601 3133 tunc
632 3079 919 3132 nimirum
978 3094 1115 3133 cum
1160 3078 1615 3140 Ambrosium'ad
1665 3088 1867 3145 Christi

270 3162 416 3221 idem
449 3170 831 3225 convertebat.
897 3169 1262 3247 Epiphanius
1312 3184 1492 3231 autem
1538 3177 1665 3249 Tyri
1715 3179 1871 3236 lucu-

271 3256 410 3311 brata
432 3275 491 3314 ea
532 3276 643 3315 non
684 3262 866 3317 semel
900 3259 1276 3321 asseveravit.
1312 3266 1425 3339 Ego
1450 3285 1578 3324 vero
1610 3270 1757 3326 aliud
1790 3273 1868 3327 rei

271 3344 387 3402 huic
424 3357 633 3421 tempus
664 3353 908 3422 deputo,
971 3354 1202 3422 quando
1252 3358 1483 3426 scilicet,
1518 3359 1869 3421 Christianos

272 3449 481 3495 vexante
518 3443 825 3498 Maximino
846 3487 863 3501 .
895 3443 1222 3501 Caesaream
1252 3447 1610 3519 Cappadociae
1649 3454 1715 3507 ad
1746 3454 1868 3509 Fir-

271 3529 534 3588 milianum
567 3535 825 3606 confugit
870 3535 1180 3608 Origenes.
1213 3539 1257 3592 Α
1301 3539 1517 3597 Juliana
1550 3545 1694 3598 enim
1734 3546 1871 3601 libe-

268 3620 437 3677 raliter
452 3640 712 3697 exceptus
738 3640 796 3683 et
822 3631 1011 3684 domo
1043 3637 1100 3683 et
1131 3629 1451 3688 bibliotheca
1479 3648 1508 3689 a
1535 3634 1866 3706 Symmacho

270 3709 390 3765 olim
433 3715 701 3773 instructa
731 3758 749 3783 ,
804 3719 880 3773 ad
935 3733 1068 3773 eam
1121 3719 1315 3775 deinde
1364 3722 1697 3780 lrzereditatis
1741 3727 1865 3796 jure

269 3808 604 3873 transmissa,
638 3820 845 3865 nactus
881 3811 1009 3865 illic
1042 3820 1129 3866 est
1160 3810 1455 3882 Scriptura:
1483 3831 1655 3871 sacrte
1680 3834 1865 3874 exem-

272 3893 457 3963 plaria,
484 3900 685 3968 quibus
722 3917 870 3957 usus
918 3901 1107 3955 fuerat
1137 3901 1519 3973 Symmachus.
1567 3905 1705 3961 Tum
1736 3924 1865 3966 vero

271 3985 468 4040 codices
499 3990 678 4058 ipsum
729 3990 1072 4046 conflixisse
1118 3991 1258 4047 inter
1305 4010 1365 4049 se
1417 4005 1472 4050 et
1510 3998 1865 4066 conjunxisse

273 4074 530 4137 probabile
555 4089 684 4133 est:
725 4081 827 4135 sed
862 4095 998 4133 cum
1039 4078 1347 4137 institutum
1379 4099 1518 4154 npus
1560 4102 1659 4156 per
1688 4103 1865 4159 angu-

274 4165 394 4221 stias
433 4172 688 4239 temporis
720 4173 800 4226 ibi
833 4171 1134 4226 absolvere
1166 4188 1270 4228 non
1314 4186 1520 4243 posset,
1548 4192 1860 4248 supremam

278 4251 367 4321 ipsi
406 4274 619 4315 manum
664 4262 725 4316 in
766 4264 891 4316 otio
932 4261 1108 4332 Tyrio
1153 4263 1500 4333 imposuisse.
1547 4267 1667 4323 Non
1714 4273 1861 4341 quod

276 4344 334 4398 de
361 4347 421 4404 iis
445 4355 713 4422 cogitasse
742 4352 1062 4425 Origeuem
1096 4364 1210 4409 tum
1238 4359 1474 4427 primum
1510 4373 1690 4430 putem
1719 4380 1735 4429 ;
1765 4365 1860 4420 sed

274 4435 585 4499 Alexandria:
619 4444 874 4501 fortasse
909 4445 1073 4515 prius
1103 4448 1286 4503 animo
1315 4450 1639 4517 informata,
1672 4456 1857 4511 Caesa-

277 4539 367 4581 reae
384 4530 736 4602 Cappadociae
767 4536 1065 4601 inchoata,
1089 4535 1318 4594 Athenis
1341 4549 1395 4595 et
1415 4541 1676 4599 Caesarem
1707 4544 1855 4603 Stra-

277 4626 397 4709 tonis
427 4627 638 4693 affecta,
680 4646 753 4684 ac
802 4628 940 4700 Tyri
979 4629 1200 4683 demum
1250 4634 1488 4691 arbitror
1530 4636 1702 4693 fuisse
1734 4656 1856 4709 per-

271 4706 407 4768 lecta.
439 4716 511 4771 Ita
544 4717 800 4775 Eusebio
853 4717 1193 4774 conciliatur
1226 4719 1583 4792 Epiphanius,
1615 4706 1851 4796 quorum

272 4799 348 4855 ille
372 4806 597 4879 aliquam
649 4812 710 4866 in
752 4808 1179 4867 concinnandis
1209 4811 1465 4884 Hexaplis
1509 4817 1856 4876 Alexandriae

270 4905 457 4960 operam
487 4901 555 4955 ab
584 4900 841 4973 Origene
867 4899 1119 4970 positam
1149 4901 1358 4967 videtur
1383 4905 1728 4977 significare;
1762 4910 1853 4967 hic

268 4981 370 5056 Tyri
395 4988 557 5049 fuisse
582 4996 923 5065 composita
961 5003 1152 5060 aperte
1180 4993 1375 5062 docet;
1404 4999 1549 5067 quod
1582 5000 1655 5054 ita
1693 5002 1855 5057 intel-

264 5076 499 5150 ligendum
532 5099 642 5153 est,
678 5104 807 5145 ."on
840 5084 984 5156 Tyri
1020 5083 1194 5138 solum
1230 5102 1291 5141 ea
1325 5088 1639 5146 elaborasse
1667 5091 1856 5165 Orige-

258 5184 377 5240 Iem,
404 5180 489 5233 scd
515 5181 570 5234 in
607 5180 681 5236 iis
710 5179 901 5235 etiam
937 5174 1082 5229 locis
1106 5174 1159 5228 in
1190 5178 1389 5246 quibus
1430 5194 1554 5236 octo
1578 5194 1631 5238 et
1662 5185 1852 5255 viginti

255 5274 357 5320 ante
386 5283 612 5327 mortem
650 5271 837 5325 annis
884 5274 1150 5321 versatus
1178 5280 1297 5334 est,
1330 5286 1468 5339 quos
1505 5269 1631 5343 Tyri
1660 5286 1849 5333 trans-

252 5365 371 5413 aaos
383 5377 667 5434 perperam
694 5358 1078 5432 Epiphanius
1099 5359 1349 5416 credidit.
1371 5360 1579 5417 Firmat
1603 5376 1851 5424 nostram

248 5451 578 5518 conjecturam
606 5457 772 5527 quod
805 5452 899 5506 ait
922 5450 1202 5507 Eusebius
1221 5451 1313 5505 lib.
1333 5468 1406 5508 vi.
1433 5451 1581 5513 Hist.
1606 5473 1728 5528 cap.
1762 5461 1849 5528 l7,

247 5534 526 5609 Symmachi
554 5540 1125 5616 interpretationem
1156 5539 1472 5599 in’Juliana:
1505 5543 1847 5605 Bibliotheca

241 5629 486 5707 Origene",
534 5639 876 5711 reperisse.
944 5629 1203 5687 Nondum
1253 5634 1437 5706 itaque
1476 5636 1719 5712 Hexapla
1765 5644 1846 5698 vel

1987 2161 2188 2220 dubius
2234 2162 2405 2215 lector
2450 2162 2661 2231 ignoret
2697 2162 2786 2217 ubi
2825 2161 2952 2233 ligat
2978 2163 3193 2233 pedem.
3239 2163 3369 2235 Ejus
3400 2166 3563 2222 verba

1986 2256 2067 2312 sic
2096 2254 2288 2308 Latina
2320 2251 2571 2307 facimus.

2062 2362 2081 2397 ι
2116 2342 2247 2398 Post
2275 2340 2552 2398 Valesium
2602 2341 2828 2399 lluetius
2862 2344 3137 2400 existimat
3168 2343 3406 2414 llexapla
3436 2342 3562 2399 Ori-

1984 2451 2175 2507 genem
2209 2435 2450 2491 edidisse
2483 2444 2774 2506 antequam
2806 2436 3056 2507 Tetrapla
3096 2438 3467 2493 concinnaret.
3501 2435 3558 2491 Si

1982 2526 2057 2581 ita
2105 2542 2165 2583 se
2212 2543 2303 2582 res
2333 2527 2565 2594 habeat,
2610 2544 2719 2582 nou
2772 2531 2948 2600 patuit
2998 2530 3261 2601 Origenes
3308 2529 3563 2599 liexaplis

1983 2633 2206 2673 manum
2246 2619 2539 2673 admovere
2572 2630 2864 2689 antequam
2896 2621 3279 2676 Alexandriam
3315 2638 3375 2676 se
3424 2621 3564 2675 reci-

1981 2722 2156 2782 peret,
2197 2712 2341 2781 quod
2371 2711 2567 2766 accidit
2598 2727 2742 2766 anno
2768 2713 2896 2777 251,
2927 2714 3367 2783 quandoquidem
3399 2710 3562 2767 Sexta

1978 2804 2194 2869 versio,
2224 2817 2390 2872 quam
2430 2803 2485 2857 in
2530 2802 2786 2874 Hexaplis
2819 2804 3053 2870 locavit,
3087 2819 3231 2858 anno
3263 2803 3560 2858 Alexandri

1980 2890 2165 2947 Severi
2197 2892 2459 2961 septimo,
2504 2906 2565 2948 ut
2592 2903 2779 2947 narrat
2808 2892 3165 2962 Epiphanius,
3196 2904 3408 2962 reperta
3439 2901 3559 2958 est,

1980 2983 2035 3038 id
2063 2992 2149 3039 est
2185 2998 2332 3038 anno
2364 2983 2569 3037 Christi
2599 2983 2726 3048 228,
2755 2985 2837 3038 vel
2869 2985 3081 3037 tantillo
3108 2992 3266 3037 antea
3292 2991 3557 3052 tempore.
3640 3030 3648 3039 .

1975 3074 2112 3130 Cum
2143 3084 2324 3129 autem
2359 3072 2656 3145 Septimam
2691 3090 2910 3146 quoque
2944 3076 3273 3139 editionem,
3305 3090 3427 3145 qua!
3454 3090 3558 3129 suo

1974 3166 2088 3222 haec
2119 3174 2329 3236 reperta
2362 3164 2495 3233 fuit,
2534 3167 2586 3219 in
2616 3164 2873 3236 Hexaplis
2901 3167 3182 3237 posuerit,
3210 3182 3274 3220 ac
3303 3167 3469 3220 variis
3498 3182 3559 3218 a-

1969 3261 2174 3331 gitatus
2218 3261 2486 3331 negotiis,
2532 3269 2822 3329 antequam
2866 3261 3168 3314 Caesaream
3212 3267 3419 3331 peteret
3445 3274 3553 3313 no-i

1971 3360 2060 3406 sat
2089 3352 2185 3405 Otii
2214 3361 2410 3406 nactus
2447 3350 2616 3406 fuisse
2646 3352 2931 3419 videatur;
2967 3353 3079 3406 veri
3105 3368 3237 3407 sane
3264 3352 3441 3407 simile
3465 3360 3552 3407 est

1969 3458 2093 3496 eum
2128 3442 2182 3495 in
2214 3442 2316 3496 bac
2358 3442 2492 3497 urbe
2528 3441 2768 3512 Hexapla
2799 3458 3056 3497 exorsum
3082 3459 3222 3497 esse.
3257 3442 3383 3499 Haec
3422 3458 3554 3496 vero

1969 3534 2232 3603 temporis
2264 3533 2402 3587 ratio
2432 3548 2555 3588 cum
2590 3532 2877 3603 Epiphanii
2912 3535 3225 3588 narratione
3260 3533 3557 3588 convenire

1969 3624 2203 3689 videtur,
2225 3624 2317 3694 qui
2336 3624 2411 3677 ait
2432 3625 2611 3693 ipsum
2636 3622 2873 3692 ilexapla
2902 3638 3157 3678 exorsum
3187 3639 3309 3679 esse
3334 3624 3558 3693 quando

1968 3713 2172 3786 Tyrum
2204 3731 2263 3769 se
2292 3716 2534 3784 recepit;
2571 3722 2625 3768 et
2656 3715 2845 3784 viginti
2881 3724 3007 3769 octo
3041 3715 3200 3770 annis
3244 3715 3373 3769 huic
3406 3714 3556 3782 operi

1966 3807 2274 3862 insudasse.
2310 3805 2510 3862 Verum
2541 3817 2601 3861 ut
2631 3808 2747 3863 haec
2771 3808 3071 3863 consistere
3097 3817 3345 3878 possent,
3378 3822 3556 3861 annos

1965 3896 2270 3952 octodecim
2300 3912 2401 3966 pro
2431 3897 2622 3969 viginti
2654 3906 2779 3951 octo
2815 3898 3100 3968 legendum
3146 3907 3324 3962 esset,
3358 3905 3412 3952 et
3452 3913 3552 3966 pro

1966 3987 2110 4058 Tyro
2148 3986 2453 4042 Caesaream
2492 3987 2934 4042 substituendum
2981 3986 3164 4041 foret:
3209 3988 3301 4041 ubi
3338 3988 3553 4042 videtur

1965 4077 2227 4149 Origenes
2259 4078 2445 4134 sedem
2476 4080 2727 4149 posuisse
2757 4080 2825 4133 ab
2856 4095 3001 4133 anno
3031 4080 3130 4133 251
3166 4080 3233 4133 ad
3259 4079 3386 4133 250.
3415 4078 3553 4133 Nam

1964 4172 2011 4226 si
2042 4171 2164 4225 vita:
2191 4172 2387 4225 seriem
2419 4170 2691 4237 attendas,
2722 4172 2903 4226 statim
2932 4172 3084 4227 dicas
3110 4172 3397 4240 Origenem
3440 4187 3552 4227 non

1962 4262 2207 4332 potuisse
2231 4260 2361 4334 Tyri
2392 4277 2569 4316 annos
2590 4262 2661 4316 28
2685 4263 3044 4316 commorari:
3070 4262 3347 4330 multoque
3368 4261 3554 4318 minus

1963 4354 2047 4408 bas
2080 4352 2259 4425 Tyriae
2302 4369 2474 4409 morae
2522 4362 2648 4423 post
2690 4352 2839 4407 Decii
2884 4351 3314 4420 persecutionem
3364 4350 3564 4405 consi-'

1888 4481 1933 4536 ο
1962 4445 2119 4515 gnari
2144 4454 2399 4536 possunt,
2425 4445 2481 4499 id
2515 4444 2643 4499 licet
2677 4442 2868 4498 fecerit
2899 4442 3268 4536 Epiphanius:
3299 4443 3550 4536 quando-

1960 4537 2180 4605 quidem
2214 4534 2477 4606 Origenes
2505 4543 2626 4605 post
2650 4551 2770 4589 eam
2803 4533 3234 4604 persecutionem
3264 4533 3356 4587 vix
3386 4533 3553 4587 trien-

1956 4628 2048 4681 nio
2082 4629 2243 4683 vixit.
2293 4627 2495 4685 Verum
2534 4610 2639 4682 hoc
2679 4627 2854 4697 posito
2902 4642 3086 4681 rerum
3137 4634 3550 4695 temporumque

1957 4722 2170 4790 ordine,
2202 4723 2396 4794 ingens
2423 4721 2554 4776 hinc
2583 4720 2759 4775 oritur
2784 4717 3094 4783 difﬁcultas,
3124 4718 3267 4788 quod
3302 4718 3550 4771 videatur

1955 4814 2218 4884 Origenes
2244 4815 2357 4883 jam
2395 4813 2634 4889 Hexapla
2655 4810 2737 4865 vel
2756 4809 3007 4879 Tetrapla
3041 4826 3139 4865 sua
3169 4809 3404 4864 edidisse
3423 4824 3548 4863 cum

1955 4904 2100 4960 Julio
2149 4905 2413 4961 Africano
2462 4904 2719 4974 scripsit,
2748 4917 2871 4972 quae
2914 4910 3095 4956 tamen
3143 4902 3373 4971 epistola
3404 4914 3551 4954 anno

1956 4996 2061 5050 228
2091 4999 2219 5053 data
2252 4997 2427 5054 fuisse
2453 4996 2686 5051 videtur.
2712 4995 2771 5050 1n
2803 4994 2894 5049 illa
2920 4994 3126 5067 quippe
3146 4993 3373 5062 epistola
3404 4990 3551 5045 Afri-

1954 5105 2094 5145 cano
2127 5100 2316 5146 narrat
2344 5107 2405 5147 se
2440 5089 2647 5161 ingenti
2683 5089 2871 5145 labore
2900 5085 3152 5141 Hebraici
3191 5095 3245 5138 et
3283 5082 3423 5138 LXX
3465 5082 3552 5138 lu-

1957 5191 2257 5253 terpretum
2302 5182 2493 5238 varias
2536 5181 2844 5247 lectiones,
2882 5177 3022 5233 facta
3063 5176 3350 5246 utriusque
3388 5174 3556 5230 colla-

1957 5275 2105 5328 tione
2139 5273 2462 5341 collegisse,
2495 5287 2676 5345 eaque
2707 5275 2774 5329 de
2807 5285 2977 5325 causa
3002 5271 3184 5322 varias
3211 5282 3404 5321 omnes
3433 5265 3553 5320 edi-

1953 5367 2135 5422 tiones
2156 5365 2592 5433 examinavisse,
2628 5365 2724 5420 ubi
2762 5379 2894 5422 sane
2922 5360 3174 5430 Tetrapla
3201 5359 3334 5414 satis
3373 5366 3557 5425 aperte

1954 5456 2201 5512 indicare
2253 5456 2493 5510 videtur.
2555 5457 2719 5523 Quod
2772 5456 2817 5511 si
2855 5453 2967 5507 lucc
3000 5450 3250 5520 Origenis
3287 5444 3447 5501 verba
3488 5446 3556 5499 de

1953 5545 2097 5602 LXX
2123 5562 2247 5604 cum
2276 5546 2453 5602 obelis
2481 5558 2538 5603 et
2569 5545 2860 5616 asteriscis
2889 5542 3130 5598 editione
3170 5536 3391 5605 intelligi
3424 5550 3555 5604 pos-

1952 5651 2108 5705 εθιιι,
2149 5652 2315 5707 quam
2365 5638 2419 5692 in
2455 5640 2656 5695 eadem
2691 5635 2920 5708 epistola
2955 5633 3388 5689 commemorat,
3441 5626 3555 5679 haec

239 5722 450 5804 Tetrapla
494 5730 993 5792 concinnaverat
1018 5763 1036 5791 ν
1070 5739 1303 5795 quorum
1335 5744 1460 5800 pars
1503 5746 1699 5804 magna
1742 5735 1846 5791 fuit
1948 5731 2120 5787 editio
2151 5743 2287 5787 sane
2336 5731 2567 5789 nonnisi
2618 5739 2749 5798 post
2792 5727 3043 5800 Tetrapla
3089 5712 3409 5780 concinnari
3458 5732 3551 5787 po.
