4052 6388
556 369 626 421 27
1921 372 2436 429 PRAELIMINAHIA
3719 380 3791 436 ΞΒ

569 492 738 548 tuisse
781 491 1009 547 videtur.
1044 486 1178 545 Nam
1214 491 1267 546 id
1292 492 1471 562 operis
1503 509 1627 548 cum
1662 493 1929 563 Tetraplis
1973 507 2126 547 com-
2156 496 2201 553 Α
2229 502 2306 545 ter
2336 492 2636 559 disputans,
2664 498 2827 555 supra
2865 493 3065 548 dictam
3102 492 3343 547 hieresim
3387 501 3627 549 astruere
3650 498 3793 552 vide-

567 584 758 647 mode,
805 583 924 640 sine
973 580 1239 653 Tetraplis
1282 585 1499 641 nonnisi
1544 600 1743 655 magno
1789 585 1972 639 labore
2010 583 2128 639 ﬁeri

565 682 795 748 poterat.

641 784 663 818 s
696 766 916 821 Certum
944 772 1028 820 est
1072 772 1252 820 autem
1285 763 1572 837 Origenem
1616 763 1943 820 Nicomediae
1988 765 2129 819 hanc

564 861 631 915 ad
657 858 973 913 Africanum
1004 859 1288 929 epistolam
1322 860 1647 929 scripsisse:
1679 874 1911 930 cumque
1957 859 2040 914 bis
2072 858 2125 914 in

564 949 828 1006 Graciam
872 950 976 1004 iter
1008 950 1321 1018 instituerit,
1367 953 1630 1007 alterutro
1660 953 1853 1008 itinere
1878 952 2128 1008 Nicome-

561 1045 705 1101 diam
734 1043 953 1115 petiisse
972 1051 1024 1097 et
1045 1044 1325 1113 epistolam
1350 1044 1563 1100 dedisse
1590 1044 1829 1113 videtur;
1855 1062 1918 1101 ac
1946 1047 2126 1116 potius

562 1138 760 1206 primo,
797 1150 959 1204 quam
993 1136 1271 1191 secundo:
1313 1140 1509 1190 etenim
1540 1139 1773 1207 primum
1804 1155 1947 1192 anno
1977 1140 2083 1193 228
2107 1182 2122 1206 ,

564 1225 861 1280 secundum
889 1227 1171 1281 duodecim
1204 1237 1321 1296 post
1352 1243 1521 1283 annos
1552 1229 1802 1284 instituit.
1835 1230 2125 1284 Africanus

562 1328 690 1366 vero
721 1316 894 1386 ipsum
934 1320 1026 1371 lilii
1059 1320 1278 1374 nomine
1312 1321 1629 1390 compellat,
1662 1322 1804 1392 quod
1835 1323 2013 1393 aptius
2057 1325 2125 1380 ad

562 1406 861 1459 secundum
893 1406 1177 1461 referatur.

638 1510 657 1543 ι
696 1492 818 1548 Haec
858 1503 918 1549 ut
949 1497 1252 1581 consistere
1297 1498 1510 1567 possint
1539 1499 1829 1555 dicendum
1867 1503 2080 1558 videtur
2105 1546 2121 1571 ,

560 1579 844 1653 Origenem
899 1579 1145 1657 Tetrapla
1176 1590 1533 1645 concinnasse
1563 1601 1686 1647 ante
1730 1608 1933 1647 annum
1978 1594 2119 1660 228,

560 1673 663 1727 sub
707 1674 821 1729 hate
868 1687 1049 1731 autem
1087 1688 1209 1748 post
1256 1690 1523 1747 repertam
1567 1680 1786 1736 Sextam
1831 1685 2119 1739 editionem

560 1760 795 1835 Hexapla
826 1767 1080 1832 edidisse,
1115 1770 1206 1824 ubi
1236 1771 1479 1840 quintam
1510 1781 1563 1826 et
1596 1784 1802 1829 sextam
1835 1776 2115 1832 locaverit:

560 1852 686 1909 licet
717 1871 827 1910 non
861 1866 946 1912 sat
990 1859 1214 1931 intelligi
1268 1862 1441 1931 possit
1480 1879 1578 1917 cur
1620 1879 1725 1918 non
1769 1867 2011 1935 quintam
2065 1871 2118 1923 in

560 1943 826 2018 Tetraplis
860 1954 1125 2021 posuerit,
1156 1955 1202 2009 si
1236 1955 1325 2009 illa
1358 1971 1501 2010 anno
1528 1958 1633 2010 217
1677 1960 1890 2015 inventa
1927 1961 2118 2029 fuerit,

557 2048 618 2092 ut
648 2040 985 2110 Epiphanius
1030 2057 1256 2116 narrat;
1306 2051 1410 2106 nisi
1451 2051 1589 2105 forte
1627 2050 1842 2107 dicatur
1872 2053 2120 2124 Tetrapla

555 2130 717 2184 etiam
748 2142 873 2188 ante
898 2134 1045 2190 hunc
1070 2153 1272 2193 annum
1306 2140 1541 2210 perfecta
1569 2141 1757 2209 fuisse,
1788 2145 1873 2199 cui
1906 2155 2124 2201 senten-

558 2219 645 2273 tiae
670 2220 851 2278 favere
878 2226 1093 2281 videtur
1121 2228 1387 2287 Eusebius
1408 2274 1422 2287 .
1447 2274 1461 2287 .
1489 2274 1504 2288 .
1528 2274 1542 2288 .
1561 2272 1576 2287 .
1600 2272 1614 2287 .
1635 2274 1649 2287 .
1673 2272 1687 2287 .
1711 2274 1726 2289 .
1761 2235 1854 2290 Vir
1880 2238 2122 2294 clarissi-

556 2327 680 2368 mus
711 2312 938 2371 Huetius
963 2327 1117 2386 putat
1138 2318 1423 2391 Origenem
1454 2323 1687 2396 Hexapla
1713 2343 1967 2384 exorsum
1998 2345 2120 2385 esse

556 2417 700 2456 anno
729 2404 869 2469 255,
909 2407 1069 2463 nixus
1105 2408 1319 2465 Eusebii
1354 2416 1662 2470 testimonio
1685 2456 1700 2480 ,
1731 2419 1821 2487 qui
1854 2419 1964 2485 ait,
1997 2418 2120 2475 Ori-

556 2509 747 2562 genem
784 2497 1255 2569 interpretationes
1285 2503 1595 2574 Symmachi
1627 2509 1682 2563 in
1718 2509 2054 2581 Scripturam
2087 2529 2118 2568 a

553 2584 768 2642 Juliana
804 2593 1097 2660 accepisse.
1144 2592 1283 2648 Hinc
1324 2596 1485 2652 infert
1517 2615 1637 2654 eum
1659 2641 1674 2665 ,
1704 2617 1829 2656 cum
1877 2606 2117 2660 nondum

555 2677 869 2766 Symmachi
934 2686 1239 2743 versionem
1303 2691 1639 2760 accepisset,
1704 2710 1814 2749 non
1875 2698 2119 2766 potuisse

557 2765 832 2838 Hexapla,
889 2789 1010 2842 qua
1062 2775 1204 2832 haud
1249 2779 1412 2835 dubie
1466 2779 1777 2853 Symmachi
1824 2765 2116 2843 editionem

553 2861 1069 2933 complectebantur,
1101 2869 1389 2926 adornare.
1422 2872 1489 2927 At
1516 2876 1809 2931 verisimile
1837 2895 1944 2933 non
1969 2880 2121 2936 vide-

551 2957 661 3016 tur,
688 2947 976 3025 Origenem
1010 2956 1320 3030 Symmachi
1351 2968 1675 3034 versionem,
1703 2968 1770 3022 60
1795 2980 1917 3024 ante
1944 2986 2119 3027 annos

550 3040 923 3106 elaboratam.
991 3059 1099 3104 tam
1158 3068 1281 3108 sero
1330 3070 1549 3111 nactum
1607 3075 1770 3116 esse:
1835 3074 2118 3133 pmestque

2230 592 2334 638 tur.
2365 585 2532 653 Atque
2585 584 2679 638 hos
2722 582 3021 654 Symmachi
3069 582 3485 639 Commentarios
3513 603 3620 640 una
3671 604 3790 641 cum

2227 671 2351 725 aliis
2397 688 2562 726 sacra:
2607 670 2898 740 Scriptum
2932 672 3451 743 interpretationibus
3498 674 3562 727 ab
3611 677 3792 729 eodem

2226 760 2534 827 elaboratis,
2586 771 2810 815 testatur
2842 760 3088 831 Origenes
3128 777 3181 814 se
3225 776 3258 814 a
3296 759 3520 813 Iuliana
3560 761 3790 829 quadam

2228 853 2504 922 accepisse,
2530 853 2599 907 ad
2621 868 2781 923 quam
2808 853 2848 906 ii
2882 852 3007 906 libri
3034 852 3376 906 successionis
3398 852 3520 920 jure
3552 868 3798 921 pervene-

2227 952 2384 1007 rant;
2414 944 2505 997 uhi
2528 944 2680 1006 illud,
2709 944 2764 997 in
2788 943 2975 1012 quibus
3002 943 3250 996 adversus
3277 940 3617 1012 Evangelium
3652 940 3792 994 Mat-

2228 1032 2351 1086 thwi
2373 1033 2567 1087 acriter
2590 1032 2887 1098 disputans,
2915 1030 3275 1100 supradictam
3298 1031 3534 1084 haeresim
3555 1042 3793 1086 astruere

2225 1126 2447 1190 videtur,
2478 1141 2543 1180 ex
2565 1126 2829 1179 diametro
2861 1123 3167 1193 oppositam
3201 1121 3434 1177 Eusebio
3464 1124 3788 1177 sententiam

2224 1217 2394 1271 eﬂ‘ert.
2426 1215 2562 1270 Nam
2614 1232 2677 1271 ea
2708 1215 3020 1270 Graecorum
3064 1215 3357 1268 verborum
3405 1228 3562 1269 mens
3597 1222 3703 1277 est,
3734 1215 3791 1266 in

2223 1310 2412 1380 quibus
2443 1309 2684 1364 Matthazi
2715 1307 2999 1377 Evangelia
3023 1308 3201 1373 nixus,
3233 1307 3315 1361 vel
3343 1307 3411 1361 ad
3451 1307 3704 1369 litteram,
3734 1308 3792 1359 in

2222 1402 2409 1472 quibus
2435 1402 2504 1454 ad
2534 1400 2769 1455 Matthtei
2806 1399 3151 1469 Evangelium
3197 1399 3494 1462 intendens,
3526 1414 3792 1451 memora-

2224 1503 2333 1545 tam
2358 1491 2595 1546 hteresim
2634 1499 2948 1561 propugnat.
2985 1488 3201 1543 Etenim
3252 1499 3461 1544 certum
3505 1495 3589 1542 est
3628 1485 3793 1542 Ebio-

2222 1584 2367 1637 nitas
2396 1598 2492 1651 pro
2520 1597 2616 1636 sua
2640 1583 2836 1636 tuenda
2867 1582 3058 1635 haeresi
3085 1579 3376 1651 Evangelio
3401 1580 3632 1634 Matthxi
3662 1595 3789 1634 usos

2221 1674 2426 1730 fuisse:
2468 1683 2523 1728 et
2569 1675 2712 1728 hunc
2759 1672 2978 1727 Eusebii
3022 1674 3200 1727 locum
3257 1672 3525 1741 respicere
3577 1673 3792 1728 videtur

2222 1763 2604 1836 Hieronymus,
2632 1779 2755 1820 cum
2791 1765 2868 1817 ait
2898 1763 2952 1817 in
2988 1762 3245 1833 Catalogo
3284 1765 3596 1833 scriptorum
3620 1762 3789 1818 eccle-

2219 1858 2577 1920 siasticarum,
2628 1856 2695 1911 de
2743 1854 2976 1925 Origene
3023 1855 3293 1925 loquens:
3342 1855 3546 1925 Aquilia
3588 1855 3789 1908 scilicet

2218 1948 2432 2003 Pontici
2452 1946 2720 2016 proselyti,
2743 1956 2791 2000 et
2819 1946 3182 2000 Theodotiouis
3202 1946 3458 2013 Ebionwi,
3474 1958 3519 2000 et
3544 1944 3788 2017 Symma-

2218 2044 2301 2097 chi
2316 2042 2547 2111 ejusdem
2563 2042 2825 2110 dogmatis
2844 2056 2861 2094 :
2878 2041 2967 2110 qui
2990 2041 3045 2092 in
3068 2039 3409 2125 Evangeljum
3430 2057 3631 2111 quoque
3645 2041 3787 2095 κατὰ

2218 2134 2491 2189 Ματθαίον
2515 2135 2725 2203 scripsit
2752 2133 3188 2196 Commentarios,
3219 2134 3281 2186 de
3303 2149 3402 2202 quo
3430 2144 3478 2186 et
3505 2150 3658 2186 suum
3690 2135 3788 2185 do-

2219 2243 2338 2297 gma
2385 2226 2695 2295 conﬁrmare
2743 2233 2986 2279 conatur.
3039 2223 3096 2277 ln
3150 2225 3255 2279 hoc
3299 2233 3479 2278 autem
3524 2234 3783 2294 peccant,

2218 2318 2275 2372 ni
2327 2316 2504 2383 fallor,
2557 2316 2802 2371 Valesius
2856 2327 2910 2372 et
2959 2316 3359 2382 Tillemontius,
3400 2318 3542 2384 quod
3596 2332 3783 2372 vocem

2215 2409 2361 2461 δοκεῖ
2388 2418 2599 2462 vertant
2626 2409 2851 2474 videtur,
2885 2424 3010 2463 cum
3060 2410 3329 2465 sexcentis
3370 2410 3628 2479 exemplis
3659 2425 3786 2479 pro-

2217 2500 2375 2555 betur
2402 2500 2462 2553 τὸ
2491 2499 2658 2564 δοκεῖ,
2682 2501 2916 2554 maxime
2945 2501 3086 2569 apud
3133 2501 3425 2569 scriptores
3455 2501 3786 2556 ecclesiasti—

2217 2606 2333 2656 cos,
2385 2606 2493 2645 non
2530 2591 2777 2645 minuere
2826 2591 3236 2647 affirmationem
3266 2607 3281 2644 :
3316 2608 3424 2661 qua
3458 2591 3525 2645 de
3559 2607 3616 2645 re
3661 2590 3785 2644 vide

2217 2678 2626 2745 Onomasticum
2658 2689 2904 2734 nostrum
2936 2681 3003 2734 ad
3035 2681 3314 2736 Athanasii
3349 2681 3542 2751 Opera,
3573 2682 3629 2734 in
3652 2696 3786 2736 voce

2216 2774 2398 2827 δοκεῖς
2435 2773 2489 2826 id
2524 2780 2705 2826 autem
2741 2781 2886 2827 recte
2936 2772 2991 2826 in
3027 2772 3193 2826 allato
3222 2772 3340 2827 loco
3372 2772 3627 2842 exprimit
3656 2771 3782 2827 Hie—

2217 2880 2500 2935 ronymus.
2541 2866 2696 2919 Δοκεῖ
2723 2864 2887 2935 igitur
2921 2864 3057 2917 nihil
3090 2865 3271 2927 ofﬁcit,
3301 2865 3595 2935 quominus
3631 2866 3784 2920 dica-

2218 2962 2307 3010 tur
2334 2954 2718 3027 Symmachum
2750 2955 2924 3024 palam
2949 2963 3002 3009 et
3031 2970 3097 3009 ex
3128 2954 3375 3024 professo
3406 2954 3783 3012 Ebionitarum

2219 3046 2466 3102 haeresim
2499 3046 2827 3115 defendisse,
2859 3055 2914 3102 et
2944 3046 3088 3101 hunc
3122 3062 3350 3117 prorsus
3386 3046 3640 3102 existimo
3661 3064 3785 3104 esse

548 3136 835 3235 commode
864 3137 1132 3196 Eusebius
1166 3143 1387 3216 intelligi
1428 3157 1522 3202 aut
1554 3149 1620 3203 de
1655 3150 1774 3220 ipso
1806 3152 2116 3224 Symmachi
2143 3177 2187 3235 ρ
2218 3139 2383 3235 Mitis
2411 3138 2513 3194 loci
2537 3153 2778 3235 sensum.

547 3229 889 3297 sutographo
913 3270 928 3294 ,
965 3247 1088 3286 nam
1124 3248 1186 3287 ex
1218 3235 1335 3304 ipso
1366 3238 1694 3309 Symmacho
1734 3243 1864 3299 illud
1900 3243 2115 3303 Juliana

548 3329 865 3407 acceperat,
896 3330 989 3376 aut
1018 3323 1083 3378 de
1109 3330 1498 3385 commentario
1535 3332 1769 3401 quodam
1805 3334 2115 3407 Symmachi

550 3403 605 3458 in
639 3404 975 3478 Scripturam
999 3452 1014 3470 .
1046 3429 1155 3469 non
1190 3416 1257 3469 de
1282 3417 1400 3486 ejus
1446 3423 1714 3478 versione.
1745 3423 1823 3477 En
1846 3403 1975 3495 ipsa
2005 3426 2118 3483 Eu-

548 3497 682 3551 sebii
714 3501 871 3555 verba
900 3521 914 3556 :
949 3504 1174 3561 Exstant
1216 3521 1351 3563 certe
1377 3513 1535 3566 etiam
1580 3532 1715 3569 nunc
1739 3517 2116 3575 Commentarii

549 3584 875 3656 Symmachi,
898 3593 952 3646 in
976 3597 1162 3665 quibus
1188 3598 1470 3672 Evangelia
1491 3606 1776 3660 secundum
1801 3608 2113 3664 Matt/neum

547 3678 762 3734 innixus
797 3699 1136 3741 memoratam
1167 3689 1579 3765 (Ebionitarum)
1619 3697 1842 3753 heresin
1875 3714 2112 3756 astruere

546 3766 770 3858 uidetur.
808 3771 917 3824 Hos
944 3785 1117 3829 autem
1151 3777 1397 3850 Origenes
1426 3800 1543 3836 cum
1569 3786 1690 3839 aliis
1715 3786 2021 3858 Symmachi
2056 3792 2110 3845 in

544 3852 849 3928 Scripturas
873 3864 1387 3948 interpretationibus
1433 3892 1465 3927 a
1513 3874 1735 3931 Iuliana
1754 3852 1989 3947 quadam
2021 3900 2111 3935 ac—

542 3950 744 4017 cepisse
792 3969 846 4006 se
895 3970 1171 4012 memorat.
1225 3960 1283 4015 Si
1331 3965 1616 4036 ὲρμηνείαι
1660 3971 1869 4038 possint
1904 3972 1995 4027 hic
2042 3974 2109 4028 de

541 4042 936 4097 commentario
981 4045 1245 4119 intelligi,
1279 4055 1422 4120 quod
1465 4058 1732 4112 neminem
1763 4068 1895 4129 puto
1940 4077 2108 4133 nega-

544 4136 760 4195 turum,
815 4140 874 4187 ut
926 4136 1006 4191 sic
1060 4137 1165 4195 hoc
1214 4142 1336 4198 loco
1384 4145 1715 4219 intelligatur
1763 4153 1955 4207 suadet
2002 4169 2106 4209 vox

536 4218 732 4287 ἄλλων,
764 4225 909 4292 aliis,
950 4227 1017 4282 ab
1041 4227 1278 4288 Eusebio
1309 4236 1570 4293 adhibita.

611 4329 633 4363 ι
680 4310 986 4373 Verisimile
1022 4335 1153 4377 sane
1198 4334 1283 4380 est
1321 4325 1608 4399 Origenem
1661 4331 1780 4401 ipso
1812 4332 2105 4389 Caracallze

536 4408 798 4495 tempore,
827 4405 1201 4480 Tetraplorum
1232 4432 1370 4487 opus
1400 4435 1657 4475 exorsum
1682 4440 1824 4491 esse,
1853 4428 2103 4495 quando-

2288 3230 2385 3285 His
2420 3231 2648 3296 carptim
2700 3228 3021 3292 observatis,
3052 3227 3164 3297 jam
3205 3227 3271 3281 ad
3321 3236 3481 3283 notas
3523 3228 3782 3298 temporis

2215 3323 2517 3377 veniamus.
2551 3319 2817 3374 Eusebius
2846 3319 2989 3375 nihil.
3014 3333 3148 3387 pene
3176 3318 3354 3372 attulit
3402 3319 3544 3372 unde
3593 3318 3780 3373 calcu-

2214 3414 2327 3467 lum
2359 3412 2557 3466 ducere
2583 3409 2771 3462 liceat:
2804 3406 3137 3475 Epiphanius
3162 3420 3312 3468 vero,
3346 3406 3543 3459 infidus
3571 3415 3781 3474 tempo-

2214 3520 2336 3559 rum
2363 3501 2639 3572 magister,
2670 3499 2851 3551 omnia
2883 3512 3017 3566 pene
3047 3497 3282 3551 miscuit.
3312 3498 3558 3552 Attamen
3588 3499 3782 3565 nonnig

2213 3596 2291 3649 hil
2320 3591 2711 3664 probabilitatis
2742 3589 2940 3644 habere
2972 3588 3182 3643 videtur
3208 3590 3353 3657 quod
3383 3589 3457 3643 ait
3483 3588 3781 3645 Tillemon-

2215 3687 2344 3752 tius,
2402 3700 2593 3754 nempe
2643 3684 2935 3739 verisimile
2988 3698 3111 3738 esse
3172 3680 3458 3753 Origenem
3528 3684 3781 3754 Hexaplis

2210 3779 2435 3834 edendis
2468 3794 2687 3832 manum
2735 3778 3044 3833 admovisse
3071 3787 3358 3848 postquam
3398 3776 3616 3832 Sextam
3659 3780 3779 3834 edi-

2209 3872 2411 3927 tionem
2449 3879 2751 3940 repererat;
2798 3870 2999 3939 reperit
3045 3877 3252 3927 autem.
3286 3868 3587 3940 Epiphanio
3620 3878 3779 3938 teste,

2208 3980 2350 4018 anno
2377 3963 2666 4018 Alexandri
2698 3961 2883 4017 Severi
2922 3961 3178 4031 septimo,
3224 3962 3280 4017 id
3304 3971 3387 4017 est
3414 3961 3614 4016 Christi
3645 3961 3775 4019 228.

2207 4055 2274 4110 Et
2311 4054 2441 4124 quia
2487 4055 2686 4109 abhinc
2714 4053 2782 4108 ad
2818 4069 3021 4108 annum
3051 4054 3180 4115 251,
3211 4070 3320 4123 quo
3374 4052 3675 4108 Caesaream
3717 4068 3780 4109 se

2206 4148 2430 4216 recepit,
2452 4162 2560 4201 non
2589 4155 2674 4201 sat
2699 4147 2797 4199 otii
2824 4155 2878 4200 et
2906 4148 3175 4201 commodi
3204 4146 3462 4201 habuisse
3482 4146 3692 4200 videtur
3717 4155 3777 4200 ut

2204 4247 2316 4292 tam
2347 4237 2576 4292 arduam
2618 4252 2732 4291 rem
2765 4237 3085 4307 susciperet,
3117 4248 3425 4309 opportune
3466 4239 3521 4292 in
3566 4254 3774 4295 annum

2202 4329 2329 4395 251,
2356 4345 2479 4383 cum
2509 4329 2769 4384 Caesareae
2791 4340 2996 4398 ageret,
3023 4328 3387 4399 Hexaplorum
3421 4346 3559 4399 opus
3582 4331 3774 4384 remit-

2202 4422 2354 4476 titur.
2390 4421 2544 4487 Quod
2573 4433 2753 4475 autem
2785 4423 2972 4491 objicit
2999 4423 3103 4478 sibi
3147 4423 3526 4478 Tillemontius
3557 4439 3625 4477 ex
3655 4422 3776 4491 epi-

534 4494 750 4557 quidem
782 4497 1067 4570 Eusebius,
1099 4507 1243 4562 nulla
1300 4520 1479 4567 motus
1508 4515 1614 4569 alia
1643 4494 1949 4585 occasione,
1984 4519 2099 4575 haac

2211 4512 2339 4566 stola
2359 4511 2623 4575 Africani,
2649 4512 2738 4565 ubi
2765 4510 3050 4581 Origenem
3077 4513 3163 4567 ille
3190 4514 3357 4568 filium
3382 4514 3633 4582 appellat,
3659 4529 3769 4566 non

532 4589 690 4682 quasi
709 4589 988 4648 Caracalla
1013 4596 1311 4667 imperante
1334 4615 1483 4674 gesta
1511 4620 1718 4664 narrat.
1752 4608 1919 4682 quue
1951 4613 2101 4669 vide-

530 4689 620 4733 tur
650 4678 875 4738 Huetius
909 4688 1101 4754 partim
1135 4693 1325 4747 saltem
1356 4696 1663 4753 admittere.
1706 4718 1728 4751 ι

598 4767 872 4829 Hactenus
892 4773 1290 4849 Tillemontius,
1311 4785 1405 4853 qui
1436 4796 1710 4855 postremo
1736 4789 1957 4845 allatum
1988 4791 2097 4846 Eu-

528 4860 663 4952 sebii
710 4863 887 4920 locum
940 4868 1098 4942 longe
1150 4875 1347 4930 melius
1395 4878 1620 4934 vertisse
1676 4880 1886 4935 videtur
1931 4899 2093 4952 quam

526 4948 794 5010 Henricus
820 4956 1088 5017 Valesius.
1116 4962 1305 5018 Grazca
1338 4966 1417 5020 sic
1448 4966 1682 5022 habent:
1716 4970 1826 5023 Καὶ
1850 4948 2096 5045 ὑπο-μνή-

526 5059 674 5136 ματα
703 5047 999 5136 Συμμᾲχου
1024 5053 1194 5106 εἰσέτι
1219 5054 1313 5107 νῦν
1338 5058 1580 5128 φέρεται,
1607 5061 1663 5111 ἐν
1690 5055 1771 5123 οἷς
1788 5060 1937 5116 δοκεῖ
1960 5066 2094 5136 πρὸς

521 5135 583 5188 τὸ
611 5138 755 5191 κατὰ
782 5134 1060 5197 Μαὲθαϊον
1089 5146 1504 5217 ἀποτεινόμενος
1531 5151 1859 5220 Εὐαγγέλιον
1884 5155 1980 5225 τὴν
2004 5134 2092 5209 δε-

517 5225 835 5320 δηλῳμένην
866 5233 1077 5303 αἵρεσιν
1104 5237 1405 5305 κρατύνειν.
1445 5239 1632 5295 Ταῦτα
1662 5242 1718 5295 δὲ
1742 5246 1771 5296 ὁ
1812 5245 2093 5320 Ὧριγένης

521 5318 663 5389 μετά
688 5323 783 5375 καὶ
811 5323 986 5378 ἄλλων
1006 5327 1085 5390 εἰς
1114 5326 1211 5389 τὰς
1243 5328 1464 5399 Γραφὰς
1492 5331 1796 5402 ἑρμηνειῶν
1824 5334 1916 5386 τοῦ
1944 5318 2091 5406 Συμ-

521 5412 693 5481 μάχου
740 5417 997 5486 σημαίνει
1047 5418 1199 5490 παρὰ
1251 5420 1544 5493 Ίουλῑανῆς
1586 5440 1730 5487 τινος
1786 5424 2086 5495 εἰληφέναι,

515 5499 581 5569 ἢν
614 5502 708 5555 καί
741 5522 872 5574 φησι
909 5509 1039 5577 παρ’
1066 5509 1229 5561 αὐτοῦ
1267 5511 1564 5582 Συμμάχου
1598 5514 1696 5576 τὰς
1725 5514 1941 5584 βίϐλους
1972 5518 2085 5571 δια-

514 5590 792 5657 δέξασθαι.
840 5595 964 5651 llaec
995 5613 1159 5667 porro
1189 5601 1269 5655 sic
1305 5605 1579 5659 transtulit
1621 5605 1886 5661 Henricus
1922 5606 2084 5664 Va'e-

515 5681 668 5737 sius:
718 5684 948 5740 Exstant
991 5697 1125 5740 certe
1166 5692 1453 5747 etiamnum
1494 5694 1874 5749 Commentarii
1927 5697 2084 5768 Sym-

516 5774 706 5842 machi,
733 5777 786 5830 in
815 5778 1001 5847 quibus
1031 5778 1277 5836 adversus
1308 5783 1646 5856 Et'atigelium
1678 5786 1919 5843 Matt/uri
1944 5793 2085 5844 acri-

2201 4602 2333 4657 tanti
2363 4617 2483 4656 esse
2513 4603 2775 4657 momenti
2798 4602 3039 4669 videtur;
3066 4619 3190 4657 nam
3223 4603 3517 4658 verisimile
3540 4611 3622 4656 est
3646 4602 3771 4655 ideo

2198 4693 2370 4748 tilium
2404 4708 2772 4762 nuncupasse,
2803 4698 2931 4763 quia
2977 4695 3133 4764 longe
3176 4695 3356 4748 minor
3399 4702 3557 4747 aetate
3602 4703 3765 4747 erat:
3853 4772 3857 4776 λ

2197 4801 2320 4856 quae
2349 4785 2487 4839 ratio
2521 4792 2628 4837 tam
2660 4784 2712 4839 in
2744 4786 2920 4854 primo
2954 4801 3120 4856 quam
3149 4786 3201 4838 in
3242 4784 3483 4840 secundo
3517 4782 3770 4854 Origenis

2196 4876 2389 4931 itinere
2418 4891 2518 4945 par
2546 4875 2690 4930 haud
2747 4876 2909 4931 dubie
2936 4886 3072 4932 erat.
3120 4876 3233 4932 Nec
3278 4876 3476 4931 desunt
3520 4877 3768 4946 exempla

2194 4967 2396 5037 quibus
2420 4968 2472 5023 id
2506 4967 2895 5024 confirmetur:
2930 4968 3196 5025 Eusebius
3220 4971 3364 5025 enim
3412 4968 3769 5024 Vercellensis

2193 5055 2513 5130 Dionysium
2561 5059 3017 5115 Mediolanensem
3063 5062 3398 5132 episcopum,
3448 5069 3607 5116 astate
3649 5059 3765 5129 jam

2194 5159 2468 5205 maturum
2496 5152 2865 5221 dignitateque
2888 5154 3266 5221 conspicuum,
3295 5168 3353 5207 se
3378 5163 3557 5208 tamen
3577 5151 3767 5221 junio-

2192 5256 2330 5308 rem,
2360 5243 2528 5298 filium
2572 5242 2894 5312 compellare
2924 5242 3150 5297 solebat.
3190 5241 3270 5295 Ex
3328 5243 3397 5297 iis
3442 5257 3608 5312 porro
3643 5257 3766 5313 quae

2190 5330 2430 5386 diximus
2479 5333 2647 5400 probe
2685 5330 3079 5386 animadvertet
3112 5331 3348 5400 prudens
3384 5331 3574 5397 lector,
3624 5347 3765 5385 non-

2191 5422 2297 5476 nisi
2329 5422 2620 5479 levissimis
2647 5424 2976 5493 coniecturis
3016 5440 3197 5493 posse,
3228 5440 3339 5494 quo
3368 5432 3617 5494 tempore
3643 5423 3752 5479 He-

2189 5517 2348 5586 xapla
2368 5517 2509 5572 edita
2534 5516 2755 5582 fuerint,
2783 5515 3044 5571 indicari:
3076 5517 3430 5585 quamobrem
3453 5530 3578 5569 cum
3611 5516 3760 5571 nullo

2187 5618 2431 5664 veterum
2461 5608 2771 5664 testimonio
2811 5608 2986 5676 possit
3020 5608 3107 5663 hic
3152 5610 3239 5664 vel
3266 5617 3412 5663 certa
3440 5608 3525 5661 vel
3567 5608 3759 5662 adnuo-

2186 5701 2315 5754 dum
2347 5692 2638 5769 pi‘obabilis
2663 5697 3028 5769 chronologite
3056 5701 3194 5757 ratio
3224 5699 3409 5764 statui,
3430 5700 3497 5754 ad
3522 5701 3759 5755 certiora

2190 5790 2475 5848 statuenda
2507 5802 2880 5859 properemus.
