4052 6388
145 323 189 384 ι)
1363 300 1369 309 ’
1437 341 1509 397 IN
1544 342 1867 401 HEXAPLA
1902 345 2244 406 ontcENts.
3408 357 3485 416 so

150 443 498 515 i.Qurstione
531 451 938 539 ζεεςσρια,
996 460 1526 539 Ηςραρῑαηοεισρια
1566 465 1796 535 digesse—
1825 475 1869 533 Α
1899 468 2034 522 hanc
2070 479 2250 522 notam
2276 468 2533 524 habente:
2567 469 2827 527 Accurate
2863 471 3122 528 editiones
3154 490 3334 529 omnes
3356 491 3478 530 cor-

506 531 627 590 τῖει
665 531 1018 602 ίιετπφιε
1055 531 1344 603 Εηηεαρίαο
1437 531 1444 533 ﬁ
1627 531 1643 535 ν
1827 531 1863 533 ν
1897 570 2051 615 rectte
2091 570 2212 615 sunt
2233 579 2251 616 :
2280 561 2489 615 collata:
2527 563 2666 616 enim
2697 563 3061 632 fueruntcum
3095 563 3343 634 Tetraplo
3373 566 3484 621 He-

196 632 246 689 lle
276 633 697 711 Tetraplorpm
768 654 854 700 et
922 646 1319 719 Hexaplorum
1361 650 1573 715 ordine,
1620 652 1797 726 deque
1895 652 2034 716 saia,
2064 660 2261 705 etcum
2291 651 2553 721 Hexaplo.
2596 652 2682 708 Ad
2714 656 2846 719 hac,
2893 656 2959 709 ab
3007 656 3163 711 initio
3192 632 3358 728 usque
3405 660 3478 712 ad

158 727 413 797 'ntnpretum
465 732 633 798 situ,
674 737 895 793 nulla
936 741 1080 809 jam
1119 751 1288 812 potest
1317 744 1450 797 oriri
1481 754 1795 803 controver-
1896 745 2147 800 visionem
2211 744 2356 814 Tyri,
2411 748 2718 799 accuratius
2769 747 3073 802 emendatus
3128 758 3233 803 est.
3271 727 3478 804 iNacli

165 817 332 875 similae
350 822 579 893 quippe
610 825 835 882 clare
858 838 939 884 et
981 831 1120 887 sine
1146 833 1366 903 ambage
1398 835 1466 887 ah
1493 834 1796 906 Epiphanio
1895 840 2034 892 enim
2064 847 2229 891 tomos
2257 838 2544 906 exegeticos
2573 836 2814 906 Origenis
2844 841 2898 891 in
2931 838 3184 893 Hesaiam
3214 856 3375 910 usque
3404 842 3476 895 ad

169 911 499 985 etilieronylno
523 917 1095 977 describuntur:
1131 925 1331 980 accedit
1358 925 1483 979 item
1521 930 1797 997 specimen
1896 933 2055 1001 ﬁnem
2100 932 2314 986 visionis
2372 930 2520 1001 Tyri,
2577 940 2630 984 et
2680 931 2860 986 sedulo
2905 933 3321 995 considerantes,
3368 950 3474 1004 quo

173 1006 307 1062 codicis
338 1007 676 1076 Barberini,
724 1014 857 1068 ubi
920 1016 1328 1071 columnarum
1374 1019 1509 1073 ordo
1545 1031 1797 1077 accurate
1895 1040 2049 1077 sensu
2085 1023 2321 1094 singulas
2350 1022 2604 1076 dictiones
2630 1024 2905 1089 acceperit,
2937 1034 3195 1093 quantum
3235 1025 3471 1094 facultas

176 1099 405 1154 exhibetur.
432 1099 501 1155 In
548 1100 911 1175 Tetraplis
950 1106 1145 1178 igitur
1187 1108 1405 1177 praeibat
1440 1110 1649 1180 Aquila:
1681 1113 1797 1167 edi-
1896 1114 2018 1168 tulit
2062 1130 2213 1169 omne
2258 1115 2495 1179 dubium,
2541 1122 2590 1168 et
2623 1113 2929 1184 perplexum
2976 1116 3266 1168 secundum
3317 1115 3469 1170 illius

179 1193 279 1257 tio,e
301 1194 515 1264 regione
544 1197 868 1266 proxime
897 1199 1263 1268 sequebatur
1297 1199 1605 1272 Symmachi
1635 1204 1797 1257 inter-

181 1284 362 1354 pretatio,
388 1295 596 1355 postea
630 1286 816 1343 LXX
888 1288 1304 1360 Interpretnm.
1329 1300 1603 1362 postremo
1628 1292 1798 1349 Theo-

185 1378 372 1434 dotionis.
399 1378 460 1433 In
492 1381 611 1435 hoc
642 1390 875 1436 autem
913 1383 1046 1438 situ
1084 1397 1193 1437 non
1222 1384 1358 1438 ratio
1379 1387 1660 1455 temporis,
1685 1402 1796 1456 quo

188 1472 349 1541 singulae
367 1472 923 1541 interpretationes
958 1474 1140 1529 editae
1161 1474 1387 1541 fuerant,
1416 1479 1791 1546 spectabatur:

188 1580 273 1618 nam
298 1565 610 1620 ut‘certum
654 1578 759 1622 est
804 1568 1153 1622 editionem
1186 1567 1321 1621 LXX
1358 1571 1602 1624 omnium
1649 1570 1794 1623 anti—

190 1657 449 1727 quissimam
484 1674 642 1725 esse,
696 1658 787 1714 ita
829 1660 1221 1729 exploratum
1253 1661 1466 1715 videtur
1495 1662 1790 1717 editionem

191 1752 523 1809 Theodmionis
545 1754 918 1825 Symmachi
950 1755 1465 1822 interpretationem
1485 1764 1643 1811 aetate
1658 1773 1794 1826 pra:-

1894 1221 2102 1260 sensum
2145 1207 2487 1260 correximus.
2534 1205 2794 1260 Praeterea
2827 1205 3021 1259 collata
3055 1215 3135 1259 est
3178 1207 3340 1259 etiam
3374 1205 3471 1261 Fe-

1893 1299 2173 1369 ptuaginta
2214 1297 2565 1366 Interpretum
2612 1297 2775 1351 editio
2820 1314 2936 1350 cum
2983 1298 3052 1351 iis
3093 1315 3212 1367 qua:
3254 1299 3311 1351 in
3355 1296 3468 1351 He-

1893 1390 2065 1441 saiam
2093 1390 2305 1457 scripsit
2347 1388 2599 1442 Eusebius
2623 1403 2641 1441 :
2670 1400 2825 1457 atque
2855 1388 2912 1440 in
2944 1389 3130 1457 quibus
3156 1390 3470 1443 erat'vorie-

1897 1491 2002 1545 tos,
2033 1481 2286 1551 indagata
2319 1480 2661 1550 expositionis
2695 1496 2872 1544 sensu,
2912 1481 3199 1534 secundmn
3228 1480 3344 1550 ejus
3371 1497 3466 1535 ra-
3544 1516 3549 1521 ο

1895 1574 2087 1625 tionem
2117 1573 2411 1627 emendavi.

1964 1665 2166 1722 Deinde
2191 1681 2320 1720 vero
2344 1674 2469 1720 ante
2499 1663 2837 1719 Ezechielem
2872 1664 2986 1719 haec
3013 1673 3139 1719 nota
3176 1664 3390 1732 legitur.

1962 1759 2287 1830 Μετελήφθη
2318 1759 2374 1812 δὲ
2402 1759 2508 1812 ἀπὸ
2548 1759 2882 1831 ἀντιγράφου
2929 1757 3023 1810 τοῦ
3063 1744 3213 1811 ἀδεᾶ(
3250 1757 3463 1810 Ἀπολι-

192 1844 357 1906 cedere,
383 1845 531 1915 quod
582 1844 774 1910 infra,
838 1845 975 1900 Deo
1019 1844 1263 1908 favente,
1303 1846 1637 1915 probabitur.
1686 1848 1788 1903 Sed

1892 1850 2099 1920 vaplou,
2130 1850 2223 1903 τοῦ
2246 1849 2645 1921 κοινοὸιάρχου,
2676 1850 2733 1901 ἐν
2769 1842 2812 1915 ᾧ
2840 1848 3230 1901 καθυπόκειται
3255 1847 3426 1901 ταῦτα
3446 1865 3461 1879 ·

193 1935 283 1989 ideo
308 1936 504 2004 Aquila:
536 1936 808 2005 primum
842 1935 1060 1991 locum
1095 1936 1390 2006 deputavit,
1424 1937 1653 2007 ejusque
1679 1940 1795 1995 edi-

191 2025 351 2079 tionem
377 2026 620 2095 priorem
671 2027 893 2097 posuit
928 2026 1236 2097 Origenes,
1269 2029 1395 2097 quia
1445 2030 1537 2084 ille
1564 2045 1793 2101 scrupu-

192 2114 326 2171 losius
361 2132 516 2185 quam
560 2119 765 2173 czeteri
824 2133 1055 2172 omnes
1096 2117 1413 2175 Hebraicam
1466 2123 1793 2192 scripturam

190 2209 376 2263 verbum
405 2226 435 2265 e
475 2211 650 2266 verbo
696 2212 967 2266 reddere
1004 2212 1312 2269 studuerat.
1364 2213 1491 2271 Post
1519 2217 1665 2272 hunc
1697 2233 1794 2271 au-

192 2308 280 2353 tem
318 2300 710 2371 Symmachum
751 2303 1013 2362 locavit.
1053 2304 1187 2372 quia
1220 2305 1309 2361 ille
1345 2308 1593 2376 propius,
1627 2324 1789 2378 quam

192 2384 310 2440 LXX
332 2397 385 2441 et
411 2386 724 2444 Tbeodotio
755 2390 837 2444 ad
872 2390 1182 2445 veritatem
1224 2390 1539 2449 Hebraicam
1567 2395 1793 2449 accede-

193 2475 285 2529 bat.
344 2476 537 2532 Deinde
590 2477 749 2532 LXX
827 2480 1164 2548 praposuit
1220 2480 1599 2552 Theodotioni,
1661 2483 1791 2554 quia

194 2566 459 2625 Theodotio
503 2568 651 2624 LXX
709 2570 1091 2639 lnterpretes
1118 2585 1151 2625 e
1194 2573 1417 2645 vestigio
1456 2590 1593 2643 pene
1636 2576 1789 2645 sequi

196 2660 463 2716 ridebatur.
484 2661 744 2732 Tetrapla
774 2678 931 2718 vero
962 2677 1075 2716 sua
1101 2660 1358 2734 Origenes
1385 2682 1549 2722 manu
1571 2668 1789 2737 propria

196 2754 487 2819 emendavit,
531 2756 897 2825 scholiisque
952 2755 1279 2811 illustravit.
1326 2756 1631 2829 Iisdemque
1687 2757 1791 2815 Te-

197 2845 366 2913 traplis
390 2862 520 2901 nova
564 2846 858 2902 Eusebius
915 2845 1149 2901 scholia
1194 2846 1411 2916 adjecit,
1457 2849 1511 2902 in
1565 2851 1792 2919 quihus-

196 2936 304 2989 dam
330 2937 503 2993 saltem
534 2937 854 3009 Scriptura:
891 2937 1110 2992 libris:
1145 2937 1306 3007 idque
1350 2941 1405 2994 in
1437 2941 1567 3007 alio,
1604 2951 1665 2997 ut
1702 2942 1785 2997 vi-

197 3026 361 3091 detur,
382 3047 530 3099 quam
559 3033 616 3085 in
643 3030 1024 3102 Origeniano
1061 3031 1376 3099 exemplari.
1410 3033 1554 3102 quod
1583 3042 1790 3103 postre

198 3136 339 3179 mum
366 3122 618 3196 Pamphili
640 3136 697 3181 et
730 3123 992 3181 Eusebii
1029 3136 1198 3191 opera
1224 3126 1567 3180 emendatum
1597 3137 1703 3193 est,
1730 3136 1785 3180 nt

195 3216 491 3273 testiﬁcatur
515 3220 635 3289 ipse
660 3218 972 3275 Eusebius
1005 3217 1067 3272 in
1096 3226 1224 3274 nota
1256 3219 1490 3288 quadam
1521 3220 1789 3289 exempla-

198 3311 275 3364 ris
304 3309 411 3368 BR.
434 3313 535 3370 PP.
586 3313 986 3373 Jesuitarum.
1037 3327 1206 3377 quam
1259 3312 1527 3366 edidimus
1577 3310 1789 3366 Palam-

203 3405 419 3472 ,ταράξω
440 3405 633 3461 Graeca
659 3424 713 3477 p.
744 3406 888 3461 2‘26.
928 3402 1098 3457 Hanc
1125 3417 1286 3467 porro
1330 3410 1539 3466 notam,
1575 3417 1787 3459 necnon

203 3493 411 3548 alteram
441 3498 872 3567 quapnecedit,
913 3501 1120 3563 utpote
1156 3508 1275 3562 qua:
1308 3493 1376 3547 ad
1418 3493 1787 3547 conﬁrmanda

204 3584 420 3650 plurima
443 3603 503 3641 ex
535 3604 701 3657 supra
752 3588 938 3643 dictis
986 3600 1104 3638 non
1137 3598 1325 3652 parum
1358 3583 1617 3637 momenti
1657 3582 1789 3638 alie-

204 3682 334 3733 rant,
376 3672 460 3728 hic
484 3677 800 3731 exscribere
831 3676 1034 3729 visum
1064 3681 1166 3726 est.
1197 3672 1336 3726 Ante
1364 3670 1615 3727 Hesaiam
1658 3687 1787 3743 ergo

206 3758 257 3812 in
285 3762 457 3818 codice
480 3781 643 3836 supra
675 3773 1007 3822 memorato
1039 3762 1271 3832 legitur:

270 3854 580 3932 Μετελήφθη
615 3862 646 3913 ὁ
680 3861 931 3923 Ἡσαΐας
982 3857 1099 3912 ἀπὸ
1131 3859 1463 3931 ἀντιγράφου
1510 3858 1603 3912 τοῦ
1644 3859 1789 3914 ἀ66ᾶ

221 3943 594 4023 ’Δπολιναρεου,
638 3953 739 4006 τοῦ
773 3950 1199 4021 κοινοὸιὰρχου,
1231 3952 1287 4004 ὲν
1323 3945 1368 4020 ᾧ
1399 3951 1788 4008 καθυπόκειται

212 4038 388 4091 ταῦτα’
413 4044 733 4116 Marcii;qu
765 4046 795 4098 ὁ
830 4043 1080 4104 Ἡσαΐας
1109 4043 1173 4094 ὲκ
1198 4041 1306 4095 τῶν
1339 4044 1479 4097 κατὰ
1505 4042 1606 4108 τὰς
1636 4044 1789 4097 ἐκδό-

216 4142 318 4192 σεις
353 4132 641 4197 Ἐξαπλῶν.
692 4132 1046 4204 Ἀντεϐλήθη
1078 4130 1136 4184 δὲ
1169 4131 1262 4185 καὶ
1290 4132 1425 4203 πρὸς
1451 4133 1637 4204 ἕτερον
1662 4134 1787 4201 ἐξα-

217 4220 390 4289 πλοῦν,
417 4228 528 4296 ἔχον
556 4228 657 4299 τὴν
694 4224 1174 4299 παρασημείωσιν
1199 4224 1787 4298 ταύτηνεΔιωρΘώνται

219 4311 436 4382 ἀκριϐῶς
456 4322 622 4373 πᾶσαν.
652 4322 713 4373 αἱ
745 4318 1005 4380 ἐκδόσεις
1024 4333 1040 4346 ο
1069 4316 1473 4389 ἀντεσλήθησαν
1500 4316 1607 4389 γὰρ
1642 4319 1783 4389 πρὸς

221 4407 519 4471 τετραπλοῦν
549 4410 807 4473 Ἡσαΐαν,
840 4407 927 4459 ἔτι
952 4406 1014 4459 δὲ
1044 4406 1139 4458 καὶ
1166 4407 1301 4478 πρὸς
1328 4407 1612 4474 ὲξαπλοῦν.
1646 4409 1788 4479 Πρὸς

222 4492 528 4559 τοῦτοιςαέιὶ
557 4501 668 4554 ἀπὸ
697 4501 804 4569 τῆς
842 4498 1056 4570 ἀρχῆς,
1089 4496 1193 4561 ἕως
1237 4497 1330 4551 τοῦ
1376 4500 1651 4569 ὁράματος
1682 4499 1786 4551 Τύ-
1820 4532 1861 4585 D

229 4599 325 4652 ρου,
352 4589 725 4664 ἀκριϐέστερον
755 4589 1103 4661 διώρθωται.
1136 4589 1547 4661 Εὑπορήσαντες
1568 4590 1674 4645 τῶν
1701 4590 1787 4660 μὲ-

226 4693 298 4746 χρι
326 4681 495 4747 τέλους
524 4685 614 4737 τοῦ
650 4684 953 4755 ὁράματος
1008 4679 1187 4750 Τύρου
1227 4680 1410 4751 τόμων
1450 4681 1787 4753 ὲξηγητικῶν

221 4772 287 4832 εἰς
322 4774 407 4827 τὸν
456 4776 677 4831 Ἡσαΐαν
726 4771 1085 4847 Ὦριγένους,
1138 4772 1231 4825 καὶ
1275 4772 1517 4842 ἀκριϐῶς
1566 4774 1790 4845 ἐπιστή-

221 4875 390 4929 σαντες
422 4870 481 4939 τῇ
514 4869 697 4941 éwoiq.
724 4865 864 4921 καθ’
899 4867 971 4936 ἣν
1007 4861 1313 4934 ἐξηγήσατο
1353 4863 1588 4935 ἑκάστην
1623 4865 1784 4930 λέξιν,

218 4955 379 5022 ubi»;
407 4958 505 5015 οἶόν
543 4981 603 5017 τε
655 4958 754 5033 ἦν,
824 4957 933 5013 καὶ
991 4956 1106 5009 πᾶν
1159 4956 1457 5026 ἀμφίϐολον
1511 4957 1654 5011 κατὰ
1690 4958 1789 5029 τὴν

214 5044 400 5104 ἐκείνου
440 5053 642 5108 ἔννοιαν
695 5045 1179 5123 διωρθωσάμεθα.
1221 5047 1363 5119 Πρὸς
1393 5048 1605 5112 τούτοις
1636 5065 1789 5101 συνε-

212 5140 352 5213 κρίθη
380 5146 407 5216 ἡ
432 5147 533 5200 τῶν
577 5145 1025 5217 Έὸδομήκοντα
1052 5137 1264 5202 ἕκδοσις
1291 5140 1385 5192 καὶ
1416 5140 1551 5210 πρὸς
1592 5140 1658 5193 τὰ
1685 5140 1789 5195 ὑπὸ

210 5229 433 5290 Εὖπόίου
467 5242 545 5304 εἰς
588 5240 839 5294 Ἡσαΐαν
888 5229 1192 5303 εἰρημένα,
1245 5232 1337 5285 καὶ
1370 5233 1428 5284 ὲν
1468 5227 1550 5294 οἷς
1595 5232 1791 5304 διεφώ-

206 5340 328 5391 νουν,
358 5330 443 5401 τῆς
472 5332 807 5404 ἐξηγήσεως
840 5325 958 5395 τὴν
1008 5321 1219 5373 ἔννοιαν
1264 5319 1615 5394 ζητήσαντες,
1651 5324 1789 5396 πρὸς

202 5407 350 5483 αὐτὴν
376 5417 830 5494 ἐδεωρθωσάμηνο

260 5502 546 5580 Deumptus
577 5523 663 5567 est
694 5507 965 5565 Hesaias
998 5503 1068 5555 ab
1103 5502 1388 5572 exemplari
1419 5502 1621 5557 abbatis
1645 5503 1789 5574 Apo-

192 5590 353 5652 liaarii
388 5606 801 5667 coenobium/iw,
837 5600 907 5652 in
954 5610 1068 5665 quo
1109 5594 1217 5647 Inrc
1248 5594 1653 5668 subjiciuntur:
1686 5596 1791 5649 De-

190 5702 393 5758 ειαρεαε
415 5708 486 5752 εει
518 5697 772 5754 [huius
798 5693 877 5747 ab
915 5686 1188 5752 Ilexaplis
1222 5685 1503 5739 secundum
1531 5674 1786 5742 editiones

188 5781 448 5846 “ametis.
493 5791 755 5848 Collatus
812 5790 1026 5840 autem
1069 5777 1173 5846 fuit
1221 5794 1335 5831 eum
1384 5778 1489 5833 alio
1547 5777 1787 5847 Hexaplo

1895 1940 2220 2011 Μετελὴφθη
2266 1940 2374 1993 ἀπὺ
2418 1940 2523 1992 τῶν
2568 1941 2710 1995 κατὰ
2761 1938 2861 2003 τὰς
2906 1939 3147 2001 ἐκδόσεις
3192 1937 3461 2003 ἑξαπλῶν,
3520 1930 3523 1939 ’

1894 2033 1988 2085 καὶ
2011 2030 2290 2104 διωρθώθη
2324 2032 2431 2085 ἀπὸ
2461 2032 2568 2084 τῶν
2604 2031 2909 2103 Ὤριγένους
2931 2029 3095 2083 αὐτοῦ
3124 2028 3461 2100 τετραπλῶν,

1894 2123 2051 2177 ἆτινα
2110 2123 2202 2175 καὶ
2246 2120 2407 2175 αὑτοῦ
2451 2123 2593 2192 χειρὶ
2632 2120 2926 2192 διώρθωτο,
2982 2120 3076 2173 καὶ
3100 2118 3464 2195 ⁸ἐσχολιογρά-

1893 2231 2050 2285 φητο.
2093 2213 2151 2267 Ὅ
2189 2213 2446 2277 Εὐσέϐιος
2474 2212 2585 2279 ἐγὼ
2617 2213 2799 2283 σχόλια
2839 2211 3144 2283 παρέθηκα.
3178 2208 3462 2280 Πάμφιλος

1892 2307 1988 2361 καὶ
2011 2305 2269 2369 Εὐσέϐιος
2304 2303 2724 2377 ὲδιωρθώσαντο.

1963 2397 2279 2467 Desumptus
2329 2407 2404 2451 est
2468 2394 2757 2465 (Ezechiel)
2811 2395 2876 2449 ab
2928 2394 3217 2464 exemplari
3258 2393 3462 2446 abbatis

1890 2489 2190 2559 Apolinarii
2224 2488 2628 2559 ctenobiarclzae,
2680 2489 2735 2541 in
2779 2503 2880 2558 quo
2908 2486 3020 2539 lucc
3061 2484 3415 2553 subjiciuntur
3442 2500 3460 2536 :

1892 2579 2204 2650 Exscriptus
2229 2588 2306 2656 est
2335 2579 2397 2632 ab
2427 2577 2684 2648 Hexaplis
2708 2578 2960 2631 editiones
2986 2575 3461 2645 complectentibus,

1889 2682 1939 2727 et
1972 2683 2234 2728 correctus
2268 2683 2347 2727 est
2375 2674 2443 2726 ad
2475 2673 2631 2741 ﬁdem
2664 2672 3032 2741 Tetraplorum
3063 2669 3324 2739 Origenis,
3347 2685 3462 2739 qua:

1889 2768 2049 2819 etiam
2073 2783 2234 2819 manu
2259 2766 2372 2834 ejus
2395 2765 2668 2819 emendata
2689 2775 2737 2818 et
2761 2763 2972 2819 scholiis
2995 2762 3266 2816 illustrata
3290 2769 3459 2815 erant.

1890 2855 2004 2926 Ego
2040 2856 2300 2910 Eusebius
2325 2857 2526 2910 scholia
2556 2858 2746 2928 adjeci.
2787 2855 3096 2926 Pamphilus
3125 2864 3174 2909 et
3204 2853 3461 2908 Eusebius

1890 2954 2251 3000 correxerunt.

1965 3036 2093 3091 Haec
2127 3046 2277 3091 tanta
2314 3046 2588 3091 tantorum
2621 3046 2932 3107 sumptuum
2982 3053 3146 3110 opera
3183 3048 3464 3107 nunquam

1888 3127 2157 3196 potuisset
2184 3125 2468 3197 Origenes,
2504 3128 2799 3183 mediocris
2828 3127 3062 3183 fortuna:
3091 3127 3193 3193 vir,
3217 3125 3462 3196 exsequi,

1893 3219 1996 3273 nisi
2032 3217 2317 3273 facultates
2370 3219 2840 3274 subministrasset
2890 3218 3231 3284 Ambrosius,
3270 3217 3353 3271 vir
3396 3215 3465 3271 ad

1891 3324 2104 3363 summa
2141 3316 2323 3370 natus,
2368 3310 2461 3379 qui
2491 3308 2709 3380 Origeni
2755 3325 2968 3379 semper
3005 3309 3256 3364 stimulos
3299 3307 3467 3363 adde-

1889 3403 2001 3465 bat,
2018 3401 2147 3456 utin
2172 3400 2443 3469 publicum
2461 3416 2617 3456 usum
2638 3402 2868 3470 plurima
2884 3400 3262 3470 pet-scriberet,
3279 3413 3469 3453 cumu-

1888 3495 2104 3564 lateque
2134 3494 2317 3548 omnia
2359 3493 2756 3562 suppeditabat.
2788 3494 2858 3546 ita
2901 3504 2960 3547 ut
2982 3491 3084 3561 ipsi
3117 3488 3465 3561 tachygraphi

1890 3585 2002 3640 sive
2031 3584 2229 3639 notarii
2258 3592 2485 3653 septem,
2518 3584 2719 3637 librarii
2754 3582 2995 3643 totidem,
3029 3581 3220 3651 puella:
3247 3580 3375 3635 item
3407 3580 3465 3632 in

1890 3678 2240 3749 calligraphia
2286 3676 2616 3735 exercitatae,
2661 3689 2873 3742 semper
2901 3671 2969 3726 ad
3009 3687 3230 3725 manum
3259 3677 3464 3726 essent.

1962 3769 2353 3840 Hexaplornm,
2394 3777 2454 3822 ut
2483 3783 2645 3836 supra
2679 3767 2940 3829 diximus,
2973 3764 3219 3817 ordinem
3255 3761 3332 3817 ita
3375 3775 3468 3815 ac-

1890 3870 2078 3916 curate
2123 3861 2436 3916 describunt
2486 3858 2821 3929 Epiphanius
2867 3863 2921 3910 et
2971 3854 3356 3925 Hieronymus,
3406 3859 3470 3905 ut

1889 3954 2024 4008 nihil
2050 3955 2162 4024 jam
2193 3951 2523 4008 difﬁcultatis
2546 3966 2609 4005 ea
2640 3950 2706 4004 de
2729 3966 2789 4004 re
2814 3948 3073 4020 supersit.
3101 3947 3256 4001 Libet
3284 3954 3467 3999 autem

1890 4046 2055 4100 verba
2105 4043 2421 4115 Hieronymi
2472 4042 2563 4096 hic
2614 4056 2889 4110 apponere
2942 4055 3006 4093 ex
3061 4037 3357 4092 Comment.
3411 4034 3469 4085 in

1891 4135 2067 4207 Epist.
2113 4136 2181 4189 ad
2218 4134 2439 4187 Titum:
2483 4133 2629 4187 Unde
2671 4132 2818 4186 nobis
2854 4148 2995 4186 curre
3036 4131 3137 4199 fuit
3173 4143 3348 4181 omnes
3378 4141 3467 4177 ve-

1890 4230 2013 4285 teris
2066 4227 2193 4297 legis
2244 4225 2426 4291 libros,
2471 4241 2600 4295 quos
2653 4225 2732 4277 vir
2785 4223 2969 4276 doctus
3026 4218 3380 4275 Adamantius
3411 4216 3468 4267 in

1892 4319 2132 4388 Hexapla
2153 4319 2462 4388 digesserat,
2483 4320 2547 4370 de
2578 4314 2890 4370 Caesariensi
2920 4311 3234 4364 bibliotheca
3263 4304 3465 4359 descri-

1890 4419 2027 4480 ptos,
2058 4426 2122 4463 ea:
2159 4410 2291 4479 ipsis
2328 4408 2647 4463 authenticis
2686 4406 2985 4469 emendare,
3027 4403 3082 4454 in
3125 4398 3313 4470 quibus
3347 4398 3467 4464 ipsa

1890 4502 2116 4557 Hebra’a
2152 4502 2381 4572 propriis
2414 4509 2537 4554 sunt
2567 4496 2957 4551 characteribus
2988 4493 3140 4549 verba
3164 4491 3467 4558 descripta;

1888 4603 1938 4647 et
1989 4591 2185 4647 erct's
2228 4592 2422 4645 litteris
2474 4589 2683 4642 tramite
2729 4603 2973 4655 expressa
3025 4586 3218 4639 vicino.
3271 4578 3470 4651 Aquila

1888 4684 2047 4737 etiam
2074 4691 2123 4735 et
2153 4681 2522 4753 Symmachus,
2549 4678 2895 4750 Septuaginta
2917 4690 2966 4730 et
3002 4674 3287 4730 Tlteodotio
3317 4686 3472 4727 suum

1888 4772 2125 4826 ordinem
2167 4781 2361 4826 tenent.
2400 4770 2663 4825 Nonnulli
2710 4786 2828 4823 vero
2865 4768 3011 4832 libri,
3043 4776 3093 4822 et
3140 4765 3368 4819 maxime
3416 4762 3470 4814 hi

1888 4864 1979 4934 qui
2018 4864 2159 4931 apud
2200 4861 2454 4917 Hebraeos
2498 4878 2648 4916 versu
2692 4859 2967 4930 compositi
3012 4868 3157 4923 sunt,
3192 4866 3295 4909 tres
3333 4852 3470 4909 alios

1887 4956 2140 5009 editiones
2168 4946 2386 5010 additas
2415 4954 2644 5007 habent:
2672 4968 2828 5023 quam
2855 4950 3129 5016 Quintam,
3155 4959 3202 5002 et
3230 4944 3468 5009 Sextum,

1887 5054 1937 5100 et
1968 5043 2258 5114 Septimum
2296 5043 2700 5098 translationem
2725 5052 2934 5104 uocant,
2971 5039 3338 5093 auctoritatem
3361 5036 3474 5089 sine

1890 5135 2188 5191 nominibus
2241 5135 2593 5203 interpretum
2646 5142 2977 5187 consecutos.
3037 5128 3266 5181 Planum
3314 5124 3476 5192 igitur

1890 5237 1975 5284 est
1995 5226 2239 5296 Hexapla
2272 5226 2353 5281 sic
2379 5226 2650 5294 disposita
2683 5225 2874 5286 fuisse,
2912 5230 2970 5274 ut
3003 5219 3236 5289 primam
3268 5217 3477 5272 colum-

1890 5334 2017 5374 nam
2065 5325 2360 5388 occuparet
2390 5316 2703 5374 Hebraicus
2736 5324 2945 5379 textus,
2976 5309 3254 5365 Hebraicis
3287 5305 3480 5361 litteris

1890 5412 2230 5479 descriptus;
2256 5408 2555 5464 secundam
2602 5409 2748 5464 idem
2789 5405 3089 5462 chraicus
3116 5399 3315 5455 Grenici:
3346 5396 3482 5450 litte-

1892 5503 1969 5557 ris
1998 5513 2288 5564 exaratus;
2319 5501 2538 5555 tertiam
2569 5500 2798 5568 Aquila,
2823 5505 3072 5563 quartam
3103 5486 3483 5562 Symmachus.

1891 5594 2139 5662 quintam
2177 5589 2319 5646 LXX
2360 5593 2716 5661 Interpretes.
2765 5598 2975 5645 sextam
3011 5580 3331 5638 Theodotio.
3374 5575 3484 5630 Cu-

1888 5686 1981 5754 jus
2001 5684 2081 5739 rei
2116 5683 2459 5740 luculentum
2490 5684 2813 5756 suppeditat
2835 5681 3137 5750 exemplum
3161 5673 3325 5728 codex
3350 5669 3484 5725 Bar-

1894 5776 2138 5844 berinus,
2193 5773 2287 5829 ubi
2336 5776 2370 5844 Ῡ
2434 5774 2461 5827 1
2518 5772 2724 5847 capitis
2775 5791 2813 5828 ιι
2862 5771 3015 5827 Oscae
3056 5764 3359 5838 prolihetae,
3398 5761 3486 5815 illo
