4052 6388
173 305 221 361 s
1494 321 1561 375 IN
1599 320 1922 377 HEXAPLA
1959 323 2304 383 ornamus.
3482 357 3556 413 δι

179 439 200 474 c
225 422 399 525 regione
433 423 722 525 aliarum
799 437 1114 503 positas
1158 439 1322 496 fuisse
1363 440 1416 495 in
1446 441 1584 495 libro
1615 441 1856 497 Psalmo—
1885 441 1930 498 Α
1962 453 2084 494 mus
2117 441 2414 511 admodum
2453 446 2824 516 perfunctorie
2871 457 3156 521 narravit;
3193 475 3300 517 nec
3337 466 3556 525 videtur

183 533 279 580 rom.
302 527 346 570 et
368 519 419 570 in
449 519 831 580 duodecim
885 529 1240 603 Prophetis
1267 534 1585 588 minoribus.
1622 536 1678 589 In
1709 534 1862 590 Psal-
1960 533 2079 600 ejus
2122 537 2498 593 testimonium
2532 541 2600 594 ad
2627 556 2692 596 ea
2735 560 2857 613 qua:
2883 519 3201 616 supradicta
3235 519 3555 627 suntpeni;

186 617 256 670 mis
273 617 473 684 quidem
512 629 650 675 tres
711 623 897 681 illas
971 631 1272 685 editiones
1319 646 1411 699 per
1457 639 1626 685 totum
1663 633 1855 688 librum
1961 635 2047 680 tus
2073 629 2345 696 quadrare
2381 648 2571 702 posse;
2606 636 2876 705 siquidem
2920 641 2998 694 ait
3029 642 3135 708 ille,
3181 645 3235 698 in
3266 617 3551 708 nonnullis

193 710 410 776 adiunctas
440 710 644 766 fuisse.
685 719 1022 775 suadent
1057 721 1362 792 frequentia
1389 722 1722 793 singularum
1751 723 1857 778 fra-
1957 721 2113 775 libris
2137 731 2190 774 et
2235 724 2471 777 maxime
2495 725 2560 779 iis
2594 727 2688 795 qui
2721 742 2880 782 versu
2917 734 3211 800 compositi
3245 748 3396 804 sum,
3432 749 3548 796 [res

199 815 350 874 [multa
373 821 497 873 quae
528 809 789 875 passim
830 812 1299 869 observantur:
1335 816 1383 868 in
1414 815 1696 870 duodecim
1729 833 1857 872 vero
1956 811 2392 874 alias,editiones
2411 829 2601 884 nempe
2618 814 3134 884 Quintam,Sextam
3150 823 3542 895 etSeptimam,

201 895 424 966 Pmplretis
449 899 857 964 minoribus,
900 915 1080 958 teste
1115 906 1454 977 Hieronymo,
1484 916 1676 976 prmter
1695 909 1856 978 Aqui-
1955 901 2165 955 additas
2203 901 2400 966 fuisse;
2432 905 2504 960 ita
2553 917 2609 961 ut
2655 923 2719 963 ex
2760 910 2877 979 ejus
2912 913 3096 967 verbis
3139 914 3330 971 inferri
3379 935 3544 988 posse

207 991 297 1054 ista.
333 989 806 1060 Symmachum,
853 994 1072 1063 LXX,
1113 996 1534 1052 Theodotionem
1585 1008 1640 1054 et
1683 999 1854 1066 Quin—
1953 995 2530 1058 Videamumaximam
2559 997 2922 1070 Hexaplorum
2950 1014 3159 1073 partem
3180 1007 3270 1061 ubi
3295 1017 3407 1066 tres
3434 1014 3541 1070 illa:

212 1093 302 1144 tam,
331 1083 447 1136 dum
494 1084 630 1138 alia
677 1085 1034 1142 editiones
1088 1089 1350 1156 apposita;
1389 1099 1564 1152 erant,
1609 1091 1853 1146 videlicet
1951 1086 2217 1177 editiones
2235 1089 2434 1146 addita:
2457 1089 2807 1148 fuerantesse
2829 1096 3001 1150 libros
3027 1102 3285 1156 metricos
3307 1119 3321 1168 ;
3346 1119 3538 1177 nempe

214 1174 332 1228 Sexta
365 1184 416 1228 et
450 1173 749 1244 Septima,
811 1195 1108 1246 quarum
1161 1179 1449 1247 fragmenta
1498 1181 1846 1248 exhibemus;

219 1266 381 1332 Quintae
400 1283 608 1336 nempe
639 1267 1202 1334 frequentissima,
1229 1272 1448 1326 aliarum
1475 1288 1601 1326 vero
1620 1273 1845 1326 rariora.

223 1360 460 1412 Canticum
496 1371 699 1413 autem
740 1359 1067 1418 Habacuc
1123 1366 1414 1419 secundum
1456 1382 1619 1420 unam
1654 1383 1718 1421 ex
1765 1368 1848 1423 his

225 1451 471 1520 postremis
540 1451 936 1507 coitionibus
1003 1455 1290 1522 integrum
1364 1465 1844 1524 repraesentamus,

230 1544 338 1613 quod
363 1558 480 1597 cum
527 1560 634 1598 nec
672 1544 962 1610 Quintae,
1000 1562 1118 1600 nec
1158 1546 1331 1602 Sexta:
1371 1563 1492 1603 esse
1522 1549 1713 1618 possit,
1756 1564 1844 1603 se-

231 1636 376 1704 quitur
402 1650 464 1687 ex
519 1634 789 1705 Septima
823 1637 1226 1708 desumptum
1254 1654 1390 1694 esse.

284 1727 332 1780 In
362 1727 600 1783 Canticis
642 1731 1076 1794 canticorum,
1111 1729 1325 1796 Quintae
1369 1730 1542 1784 solum
1577 1739 1629 1786 et
1670 1731 1844 1786 Sexta!

233 1819 456 1874 lectiones
485 1820 819 1874 aﬂ‘cruntur
843 1840 861 1886 ;
901 1820 1192 1890 Septima:
1219 1837 1283 1874 ne
1307 1821 1592 1891 vestigium
1625 1823 1841 1891 quidem

235 1911 448 1976 habetur,
494 1913 646 1965 unde
691 1910 976 1966 fortasse
1014 1912 1269 1980 suspicio
1315 1913 1522 1966 oriatur
1551 1913 1639 1967 hic
1670 1915 1845 1983 Septi-

239 2019 356 2057 mam
384 2020 484 2058 non
521 2003 788 2058 adfuisse
827 2019 976 2057 cum
1018 2003 1172 2066 aliis,
1227 2003 1365 2072 quod
1415 2011 1594 2058 tamen
1627 2004 1841 2058 nonnisi

238 2104 407 2148 temere
435 2095 700 2149 aliirmari
735 2105 949 2164 potest
992 2114 1006 2149 :
1050 2095 1235 2164 potuit
1263 2096 1428 2162 enim,
1453 2098 1553 2151 etsi
1582 2095 1834 2162 adfuerit,

236 2203 261 2240 a
285 2188 647 2243 collectoribus
678 2188 908 2256 negligi
920 2227 937 2241 .

291 2279 343 2331 1n
388 2278 766 2334 Pentateucho
808 2288 1025 2332 autem
1081 2277 1338 2343 Quintam
1373 2289 1423 2334 et
1459 2279 1676 2333 Sextam
1721 2281 1838 2334 edi—

239 2371 413 2423 tionem
439 2371 618 2424 locum
666 2384 1018 2438 occupasse
1054 2386 1218 2423 suum
1258 2371 1615 2424 testilicantur
1646 2385 1834 2425 exem~

237 2464 308 2530 pla
343 2479 436 2516 non
467 2478 639 2531 pauca
687 2481 702 2516 :
746 2463 842 2518 sic
892 2463 1149 2517 Genesis
1179 2478 1294 2532 cap.
1328 2479 1510 2528 xxxiv,
1550 2463 1604 2530 ᾖ.
1648 2463 1735 2526 15,
1767 2478 1832 2517 ex

1949 1173 2072 1241 Job,
2106 1177 2351 1234 Psalmos
2404 1189 2458 1234 et
2490 1180 2823 1249 Proverbia;
2861 1195 2915 1239 et
2951 1195 3132 1244 tamen
3168 1173 3534 1263 apertissimis

1949 1269 2212 1336 exemplis
2246 1273 2498 1340 superius
2528 1275 2816 1340 probatum
2844 1287 2949 1342 est,
2977 1280 3098 1337 illas
3125 1286 3396 1343 editiones
3430 1291 3532 1346 ad-

1948 1356 2118 1412 fuisse
2167 1359 2218 1412 in
2251 1359 2641 1428 Pentateucho,
2690 1365 2743 1418 in
2785 1365 3072 1432 Prophetis
3119 1375 3446 1444 ntinorwus,
3476 1391 3532 1435 et

1949 1447 2004 1500 in
2046 1447 2331 1517 Canticis;
2379 1469 2441 1505 ex
2479 1455 2633 1508 libris
2681 1471 2811 1510 vero
2848 1463 3092 1518 metricis
3120 1463 3370 1525 Psalmos
3403 1480 3527 1527 tan~

1949 1549 2061 1594 tum
2094 1544 2259 1596 trium
2309 1545 2523 1599 illarum
2559 1548 2862 1604 editionum
2897 1553 3179 1622 reliquias,
3219 1569 3274 1613 et
3302 1564 3520 1630 quidem

1945 1632 2419 1702 frequentissimas
2454 1637 2734 1706 pneferre;
2764 1639 2867 1693 Joh
2895 1653 3079 1698 autem
3114 1656 3167 1701 et
3202 1648 3522 1723 Proverbia,

1944 1741 2178 1792 quorum
2223 1729 2455 1783 maxima
2489 1731 2780 1786 lectionum
2817 1732 3200 1804 Hexaplarium
3258 1743 3390 1798 silva
3422 1761 3518 1800 su-

1946 1827 2164 1885 perest,
2211 1833 2280 1875 ne
2317 1821 2600 1890 vestigium
2647 1825 2863 1892 quidem
2909 1828 3074 1882 trium
3130 1830 3344 1887 illarum
3405 1837 3522 1891 edi-

1945 1909 2152 1963 tionum
2190 1910 2408 1964 habere.
2445 1911 2541 1967 llis
2583 1917 2890 1984 conspectis
2925 1935 3083 1974 nemo
3113 1926 3387 1993 negaverit
3418 1929 3519 1981 ads

1941 2002 2163 2056 modum
2197 2002 2410 2057 dillicile
2452 2019 2575 2060 esse
2622 2008 2872 2075 superius
2911 2011 3073 2065 allata
3112 2018 3354 2086 exempla
3388 2033 3515 2074 cum

1939 2092 2120 2146 verbis
2147 2091 2464 2165 Hieronymi
2492 2097 2805 2152 conciliare.

2010 2181 2146 2236 Cum
2180 2193 2359 2237 autem
2391 2185 2614 2239 omnino
2643 2197 2848 2241 certum
2881 2190 2947 2244 sit
2983 2188 3269 2262 Origenem
3310 2212 3420 2251 non
3456 2199 3510 2253 in

1937 2273 2192 2327 omnibus
2227 2271 2522 2343 Scriptura:
2554 2277 2709 2332 libris
2739 2288 2847 2334 tres
2879 2281 3001 2336 illas
3036 2283 3462 2353 interpretatiom
3483 2303 3509 2341 s

1935 2361 2237 2431 adiecisse,
2283 2365 2453 2432 quaeri
2501 2375 2680 2434 porest
2727 2384 2856 2422 num
2913 2380 3020 2425 tres
3067 2372 3142 2426 illi
3188 2375 3508 2444 interpretes

1935 2465 2101 2511 totam
2154 2455 2490 2527 Scripturam
2533 2459 2643 2513 sint
2686 2461 3041 2541 interpretati,
3073 2481 3139 2518 an
3185 2481 3278 2522 eas
3329 2469 3502 2522 solum

239 2556 404 2609 codice
440 2555 605 2624 Regio
657 2555 912 2609 affertur
966 2553 1197 2620 Quintae
1223 2553 1474 2608 editionis
1523 2555 1702 2620 lectio,
1740 2555 1831 2608 ubi

241 2662 404 2699 vocem
449 2657 572 2706 ms:
619 2648 714 2701 hic
774 2647 1087 2715 interpres
1147 2645 1306 2698 vertit
1367 2645 1728 2716 εὐνοήσομεν;
1777 2653 1832 2699 et

243 2753 342 2808 cap.
368 2756 511 2804 xxxv,
543 2757 594 2794 v.
628 2741 719 2799 19.
740 2740 800 2792 in
835 2739 1013 2792 hunc
1045 2739 1225 2790 locum
1250 2721 1363 2797 0715
1383 2747 1482 2797 nt:
1505 2748 1604 2798 mn
1633 2747 1830 2800 nti-ras:

242 2830 526 2885 Ambrosius
565 2833 620 2884 in
660 2833 833 2900 epist.
895 2830 976 2883 ad
1034 2828 1428 2882 Horontianum
1462 2831 1535 2884 ait
1580 2849 1592 2883 :
1627 2829 1828 2894 Quinta

242 2935 397 2976 αιιεπι
431 2926 664 2985 "adma,
715 2924 1016 2991 Ephrara,
1069 2922 1186 2990 ipse
1223 2931 1304 2976 est
1354 2921 1550 2976 domus
1606 2922 1761 2990 panis
1809 2940 1822 2975 ε
1928 2931 2034 2969 non
2083 2917 2241 2970 video
2293 2919 2422 2985 quid
2477 2935 2656 2974 causa:
2700 2920 2882 2989 fuerit,
2933 2941 3032 2980 cur
3077 2930 3284 2984 medios
3331 2931 3499 2988 libros

242 3011 326 3062 hoc
384 3015 696 3081 Mum-mm
768 3020 882 3064 εει·
954 3012 1017 3062 in
1103 3010 1326 3062 αίίονωη
1407 3011 1822 3074 ιναάὶιξοηὶὸυδ,
1927 3007 2231 3069 omiserint,
2261 3009 2518 3078 quodque
2556 3011 2729 3081 magis
2756 3022 2962 3081 urgeat,
2995 3029 3118 3070 cum
3169 3029 3278 3073 tres
3305 3019 3381 3074 illi
3415 3021 3495 3074 in-

244 3099 330 3151 ubi
375 3103 672 3157 traditiones
726 3102 822 3156 ille
876 3115 1000 3170 pro
1063 3099 1390 3153 editionihus
1453 3110 1700 3169 usurpat.
1753 3101 1887 3160 EtC
1923 3104 2184 3165 terpretes
2231 3107 2290 3151 ut
2336 3098 2630 3168 plurimum
2683 3101 2737 3154 in
2784 3102 2974 3157 iisdem
3023 3104 3315 3176 Scriptura:
3341 3111 3496 3166 libris

245 3187 398 3245 Levit.
454 3210 488 3258 ι,
549 3194 612 3247 l6
673 3213 686 3247 :
752 3195 818 3246 Α.
896 3194 996 3254 Σ.,
1065 3189 1163 3261 τὴν
1224 3189 1546 3254 σιτίζουσαν.
1609 3192 1670 3246 Θ.
1728 3193 1814 3255 E.,

1919 3192 2280 3258 reperiantur,
2314 3190 2439 3245 licet
2469 3192 2612 3246 haud
2642 3193 2806 3248 dubie
2835 3196 3002 3251 variis
3028 3198 3082 3251 in
3108 3199 3244 3254 locis
3271 3203 3498 3271 scripse-

242 3280 331 3349 τὴν
374 3284 523 3351 ὀσφὺν
564 3285 631 3355 ἦν
678 3288 849 3354 ἡμεῖς
907 3281 1204 3352 καλοῦμεν
1236 3282 1427 3350 φύσαν.
1458 3284 1587 3337 ltem
1640 3283 1812 3339 Levit.

1919 3281 2047 3344 rint,
2091 3296 2189 3334 cur
2236 3281 2456 3335 eosdem
2505 3281 2672 3335 libros
2705 3298 2771 3336 ex
2805 3282 3069 3340 Hebraico
3102 3291 3489 3356 converterint,

243 3387 346 3441 cap.
377 3391 432 3434 ιι,
460 3392 509 3428 v.
540 3376 593 3441 ὅ,
625 3377 678 3428 in
711 3375 988 3445 Append.
1031 3373 1091 3426 Σ.
1128 3373 1212 3439 Ε.,
1244 3373 1350 3428 ἀπὸ
1376 3374 1483 3427 τῶν
1511 3376 1817 3448 καρπωμάλ-

1919 3373 2135 3425 eosdem
2185 3371 2519 3424 omiserint:
2569 3372 2672 3424 hoc
2721 3383 2868 3428 certe
2915 3390 3092 3445 neque
3134 3393 3264 3434 casu
3313 3397 3491 3451 neque

241 3477 335 3514 των
366 3467 575 3536 Κυρίου.
604 3465 672 3520 Et
697 3467 882 3521 Levit.
924 3481 1010 3530 xt,
1053 3465 1141 3517 17.
1165 3466 1225 3518 Α.
1259 3467 1330 3519 O'.
1363 3465 1424 3520 Θ.
1455 3468 1538 3532 Ε.,
1569 3469 1816 3520 νυκτικό-

1919 3463 2147 3516 consilio
2199 3463 2441 3518 accidere
2489 3467 2729 3534 potuisse
2779 3467 3011 3522 videtur.
3045 3467 3102 3522 Si
3136 3473 3488 3540 respondeas,

243 3553 345 3618 βαξ.
380 3573 431 3619 ς’.
461 3557 644 3626 γλαῦξ.
690 3559 752 3611 Ε.
794 3557 1102 3622 Quintam,
1135 3573 1192 3619 ς.
1242 3555 1457 3611 Sextum
1503 3558 1726 3624 indicat,
1762 3569 1816 3615 et

1919 3569 2013 3608 cur
2045 3570 2174 3624 ergo
2207 3553 2466 3624 Origenes
2493 3557 2545 3611 in
2576 3557 2902 3627 quihusdam
2937 3559 3110 3624 libris,
3144 3576 3252 3614 non
3285 3563 3339 3616 in
3371 3578 3492 3616 orn-

241 3647 498 3716 utriusque
543 3649 946 3718 interpretatio
1001 3645 1248 3700 affertur.
1286 3648 1600 3717 Ibidemque
1638 3667 1690 3703 v.
1721 3651 1808 3704 51.
1913 3649 2096 3709 nibus.
2132 3647 2254 3702 illas
2282 3648 2546 3703 editiones
2577 3651 2908 3719 apposuerit,
2941 3666 3200 3720 reponam
3237 3668 3360 3723 ego,
3389 3669 3489 3707 cur

240 3737 307 3787 0'.
342 3739 398 3791 Θ.
423 3742 501 3804 Ε.,
529 3742 708 3795 αὐτῶν
745 3739 1134 3810 τεθνηκότων.
1169 3737 1325 3792 Hisce
1355 3749 1462 3793 tam
1501 3742 1702 3808 apertis
1733 3753 1814 3796 te-

1919 3740 1967 3793 in
1995 3739 2228 3794 Thrcnis
2281 3740 2396 3794 sive
2442 3739 2947 3797 Lamentationibus
2999 3741 3267 3806 Jeremiae,
3311 3745 3489 3799 solum

243 3829 487 3887 stirnoniis
515 3835 781 3902 refragari
817 3847 993 3887 nemo
1038 3846 1196 3898 posse
1240 3832 1468 3886 videtur.
1513 3833 1580 3887 At
1611 3835 1808 3888 mirum
1913 3831 2300 3902 Symmachum
2329 3846 2454 3885 cum
2497 3834 2735 3887 editione
2761 3833 2871 3887 τῶν
2911 3836 2968 3886 0'
2994 3835 3211 3898 locavit,
3248 3851 3374 3889 cum
3408 3844 3490 3888 ta-

240 3932 311 3972 εει
331 3923 566 3988 Quintam
595 3935 648 3979 et
675 3927 912 3979 Sextam
947 3922 1247 3976 editionem
1272 3939 1301 3977 a
1328 3924 1543 3978 neruine
1567 3935 1806 3980 veterum
1909 3937 2034 3976 men
2061 3921 2256 3990 Aquila
2284 3931 2339 3974 et
2365 3919 2667 3974 Theodotio
2699 3922 2862 3989 hujus
2893 3921 3040 3985 libri,
3070 3922 3295 3990 perinde
3324 3932 3490 3991 atque

246 4013 548 4080 Graecorum,
581 4018 674 4087 qui
710 4019 768 4070 in
804 4016 1248 4070 Pentateuchum
1284 4025 1361 4069 tot
1401 4015 1805 4072 Commentaria
1909 4013 2164 4077 aliorum,
2199 4012 2698 4080 interpretationem
2744 4013 3151 4078 adornaverint,
3190 4021 3248 4067 ut
3286 4015 3485 4068 ibidem

242 4108 517 4173 ediderunt,
559 4122 932 4165 memoratam
971 4107 1188 4176 uspiam
1227 4106 1410 4161 fuisse.
1440 4107 1516 4160 De
1562 4106 1805 4176 Septima
1907 4106 1962 4160 in
1995 4106 2196 4159 Monito
2236 4106 2550 4174 probamus.
2587 4104 2726 4160 l-linc
2757 4121 2887 4160 sane
2927 4106 3097 4175 liquet
3139 4121 3202 4160 ex
3238 4108 3340 4162 hac
3363 4105 3484 4162 Ori-

1907 4197 2059 4268 genis
2096 4197 2389 4250 omissione
2419 4197 2669 4250 concludi
2701 4213 2810 4251 non
2848 4213 3029 4266 posse,
3064 4199 3184 4253 illas
3217 4200 3481 4252 editiones

1905 4305 2014 4343 non
2047 4289 2318 4358 integras,
2363 4289 2456 4342 sed
2500 4289 2715 4357 aliquos
2749 4297 2960 4342 tantum
3009 4288 3286 4344 llebraicae
3329 4289 3478 4344 Scri-

1905 4387 2075 4448 pturae
2121 4377 2289 4432 libros
2325 4377 2637 4446 complexas
2684 4377 2871 4431 fuisse.
2905 4378 3171 4430 Craterum
3217 4393 3331 4430 rem
3369 4394 3477 4433 non

1908 4470 2126 4540 penitus
2154 4471 2490 4540 exploratam
2525 4468 2742 4522 lectoris
2775 4467 2983 4537 judicio
3013 4467 3401 4536 permittimus.

1934 2561 2114 2620 partes
2157 2569 2279 2623 quae
2322 2554 2390 2608 ab
2435 2553 2667 2625 Origene
2699 2559 2752 2612 in
2801 2559 3041 2631 Octaplis
3069 2565 3323 2620 adhibitae
3354 2579 3502 2621 sunt.

1934 2640 2077 2698 Sane
2107 2659 2253 2710 cum,
2286 2646 2363 2699 illi
2415 2646 2604 2700 saltem
2641 2647 2750 2703 duo
2783 2653 3015 2720 priores,
3052 2655 3500 2726 Pentateuchurn,

1930 2732 2194 2799 Psalmos,
2224 2746 2281 2790 et
2319 2753 2385 2790 ex
2421 2736 2747 2809 Hieronymo
2779 2741 2881 2796 Job
2923 2757 2974 2799 et
3019 2746 3308 2802 Proverbia
3335 2767 3350 2814 ;
3378 2767 3499 2806 cum

1929 2824 2056 2878 item
2096 2826 2321 2881 Cantica
2370 2837 2424 2881 et
2471 2828 2709 2884 minores
2756 2831 3054 2902 Prophetas
3104 2841 3496 2907 transtulerint,

247 4198 291 4250 in
333 4199 682 4258 Pentateucho
727 4202 866 4256 nihil
906 4200 1076 4255 hodie
1121 4210 1340 4254 :utrum
1388 4217 1517 4255 vero
1543 4203 1672 4255 olim
1705 4202 1805 4255 ad-

246 4287 406 4358 fuerit,
449 4294 749 4364 iguoratur.
799 4291 1017 4346 Praeter
1067 4290 1230 4344 hosce
1264 4292 1452 4352 libros.
1499 4293 1589 4346 ubi
1636 4295 1800 4347 trium

247 4387 571 4450 posteriorum
615 4389 935 4442 editionum
975 4384 1204 4453 vestigia
1240 4387 1559 4454 reperimus,
1593 4386 1645 4440 in
1679 4387 1802 4440 aliis

246 4478 384 4530 etiam
419 4479 684 4534 exstitisse
715 4477 1049 4533 subindicat
1107 4473 1466 4547 Hieronymus
1497 4476 1701 4530 Comm.
1747 4479 1801 4529 in

248 4563 392 4634 Epist.
437 4573 500 4623 ad
552 4571 735 4624 Titum
773 4587 794 4624 :
853 4565 1127 4621 Nonnulli
1178 4583 1294 4619 vero
1344 4565 1485 4632 libri,
1514 4567 1704 4636 inquit,
1750 4576 1800 4620 et

244 4666 437 4717 maxime
461 4666 512 4718 1ιὶ
547 4666 638 4736 qui
680 4663 832 4733 apud
874 4660 1135 4714 Hebrwos
1158 4675 1305 4712 versu
1333 4659 1612 4726 compositi
1649 4669 1796 4725 sunt,

241 4762 321 4806 tm
362 4756 484 4810 alia:
522 4759 785 4812 editiones
837 4753 1065 4806 additas
1097 4749 1303 4816 habent,
1332 4767 1491 4821 quam
1517 4750 1796 4815 Quintam,

236 4854 275 4895 et
295 4845 501 4915 Sextum,
527 4860 576 4904 et
605 4850 925 4919 Septimum
958 4842 1359 4896 translationem
1386 4850 1590 4904 uocant,
1620 4852 1798 4895 aucto-

237 4935 406 4991 ritatem
433 4943 539 4995 sine
588 4937 917 4994 nominibus
956 4933 1299 5000 interpretum
1351 4941 1676 4984 consecutos.
1717 4930 1793 4984 Ex

232 5025 356 5083 libris
394 5044 563 5088 tamen
614 5046 788 5085 versu
846 5023 1185 5090 conscriptis
1232 5023 1331 5076 soli
1367 5022 1570 5076 Psalmi
1625 5023 1791 5075 trium

228 5124 543 5185 posteriorum
595 5115 1145 5189 interpretationum
1193 5113 1449 5182 reliquias
1476 5112 1788 5182 prmfcrurrt.

226 5209 268 5263 lu
300 5213 388 5269 Job
421 5227 596 5271 autem
659 5224 718 5269 et
772 5203 1130 5268 Proverbiis,
1179 5205 1277 5259 etsi
1325 5205 1502 5273 ampla
1557 5205 1786 5259 aliarum

221 5305 468 5363 editionum
497 5323 656 5380 seges
683 5302 1008 5358 oﬂ‘eratur,
1039 5294 1173 5347 nihil
1203 5295 1360 5350 hodie
1385 5296 1452 5350 de
1483 5295 1655 5352 tribus
1678 5297 1788 5352 illis

218 5405 456 5466 postremis
483 5394 916 5470 interpretibus
962 5397 1233 5455 superest.

263 5488 309 5544 Si
335 5503 527 5549 stemus
563 5480 923 5556 Hieronymi
964 5477 1166 5540 verbis,
1203 5479 1255 5530 in
1289 5477 1354 5532 iis
1382 5476 1560 5542 ﬁbris;
1583 5478 1673 5531 ubi
1701 5477 1786 5533 ha:

208 5592 444 5650 postrema),
479 5587 776 5643 editiones
817 5569 1256 5645 adhibebantur,
1290 5578 1398 5624 tres
1447 5584 1659 5638 semper
1693 5572 1785 5625 ad-

204 5688 339 5745 erant,
362 5697 453 5736 nec
489 5679 711 5746 Quinta
747 5670 889 5726 sine
921 5663 1114 5724 Sexta,
1152 5676 1249 5714 nec
1283 5669 1512 5730 utraque
1537 5661 1656 5716 sine
1683 5660 1782 5716 Se-

200 5767 328 5836 ptima
347 5771 516 5828 locum
544 5769 789 5844 uspiam
833 5752 1110 5813 habebat.
1135 5749 1330 5807 Verum
1360 5750 1474 5806 lucc
1506 5748 1777 5822 Hierony-
1825 5824 1833 5831 ἱ

1833 4436 1879 4490 D

1904 4583 2017 4639 Vll.
2051 4584 2127 4638 De
2164 4583 2304 4639 notis
2333 4585 2389 4637 in
2417 4581 2745 4702 marginibu‘s'
2777 4579 3140 4649 Hexaplorum
3163 4581 3226 4635 ab
3254 4581 3477 4652 Origene

2586 4668 2697 4702 nos:
2729 4668 2792 4702 is.

2585 4668 2792 4722 positis.

1974 4743 2030 4796 ln
2065 4742 2318 4813 llexaplis
2352 4743 2564 4812 amplos
2593 4741 2762 4795 fuisse
2790 4740 3065 4809 margines
3111 4740 3258 4796 notis
3286 4737 3473 4810 Orige-

1899 4836 2078 4891 nianis
2121 4845 2374 4902 onustos,
2411 4843 2749 4904 compertum
2777 4833 2933 4886 nobis
2963 4842 3046 4886 est
3075 4850 3088 4886 :
3119 4832 3308 4886 horum
3341 4849 3469 4886 vero

1897 4935 2103 4998 partem
2129 4942 2237 4981 non
2263 4926 2544 4980 minimam
2571 4923 3205 4992 occupabantnominum
3232 4924 3473 4991 proprio.

1895 5038 2014 5076 rum
2058 5018 2449 5074 llebraicorum
2509 5015 2902 5084 explicationes
2947 5013 3165 5068 Grmcae.
3202 5009 3256 5067 ld
3286 5021 3466 5068 autem

1895 5112 2098 5166 indicat
2123 5110 2384 5177 Origenes
2417 5106 2468 5158 in
2501 5117 2630 5162 nota
2657 5106 2886 5174 quadam
2917 5104 2982 5158 ad
3007 5119 3126 5173 cap.
3159 5119 3323 5156 xxxvr
3371 5101 3471 5158 Ge»-

1893 5202 2059 5265 nesis,
2087 5202 2139 5269 ,ᾖ
2172 5197 2261 5259 56,
2305 5197 2396 5251 ubi
2436 5196 2517 5252 sic
2552 5195 2757 5252 habet:
2788 5195 2913 5255 Τοῖς
2951 5193 3046 5262 μὲν
3086 5191 3213 5262 περ)⁴
3243 5190 3470 5246 Ἀκύλαν

1891 5295 1985 5348 καὶ
2010 5291 2306 5364 Σύμμαχον
2343 5289 2625 5362 Φουτιςρᾲρ
2663 5287 2879 5358 εἴρηται
2907 5285 2963 5334 ὲν
2990 5280 3160 5351 τούτῳ
3184 5281 3262 5352 τῷ
3290 5281 3468 5353 τόπῳ⁶

1891 5388 1948 5438 ὲν
1974 5384 2030 5437 δὲ
2060 5384 2138 5454 τῷ
2169 5381 2340 5451 ἑτέρῳ
2363 5376 2736 5449 Φουρτιφαρέ.
2770 5374 2932 5444 Rati;
2969 5372 3064 5442 μὲν
3088 5373 3180 5424 τοῦ
3209 5372 3472 5440 παρόντος

1887 5476 2148 5544 ὀνόματος
2174 5471 2442 5542 ἑρμηνεία
2467 5470 2807 5541 παράκειται
2832 5467 2896 5536 τῇ
2924 5463 3099 5527 λέξει·
3126 5464 3158 5533 ἡ
3182 5462 3239 5515 δὲ
3262 5459 3472 5524 ἕκθεσις

1884 5567 1979 5620 τοῦ
2026 5566 2220 5636 ἐτέρου
2247 5563 2306 5614 ἐν
2338 5564 2454 5624 τοῖς
2491 5565 2623 5632 ἑξῆς
2656 5563 2927 5630 (pave-irai:
2957 5557 3007 5610 id
3040 5566 3122 5609 est
3153 5570 3167 5606 τ
3202 5549 3395 5620 Aquila
3419 5559 3472 5603 et

1887 5657 2237 5725 Symmachus
2291 5650 2603 5720 Phutiphar
2654 5652 2901 5706 dixerunt
2948 5648 3042 5700 hac
3091 5643 3226 5704 loco,
3265 5641 3318 5694 in
3362 5641 3473 5696 alio

1885 5757 2063 5802 autem
2085 5744 2448 5813 Phurtipharc
2477 5761 2496 5799 :
2525 5744 2807 5817 pauentis
2830 5757 2946 5797 vero
2969 5735 3191 5793 nominis
3213 5734 3474 5803 interpr.-
