  <div class='ocr_page' id='page_1' title='image "/cluster/home/n/w/nwhite01/storage/ocr_20150623/15/hvd.32044019207653/025.png"; bbox 0 0 4052 6388; ppageno 0'>
   <div class='ocr_carea' id='block_1_1' title="bbox 556 303 2130 377">
    <p class='ocr_par' dir='ltr' id='par_1_1' title="bbox 556 303 2130 362">
     <span class='ocr_line' id='line_1_1' title="bbox 556 303 2130 362; baseline -0.001 -1"><span class='ocrx_word' id='word_1_1' title='bbox 556 303 628 362; x_wconf 80' lang='grc'><strong><em>55</em></strong></span> <span class='ocrx_word' id='word_1_2' title='bbox 1895 304 2130 362; x_wconf 59' lang='grc' dir='ltr'><strong><em>ΡΒΙΕΙΛ]</em></strong></span> 
     </span>
    </p>
   </div>
   <div class='ocr_carea' id='block_1_2' title="bbox 2231 303 3806 377">
    <p class='ocr_par' dir='ltr' id='par_1_2' title="bbox 2231 307 3806 377">
     <span class='ocr_line' id='line_1_2' title="bbox 2231 307 3806 377; baseline 0.01 -15"><span class='ocrx_word' id='word_1_3' title='bbox 2231 307 2420 364; x_wconf 68' lang='lat' dir='ltr'><strong><em>iARlA</em></strong></span> <span class='ocrx_word' id='word_1_4' title='bbox 3733 320 3806 377; x_wconf 68' lang='lat'><strong>36</strong></span> 
     </span>
    </p>
   </div>
   <div class='ocr_carea' id='block_1_3' title="bbox 558 420 2695 495">
    <p class='ocr_par' dir='ltr' id='par_1_3' title="bbox 558 420 2695 495">
     <span class='ocr_line' id='line_1_3' title="bbox 558 420 2695 495; baseline 0.002 -18"><span class='ocrx_word' id='word_1_5' title='bbox 558 423 693 479; x_wconf 75' lang='lat' dir='ltr'><strong><em>latio</em></strong></span> <span class='ocrx_word' id='word_1_6' title='bbox 717 421 831 476; x_wconf 70' lang='lat' dir='ltr'><strong><em>voci</em></strong></span> <span class='ocrx_word' id='word_1_7' title='bbox 851 421 1059 492; x_wconf 87' lang='lat' dir='ltr'><strong><em>adjacet</em></strong></span> <span class='ocrx_word' id='word_1_8' title='bbox 1089 420 1162 490; x_wconf 88' lang='lat' dir='ltr'><strong><em>(id</em></strong></span> <span class='ocrx_word' id='word_1_9' title='bbox 1192 431 1277 478; x_wconf 87' lang='lat' dir='ltr'><strong><em>est</em></strong></span> <span class='ocrx_word' id='word_1_10' title='bbox 1305 421 1358 477; x_wconf 90' lang='lat' dir='ltr'><strong><em>ln</em></strong></span> <span class='ocrx_word' id='word_1_11' title='bbox 1388 423 1677 495; x_wconf 80' lang='lat' dir='ltr'><strong><em>margine),</em></strong></span> <span class='ocrx_word' id='word_1_12' title='bbox 1709 424 1929 479; x_wconf 73' lang='lat' dir='ltr'><strong><em>alterius</em></strong></span> <span class='ocrx_word' id='word_1_13' title='bbox 1952 437 2127 481; x_wconf 90' lang='lat' dir='ltr'><strong><em>autem</em></strong></span> <span class='ocrx_word' id='word_1_14' title='bbox 2157 435 2205 490; x_wconf 75' lang='grc' dir='ltr'><strong>Α</strong></span> <span class='ocrx_word' id='word_1_15' title='bbox 2232 427 2394 481; x_wconf 91' lang='lat' dir='ltr'><strong><em>nibus</em></strong></span> <span class='ocrx_word' id='word_1_16' title='bbox 2441 427 2695 482; x_wconf 84' lang='lat' dir='ltr'><strong><em>collocari</em></strong></span> 
     </span>
    </p>
   </div>
   <div class='ocr_carea' id='block_1_4' title="bbox 557 511 2128 587">
    <p class='ocr_par' dir='ltr' id='par_1_4' title="bbox 557 511 2128 587">
     <span class='ocr_line' id='line_1_4' title="bbox 557 511 2128 587; baseline 0.004 -20"><span class='ocrx_word' id='word_1_17' title='bbox 557 511 844 582; x_wconf 75' lang='lat' dir='ltr'><strong><em>explicatio</em></strong></span> <span class='ocrx_word' id='word_1_18' title='bbox 869 513 920 565; x_wconf 85' lang='lat' dir='ltr'><strong><em>in</em></strong></span> <span class='ocrx_word' id='word_1_19' title='bbox 945 512 1276 582; x_wconf 77' lang='lat' dir='ltr'><strong><em>sequentibus</em></strong></span> <span class='ocrx_word' id='word_1_20' title='bbox 1298 513 1678 568; x_wconf 78' lang='lat' dir='ltr'><strong><em>declarabitur.</em></strong></span> <span class='ocrx_word' id='word_1_21' title='bbox 1704 513 1842 570; x_wconf 83' lang='lat' dir='ltr'><strong><em>Hinc</em></strong></span> <span class='ocrx_word' id='word_1_22' title='bbox 1871 527 1954 572; x_wconf 89' lang='lat' dir='ltr'><strong><em>est</em></strong></span> <span class='ocrx_word' id='word_1_23' title='bbox 1979 517 2128 587; x_wconf 87' lang='lat' dir='ltr'><strong><em>quod</em></strong></span> 
     </span>
    </p>
   </div>
   <div class='ocr_carea' id='block_1_5' title="bbox 559 605 2128 679">
    <p class='ocr_par' dir='ltr' id='par_1_5' title="bbox 559 605 2128 679">
     <span class='ocr_line' id='line_1_5' title="bbox 559 605 2128 679; baseline 0.003 -19"><span class='ocrx_word' id='word_1_24' title='bbox 559 605 614 660; x_wconf 90' lang='lat' dir='ltr'><strong><em>in</em></strong></span> <span class='ocrx_word' id='word_1_25' title='bbox 678 605 1065 660; x_wconf 74' lang='lat' dir='ltr'><strong><em>vetustissimis</em></strong></span> <span class='ocrx_word' id='word_1_26' title='bbox 1120 607 1548 678; x_wconf 88' lang='lat' dir='ltr'><strong><em>manuscriptis,</em></strong></span> <span class='ocrx_word' id='word_1_27' title='bbox 1605 608 1747 663; x_wconf 91' lang='lat' dir='ltr'><strong><em>unde</em></strong></span> <span class='ocrx_word' id='word_1_28' title='bbox 1801 609 2128 679; x_wconf 65' lang='lat' dir='ltr'><strong><em>praacipuam</em></strong></span> 
     </span>
    </p>
   </div>
   <div class='ocr_carea' id='block_1_6' title="bbox 559 699 2126 772">
    <p class='ocr_par' dir='ltr' id='par_1_6' title="bbox 559 699 2126 772">
     <span class='ocr_line' id='line_1_6' title="bbox 559 699 2126 772; baseline 0.004 -20"><span class='ocrx_word' id='word_1_29' title='bbox 559 699 928 770; x_wconf 81' lang='lat' dir='ltr'><strong><em>Hexaplorum</em></strong></span> <span class='ocrx_word' id='word_1_30' title='bbox 964 708 1176 769; x_wconf 85' lang='lat' dir='ltr'><strong><em>partem</em></strong></span> <span class='ocrx_word' id='word_1_31' title='bbox 1219 702 1613 770; x_wconf 90' lang='lat' dir='ltr'><strong><em>excerpsimus,</em></strong></span> <span class='ocrx_word' id='word_1_32' title='bbox 1643 701 1747 757; x_wconf 64' lang='lat' dir='ltr'><strong><em>illae</em></strong></span> <span class='ocrx_word' id='word_1_33' title='bbox 1781 704 2126 772; x_wconf 89' lang='lat' dir='ltr'><strong><em>propriorum</em></strong></span> 
     </span>
    </p>
   </div>
   <div class='ocr_carea' id='block_1_7' title="bbox 559 791 2132 864">
    <p class='ocr_par' dir='ltr' id='par_1_7' title="bbox 559 791 2132 864">
     <span class='ocr_line' id='line_1_7' title="bbox 559 791 2132 864; baseline 0 -16"><span class='ocrx_word' id='word_1_34' title='bbox 559 794 844 848; x_wconf 88' lang='lat' dir='ltr'><strong><em>nominum</em></strong></span> <span class='ocrx_word' id='word_1_35' title='bbox 891 791 1283 847; x_wconf 85' lang='lat' dir='ltr'><strong><em>Hebraicorum</em></strong></span> <span class='ocrx_word' id='word_1_36' title='bbox 1337 793 1812 862; x_wconf 81' lang='lat' dir='ltr'><strong><em>interpretationes</em></strong></span> <span class='ocrx_word' id='word_1_37' title='bbox 1843 795 1896 847; x_wconf 89' lang='lat' dir='ltr'><strong><em>in</em></strong></span> <span class='ocrx_word' id='word_1_38' title='bbox 1928 795 2132 864; x_wconf 88' lang='lat' dir='ltr'><strong><em>margi-</em></strong></span> 
     </span>
    </p>
   </div>
   <div class='ocr_carea' id='block_1_8' title="bbox 559 885 2130 954">
    <p class='ocr_par' dir='ltr' id='par_1_8' title="bbox 559 885 2130 954">
     <span class='ocr_line' id='line_1_8' title="bbox 559 885 2130 954; baseline 0.001 -15"><span class='ocrx_word' id='word_1_39' title='bbox 559 886 724 940; x_wconf 81' lang='lat' dir='ltr'><strong><em>nibus</em></strong></span> <span class='ocrx_word' id='word_1_40' title='bbox 750 894 1045 940; x_wconf 86' lang='lat' dir='ltr'><strong><em>occurrant</em></strong></span> <span class='ocrx_word' id='word_1_41' title='bbox 1069 902 1084 951; x_wconf 88' lang='lat'><strong>;</strong></span> <span class='ocrx_word' id='word_1_42' title='bbox 1113 894 1171 938; x_wconf 92' lang='lat' dir='ltr'><strong><em>ut</em></strong></span> <span class='ocrx_word' id='word_1_43' title='bbox 1199 886 1433 954; x_wconf 86' lang='lat' dir='ltr'><strong><em>exempli</em></strong></span> <span class='ocrx_word' id='word_1_44' title='bbox 1467 900 1654 950; x_wconf 89' lang='lat' dir='ltr'><strong><em>causa,</em></strong></span> <span class='ocrx_word' id='word_1_45' title='bbox 1685 885 1738 938; x_wconf 94' lang='lat' dir='ltr'><strong><em>in</em></strong></span> <span class='ocrx_word' id='word_1_46' title='bbox 1761 886 2130 942; x_wconf 86' lang='lat' dir='ltr'><strong><em>vetustissimo</em></strong></span> 
     </span>
    </p>
   </div>
   <div class='ocr_carea' id='block_1_9' title="bbox 561 976 2132 1046">
    <p class='ocr_par' dir='ltr' id='par_1_9' title="bbox 561 976 2132 1046">
     <span class='ocr_line' id='line_1_9' title="bbox 561 976 2132 1046; baseline 0.001 -15"><span class='ocrx_word' id='word_1_47' title='bbox 561 976 655 1032; x_wconf 91' lang='lat' dir='ltr'><strong><em>illo</em></strong></span> <span class='ocrx_word' id='word_1_48' title='bbox 679 977 866 1032; x_wconf 80' lang='lat' dir='ltr'><strong><em>codice</em></strong></span> <span class='ocrx_word' id='word_1_49' title='bbox 891 976 1246 1040; x_wconf 89' lang='lat' dir='ltr'><strong><em>Coisliniano,</em></strong></span> <span class='ocrx_word' id='word_1_50' title='bbox 1278 978 1369 1045; x_wconf 86' lang='lat' dir='ltr'><strong><em>qui</em></strong></span> <span class='ocrx_word' id='word_1_51' title='bbox 1408 977 1605 1031; x_wconf 90' lang='lat' dir='ltr'><strong><em>uneiali</em></strong></span> <span class='ocrx_word' id='word_1_52' title='bbox 1640 978 1904 1046; x_wconf 86' lang='lat' dir='ltr'><strong><em>quadrato</em></strong></span> <span class='ocrx_word' id='word_1_53' title='bbox 1942 979 2132 1033; x_wconf 88' lang='lat' dir='ltr'><strong><em>chara-</em></strong></span> 
     </span>
    </p>
   </div>
   <div class='ocr_carea' id='block_1_10' title="bbox 561 1071 2131 1139">
    <p class='ocr_par' dir='ltr' id='par_1_10' title="bbox 561 1071 2131 1139">
     <span class='ocr_line' id='line_1_10' title="bbox 561 1071 2131 1139; baseline 0.003 -15"><span class='ocrx_word' id='word_1_54' title='bbox 561 1080 709 1125; x_wconf 89' lang='lat' dir='ltr'><strong><em>ctere</em></strong></span> <span class='ocrx_word' id='word_1_55' title='bbox 730 1071 967 1139; x_wconf 88' lang='lat' dir='ltr'><strong><em>scriptus</em></strong></span> <span class='ocrx_word' id='word_1_56' title='bbox 999 1079 1099 1136; x_wconf 88' lang='lat' dir='ltr'><strong><em>est,</em></strong></span> <span class='ocrx_word' id='word_1_57' title='bbox 1132 1085 1196 1124; x_wconf 93' lang='lat' dir='ltr'><strong><em>ac</em></strong></span> <span class='ocrx_word' id='word_1_58' title='bbox 1224 1071 1361 1125; x_wconf 80' lang='lat' dir='ltr'><strong><em>sexti</em></strong></span> <span class='ocrx_word' id='word_1_59' title='bbox 1394 1071 1479 1124; x_wconf 91' lang='lat' dir='ltr'><strong><em>vel</em></strong></span> <span class='ocrx_word' id='word_1_60' title='bbox 1524 1072 1738 1139; x_wconf 91' lang='lat' dir='ltr'><strong><em>septimi</em></strong></span> <span class='ocrx_word' id='word_1_61' title='bbox 1788 1073 1968 1127; x_wconf 54' lang='grc' dir='ltr'><strong><em>δεξιουιί</em></strong></span> <span class='ocrx_word' id='word_1_62' title='bbox 2010 1088 2131 1128; x_wconf 90' lang='lat' dir='ltr'><strong><em>esse</em></strong></span> 
     </span>
    </p>
   </div>
   <div class='ocr_carea' id='block_1_11' title="bbox 561 1159 2129 1232">
    <p class='ocr_par' dir='ltr' id='par_1_11' title="bbox 561 1159 2129 1232">
     <span class='ocr_line' id='line_1_11' title="bbox 561 1159 2129 1232; baseline 0 -16"><span class='ocrx_word' id='word_1_63' title='bbox 561 1169 807 1232; x_wconf 91' lang='lat' dir='ltr'><strong><em>putatur,</em></strong></span> <span class='ocrx_word' id='word_1_64' title='bbox 835 1161 902 1215; x_wconf 91' lang='lat' dir='ltr'><strong><em>ad</em></strong></span> <span class='ocrx_word' id='word_1_65' title='bbox 945 1160 1158 1229; x_wconf 86' lang='lat' dir='ltr'><strong><em>singula</em></strong></span> <span class='ocrx_word' id='word_1_66' title='bbox 1188 1159 1298 1215; x_wconf 92' lang='lat' dir='ltr'><strong><em>fere</em></strong></span> <span class='ocrx_word' id='word_1_67' title='bbox 1340 1161 1562 1215; x_wconf 89' lang='lat' dir='ltr'><strong><em>nomina</em></strong></span> <span class='ocrx_word' id='word_1_68' title='bbox 1604 1161 1821 1230; x_wconf 90' lang='lat' dir='ltr'><strong><em>propria</em></strong></span> <span class='ocrx_word' id='word_1_69' title='bbox 1864 1162 2129 1229; x_wconf 85' lang='lat' dir='ltr'><strong><em>ejusmodi</em></strong></span> 
     </span>
    </p>
   </div>
   <div class='ocr_carea' id='block_1_12' title="bbox 561 1252 2131 1324">
    <p class='ocr_par' dir='ltr' id='par_1_12' title="bbox 561 1252 2131 1324">
     <span class='ocr_line' id='line_1_12' title="bbox 561 1252 2131 1324; baseline 0 -15"><span class='ocrx_word' id='word_1_70' title='bbox 561 1255 785 1318; x_wconf 65' lang='lat' dir='ltr'><strong><em>notulm,</em></strong></span> <span class='ocrx_word' id='word_1_71' title='bbox 814 1253 920 1307; x_wconf 86' lang='lat' dir='ltr'><strong><em>vim</em></strong></span> <span class='ocrx_word' id='word_1_72' title='bbox 946 1262 1000 1307; x_wconf 92' lang='lat' dir='ltr'><strong><em>et</em></strong></span> <span class='ocrx_word' id='word_1_73' title='bbox 1028 1253 1407 1324; x_wconf 84' lang='lat' dir='ltr'><strong><em>etymologiam</em></strong></span> <span class='ocrx_word' id='word_1_74' title='bbox 1441 1252 1678 1308; x_wconf 90' lang='lat' dir='ltr'><strong><em>nominis</em></strong></span> <span class='ocrx_word' id='word_1_75' title='bbox 1705 1253 2026 1317; x_wconf 88' lang='lat' dir='ltr'><strong><em>indicantes,</em></strong></span> <span class='ocrx_word' id='word_1_76' title='bbox 2047 1270 2131 1310; x_wconf 82' lang='lat' dir='ltr'><strong><em>re-</em></strong></span> 
     </span>
    </p>
   </div>
   <div class='ocr_carea' id='block_1_13' title="bbox 562 1343 2128 1418">
    <p class='ocr_par' dir='ltr' id='par_1_13' title="bbox 562 1343 2128 1418">
     <span class='ocr_line' id='line_1_13' title="bbox 562 1343 2128 1418; baseline -0.001 -18"><span class='ocrx_word' id='word_1_77' title='bbox 562 1346 880 1418; x_wconf 56' lang='lat' dir='ltr'><strong><em>periuruur;</em></strong></span> <span class='ocrx_word' id='word_1_78' title='bbox 920 1344 1068 1398; x_wconf 88' lang='lat' dir='ltr'><strong><em>verbi</em></strong></span> <span class='ocrx_word' id='word_1_79' title='bbox 1099 1345 1292 1414; x_wconf 85' lang='lat' dir='ltr'><strong><em>gratia,</em></strong></span> <span class='ocrx_word' id='word_1_80' title='bbox 1333 1345 1465 1414; x_wconf 82' lang='grc' dir='ltr'>ὲδὲμ</span> <span class='ocrx_word' id='word_1_81' title='bbox 1487 1361 1500 1374; x_wconf 74' lang='grc' dir='ltr'><strong><em>ο</em></strong></span> <span class='ocrx_word' id='word_1_82' title='bbox 1534 1345 1587 1397; x_wconf 92' lang='lat' dir='ltr'><strong><em>in</em></strong></span> <span class='ocrx_word' id='word_1_83' title='bbox 1619 1361 1814 1414; x_wconf 86' lang='lat' dir='ltr'><strong><em>marg.,</em></strong></span> <span class='ocrx_word' id='word_1_84' title='bbox 1844 1343 2068 1416; x_wconf 72' lang='grc' dir='ltr'><strong><em>αἴμασις</em></strong></span> <span class='ocrx_word' id='word_1_85' title='bbox 2095 1346 2128 1417; x_wconf 85' lang='grc' dir='ltr'>ἢ</span> 
     </span>
    </p>
   </div>
   <div class='ocr_carea' id='block_1_14' title="bbox 561 1434 2130 1509">
    <p class='ocr_par' dir='ltr' id='par_1_14' title="bbox 561 1434 2130 1509">
     <span class='ocr_line' id='line_1_14' title="bbox 561 1434 2130 1509; baseline 0.001 -19"><span class='ocrx_word' id='word_1_86' title='bbox 561 1437 764 1509; x_wconf 77' lang='grc' dir='ltr'><strong><em>τρυφὴ,</em></strong></span> <span class='ocrx_word' id='word_1_87' title='bbox 789 1447 991 1505; x_wconf 85' lang='lat' dir='ltr'><strong><em>septum</em></strong></span> <span class='ocrx_word' id='word_1_88' title='bbox 1022 1445 1114 1487; x_wconf 90' lang='lat' dir='ltr'><strong><em>aut</em></strong></span> <span class='ocrx_word' id='word_1_89' title='bbox 1136 1435 1372 1504; x_wconf 80' lang='lat' dir='ltr'><strong><em>voluptas</em></strong></span> <span class='ocrx_word' id='word_1_90' title='bbox 1394 1455 1407 1501; x_wconf 94' lang='lat'><strong>;</strong></span> <span class='ocrx_word' id='word_1_91' title='bbox 1433 1434 1633 1498; x_wconf 83' lang='grc' dir='ltr'><strong><em>Φισὼν,</em></strong></span> <span class='ocrx_word' id='word_1_92' title='bbox 1661 1438 1833 1508; x_wconf 82' lang='grc' dir='ltr'><strong>στόμα</strong></span> <span class='ocrx_word' id='word_1_93' title='bbox 1859 1437 2044 1508; x_wconf 84' lang='grc' dir='ltr'><strong><em>κόρης,</em></strong></span> <span class='ocrx_word' id='word_1_94' title='bbox 2073 1453 2130 1491; x_wconf 82' lang='lat' dir='ltr'><strong><em>os</em></strong></span> 
     </span>
    </p>
   </div>
   <div class='ocr_carea' id='block_1_15' title="bbox 562 1525 2128 1598">
    <p class='ocr_par' dir='ltr' id='par_1_15' title="bbox 562 1525 2128 1598">
     <span class='ocr_line' id='line_1_15' title="bbox 562 1525 2128 1598; baseline 0.001 -19"><span class='ocrx_word' id='word_1_95' title='bbox 562 1527 784 1596; x_wconf 67' lang='lat' dir='ltr'><strong><em>puellae;</em></strong></span> <span class='ocrx_word' id='word_1_96' title='bbox 811 1526 1030 1588; x_wconf 80' lang='grc' dir='ltr'><strong><em>Εὑιλὰτ,</em></strong></span> <span class='ocrx_word' id='word_1_97' title='bbox 1057 1526 1336 1596; x_wconf 77' lang='grc' dir='ltr'><strong><em>ὠδίνησεν,</em></strong></span> <span class='ocrx_word' id='word_1_98' title='bbox 1365 1527 1688 1592; x_wconf 78' lang='lat' dir='ltr'><strong><em>parturivit;</em></strong></span> <span class='ocrx_word' id='word_1_99' title='bbox 1716 1525 1887 1598; x_wconf 87' lang='grc' dir='ltr'><strong><em>Γηὼν,</em></strong></span> <span class='ocrx_word' id='word_1_100' title='bbox 1916 1527 2128 1597; x_wconf 77' lang='grc' dir='ltr'><strong><em>στῆθος,</em></strong></span> 
     </span>
    </p>
   </div>
   <div class='ocr_carea' id='block_1_16' title="bbox 562 1619 2128 1693">
    <p class='ocr_par' dir='ltr' id='par_1_16' title="bbox 562 1619 2128 1693">
     <span class='ocr_line' id='line_1_16' title="bbox 562 1619 2128 1693; baseline 0.001 -21"><span class='ocrx_word' id='word_1_101' title='bbox 562 1630 780 1689; x_wconf 82' lang='lat' dir='ltr'><strong><em>pectus;</em></strong></span> <span class='ocrx_word' id='word_1_102' title='bbox 829 1619 1104 1681; x_wconf 77' lang='grc' dir='ltr'>Αἰθιοπία,</span> <span class='ocrx_word' id='word_1_103' title='bbox 1152 1619 1434 1682; x_wconf 84' lang='grc' dir='ltr'><strong><em>σκότωσις,</em></strong></span> <span class='ocrx_word' id='word_1_104' title='bbox 1480 1619 1872 1684; x_wconf 85' lang='lat' dir='ltr'><strong><em>obtenebratio;</em></strong></span> <span class='ocrx_word' id='word_1_105' title='bbox 1919 1622 2128 1693; x_wconf 81' lang='grc' dir='ltr'>Τίγρις,</span> 
     </span>
    </p>
   </div>
   <div class='ocr_carea' id='block_1_17' title="bbox 563 1711 2132 1784">
    <p class='ocr_par' dir='ltr' id='par_1_17' title="bbox 563 1711 2132 1784">
     <span class='ocr_line' id='line_1_17' title="bbox 563 1711 2132 1784; baseline 0.001 -18"><span class='ocrx_word' id='word_1_106' title='bbox 563 1713 786 1784; x_wconf 79' lang='grc' dir='ltr'><strong><em>ἁρπαγὴ</em></strong></span> <span class='ocrx_word' id='word_1_107' title='bbox 819 1713 851 1783; x_wconf 84' lang='grc' dir='ltr'>ἢ</span> <span class='ocrx_word' id='word_1_108' title='bbox 889 1711 1235 1776; x_wconf 80' lang='grc' dir='ltr'><strong><em>ταπείνωσις,</em></strong></span> <span class='ocrx_word' id='word_1_109' title='bbox 1284 1713 1473 1780; x_wconf 85' lang='lat' dir='ltr'><strong><em>rapina</em></strong></span> <span class='ocrx_word' id='word_1_110' title='bbox 1521 1723 1614 1766; x_wconf 87' lang='lat' dir='ltr'><strong><em>aut</em></strong></span> <span class='ocrx_word' id='word_1_111' title='bbox 1663 1713 1998 1775; x_wconf 83' lang='lat' dir='ltr'><strong><em>Itumiliatio;</em></strong></span> <span class='ocrx_word' id='word_1_112' title='bbox 2029 1714 2132 1767; x_wconf 81' lang='grc' dir='ltr'><strong><em>Εὑ-</em></strong></span> 
     </span>
    </p>
   </div>
   <div class='ocr_carea' id='block_1_18' title="bbox 2748 432 3800 500">
    <p class='ocr_par' dir='ltr' id='par_1_18' title="bbox 2748 432 3800 500">
     <span class='ocr_line' id='line_1_18' title="bbox 2748 432 3800 500; baseline 0.011 -18"><span class='ocrx_word' id='word_1_113' title='bbox 2748 448 2760 481; x_wconf 85' lang='grc'>;</span> <span class='ocrx_word' id='word_1_114' title='bbox 2815 445 3126 500; x_wconf 83' lang='lat' dir='ltr'><strong>quanquam</strong></span> <span class='ocrx_word' id='word_1_115' title='bbox 3182 432 3237 487; x_wconf 87' lang='lat' dir='ltr'><strong><em>id</em></strong></span> <span class='ocrx_word' id='word_1_116' title='bbox 3293 434 3519 490; x_wconf 89' lang='lat' dir='ltr'><strong><em>minime</em></strong></span> <span class='ocrx_word' id='word_1_117' title='bbox 3569 447 3800 494; x_wconf 83' lang='lat' dir='ltr'><strong><em>constet.</em></strong></span> 
     </span>
    </p>
   </div>
   <div class='ocr_carea' id='block_1_19' title="bbox 2235 516 3801 587">
    <p class='ocr_par' dir='ltr' id='par_1_19' title="bbox 2235 516 3801 587">
     <span class='ocr_line' id='line_1_19' title="bbox 2235 516 3801 587; baseline 0.008 -17"><span class='ocrx_word' id='word_1_118' title='bbox 2235 516 2361 572; x_wconf 64' lang='lat' dir='ltr'><strong><em>Haec</em></strong></span> <span class='ocrx_word' id='word_1_119' title='bbox 2389 520 2584 587; x_wconf 87' lang='lat' dir='ltr'><strong><em>quippe</em></strong></span> <span class='ocrx_word' id='word_1_120' title='bbox 2618 518 2793 573; x_wconf 90' lang='lat' dir='ltr'><strong><em>solum</em></strong></span> <span class='ocrx_word' id='word_1_121' title='bbox 2826 519 3120 575; x_wconf 87' lang='lat' dir='ltr'><strong><em>divinando</em></strong></span> <span class='ocrx_word' id='word_1_122' title='bbox 3145 521 3378 579; x_wconf 88' lang='lat' dir='ltr'><strong><em>dicimus</em></strong></span> <span class='ocrx_word' id='word_1_123' title='bbox 3409 542 3422 579; x_wconf 89' lang='lat'>:</span> <span class='ocrx_word' id='word_1_124' title='bbox 3458 525 3633 581; x_wconf 86' lang='lat' dir='ltr'><strong><em>donec</em></strong></span> <span class='ocrx_word' id='word_1_125' title='bbox 3656 529 3801 582; x_wconf 91' lang='lat' dir='ltr'><strong><em>enim</em></strong></span> 
     </span>
    </p>
   </div>
   <div class='ocr_carea' id='block_1_20' title="bbox 2238 607 3801 688">
    <p class='ocr_par' dir='ltr' id='par_1_20' title="bbox 2238 607 3801 688">
     <span class='ocr_line' id='line_1_20' title="bbox 2238 607 3801 688; baseline 0.009 -28"><span class='ocrx_word' id='word_1_126' title='bbox 2238 607 2421 676; x_wconf 86' lang='lat' dir='ltr'><strong><em>aliqua</em></strong></span> <span class='ocrx_word' id='word_1_127' title='bbox 2449 607 2532 661; x_wconf 90' lang='lat' dir='ltr'><strong><em>vel</em></strong></span> <span class='ocrx_word' id='word_1_128' title='bbox 2555 607 2762 662; x_wconf 89' lang='lat' dir='ltr'><strong><em>tantilla</em></strong></span> <span class='ocrx_word' id='word_1_129' title='bbox 2789 623 2914 678; x_wconf 89' lang='lat' dir='ltr'><strong><em>pars</em></strong></span> <span class='ocrx_word' id='word_1_130' title='bbox 2936 608 3318 679; x_wconf 54' lang='lat' dir='ltr'><strong><em>l&#39;lexaplorum,</em></strong></span> <span class='ocrx_word' id='word_1_131' title='bbox 3341 624 3402 668; x_wconf 91' lang='lat' dir='ltr'><strong><em>ut</em></strong></span> <span class='ocrx_word' id='word_1_132' title='bbox 3423 615 3578 670; x_wconf 91' lang='lat' dir='ltr'><strong><em>initio</em></strong></span> <span class='ocrx_word' id='word_1_133' title='bbox 3601 618 3801 688; x_wconf 82' lang='lat' dir='ltr'><strong><em>scripta</em></strong></span> 
     </span>
    </p>
   </div>
   <div class='ocr_carea' id='block_1_21' title="bbox 2236 696 3779 778">
    <p class='ocr_par' dir='ltr' id='par_1_21' title="bbox 2236 696 3779 778">
     <span class='ocr_line' id='line_1_21' title="bbox 2236 696 3779 778; baseline 0.009 -28"><span class='ocrx_word' id='word_1_134' title='bbox 2236 696 2478 764; x_wconf 90' lang='lat' dir='ltr'><strong><em>fuerunt,</em></strong></span> <span class='ocrx_word' id='word_1_135' title='bbox 2506 712 2536 751; x_wconf 88' lang='grc' dir='ltr'><strong><em>ε</em></strong></span> <span class='ocrx_word' id='word_1_136' title='bbox 2569 699 2804 755; x_wconf 88' lang='lat' dir='ltr'><strong><em>tenebris</em></strong></span> <span class='ocrx_word' id='word_1_137' title='bbox 2839 701 3138 767; x_wconf 88' lang='lat' dir='ltr'><strong><em>emerserit,</em></strong></span> <span class='ocrx_word' id='word_1_138' title='bbox 3171 711 3232 755; x_wconf 91' lang='lat' dir='ltr'><strong><em>ut</em></strong></span> <span class='ocrx_word' id='word_1_139' title='bbox 3257 702 3371 771; x_wconf 90' lang='lat' dir='ltr'><strong><em>jam</em></strong></span> <span class='ocrx_word' id='word_1_140' title='bbox 3403 705 3664 774; x_wconf 83' lang='lat' dir='ltr'><strong><em>diximus,</em></strong></span> <span class='ocrx_word' id='word_1_141' title='bbox 3692 709 3779 778; x_wconf 90' lang='lat' dir='ltr'><strong><em>ple</em></strong></span> 
     </span>
    </p>
   </div>
   <div class='ocr_carea' id='block_1_22' title="bbox 2235 789 3805 869">
    <p class='ocr_par' dir='ltr' id='par_1_22' title="bbox 2235 789 3805 869">
     <span class='ocr_line' id='line_1_22' title="bbox 2235 789 3805 869; baseline 0.009 -27"><span class='ocrx_word' id='word_1_142' title='bbox 2235 805 2360 842; x_wconf 88' lang='lat' dir='ltr'><strong><em>nam</em></strong></span> <span class='ocrx_word' id='word_1_143' title='bbox 2389 789 2790 862; x_wconf 83' lang='lat' dir='ltr'><strong><em>perfectamque</em></strong></span> <span class='ocrx_word' id='word_1_144' title='bbox 2821 793 3038 849; x_wconf 91' lang='lat' dir='ltr'><strong><em>illorum</em></strong></span> <span class='ocrx_word' id='word_1_145' title='bbox 3088 797 3338 851; x_wconf 87' lang='lat' dir='ltr'><strong><em>notitiam</em></strong></span> <span class='ocrx_word' id='word_1_146' title='bbox 3383 799 3656 869; x_wconf 86' lang='lat' dir='ltr'><strong><em>expiscari</em></strong></span> <span class='ocrx_word' id='word_1_147' title='bbox 3694 816 3805 857; x_wconf 89' lang='lat' dir='ltr'><strong><em>non</em></strong></span> 
     </span>
    </p>
   </div>
   <div class='ocr_carea' id='block_1_23' title="bbox 2234 881 2558 937">
    <p class='ocr_par' dir='ltr' id='par_1_23' title="bbox 2234 881 2558 937">
     <span class='ocr_line' id='line_1_23' title="bbox 2234 881 2558 937; baseline 0.009 -3"><span class='ocrx_word' id='word_1_148' title='bbox 2234 881 2558 937; x_wconf 85' lang='lat' dir='ltr'><strong><em>valebimus.</em></strong></span> 
     </span>
    </p>
   </div>
   <div class='ocr_carea' id='block_1_24' title="bbox 2237 993 3806 1077">
    <p class='ocr_par' dir='ltr' id='par_1_24' title="bbox 2237 993 3806 1077">
     <span class='ocr_line' id='line_1_24' title="bbox 2237 993 3806 1077; baseline 0.009 -29"><span class='ocrx_word' id='word_1_149' title='bbox 2237 993 2330 1049; x_wconf 86' lang='lat' dir='ltr'><strong><em>1X.</em></strong></span> <span class='ocrx_word' id='word_1_150' title='bbox 2397 994 2586 1049; x_wconf 85' lang='lat' dir='ltr'><strong><em>Utrum</em></strong></span> <span class='ocrx_word' id='word_1_151' title='bbox 2642 997 2882 1077; x_wconf 73' lang='lat' dir='ltr'><strong><em>Origenis</em></strong></span> <span class='ocrx_word' id='word_1_152' title='bbox 2933 1000 3541 1077; x_wconf 37' lang='lat' dir='ltr'><strong><em>tempore‘Sarnaritani</em></strong></span> <span class='ocrx_word' id='word_1_153' title='bbox 3579 1015 3632 1060; x_wconf 88' lang='lat' dir='ltr'><strong><em>et</em></strong></span> <span class='ocrx_word' id='word_1_154' title='bbox 3679 1003 3806 1077; x_wconf 84' lang='lat' dir='ltr'><strong><em>Syri</em></strong></span> 
     </span>
    </p>
   </div>
   <div class='ocr_carea' id='block_1_25' title="bbox 2659 1068 3387 1141">
    <p class='ocr_par' dir='ltr' id='par_1_25' title="bbox 2659 1068 3387 1141">
     <span class='ocr_line' id='line_1_25' title="bbox 2659 1068 3387 1141; baseline 0.008 -20"><span class='ocrx_word' id='word_1_155' title='bbox 2659 1068 2855 1123; x_wconf 72' lang='lat' dir='ltr'><strong><em>Grazcw</em></strong></span> <span class='ocrx_word' id='word_1_156' title='bbox 2884 1068 3139 1124; x_wconf 84' lang='lat' dir='ltr'><strong><em>versioues</em></strong></span> <span class='ocrx_word' id='word_1_157' title='bbox 3169 1071 3387 1141; x_wconf 84' lang='lat' dir='ltr'><strong><em>fuerint.</em></strong></span> 
     </span>
    </p>
   </div>
   <div class='ocr_carea' id='block_1_26' title="bbox 2305 1155 3804 1236">
    <p class='ocr_par' dir='ltr' id='par_1_26' title="bbox 2305 1155 3804 1236">
     <span class='ocr_line' id='line_1_26' title="bbox 2305 1155 3804 1236; baseline 0.009 -25"><span class='ocrx_word' id='word_1_158' title='bbox 2305 1155 2576 1223; x_wconf 77' lang='lat' dir='ltr'><strong><em>Quaeritur</em></strong></span> <span class='ocrx_word' id='word_1_159' title='bbox 2605 1175 2734 1214; x_wconf 87' lang='lat' dir='ltr'><strong><em>num</em></strong></span> <span class='ocrx_word' id='word_1_160' title='bbox 2780 1161 3062 1234; x_wconf 83' lang='lat' dir='ltr'><strong><em>Origenes,</em></strong></span> <span class='ocrx_word' id='word_1_161' title='bbox 3106 1165 3190 1220; x_wconf 91' lang='lat' dir='ltr'><strong><em>vel</em></strong></span> <span class='ocrx_word' id='word_1_162' title='bbox 3223 1166 3268 1220; x_wconf 93' lang='lat' dir='ltr'><strong><em>si</em></strong></span> <span class='ocrx_word' id='word_1_163' title='bbox 3297 1166 3391 1236; x_wconf 89' lang='lat' dir='ltr'><strong><em>qui</em></strong></span> <span class='ocrx_word' id='word_1_164' title='bbox 3425 1168 3512 1221; x_wconf 90' lang='lat' dir='ltr'><strong><em>alii</em></strong></span> <span class='ocrx_word' id='word_1_165' title='bbox 3545 1168 3599 1222; x_wconf 91' lang='lat' dir='ltr'><strong><em>in</em></strong></span> <span class='ocrx_word' id='word_1_166' title='bbox 3639 1167 3804 1224; x_wconf 80' lang='lat' dir='ltr'><strong><em>Com-</em></strong></span> 
     </span>
    </p>
   </div>
   <div class='ocr_carea' id='block_1_27' title="bbox 2237 1249 3804 1329">
    <p class='ocr_par' dir='ltr' id='par_1_27' title="bbox 2237 1249 3804 1329">
     <span class='ocr_line' id='line_1_27' title="bbox 2237 1249 3804 1329; baseline 0.007 -28"><span class='ocrx_word' id='word_1_167' title='bbox 2237 1250 2519 1306; x_wconf 89' lang='lat' dir='ltr'><strong><em>mentariis</em></strong></span> <span class='ocrx_word' id='word_1_168' title='bbox 2548 1249 2602 1305; x_wconf 91' lang='lat' dir='ltr'><strong><em>in</em></strong></span> <span class='ocrx_word' id='word_1_169' title='bbox 2637 1251 2973 1323; x_wconf 91' lang='lat' dir='ltr'><strong><em>Scripturam</em></strong></span> <span class='ocrx_word' id='word_1_170' title='bbox 3004 1253 3334 1310; x_wconf 88' lang='lat' dir='ltr'><strong><em>Samaritani</em></strong></span> <span class='ocrx_word' id='word_1_171' title='bbox 3379 1266 3434 1311; x_wconf 91' lang='lat' dir='ltr'><strong><em>et</em></strong></span> <span class='ocrx_word' id='word_1_172' title='bbox 3465 1257 3586 1329; x_wconf 87' lang='lat' dir='ltr'><strong><em>Syri</em></strong></span> <span class='ocrx_word' id='word_1_173' title='bbox 3615 1258 3804 1313; x_wconf 50' lang='lat' dir='ltr'><strong><em>lectio‘</em></strong></span> 
     </span>
    </p>
   </div>
   <div class='ocr_carea' id='block_1_28' title="bbox 2237 1342 3804 1418">
    <p class='ocr_par' dir='ltr' id='par_1_28' title="bbox 2237 1342 3804 1418">
     <span class='ocr_line' id='line_1_28' title="bbox 2237 1342 3804 1418; baseline 0.005 -24"><span class='ocrx_word' id='word_1_174' title='bbox 2237 1356 2334 1396; x_wconf 92' lang='lat' dir='ltr'><strong><em>nes</em></strong></span> <span class='ocrx_word' id='word_1_175' title='bbox 2364 1342 2547 1400; x_wconf 46' lang='lat' dir='ltr'><strong><em>Graece</em></strong></span> <span class='ocrx_word' id='word_1_176' title='bbox 2577 1346 2963 1412; x_wconf 83' lang='lat' dir='ltr'><strong><em>adhibuerunt,</em></strong></span> <span class='ocrx_word' id='word_1_177' title='bbox 2994 1362 3088 1401; x_wconf 90' lang='lat' dir='ltr'><strong><em>eas</em></strong></span> <span class='ocrx_word' id='word_1_178' title='bbox 3119 1362 3184 1401; x_wconf 84' lang='lat' dir='ltr'><strong><em>ex</em></strong></span> <span class='ocrx_word' id='word_1_179' title='bbox 3213 1346 3554 1402; x_wconf 78' lang='lat' dir='ltr'><strong><em>Samaritana</em></strong></span> <span class='ocrx_word' id='word_1_180' title='bbox 3584 1358 3638 1402; x_wconf 88' lang='lat' dir='ltr'><strong><em>et</em></strong></span> <span class='ocrx_word' id='word_1_181' title='bbox 3666 1347 3804 1418; x_wconf 87' lang='lat' dir='ltr'><strong><em>Syra</em></strong></span> 
     </span>
    </p>
   </div>
   <div class='ocr_carea' id='block_1_29' title="bbox 2235 1437 3803 1511">
    <p class='ocr_par' dir='ltr' id='par_1_29' title="bbox 2235 1437 3803 1511">
     <span class='ocr_line' id='line_1_29' title="bbox 2235 1437 3803 1511; baseline 0.003 -22"><span class='ocrx_word' id='word_1_182' title='bbox 2235 1437 2506 1502; x_wconf 86' lang='lat' dir='ltr'><strong><em>versione,</em></strong></span> <span class='ocrx_word' id='word_1_183' title='bbox 2541 1438 2635 1492; x_wconf 91' lang='lat' dir='ltr'><strong><em>ubi</em></strong></span> <span class='ocrx_word' id='word_1_184' title='bbox 2679 1454 2817 1509; x_wconf 90' lang='lat' dir='ltr'><strong><em>opus</em></strong></span> <span class='ocrx_word' id='word_1_185' title='bbox 2849 1440 2950 1494; x_wconf 88' lang='lat' dir='ltr'><strong><em>fuit</em></strong></span> <span class='ocrx_word' id='word_1_186' title='bbox 2981 1441 3169 1495; x_wconf 71' lang='lat' dir='ltr'><strong><em>Grtcce</em></strong></span> <span class='ocrx_word' id='word_1_187' title='bbox 3199 1442 3602 1511; x_wconf 80' lang='lat' dir='ltr'><strong><em>expresserim;</em></strong></span> <span class='ocrx_word' id='word_1_188' title='bbox 3635 1457 3704 1496; x_wconf 90' lang='lat' dir='ltr'><strong><em>an</em></strong></span> <span class='ocrx_word' id='word_1_189' title='bbox 3735 1457 3803 1495; x_wconf 79' lang='lat' dir='ltr'><strong><em>ex</em></strong></span> 
     </span>
    </p>
   </div>
   <div class='ocr_carea' id='block_1_30' title="bbox 2239 1528 3806 1604">
    <p class='ocr_par' dir='ltr' id='par_1_30' title="bbox 2239 1528 3806 1604">
     <span class='ocr_line' id='line_1_30' title="bbox 2239 1528 3806 1604; baseline 0.006 -23"><span class='ocrx_word' id='word_1_190' title='bbox 2239 1528 2419 1598; x_wconf 90' lang='lat' dir='ltr'><strong><em>aliqua</em></strong></span> <span class='ocrx_word' id='word_1_191' title='bbox 2452 1528 2781 1584; x_wconf 87' lang='lat' dir='ltr'><strong><em>Samaritani</em></strong></span> <span class='ocrx_word' id='word_1_192' title='bbox 2810 1541 2863 1586; x_wconf 93' lang='lat' dir='ltr'><strong><em>et</em></strong></span> <span class='ocrx_word' id='word_1_193' title='bbox 2894 1531 3012 1604; x_wconf 90' lang='lat' dir='ltr'><strong><em>Syri</em></strong></span> <span class='ocrx_word' id='word_1_194' title='bbox 3043 1533 3229 1588; x_wconf 63' lang='lat' dir='ltr'><strong><em>Graeca</em></strong></span> <span class='ocrx_word' id='word_1_195' title='bbox 3255 1535 3626 1600; x_wconf 81' lang='lat' dir='ltr'><strong><em>translatione,</em></strong></span> <span class='ocrx_word' id='word_1_196' title='bbox 3652 1537 3806 1604; x_wconf 85' lang='lat' dir='ltr'><strong><em>prius</em></strong></span> 
     </span>
    </p>
   </div>
   <div class='ocr_carea' id='block_1_31' title="bbox 2237 1620 3802 1686">
    <p class='ocr_par' dir='ltr' id='par_1_31' title="bbox 2237 1620 3802 1686">
     <span class='ocr_line' id='line_1_31' title="bbox 2237 1620 3802 1686; baseline 0.002 -12"><span class='ocrx_word' id='word_1_197' title='bbox 2237 1620 2520 1686; x_wconf 89' lang='lat' dir='ltr'><strong><em>adornata,</em></strong></span> <span class='ocrx_word' id='word_1_198' title='bbox 2577 1625 2807 1679; x_wconf 87' lang='lat' dir='ltr'><strong><em>mutuati</em></strong></span> <span class='ocrx_word' id='word_1_199' title='bbox 2855 1625 2981 1680; x_wconf 89' lang='lat' dir='ltr'><strong><em>sint.</em></strong></span> <span class='ocrx_word' id='word_1_200' title='bbox 3035 1625 3274 1680; x_wconf 68' lang='lat' dir='ltr'><strong><em>Graecam</em></strong></span> <span class='ocrx_word' id='word_1_201' title='bbox 3330 1625 3802 1680; x_wconf 86' lang='lat' dir='ltr'><strong><em>Samaritanorum</em></strong></span> 
     </span>
    </p>
   </div>
   <div class='ocr_carea' id='block_1_32' title="bbox 2237 1712 3807 1788">
    <p class='ocr_par' dir='ltr' id='par_1_32' title="bbox 2237 1712 3807 1788">
     <span class='ocr_line' id='line_1_32' title="bbox 2237 1712 3807 1788; baseline 0.004 -24"><span class='ocrx_word' id='word_1_202' title='bbox 2237 1712 2538 1768; x_wconf 81' lang='lat' dir='ltr'><strong><em>versionem</em></strong></span> <span class='ocrx_word' id='word_1_203' title='bbox 2574 1714 2742 1770; x_wconf 90' lang='lat' dir='ltr'><strong><em>fuisse</em></strong></span> <span class='ocrx_word' id='word_1_204' title='bbox 2773 1716 2953 1769; x_wconf 85' lang='lat' dir='ltr'><strong><em>innuit</em></strong></span> <span class='ocrx_word' id='word_1_205' title='bbox 2987 1715 3344 1785; x_wconf 87' lang='lat' dir='ltr'><strong><em>Epiphanius,</em></strong></span> <span class='ocrx_word' id='word_1_206' title='bbox 3382 1732 3504 1770; x_wconf 90' lang='lat' dir='ltr'><strong><em>cum</em></strong></span> <span class='ocrx_word' id='word_1_207' title='bbox 3536 1717 3613 1769; x_wconf 89' lang='lat' dir='ltr'><strong><em>ait</em></strong></span> <span class='ocrx_word' id='word_1_208' title='bbox 3644 1715 3807 1788; x_wconf 87' lang='lat' dir='ltr'><strong><em>Sym-</em></strong></span> 
     </span>
    </p>
   </div>
   <div class='ocr_carea' id='block_1_33' title="bbox 564 1803 2130 1876">
    <p class='ocr_par' dir='ltr' id='par_1_33' title="bbox 564 1803 2130 1876">
     <span class='ocr_line' id='line_1_33' title="bbox 564 1803 2130 1876; baseline 0.001 -20"><span class='ocrx_word' id='word_1_209' title='bbox 564 1805 796 1876; x_wconf 77' lang='grc' dir='ltr'><strong><em>φράτης,</em></strong></span> <span class='ocrx_word' id='word_1_210' title='bbox 830 1804 1155 1874; x_wconf 76' lang='grc' dir='ltr'><strong><em>ηὐξημένος,</em></strong></span> <span class='ocrx_word' id='word_1_211' title='bbox 1189 1813 1415 1867; x_wconf 83' lang='lat' dir='ltr'><strong><em>auctus;</em></strong></span> <span class='ocrx_word' id='word_1_212' title='bbox 1457 1803 1647 1873; x_wconf 79' lang='grc' dir='ltr'>Ἀδὰμ,</span> <span class='ocrx_word' id='word_1_213' title='bbox 1679 1805 1937 1876; x_wconf 79' lang='grc' dir='ltr'><strong><em>γηγενὴς,</em></strong></span> <span class='ocrx_word' id='word_1_214' title='bbox 1967 1805 1998 1875; x_wconf 84' lang='grc' dir='ltr'>ἢ</span> <span class='ocrx_word' id='word_1_215' title='bbox 2046 1804 2130 1858; x_wconf 82' lang='grc' dir='ltr'><strong><em>ἄν·</em></strong></span> 
     </span>
    </p>
   </div>
   <div class='ocr_carea' id='block_1_34' title="bbox 2231 1803 3807 1876">
    <p class='ocr_par' dir='ltr' id='par_1_34' title="bbox 2241 1803 3807 1873">
     <span class='ocr_line' id='line_1_34' title="bbox 2241 1803 3807 1873; baseline 0.001 -19"><span class='ocrx_word' id='word_1_216' title='bbox 2241 1803 2514 1868; x_wconf 90' lang='lat' dir='ltr'><strong><em>machum,</em></strong></span> <span class='ocrx_word' id='word_1_217' title='bbox 2546 1813 2606 1858; x_wconf 91' lang='lat' dir='ltr'><strong><em>ut</em></strong></span> <span class='ocrx_word' id='word_1_218' title='bbox 2635 1803 3099 1858; x_wconf 87' lang='lat' dir='ltr'><strong><em>Samaritanorum</em></strong></span> <span class='ocrx_word' id='word_1_219' title='bbox 3129 1805 3604 1873; x_wconf 88' lang='lat' dir='ltr'><strong><em>interpretationes</em></strong></span> <span class='ocrx_word' id='word_1_220' title='bbox 3645 1820 3667 1857; x_wconf 74' lang='grc' dir='ltr'><strong><em>ε</em></strong></span> <span class='ocrx_word' id='word_1_221' title='bbox 3688 1821 3807 1859; x_wconf 72' lang='lat' dir='ltr'><strong><em>ver—</em></strong></span> 
     </span>
    </p>
   </div>
   <div class='ocr_carea' id='block_1_35' title="bbox 565 1894 2138 1966">
    <p class='ocr_par' dir='ltr' id='par_1_35' title="bbox 565 1894 2138 1966">
     <span class='ocr_line' id='line_1_35' title="bbox 565 1894 2138 1966; baseline 0.001 -20"><span class='ocrx_word' id='word_1_222' title='bbox 565 1895 800 1966; x_wconf 80' lang='grc' dir='ltr'><strong><em>Θρωπος,</em></strong></span> <span class='ocrx_word' id='word_1_223' title='bbox 826 1896 859 1966; x_wconf 81' lang='grc' dir='ltr'>ἢ</span> <span class='ocrx_word' id='word_1_224' title='bbox 902 1894 1050 1965; x_wconf 78' lang='grc' dir='ltr'><strong><em>χοῦς,</em></strong></span> <span class='ocrx_word' id='word_1_225' title='bbox 1086 1897 1366 1964; x_wconf 88' lang='lat' dir='ltr'><strong><em>terrigena,</em></strong></span> <span class='ocrx_word' id='word_1_226' title='bbox 1395 1902 1488 1946; x_wconf 85' lang='lat' dir='ltr'><strong><em>aut</em></strong></span> <span class='ocrx_word' id='word_1_227' title='bbox 1533 1895 1707 1960; x_wconf 83' lang='lat' dir='ltr'><strong><em>homo,</em></strong></span> <span class='ocrx_word' id='word_1_228' title='bbox 1735 1904 1826 1948; x_wconf 89' lang='lat' dir='ltr'><strong><em>aut</em></strong></span> <span class='ocrx_word' id='word_1_229' title='bbox 1858 1895 2046 1965; x_wconf 82' lang='lat' dir='ltr'><strong><em>pulvis.</em></strong></span> <span class='ocrx_word' id='word_1_230' title='bbox 2073 1894 2138 1948; x_wconf 87' lang='lat' dir='ltr'><strong><em>Et</em></strong></span> 
     </span>
    </p>
   </div>
   <div class='ocr_carea' id='block_1_36' title="bbox 565 1987 2138 2056">
    <p class='ocr_par' dir='ltr' id='par_1_36' title="bbox 565 1987 2138 2056">
     <span class='ocr_line' id='line_1_36' title="bbox 565 1987 2138 2056; baseline -0.001 -15"><span class='ocrx_word' id='word_1_231' title='bbox 565 1987 770 2042; x_wconf 89' lang='lat' dir='ltr'><strong><em>similes</em></strong></span> <span class='ocrx_word' id='word_1_232' title='bbox 801 1987 938 2041; x_wconf 89' lang='lat' dir='ltr'><strong><em>bene</em></strong></span> <span class='ocrx_word' id='word_1_233' title='bbox 967 1988 1150 2041; x_wconf 69' lang='lat' dir='ltr'><strong><em>multa:</em></strong></span> <span class='ocrx_word' id='word_1_234' title='bbox 1177 2006 1189 2040; x_wconf 94' lang='lat'>:</span> <span class='ocrx_word' id='word_1_235' title='bbox 1215 2003 1446 2056; x_wconf 88' lang='lat' dir='ltr'><strong><em>quarum</em></strong></span> <span class='ocrx_word' id='word_1_236' title='bbox 1471 2002 1562 2040; x_wconf 89' lang='lat' dir='ltr'><strong><em>eas</em></strong></span> <span class='ocrx_word' id='word_1_237' title='bbox 1593 1988 1770 2041; x_wconf 88' lang='lat' dir='ltr'><strong><em>solum</em></strong></span> <span class='ocrx_word' id='word_1_238' title='bbox 1804 2002 1925 2056; x_wconf 62' lang='lat' dir='ltr'><strong><em>qum</em></strong></span> <span class='ocrx_word' id='word_1_239' title='bbox 1951 1988 2138 2042; x_wconf 87' lang='lat' dir='ltr'><strong><em>melio-</em></strong></span> 
     </span>
    </p>
   </div>
   <div class='ocr_carea' id='block_1_37' title="bbox 565 2077 2131 2147">
    <p class='ocr_par' dir='ltr' id='par_1_37' title="bbox 565 2077 2131 2147">
     <span class='ocr_line' id='line_1_37' title="bbox 565 2077 2131 2147; baseline 0.002 -18"><span class='ocrx_word' id='word_1_240' title='bbox 565 2077 642 2131; x_wconf 90' lang='lat' dir='ltr'><strong><em>ris</em></strong></span> <span class='ocrx_word' id='word_1_241' title='bbox 671 2087 811 2131; x_wconf 63' lang='lat' dir='ltr'><strong><em>notae</em></strong></span> <span class='ocrx_word' id='word_1_242' title='bbox 837 2079 965 2132; x_wconf 72' lang='lat' dir='ltr'><strong><em>visa:</em></strong></span> <span class='ocrx_word' id='word_1_243' title='bbox 999 2089 1126 2132; x_wconf 86' lang='lat' dir='ltr'><strong><em>sunt</em></strong></span> <span class='ocrx_word' id='word_1_244' title='bbox 1152 2079 1204 2131; x_wconf 91' lang='lat' dir='ltr'><strong><em>in</em></strong></span> <span class='ocrx_word' id='word_1_245' title='bbox 1235 2077 1468 2132; x_wconf 91' lang='lat' dir='ltr'><strong><em>decursu</em></strong></span> <span class='ocrx_word' id='word_1_246' title='bbox 1501 2080 1684 2147; x_wconf 91' lang='lat' dir='ltr'><strong><em>operis</em></strong></span> <span class='ocrx_word' id='word_1_247' title='bbox 1714 2079 2092 2133; x_wconf 87' lang='lat' dir='ltr'><strong><em>adnotavimus</em></strong></span> <span class='ocrx_word' id='word_1_248' title='bbox 2117 2098 2131 2146; x_wconf 91' lang='lat'><strong>;</strong></span> 
     </span>
    </p>
   </div>
   <div class='ocr_carea' id='block_1_38' title="bbox 565 2167 2132 2237">
    <p class='ocr_par' dir='ltr' id='par_1_38' title="bbox 565 2167 2132 2237">
     <span class='ocr_line' id='line_1_38' title="bbox 565 2167 2132 2237; baseline 0.001 -17"><span class='ocrx_word' id='word_1_249' title='bbox 565 2167 701 2222; x_wconf 89' lang='lat' dir='ltr'><strong><em>alias</em></strong></span> <span class='ocrx_word' id='word_1_250' title='bbox 723 2176 900 2221; x_wconf 90' lang='lat' dir='ltr'><strong><em>autem</em></strong></span> <span class='ocrx_word' id='word_1_251' title='bbox 933 2168 1081 2222; x_wconf 92' lang='lat' dir='ltr'><strong><em>nullo</em></strong></span> <span class='ocrx_word' id='word_1_252' title='bbox 1111 2167 1395 2237; x_wconf 89' lang='lat' dir='ltr'><strong><em>dispendio</em></strong></span> <span class='ocrx_word' id='word_1_253' title='bbox 1426 2167 1620 2237; x_wconf 82' lang='lat' dir='ltr'><strong><em>negligi</em></strong></span> <span class='ocrx_word' id='word_1_254' title='bbox 1653 2183 1813 2236; x_wconf 83' lang='lat' dir='ltr'><strong><em>posse</em></strong></span> <span class='ocrx_word' id='word_1_255' title='bbox 1843 2167 2132 2235; x_wconf 87' lang='lat' dir='ltr'><strong><em>duximus;</em></strong></span> 
     </span>
    </p>
   </div>
   <div class='ocr_carea' id='block_1_39' title="bbox 567 2257 2135 2330">
    <p class='ocr_par' dir='ltr' id='par_1_39' title="bbox 567 2257 2135 2330">
     <span class='ocr_line' id='line_1_39' title="bbox 567 2257 2135 2330; baseline 0 -18"><span class='ocrx_word' id='word_1_256' title='bbox 567 2269 680 2312; x_wconf 90' lang='lat' dir='ltr'><strong><em>tum</em></strong></span> <span class='ocrx_word' id='word_1_257' title='bbox 731 2261 857 2328; x_wconf 88' lang='lat' dir='ltr'><strong><em>quia</em></strong></span> <span class='ocrx_word' id='word_1_258' title='bbox 902 2275 1096 2330; x_wconf 87' lang='lat' dir='ltr'><strong><em>magna</em></strong></span> <span class='ocrx_word' id='word_1_259' title='bbox 1137 2275 1266 2329; x_wconf 90' lang='lat' dir='ltr'><strong><em>pars</em></strong></span> <span class='ocrx_word' id='word_1_260' title='bbox 1311 2274 1500 2313; x_wconf 89' lang='lat' dir='ltr'><strong><em>earum</em></strong></span> <span class='ocrx_word' id='word_1_261' title='bbox 1549 2259 1602 2312; x_wconf 91' lang='lat' dir='ltr'><strong><em>in</em></strong></span> <span class='ocrx_word' id='word_1_262' title='bbox 1651 2260 1790 2313; x_wconf 92' lang='lat' dir='ltr'><strong><em>libro</em></strong></span> <span class='ocrx_word' id='word_1_263' title='bbox 1848 2257 2135 2313; x_wconf 84' lang='lat' dir='ltr'><strong><em>Nominum</em></strong></span> 
     </span>
    </p>
   </div>
   <div class='ocr_carea' id='block_1_40' title="bbox 566 2348 2134 2421">
    <p class='ocr_par' dir='ltr' id='par_1_40' title="bbox 566 2348 2134 2421">
     <span class='ocr_line' id='line_1_40' title="bbox 566 2348 2134 2421; baseline 0.002 -20"><span class='ocrx_word' id='word_1_264' title='bbox 566 2348 957 2403; x_wconf 85' lang='lat' dir='ltr'><strong><em>Hebraicorum</em></strong></span> <span class='ocrx_word' id='word_1_265' title='bbox 985 2365 1117 2405; x_wconf 87' lang='lat' dir='ltr'><strong><em>cusa</em></strong></span> <span class='ocrx_word' id='word_1_266' title='bbox 1157 2361 1280 2416; x_wconf 88' lang='lat' dir='ltr'><strong><em>est;</em></strong></span> <span class='ocrx_word' id='word_1_267' title='bbox 1311 2359 1425 2403; x_wconf 90' lang='lat' dir='ltr'><strong><em>tum</em></strong></span> <span class='ocrx_word' id='word_1_268' title='bbox 1469 2353 1632 2404; x_wconf 89' lang='lat' dir='ltr'><strong><em>etiam</em></strong></span> <span class='ocrx_word' id='word_1_269' title='bbox 1660 2352 1789 2421; x_wconf 89' lang='lat' dir='ltr'><strong><em>quia</em></strong></span> <span class='ocrx_word' id='word_1_270' title='bbox 1820 2350 2134 2421; x_wconf 88' lang='lat' dir='ltr'><strong><em>hujusmodi</em></strong></span> 
     </span>
    </p>
   </div>
   <div class='ocr_carea' id='block_1_41' title="bbox 563 2443 2138 2514">
    <p class='ocr_par' dir='ltr' id='par_1_41' title="bbox 563 2443 2138 2514">
     <span class='ocr_line' id='line_1_41' title="bbox 563 2443 2138 2514; baseline 0.001 -18"><span class='ocrx_word' id='word_1_271' title='bbox 563 2445 908 2514; x_wconf 65' lang='lat' dir='ltr'><strong><em>etymologia:</em></strong></span> <span class='ocrx_word' id='word_1_272' title='bbox 960 2444 1281 2513; x_wconf 91' lang='lat' dir='ltr'><strong><em>plerumque</em></strong></span> <span class='ocrx_word' id='word_1_273' title='bbox 1328 2444 1493 2508; x_wconf 89' lang='lat' dir='ltr'><strong><em>leves,</em></strong></span> <span class='ocrx_word' id='word_1_274' title='bbox 1545 2443 1768 2498; x_wconf 61' lang='lat' dir='ltr'><strong><em>detorta:</em></strong></span> <span class='ocrx_word' id='word_1_275' title='bbox 1827 2445 2138 2512; x_wconf 87' lang='lat' dir='ltr'><strong><em>nulliusque</em></strong></span> 
     </span>
    </p>
   </div>
   <div class='ocr_carea' id='block_1_42' title="bbox 565 2535 2138 2606">
    <p class='ocr_par' dir='ltr' id='par_1_42' title="bbox 565 2535 2138 2606">
     <span class='ocr_line' id='line_1_42' title="bbox 565 2535 2138 2606; baseline 0.002 -18"><span class='ocrx_word' id='word_1_276' title='bbox 565 2535 721 2603; x_wconf 87' lang='lat' dir='ltr'><strong><em>pretii</em></strong></span> <span class='ocrx_word' id='word_1_277' title='bbox 756 2546 902 2591; x_wconf 92' lang='lat' dir='ltr'><strong><em>sunt.</em></strong></span> <span class='ocrx_word' id='word_1_278' title='bbox 935 2538 1179 2590; x_wconf 82' lang='lat' dir='ltr'><strong><em>Aliarum</em></strong></span> <span class='ocrx_word' id='word_1_279' title='bbox 1206 2550 1331 2589; x_wconf 89' lang='lat' dir='ltr'><strong><em>vero</em></strong></span> <span class='ocrx_word' id='word_1_280' title='bbox 1352 2536 1788 2602; x_wconf 88' lang='lat' dir='ltr'><strong><em>adnotationum,</em></strong></span> <span class='ocrx_word' id='word_1_281' title='bbox 1819 2551 1956 2606; x_wconf 87' lang='lat' dir='ltr'><strong><em>quas</em></strong></span> <span class='ocrx_word' id='word_1_282' title='bbox 1983 2537 2138 2591; x_wconf 91' lang='lat' dir='ltr'><strong><em>initio</em></strong></span> 
     </span>
    </p>
   </div>
   <div class='ocr_carea' id='block_1_43' title="bbox 564 2624 2138 2699">
    <p class='ocr_par' dir='ltr' id='par_1_43' title="bbox 564 2624 2138 2699">
     <span class='ocr_line' id='line_1_43' title="bbox 564 2624 2138 2699; baseline 0.002 -19"><span class='ocrx_word' id='word_1_283' title='bbox 564 2627 862 2681; x_wconf 87' lang='lat' dir='ltr'><strong><em>editionum</em></strong></span> <span class='ocrx_word' id='word_1_284' title='bbox 897 2629 1231 2699; x_wconf 88' lang='lat' dir='ltr'><strong><em>singularum</em></strong></span> <span class='ocrx_word' id='word_1_285' title='bbox 1273 2624 1558 2697; x_wconf 87' lang='lat' dir='ltr'><strong><em>Origenem</em></strong></span> <span class='ocrx_word' id='word_1_286' title='bbox 1603 2629 1852 2697; x_wconf 89' lang='lat' dir='ltr'><strong><em>posuisse</em></strong></span> <span class='ocrx_word' id='word_1_287' title='bbox 1895 2628 2138 2683; x_wconf 86' lang='lat' dir='ltr'><strong><em>subindi-</em></strong></span> 
     </span>
    </p>
   </div>
   <div class='ocr_carea' id='block_1_44' title="bbox 565 2720 2132 2794">
    <p class='ocr_par' dir='ltr' id='par_1_44' title="bbox 565 2720 2132 2794">
     <span class='ocr_line' id='line_1_44' title="bbox 565 2720 2132 2794; baseline 0.003 -19"><span class='ocrx_word' id='word_1_288' title='bbox 565 2730 654 2775; x_wconf 89' lang='lat' dir='ltr'><strong><em>cat</em></strong></span> <span class='ocrx_word' id='word_1_289' title='bbox 703 2720 1006 2788; x_wconf 84' lang='lat' dir='ltr'><strong><em>Eusebius,</em></strong></span> <span class='ocrx_word' id='word_1_290' title='bbox 1057 2722 1350 2776; x_wconf 89' lang='lat' dir='ltr'><strong><em>admodum</em></strong></span> <span class='ocrx_word' id='word_1_291' title='bbox 1396 2723 1725 2794; x_wconf 90' lang='lat' dir='ltr'><strong><em>deploranda</em></strong></span> <span class='ocrx_word' id='word_1_292' title='bbox 1773 2722 1987 2791; x_wconf 84' lang='lat' dir='ltr'><strong><em>jactura</em></strong></span> <span class='ocrx_word' id='word_1_293' title='bbox 2030 2732 2132 2780; x_wconf 90' lang='lat' dir='ltr'><strong><em>est.</em></strong></span> 
     </span>
    </p>
   </div>
   <div class='ocr_carea' id='block_1_45' title="bbox 563 2810 2136 2885">
    <p class='ocr_par' dir='ltr' id='par_1_45' title="bbox 563 2810 2136 2885">
     <span class='ocr_line' id='line_1_45' title="bbox 563 2810 2136 2885; baseline 0.003 -21"><span class='ocrx_word' id='word_1_294' title='bbox 563 2810 699 2866; x_wconf 88' lang='lat' dir='ltr'><strong><em>Nam</em></strong></span> <span class='ocrx_word' id='word_1_295' title='bbox 730 2813 802 2866; x_wconf 90' lang='lat' dir='ltr'><strong><em>ibi</em></strong></span> <span class='ocrx_word' id='word_1_296' title='bbox 826 2813 1084 2867; x_wconf 86' lang='lat' dir='ltr'><strong><em>editionis</em></strong></span> <span class='ocrx_word' id='word_1_297' title='bbox 1109 2813 1374 2881; x_wconf 79' lang='lat' dir='ltr'><strong><em>cujusque</em></strong></span> <span class='ocrx_word' id='word_1_298' title='bbox 1397 2815 1682 2869; x_wconf 83' lang='lat' dir='ltr'><strong><em>historiam</em></strong></span> <span class='ocrx_word' id='word_1_299' title='bbox 1708 2815 1918 2869; x_wconf 90' lang='lat' dir='ltr'><strong><em>texebat</em></strong></span> <span class='ocrx_word' id='word_1_300' title='bbox 1950 2825 2004 2869; x_wconf 86' lang='lat' dir='ltr'><strong><em>et</em></strong></span> <span class='ocrx_word' id='word_1_301' title='bbox 2027 2830 2136 2885; x_wconf 91' lang='lat' dir='ltr'><strong><em>quo</em></strong></span> 
     </span>
    </p>
   </div>
   <div class='ocr_carea' id='block_1_46' title="bbox 565 2899 2136 2968">
    <p class='ocr_par' dir='ltr' id='par_1_46' title="bbox 565 2899 2136 2968">
     <span class='ocr_line' id='line_1_46' title="bbox 565 2899 2136 2968; baseline 0.006 -17"><span class='ocrx_word' id='word_1_302' title='bbox 565 2899 688 2952; x_wconf 88' lang='lat' dir='ltr'><strong><em>loco</em></strong></span> <span class='ocrx_word' id='word_1_303' title='bbox 739 2911 950 2968; x_wconf 86' lang='lat' dir='ltr'><strong><em>reperta</em></strong></span> <span class='ocrx_word' id='word_1_304' title='bbox 987 2899 1180 2954; x_wconf 79' lang='lat' dir='ltr'><strong><em>fuisset</em></strong></span> <span class='ocrx_word' id='word_1_305' title='bbox 1219 2903 1512 2957; x_wconf 88' lang='lat' dir='ltr'><strong><em>indicabat.</em></strong></span> <span class='ocrx_word' id='word_1_306' title='bbox 1539 2903 1675 2958; x_wconf 85' lang='lat' dir='ltr'><strong><em>illud</em></strong></span> <span class='ocrx_word' id='word_1_307' title='bbox 1714 2919 1844 2958; x_wconf 88' lang='lat' dir='ltr'><strong><em>vero</em></strong></span> <span class='ocrx_word' id='word_1_308' title='bbox 1877 2905 2136 2960; x_wconf 91' lang='lat' dir='ltr'><strong><em>damnum</em></strong></span> 
     </span>
    </p>
   </div>
   <div class='ocr_carea' id='block_1_47' title="bbox 566 2989 2137 3064">
    <p class='ocr_par' dir='ltr' id='par_1_47' title="bbox 566 2989 2137 3064">
     <span class='ocr_line' id='line_1_47' title="bbox 566 2989 2137 3064; baseline 0.006 -23"><span class='ocrx_word' id='word_1_309' title='bbox 566 2989 691 3043; x_wconf 85' lang='lat' dir='ltr'><strong><em>licet</em></strong></span> <span class='ocrx_word' id='word_1_310' title='bbox 719 2989 1052 3059; x_wconf 86' lang='lat' dir='ltr'><strong><em>Epiphanius</em></strong></span> <span class='ocrx_word' id='word_1_311' title='bbox 1082 2993 1134 3045; x_wconf 93' lang='lat' dir='ltr'><strong><em>in</em></strong></span> <span class='ocrx_word' id='word_1_312' title='bbox 1167 2992 1307 3046; x_wconf 89' lang='lat' dir='ltr'><strong><em>libro</em></strong></span> <span class='ocrx_word' id='word_1_313' title='bbox 1356 2993 1428 3047; x_wconf 91' lang='lat' dir='ltr'><strong><em>De</em></strong></span> <span class='ocrx_word' id='word_1_314' title='bbox 1458 2995 1774 3064; x_wconf 79' lang='lat' dir='ltr'><strong><em>ponderibus</em></strong></span> <span class='ocrx_word' id='word_1_315' title='bbox 1803 3004 1852 3048; x_wconf 90' lang='lat' dir='ltr'><strong><em>et</em></strong></span> <span class='ocrx_word' id='word_1_316' title='bbox 1880 2999 2137 3050; x_wconf 78' lang='lat' dir='ltr'><strong><em>mensuris</em></strong></span> 
     </span>
    </p>
   </div>
   <div class='ocr_carea' id='block_1_48' title="bbox 568 3085 2137 3159">
    <p class='ocr_par' dir='ltr' id='par_1_48' title="bbox 568 3085 2137 3159">
     <span class='ocr_line' id='line_1_48' title="bbox 568 3085 2137 3159; baseline 0.007 -26"><span class='ocrx_word' id='word_1_317' title='bbox 568 3091 846 3151; x_wconf 85' lang='lat' dir='ltr'><strong><em>utcunque</em></strong></span> <span class='ocrx_word' id='word_1_318' title='bbox 875 3085 1160 3137; x_wconf 86' lang='lat' dir='ltr'><strong><em>sarciverit</em></strong></span> <span class='ocrx_word' id='word_1_319' title='bbox 1183 3127 1198 3150; x_wconf 93' lang='lat'><strong><em>,</em></strong></span> <span class='ocrx_word' id='word_1_320' title='bbox 1231 3096 1288 3140; x_wconf 91' lang='lat' dir='ltr'><strong><em>at</em></strong></span> <span class='ocrx_word' id='word_1_321' title='bbox 1315 3087 1481 3140; x_wconf 89' lang='lat' dir='ltr'><strong><em>multa</em></strong></span> <span class='ocrx_word' id='word_1_322' title='bbox 1516 3088 1736 3143; x_wconf 88' lang='lat' dir='ltr'><strong><em>miscuit</em></strong></span> <span class='ocrx_word' id='word_1_323' title='bbox 1760 3088 1848 3142; x_wconf 90' lang='lat' dir='ltr'><strong><em>ille</em></strong></span> <span class='ocrx_word' id='word_1_324' title='bbox 1870 3100 2137 3159; x_wconf 89' lang='lat' dir='ltr'><strong><em>notasque</em></strong></span> 
     </span>
    </p>
   </div>
   <div class='ocr_carea' id='block_1_49' title="bbox 567 3175 2058 3248">
    <p class='ocr_par' dir='ltr' id='par_1_49' title="bbox 567 3175 2058 3248">
     <span class='ocr_line' id='line_1_49' title="bbox 567 3175 2058 3248; baseline 0.005 -22"><span class='ocrx_word' id='word_1_325' title='bbox 567 3183 870 3243; x_wconf 88' lang='lat' dir='ltr'><strong><em>temporum</em></strong></span> <span class='ocrx_word' id='word_1_326' title='bbox 903 3175 1266 3242; x_wconf 83' lang='lat' dir='ltr'><strong><em>labefactavit,</em></strong></span> <span class='ocrx_word' id='word_1_327' title='bbox 1293 3187 1351 3231; x_wconf 90' lang='lat' dir='ltr'><strong><em>ut</em></strong></span> <span class='ocrx_word' id='word_1_328' title='bbox 1380 3179 1626 3248; x_wconf 90' lang='lat' dir='ltr'><strong><em>pluribus</em></strong></span> <span class='ocrx_word' id='word_1_329' title='bbox 1649 3179 1788 3234; x_wconf 91' lang='lat' dir='ltr'><strong><em>infra</em></strong></span> <span class='ocrx_word' id='word_1_330' title='bbox 1831 3181 2058 3236; x_wconf 90' lang='lat' dir='ltr'><strong><em>dicetur.</em></strong></span> 
     </span>
    </p>
   </div>
   <div class='ocr_carea' id='block_1_50' title="bbox 569 3286 2133 3364">
    <p class='ocr_par' dir='ltr' id='par_1_50' title="bbox 569 3286 2133 3364">
     <span class='ocr_line' id='line_1_50' title="bbox 569 3286 2133 3364; baseline 0.006 -25"><span class='ocrx_word' id='word_1_331' title='bbox 569 3286 706 3344; x_wconf 74' lang='lat' dir='ltr'><strong><em>VIII.</em></strong></span> <span class='ocrx_word' id='word_1_332' title='bbox 744 3292 826 3343; x_wconf 81' lang='lat' dir='ltr'><strong><em>An</em></strong></span> <span class='ocrx_word' id='word_1_333' title='bbox 860 3288 1190 3364; x_wconf 70' lang='lat' dir='ltr'><strong><em>Samaritani</em></strong></span> <span class='ocrx_word' id='word_1_334' title='bbox 1217 3301 1265 3364; x_wconf 82' lang='lat' dir='ltr'><strong><em>et</em></strong></span> <span class='ocrx_word' id='word_1_335' title='bbox 1295 3289 1689 3364; x_wconf 9' lang='lat' dir='ltr'><strong><em>Syrirlectiones</em></strong></span> <span class='ocrx_word' id='word_1_336' title='bbox 1716 3295 1773 3346; x_wconf 88' lang='lat' dir='ltr'><strong><em>in</em></strong></span> <span class='ocrx_word' id='word_1_337' title='bbox 1807 3294 2133 3364; x_wconf 84' lang='lat' dir='ltr'><strong><em>marginibus</em></strong></span> 
     </span>
    </p>
   </div>
   <div class='ocr_carea' id='block_1_51' title="bbox 1025 3360 1679 3429">
    <p class='ocr_par' dir='ltr' id='par_1_51' title="bbox 1025 3360 1679 3429">
     <span class='ocr_line' id='line_1_51' title="bbox 1025 3360 1679 3429; baseline 0.006 -17"><span class='ocrx_word' id='word_1_338' title='bbox 1025 3360 1384 3429; x_wconf 73' lang='lat' dir='ltr'><strong><em>Hexaplorum</em></strong></span> <span class='ocrx_word' id='word_1_339' title='bbox 1412 3363 1679 3416; x_wconf 85' lang='lat' dir='ltr'><strong><em>locaverit.</em></strong></span> 
     </span>
    </p>
   </div>
   <div class='ocr_carea' id='block_1_52' title="bbox 637 3448 2135 3525">
    <p class='ocr_par' dir='ltr' id='par_1_52' title="bbox 637 3448 2135 3525">
     <span class='ocr_line' id='line_1_52' title="bbox 637 3448 2135 3525; baseline 0.004 -21"><span class='ocrx_word' id='word_1_340' title='bbox 637 3448 966 3505; x_wconf 90' lang='lat' dir='ltr'><strong><em>Samaritani</em></strong></span> <span class='ocrx_word' id='word_1_341' title='bbox 1009 3463 1062 3506; x_wconf 90' lang='lat' dir='ltr'><strong><em>et</em></strong></span> <span class='ocrx_word' id='word_1_342' title='bbox 1090 3452 1210 3522; x_wconf 85' lang='lat' dir='ltr'><strong><em>Syri</em></strong></span> <span class='ocrx_word' id='word_1_343' title='bbox 1236 3453 1495 3510; x_wconf 87' lang='lat' dir='ltr'><strong><em>lectiones</em></strong></span> <span class='ocrx_word' id='word_1_344' title='bbox 1524 3455 1578 3508; x_wconf 89' lang='lat' dir='ltr'><strong><em>in</em></strong></span> <span class='ocrx_word' id='word_1_345' title='bbox 1610 3456 1948 3525; x_wconf 83' lang='lat' dir='ltr'><strong><em>marginibus</em></strong></span> <span class='ocrx_word' id='word_1_346' title='bbox 1981 3465 2135 3510; x_wconf 92' lang='lat' dir='ltr'><strong><em>vetu-</em></strong></span> 
     </span>
    </p>
   </div>
   <div class='ocr_carea' id='block_1_53' title="bbox 566 3541 2135 3617">
    <p class='ocr_par' dir='ltr' id='par_1_53' title="bbox 566 3541 2135 3617">
     <span class='ocr_line' id='line_1_53' title="bbox 566 3541 2135 3617; baseline 0.004 -22"><span class='ocrx_word' id='word_1_347' title='bbox 566 3541 934 3596; x_wconf 89' lang='lat' dir='ltr'><strong><em>stissimorum</em></strong></span> <span class='ocrx_word' id='word_1_348' title='bbox 979 3545 1390 3613; x_wconf 83' lang='lat' dir='ltr'><strong><em>exemplarium,</em></strong></span> <span class='ocrx_word' id='word_1_349' title='bbox 1439 3562 1560 3617; x_wconf 69' lang='lat' dir='ltr'><strong><em>qua:</em></strong></span> <span class='ocrx_word' id='word_1_350' title='bbox 1607 3545 1971 3617; x_wconf 79' lang='lat' dir='ltr'><strong><em>Hexaplorum</em></strong></span> <span class='ocrx_word' id='word_1_351' title='bbox 2019 3548 2135 3601; x_wconf 76' lang='lat' dir='ltr'><strong><em>frao</em></strong></span> 
     </span>
    </p>
   </div>
   <div class='ocr_carea' id='block_1_54' title="bbox 567 3635 2134 3710">
    <p class='ocr_par' dir='ltr' id='par_1_54' title="bbox 567 3635 2134 3710">
     <span class='ocr_line' id='line_1_54' title="bbox 567 3635 2134 3710; baseline 0.004 -25"><span class='ocrx_word' id='word_1_352' title='bbox 567 3643 784 3702; x_wconf 88' lang='lat' dir='ltr'><strong><em>gmenta</em></strong></span> <span class='ocrx_word' id='word_1_353' title='bbox 807 3635 1084 3699; x_wconf 87' lang='lat' dir='ltr'><strong><em>exhibent,</em></strong></span> <span class='ocrx_word' id='word_1_354' title='bbox 1110 3651 1344 3706; x_wconf 76' lang='lat' dir='ltr'><strong><em>persaepe</em></strong></span> <span class='ocrx_word' id='word_1_355' title='bbox 1365 3639 1744 3705; x_wconf 79' lang='lat' dir='ltr'><strong><em>observantur;</em></strong></span> <span class='ocrx_word' id='word_1_356' title='bbox 1767 3639 1888 3710; x_wconf 86' lang='lat' dir='ltr'><strong><em>Syri</em></strong></span> <span class='ocrx_word' id='word_1_357' title='bbox 1913 3640 2134 3709; x_wconf 84' lang='lat' dir='ltr'><strong><em>quidem</em></strong></span> 
     </span>
    </p>
   </div>
   <div class='ocr_carea' id='block_1_55' title="bbox 568 3723 2134 3796">
    <p class='ocr_par' dir='ltr' id='par_1_55' title="bbox 568 3723 2134 3796">
     <span class='ocr_line' id='line_1_55' title="bbox 568 3723 2134 3796; baseline 0.006 -23"><span class='ocrx_word' id='word_1_358' title='bbox 568 3723 623 3774; x_wconf 88' lang='lat' dir='ltr'><strong><em>in</em></strong></span> <span class='ocrx_word' id='word_1_359' title='bbox 661 3724 934 3793; x_wconf 90' lang='lat' dir='ltr'><strong><em>plerisque</em></strong></span> <span class='ocrx_word' id='word_1_360' title='bbox 983 3725 1275 3796; x_wconf 67' lang='lat' dir='ltr'><strong><em>Scriptura:</em></strong></span> <span class='ocrx_word' id='word_1_361' title='bbox 1312 3729 1492 3795; x_wconf 89' lang='lat' dir='ltr'><strong><em>libris;</em></strong></span> <span class='ocrx_word' id='word_1_362' title='bbox 1537 3729 1862 3783; x_wconf 88' lang='lat' dir='ltr'><strong><em>Samaritani</em></strong></span> <span class='ocrx_word' id='word_1_363' title='bbox 1906 3744 2032 3784; x_wconf 87' lang='lat' dir='ltr'><strong><em>vero</em></strong></span> <span class='ocrx_word' id='word_1_364' title='bbox 2079 3730 2134 3783; x_wconf 89' lang='lat' dir='ltr'><strong><em>in</em></strong></span> 
     </span>
    </p>
   </div>
   <div class='ocr_carea' id='block_1_56' title="bbox 564 3812 2134 3891">
    <p class='ocr_par' dir='ltr' id='par_1_56' title="bbox 564 3812 2134 3891">
     <span class='ocr_line' id='line_1_56' title="bbox 564 3812 2134 3891; baseline 0.007 -25"><span class='ocrx_word' id='word_1_365' title='bbox 564 3812 936 3871; x_wconf 88' lang='lat' dir='ltr'><strong><em>Pentateucho</em></strong></span> <span class='ocrx_word' id='word_1_366' title='bbox 985 3827 1195 3872; x_wconf 86' lang='lat' dir='ltr'><strong><em>tantum</em></strong></span> <span class='ocrx_word' id='word_1_367' title='bbox 1231 3839 1245 3874; x_wconf 89' lang='lat'><strong>:</strong></span> <span class='ocrx_word' id='word_1_368' title='bbox 1292 3821 1383 3875; x_wconf 85' lang='lat' dir='ltr'><strong><em>ubi</em></strong></span> <span class='ocrx_word' id='word_1_369' title='bbox 1413 3837 1518 3875; x_wconf 91' lang='lat' dir='ltr'><strong><em>non</em></strong></span> <span class='ocrx_word' id='word_1_370' title='bbox 1564 3821 1936 3891; x_wconf 90' lang='lat' dir='ltr'><strong><em>infrequenter</em></strong></span> <span class='ocrx_word' id='word_1_371' title='bbox 1969 3824 2134 3876; x_wconf 91' lang='lat' dir='ltr'><strong><em>inter-</em></strong></span> 
     </span>
    </p>
   </div>
   <div class='ocr_carea' id='block_1_57' title="bbox 566 3909 2133 3980">
    <p class='ocr_par' dir='ltr' id='par_1_57' title="bbox 566 3909 2133 3980">
     <span class='ocr_line' id='line_1_57' title="bbox 566 3909 2133 3980; baseline 0.004 -20"><span class='ocrx_word' id='word_1_372' title='bbox 566 3909 898 3976; x_wconf 88' lang='lat' dir='ltr'><strong><em>pretationes</em></strong></span> <span class='ocrx_word' id='word_1_373' title='bbox 961 3909 1289 3966; x_wconf 88' lang='lat' dir='ltr'><strong><em>Samaritani</em></strong></span> <span class='ocrx_word' id='word_1_374' title='bbox 1357 3913 1798 3980; x_wconf 88' lang='lat' dir='ltr'><strong><em>animadvertas,</em></strong></span> <span class='ocrx_word' id='word_1_375' title='bbox 1860 3915 2133 3967; x_wconf 89' lang='lat' dir='ltr'><strong><em>interdum</em></strong></span> 
     </span>
    </p>
   </div>
   <div class='ocr_carea' id='block_1_58' title="bbox 565 3997 2134 4072">
    <p class='ocr_par' dir='ltr' id='par_1_58' title="bbox 565 3997 2134 4072">
     <span class='ocr_line' id='line_1_58' title="bbox 565 3997 2134 4072; baseline 0.003 -22"><span class='ocrx_word' id='word_1_376' title='bbox 565 3997 730 4063; x_wconf 89' lang='lat' dir='ltr'><strong><em>solas,</em></strong></span> <span class='ocrx_word' id='word_1_377' title='bbox 761 4001 960 4068; x_wconf 73' lang='lat' dir='ltr'><strong><em>saepius</em></strong></span> <span class='ocrx_word' id='word_1_378' title='bbox 998 4017 1120 4054; x_wconf 91' lang='lat' dir='ltr'><strong><em>cum</em></strong></span> <span class='ocrx_word' id='word_1_379' title='bbox 1167 4003 1397 4056; x_wconf 91' lang='lat' dir='ltr'><strong><em>aliorum</em></strong></span> <span class='ocrx_word' id='word_1_380' title='bbox 1428 4003 1780 4072; x_wconf 88' lang='lat' dir='ltr'><strong><em>interpretum</em></strong></span> <span class='ocrx_word' id='word_1_381' title='bbox 1812 4002 2134 4056; x_wconf 89' lang='lat' dir='ltr'><strong><em>lectionibus</em></strong></span> 
     </span>
    </p>
   </div>
   <div class='ocr_carea' id='block_1_59' title="bbox 564 4091 2129 4156">
    <p class='ocr_par' dir='ltr' id='par_1_59' title="bbox 564 4091 2129 4156">
     <span class='ocr_line' id='line_1_59' title="bbox 564 4091 2129 4156; baseline 0.001 -11"><span class='ocrx_word' id='word_1_382' title='bbox 564 4091 812 4147; x_wconf 86' lang='lat' dir='ltr'><strong><em>collatas.</em></strong></span> <span class='ocrx_word' id='word_1_383' title='bbox 861 4093 996 4146; x_wconf 88' lang='lat' dir='ltr'><strong><em>Cum</em></strong></span> <span class='ocrx_word' id='word_1_384' title='bbox 1057 4104 1238 4148; x_wconf 90' lang='lat' dir='ltr'><strong><em>autem</em></strong></span> <span class='ocrx_word' id='word_1_385' title='bbox 1296 4095 1400 4148; x_wconf 75' lang='lat' dir='ltr'><strong><em>illa:</em></strong></span> <span class='ocrx_word' id='word_1_386' title='bbox 1455 4093 1784 4148; x_wconf 89' lang='lat' dir='ltr'><strong><em>Samaritani</em></strong></span> <span class='ocrx_word' id='word_1_387' title='bbox 1847 4093 2129 4156; x_wconf 90' lang='lat' dir='ltr'><strong><em>lectiones,</em></strong></span> 
     </span>
    </p>
   </div>
   <div class='ocr_carea' id='block_1_60' title="bbox 566 4184 2132 4253">
    <p class='ocr_par' dir='ltr' id='par_1_60' title="bbox 566 4184 2132 4253">
     <span class='ocr_line' id='line_1_60' title="bbox 566 4184 2132 4253; baseline 0.002 -18"><span class='ocrx_word' id='word_1_388' title='bbox 566 4198 674 4236; x_wconf 91' lang='lat' dir='ltr'><strong><em>non</em></strong></span> <span class='ocrx_word' id='word_1_389' title='bbox 721 4186 773 4237; x_wconf 89' lang='lat' dir='ltr'><strong><em>in</em></strong></span> <span class='ocrx_word' id='word_1_390' title='bbox 818 4186 1046 4240; x_wconf 90' lang='lat' dir='ltr'><strong><em>vetustis</em></strong></span> <span class='ocrx_word' id='word_1_391' title='bbox 1085 4187 1365 4241; x_wconf 86' lang='lat' dir='ltr'><strong><em>codicibus</em></strong></span> <span class='ocrx_word' id='word_1_392' title='bbox 1402 4197 1635 4253; x_wconf 90' lang='lat' dir='ltr'><strong><em>tantum,</em></strong></span> <span class='ocrx_word' id='word_1_393' title='bbox 1664 4187 1756 4240; x_wconf 90' lang='lat' dir='ltr'><strong><em>sed</em></strong></span> <span class='ocrx_word' id='word_1_394' title='bbox 1789 4188 1950 4239; x_wconf 86' lang='lat' dir='ltr'><strong><em>etiam</em></strong></span> <span class='ocrx_word' id='word_1_395' title='bbox 1988 4184 2132 4253; x_wconf 92' lang='lat' dir='ltr'><strong><em>apud</em></strong></span> 
     </span>
    </p>
   </div>
   <div class='ocr_carea' id='block_1_61' title="bbox 562 4262 2132 4350">
    <p class='ocr_par' dir='ltr' id='par_1_61' title="bbox 562 4262 2132 4350">
     <span class='ocr_line' id='line_1_61' title="bbox 562 4262 2132 4350; baseline 0.003 -23"><span class='ocrx_word' id='word_1_396' title='bbox 562 4273 751 4330; x_wconf 88' lang='lat' dir='ltr'><strong><em>Patres</em></strong></span> <span class='ocrx_word' id='word_1_397' title='bbox 785 4279 990 4347; x_wconf 80' lang='lat' dir='ltr'><strong><em>quarti,</em></strong></span> <span class='ocrx_word' id='word_1_398' title='bbox 1023 4262 1198 4348; x_wconf 81' lang='lat' dir='ltr'><strong><em>quinti</em></strong></span> <span class='ocrx_word' id='word_1_399' title='bbox 1227 4290 1281 4333; x_wconf 92' lang='lat' dir='ltr'><strong><em>et</em></strong></span> <span class='ocrx_word' id='word_1_400' title='bbox 1308 4282 1650 4350; x_wconf 89' lang='lat' dir='ltr'><strong><em>sequentium</em></strong></span> <span class='ocrx_word' id='word_1_401' title='bbox 1684 4278 2010 4334; x_wconf 74' lang='lat' dir='ltr'><strong><em>saeculorum</em></strong></span> <span class='ocrx_word' id='word_1_402' title='bbox 2037 4291 2132 4331; x_wconf 87' lang='lat' dir='ltr'><strong><em>oc-</em></strong></span> 
     </span>
    </p>
   </div>
   <div class='ocr_carea' id='block_1_62' title="bbox 562 4368 2129 4446">
    <p class='ocr_par' dir='ltr' id='par_1_62' title="bbox 562 4368 2129 4446">
     <span class='ocr_line' id='line_1_62' title="bbox 562 4368 2129 4446; baseline -0.002 -25"><span class='ocrx_word' id='word_1_403' title='bbox 562 4379 808 4433; x_wconf 88' lang='lat' dir='ltr'><strong><em>currant,</em></strong></span> <span class='ocrx_word' id='word_1_404' title='bbox 841 4371 1123 4440; x_wconf 89' lang='lat' dir='ltr'><strong><em>probabile</em></strong></span> <span class='ocrx_word' id='word_1_405' title='bbox 1169 4387 1301 4426; x_wconf 84' lang='lat' dir='ltr'><strong><em>sane</em></strong></span> <span class='ocrx_word' id='word_1_406' title='bbox 1348 4372 1562 4426; x_wconf 89' lang='lat' dir='ltr'><strong><em>videtur</em></strong></span> <span class='ocrx_word' id='word_1_407' title='bbox 1609 4373 1785 4446; x_wconf 91' lang='lat' dir='ltr'><strong><em>ipsum</em></strong></span> <span class='ocrx_word' id='word_1_408' title='bbox 1844 4368 2129 4438; x_wconf 84' lang='lat' dir='ltr'><strong><em>Origenem</em></strong></span> 
     </span>
    </p>
   </div>
   <div class='ocr_carea' id='block_1_63' title="bbox 2239 1893 3806 1960">
    <p class='ocr_par' dir='ltr' id='par_1_63' title="bbox 2239 1893 3806 1960">
     <span class='ocr_line' id='line_1_63' title="bbox 2239 1893 3806 1960; baseline 0.002 -13"><span class='ocrx_word' id='word_1_409' title='bbox 2239 1903 2392 1960; x_wconf 82' lang='lat' dir='ltr'><strong><em>teret,</em></strong></span> <span class='ocrx_word' id='word_1_410' title='bbox 2422 1896 2634 1950; x_wconf 89' lang='lat' dir='ltr'><strong><em>tertiam</em></strong></span> <span class='ocrx_word' id='word_1_411' title='bbox 2676 1896 2911 1951; x_wconf 89' lang='lat' dir='ltr'><strong><em>edidisse</em></strong></span> <span class='ocrx_word' id='word_1_412' title='bbox 2949 1896 3380 1951; x_wconf 86' lang='lat' dir='ltr'><strong><em>translationem.</em></strong></span> <span class='ocrx_word' id='word_1_413' title='bbox 3415 1893 3549 1949; x_wconf 86' lang='lat' dir='ltr'><strong><em>Nam</em></strong></span> <span class='ocrx_word' id='word_1_414' title='bbox 3578 1894 3632 1948; x_wconf 90' lang='lat' dir='ltr'><strong><em>id</em></strong></span> <span class='ocrx_word' id='word_1_415' title='bbox 3663 1896 3708 1949; x_wconf 91' lang='lat' dir='ltr'><strong><em>si</em></strong></span> <span class='ocrx_word' id='word_1_416' title='bbox 3739 1895 3806 1950; x_wconf 89' lang='lat' dir='ltr'><strong><em>de</em></strong></span> 
     </span>
    </p>
   </div>
   <div class='ocr_carea' id='block_1_64' title="bbox 2188 1983 3806 2056">
    <p class='ocr_par' dir='ltr' id='par_1_64' title="bbox 2188 1983 3806 2056">
     <span class='ocr_line' id='line_1_64' title="bbox 2188 1983 3806 2056; baseline 0.001 -18"><span class='ocrx_word' id='word_1_417' title='bbox 2188 2028 2190 2030; x_wconf 49' lang='grc' dir='ltr'><strong><em>τ</em></strong></span> <span class='ocrx_word' id='word_1_418' title='bbox 2239 1983 2582 2040; x_wconf 87' lang='lat' dir='ltr'><strong><em>Samaritana</em></strong></span> <span class='ocrx_word' id='word_1_419' title='bbox 2636 1986 3123 2056; x_wconf 89' lang='lat' dir='ltr'><strong><em>interpretatione,</em></strong></span> <span class='ocrx_word' id='word_1_420' title='bbox 3188 1985 3532 2040; x_wconf 89' lang='lat' dir='ltr'><strong><em>Samaritano</em></strong></span> <span class='ocrx_word' id='word_1_421' title='bbox 3592 1986 3806 2055; x_wconf 84' lang='lat' dir='ltr'><strong><em>vulgari</em></strong></span> 
     </span>
    </p>
   </div>
   <div class='ocr_carea' id='block_1_65' title="bbox 2237 2077 3808 2148">
    <p class='ocr_par' dir='ltr' id='par_1_65' title="bbox 2237 2077 3808 2148">
     <span class='ocr_line' id='line_1_65' title="bbox 2237 2077 3808 2148; baseline 0 -18"><span class='ocrx_word' id='word_1_422' title='bbox 2237 2077 2492 2132; x_wconf 86' lang='lat' dir='ltr'><strong><em>idiomate</em></strong></span> <span class='ocrx_word' id='word_1_423' title='bbox 2541 2077 2703 2144; x_wconf 89' lang='lat' dir='ltr'><strong><em>facta,</em></strong></span> <span class='ocrx_word' id='word_1_424' title='bbox 2757 2077 2984 2148; x_wconf 83' lang='lat' dir='ltr'><strong><em>intelligi</em></strong></span> <span class='ocrx_word' id='word_1_425' title='bbox 3033 2077 3303 2147; x_wconf 88' lang='lat' dir='ltr'><strong><em>quispiam</em></strong></span> <span class='ocrx_word' id='word_1_426' title='bbox 3358 2078 3666 2144; x_wconf 84' lang='lat' dir='ltr'><strong><em>contendat,</em></strong></span> <span class='ocrx_word' id='word_1_427' title='bbox 3707 2092 3808 2132; x_wconf 90' lang='lat' dir='ltr'><strong><em>cur</em></strong></span> 
     </span>
    </p>
   </div>
   <div class='ocr_carea' id='block_1_66' title="bbox 2237 2167 3810 2240">
    <p class='ocr_par' dir='ltr' id='par_1_66' title="bbox 2237 2167 3810 2240">
     <span class='ocr_line' id='line_1_66' title="bbox 2237 2167 3810 2240; baseline -0.001 -18"><span class='ocrx_word' id='word_1_428' title='bbox 2237 2168 2618 2240; x_wconf 89' lang='lat' dir='ltr'><strong><em>Symmachus,</em></strong></span> <span class='ocrx_word' id='word_1_429' title='bbox 2647 2170 2784 2225; x_wconf 91' lang='lat' dir='ltr'><strong><em>inter</em></strong></span> <span class='ocrx_word' id='word_1_430' title='bbox 2809 2170 3186 2225; x_wconf 87' lang='lat' dir='ltr'><strong><em>Samaritanos</em></strong></span> <span class='ocrx_word' id='word_1_431' title='bbox 3212 2169 3586 2232; x_wconf 90' lang='lat' dir='ltr'><strong><em>doctissimus,</em></strong></span> <span class='ocrx_word' id='word_1_432' title='bbox 3615 2179 3675 2223; x_wconf 92' lang='lat' dir='ltr'><strong><em>ut</em></strong></span> <span class='ocrx_word' id='word_1_433' title='bbox 3706 2167 3810 2222; x_wconf 87' lang='lat' dir='ltr'><strong><em>tri-</em></strong></span> 
     </span>
    </p>
   </div>
   <div class='ocr_carea' id='block_1_67' title="bbox 2235 2260 3809 2316">
    <p class='ocr_par' dir='ltr' id='par_1_67' title="bbox 2235 2260 3809 2316">
     <span class='ocr_line' id='line_1_67' title="bbox 2235 2260 3809 2316; baseline -0.003 0"><span class='ocrx_word' id='word_1_434' title='bbox 2235 2261 2440 2316; x_wconf 88' lang='lat' dir='ltr'><strong><em>bulium</em></strong></span> <span class='ocrx_word' id='word_1_435' title='bbox 2478 2275 2702 2315; x_wconf 90' lang='lat' dir='ltr'><strong><em>suorum</em></strong></span> <span class='ocrx_word' id='word_1_436' title='bbox 2753 2260 3156 2315; x_wconf 90' lang='lat' dir='ltr'><strong><em>Samaritanam</em></strong></span> <span class='ocrx_word' id='word_1_437' title='bbox 3191 2261 3601 2315; x_wconf 88' lang='lat' dir='ltr'><strong><em>translationem</em></strong></span> <span class='ocrx_word' id='word_1_438' title='bbox 3651 2275 3809 2314; x_wconf 67' lang='lat' dir='ltr'><strong><em>evero</em></strong></span> 
     </span>
    </p>
   </div>
   <div class='ocr_carea' id='block_1_68' title="bbox 2235 2350 3809 2422">
    <p class='ocr_par' dir='ltr' id='par_1_68' title="bbox 2235 2350 3809 2422">
     <span class='ocr_line' id='line_1_68' title="bbox 2235 2350 3809 2422; baseline -0.003 -16"><span class='ocrx_word' id='word_1_439' title='bbox 2235 2361 2371 2406; x_wconf 91' lang='lat' dir='ltr'><strong><em>teret</em></strong></span> <span class='ocrx_word' id='word_1_440' title='bbox 2417 2362 2471 2407; x_wconf 90' lang='lat' dir='ltr'><strong><em>et</em></strong></span> <span class='ocrx_word' id='word_1_441' title='bbox 2515 2351 2840 2417; x_wconf 84' lang='lat' dir='ltr'><strong><em>confutaret,</em></strong></span> <span class='ocrx_word' id='word_1_442' title='bbox 2872 2352 3115 2408; x_wconf 61' lang='lat' dir='ltr'><strong><em>Graecam</em></strong></span> <span class='ocrx_word' id='word_1_443' title='bbox 3152 2354 3656 2422; x_wconf 86' lang='lat' dir='ltr'><strong><em>interpretationem</em></strong></span> <span class='ocrx_word' id='word_1_444' title='bbox 3689 2350 3809 2406; x_wconf 85' lang='lat' dir='ltr'><strong><em>edi-</em></strong></span> 
     </span>
    </p>
   </div>
   <div class='ocr_carea' id='block_1_69' title="bbox 2234 2443 3805 2500">
    <p class='ocr_par' dir='ltr' id='par_1_69' title="bbox 2234 2443 3805 2500">
     <span class='ocr_line' id='line_1_69' title="bbox 2234 2443 3805 2500; baseline -0.002 -1"><span class='ocrx_word' id='word_1_445' title='bbox 2234 2445 2410 2499; x_wconf 86' lang='lat' dir='ltr'><strong><em>derit?</em></strong></span> <span class='ocrx_word' id='word_1_446' title='bbox 2451 2443 2609 2498; x_wconf 90' lang='lat' dir='ltr'><strong><em>Certe</em></strong></span> <span class='ocrx_word' id='word_1_447' title='bbox 2659 2445 2883 2500; x_wconf 91' lang='lat' dir='ltr'><strong><em>omnino</em></strong></span> <span class='ocrx_word' id='word_1_448' title='bbox 2933 2455 3359 2500; x_wconf 89' lang='lat' dir='ltr'><strong><em>consentaneum</em></strong></span> <span class='ocrx_word' id='word_1_449' title='bbox 3411 2444 3625 2499; x_wconf 87' lang='lat' dir='ltr'><strong><em>videtur</em></strong></span> <span class='ocrx_word' id='word_1_450' title='bbox 3677 2458 3805 2497; x_wconf 84' lang='lat' dir='ltr'><strong><em>eum</em></strong></span> 
     </span>
    </p>
   </div>
   <div class='ocr_carea' id='block_1_70' title="bbox 2235 2535 3806 2602">
    <p class='ocr_par' dir='ltr' id='par_1_70' title="bbox 2235 2535 3806 2602">
     <span class='ocr_line' id='line_1_70' title="bbox 2235 2535 3806 2602; baseline -0.002 -11"><span class='ocrx_word' id='word_1_451' title='bbox 2235 2535 2477 2591; x_wconf 66' lang='lat' dir='ltr'><strong><em>Graecam</em></strong></span> <span class='ocrx_word' id='word_1_452' title='bbox 2519 2537 2826 2592; x_wconf 86' lang='lat' dir='ltr'><strong><em>versionem</em></strong></span> <span class='ocrx_word' id='word_1_453' title='bbox 2869 2539 3125 2602; x_wconf 87' lang='lat' dir='ltr'><strong><em>edidisse,</em></strong></span> <span class='ocrx_word' id='word_1_454' title='bbox 3156 2548 3215 2593; x_wconf 92' lang='lat' dir='ltr'><strong><em>ut</em></strong></span> <span class='ocrx_word' id='word_1_455' title='bbox 3245 2553 3364 2592; x_wconf 89' lang='lat' dir='ltr'><strong><em>eam</em></strong></span> <span class='ocrx_word' id='word_1_456' title='bbox 3392 2536 3548 2591; x_wconf 89' lang='lat' dir='ltr'><strong><em>alteri</em></strong></span> <span class='ocrx_word' id='word_1_457' title='bbox 3581 2535 3806 2597; x_wconf 59' lang='grc' dir='ltr'><strong><em>(ἔτερπε,</em></strong></span> 
     </span>
    </p>
   </div>
   <div class='ocr_carea' id='block_1_71' title="bbox 2233 2625 3808 2699">
    <p class='ocr_par' dir='ltr' id='par_1_71' title="bbox 2233 2625 3808 2699">
     <span class='ocr_line' id='line_1_71' title="bbox 2233 2625 3808 2699; baseline -0.002 -18"><span class='ocrx_word' id='word_1_458' title='bbox 2233 2643 2355 2697; x_wconf 72' lang='lat' dir='ltr'><strong><em>qua:</em></strong></span> <span class='ocrx_word' id='word_1_459' title='bbox 2383 2636 2500 2687; x_wconf 83' lang='lat' dir='ltr'><strong><em>erat</em></strong></span> <span class='ocrx_word' id='word_1_460' title='bbox 2526 2625 3019 2695; x_wconf 80' lang='lat' dir='ltr'><strong><em>Samaritanorum,</em></strong></span> <span class='ocrx_word' id='word_1_461' title='bbox 3052 2637 3363 2699; x_wconf 89' lang='lat' dir='ltr'><strong><em>opponeret.</em></strong></span> <span class='ocrx_word' id='word_1_462' title='bbox 3390 2627 3515 2682; x_wconf 63' lang='lat' dir='ltr'><strong><em>llaec</em></strong></span> <span class='ocrx_word' id='word_1_463' title='bbox 3545 2641 3680 2682; x_wconf 86' lang='lat' dir='ltr'><strong><em>sane</em></strong></span> <span class='ocrx_word' id='word_1_464' title='bbox 3707 2625 3808 2679; x_wconf 90' lang='lat' dir='ltr'><strong><em>ob-</em></strong></span> 
     </span>
    </p>
   </div>
   <div class='ocr_carea' id='block_1_72' title="bbox 2231 2715 3806 2788">
    <p class='ocr_par' dir='ltr' id='par_1_72' title="bbox 2231 2715 3806 2788">
     <span class='ocr_line' id='line_1_72' title="bbox 2231 2715 3806 2788; baseline -0.002 -16"><span class='ocrx_word' id='word_1_465' title='bbox 2231 2718 2399 2787; x_wconf 90' lang='lat' dir='ltr'><strong><em>jectio</em></strong></span> <span class='ocrx_word' id='word_1_466' title='bbox 2425 2719 2719 2772; x_wconf 91' lang='lat' dir='ltr'><strong><em>admodum</em></strong></span> <span class='ocrx_word' id='word_1_467' title='bbox 2748 2719 2978 2788; x_wconf 90' lang='lat' dir='ltr'><strong><em>urgebit,</em></strong></span> <span class='ocrx_word' id='word_1_468' title='bbox 3003 2720 3046 2773; x_wconf 93' lang='lat' dir='ltr'><strong><em>si</em></strong></span> <span class='ocrx_word' id='word_1_469' title='bbox 3083 2727 3261 2773; x_wconf 86' lang='lat' dir='ltr'><strong><em>tamen</em></strong></span> <span class='ocrx_word' id='word_1_470' title='bbox 3293 2733 3418 2772; x_wconf 89' lang='lat' dir='ltr'><strong><em>vera</em></strong></span> <span class='ocrx_word' id='word_1_471' title='bbox 3445 2719 3552 2771; x_wconf 92' lang='lat' dir='ltr'><strong><em>sint</em></strong></span> <span class='ocrx_word' id='word_1_472' title='bbox 3587 2731 3710 2787; x_wconf 68' lang='lat' dir='ltr'><strong><em>quae</em></strong></span> <span class='ocrx_word' id='word_1_473' title='bbox 3737 2715 3806 2770; x_wconf 85' lang='lat' dir='ltr'><strong><em>de</em></strong></span> 
     </span>
    </p>
   </div>
   <div class='ocr_carea' id='block_1_73' title="bbox 2237 2806 3808 2880">
    <p class='ocr_par' dir='ltr' id='par_1_73' title="bbox 2237 2806 3808 2880">
     <span class='ocr_line' id='line_1_73' title="bbox 2237 2806 3808 2880; baseline -0.001 -19"><span class='ocrx_word' id='word_1_474' title='bbox 2237 2806 2546 2880; x_wconf 81' lang='lat' dir='ltr'><strong><em>Symmachi</em></strong></span> <span class='ocrx_word' id='word_1_475' title='bbox 2587 2825 2710 2864; x_wconf 93' lang='lat' dir='ltr'><strong><em>cum</em></strong></span> <span class='ocrx_word' id='word_1_476' title='bbox 2761 2807 3118 2864; x_wconf 88' lang='lat' dir='ltr'><strong><em>Samaritanis</em></strong></span> <span class='ocrx_word' id='word_1_477' title='bbox 3181 2808 3410 2864; x_wconf 91' lang='lat' dir='ltr'><strong><em>dissidio</em></strong></span> <span class='ocrx_word' id='word_1_478' title='bbox 3461 2819 3648 2863; x_wconf 86' lang='lat' dir='ltr'><strong><em>narrat</em></strong></span> <span class='ocrx_word' id='word_1_479' title='bbox 3675 2806 3808 2876; x_wconf 82' lang='lat' dir='ltr'><strong><em>Epi-</em></strong></span> 
     </span>
    </p>
   </div>
   <div class='ocr_carea' id='block_1_74' title="bbox 2235 2900 3803 2970">
    <p class='ocr_par' dir='ltr' id='par_1_74' title="bbox 2235 2900 3803 2970">
     <span class='ocr_line' id='line_1_74' title="bbox 2235 2900 3803 2970; baseline -0.001 -16"><span class='ocrx_word' id='word_1_480' title='bbox 2235 2901 2470 2970; x_wconf 90' lang='lat' dir='ltr'><strong><em>phanius</em></strong></span> <span class='ocrx_word' id='word_1_481' title='bbox 2495 2919 2509 2955; x_wconf 91' lang='lat'>:</span> <span class='ocrx_word' id='word_1_482' title='bbox 2538 2917 2663 2954; x_wconf 90' lang='lat' dir='ltr'><strong><em>nam</em></strong></span> <span class='ocrx_word' id='word_1_483' title='bbox 2689 2901 2809 2970; x_wconf 82' lang='lat' dir='ltr'><strong><em>ejus</em></strong></span> <span class='ocrx_word' id='word_1_484' title='bbox 2836 2901 3144 2956; x_wconf 87' lang='lat' dir='ltr'><strong><em>testimonio</em></strong></span> <span class='ocrx_word' id='word_1_485' title='bbox 3171 2918 3276 2956; x_wconf 94' lang='lat' dir='ltr'><strong><em>non</em></strong></span> <span class='ocrx_word' id='word_1_486' title='bbox 3303 2901 3530 2955; x_wconf 91' lang='lat' dir='ltr'><strong><em>multum</em></strong></span> <span class='ocrx_word' id='word_1_487' title='bbox 3558 2900 3803 2954; x_wconf 82' lang='lat' dir='ltr'><strong><em>ﬁdimus.</em></strong></span> 
     </span>
    </p>
   </div>
   <div class='ocr_carea' id='block_1_75' title="bbox 2236 2992 3806 3062">
    <p class='ocr_par' dir='ltr' id='par_1_75' title="bbox 2236 2992 3806 3062">
     <span class='ocr_line' id='line_1_75' title="bbox 2236 2992 3806 3062; baseline 0.001 -17"><span class='ocrx_word' id='word_1_488' title='bbox 2236 2993 2304 3047; x_wconf 89' lang='lat' dir='ltr'><strong><em>At</em></strong></span> <span class='ocrx_word' id='word_1_489' title='bbox 2337 3009 2448 3047; x_wconf 90' lang='lat' dir='ltr'><strong><em>non</em></strong></span> <span class='ocrx_word' id='word_1_490' title='bbox 2480 2993 2678 3048; x_wconf 89' lang='lat' dir='ltr'><strong><em>desunt</em></strong></span> <span class='ocrx_word' id='word_1_491' title='bbox 2706 2993 2810 3046; x_wconf 91' lang='lat' dir='ltr'><strong><em>alia</em></strong></span> <span class='ocrx_word' id='word_1_492' title='bbox 2841 3001 3180 3062; x_wconf 86' lang='lat' dir='ltr'><strong><em>argumenta,</em></strong></span> <span class='ocrx_word' id='word_1_493' title='bbox 3216 2993 3413 3062; x_wconf 88' lang='lat' dir='ltr'><strong><em>quibus</em></strong></span> <span class='ocrx_word' id='word_1_494' title='bbox 3444 2992 3497 3047; x_wconf 91' lang='lat' dir='ltr'><strong><em>id</em></strong></span> <span class='ocrx_word' id='word_1_495' title='bbox 3521 3007 3806 3046; x_wconf 87' lang='lat' dir='ltr'><strong><em>common-</em></strong></span> 
     </span>
    </p>
   </div>
   <div class='ocr_carea' id='block_1_76' title="bbox 2239 3083 3804 3153">
    <p class='ocr_par' dir='ltr' id='par_1_76' title="bbox 2239 3083 3804 3153">
     <span class='ocr_line' id='line_1_76' title="bbox 2239 3083 3804 3153; baseline 0 -15"><span class='ocrx_word' id='word_1_496' title='bbox 2239 3092 2472 3151; x_wconf 88' lang='lat' dir='ltr'><strong><em>stretur;</em></strong></span> <span class='ocrx_word' id='word_1_497' title='bbox 2521 3100 2646 3139; x_wconf 88' lang='lat' dir='ltr'><strong><em>nam</em></strong></span> <span class='ocrx_word' id='word_1_498' title='bbox 2702 3101 2766 3138; x_wconf 87' lang='lat' dir='ltr'><strong><em>ex</em></strong></span> <span class='ocrx_word' id='word_1_499' title='bbox 2815 3084 2948 3153; x_wconf 85' lang='lat' dir='ltr'><strong><em>ipsis</em></strong></span> <span class='ocrx_word' id='word_1_500' title='bbox 2997 3083 3349 3139; x_wconf 70' lang='lat' dir='ltr'><strong><em>Samaritana:</em></strong></span> <span class='ocrx_word' id='word_1_501' title='bbox 3395 3085 3650 3138; x_wconf 90' lang='lat' dir='ltr'><strong><em>editionis</em></strong></span> <span class='ocrx_word' id='word_1_502' title='bbox 3692 3085 3804 3138; x_wconf 89' lang='lat' dir='ltr'><strong><em>fra-</em></strong></span> 
     </span>
    </p>
   </div>
   <div class='ocr_carea' id='block_1_77' title="bbox 2163 3148 3802 3246">
    <p class='ocr_par' dir='ltr' id='par_1_77' title="bbox 2163 3148 3802 3246">
     <span class='ocr_line' id='line_1_77' title="bbox 2163 3148 3802 3246; baseline 0.001 -20"><span class='ocrx_word' id='word_1_503' title='bbox 2163 3148 2204 3206; x_wconf 78' lang='lat' dir='ltr'><strong><em>C</em></strong></span> <span class='ocrx_word' id='word_1_504' title='bbox 2239 3177 2471 3243; x_wconf 87' lang='lat' dir='ltr'><strong><em>gmentis</em></strong></span> <span class='ocrx_word' id='word_1_505' title='bbox 2498 3177 2766 3244; x_wconf 85' lang='lat' dir='ltr'><strong><em>arguitur,</em></strong></span> <span class='ocrx_word' id='word_1_506' title='bbox 2793 3193 2854 3230; x_wconf 90' lang='lat' dir='ltr'><strong><em>ea</em></strong></span> <span class='ocrx_word' id='word_1_507' title='bbox 2885 3191 2952 3230; x_wconf 82' lang='lat' dir='ltr'><strong><em>ex</em></strong></span> <span class='ocrx_word' id='word_1_508' title='bbox 2991 3178 3170 3246; x_wconf 90' lang='lat' dir='ltr'><strong><em>aliqua</em></strong></span> <span class='ocrx_word' id='word_1_509' title='bbox 3215 3176 3565 3230; x_wconf 88' lang='lat' dir='ltr'><strong><em>translatione</em></strong></span> <span class='ocrx_word' id='word_1_510' title='bbox 3612 3174 3802 3229; x_wconf 74' lang='lat' dir='ltr'><strong><em>Graeca</em></strong></span> 
     </span>
    </p>
   </div>
   <div class='ocr_carea' id='block_1_78' title="bbox 2236 3267 3805 3337">
    <p class='ocr_par' dir='ltr' id='par_1_78' title="bbox 2236 3267 3805 3337">
     <span class='ocr_line' id='line_1_78' title="bbox 2236 3267 3805 3337; baseline 0.001 -17"><span class='ocrx_word' id='word_1_511' title='bbox 2236 3267 2522 3337; x_wconf 88' lang='lat' dir='ltr'><strong><em>desumpta</em></strong></span> <span class='ocrx_word' id='word_1_512' title='bbox 2577 3268 2747 3323; x_wconf 91' lang='lat' dir='ltr'><strong><em>fuisse</em></strong></span> <span class='ocrx_word' id='word_1_513' title='bbox 2802 3289 2814 3322; x_wconf 95' lang='lat'>:</span> <span class='ocrx_word' id='word_1_514' title='bbox 2873 3269 3129 3323; x_wconf 90' lang='lat' dir='ltr'><strong><em>nimirum</em></strong></span> <span class='ocrx_word' id='word_1_515' title='bbox 3179 3268 3346 3324; x_wconf 86' lang='lat' dir='ltr'><strong><em>Exodi</em></strong></span> <span class='ocrx_word' id='word_1_516' title='bbox 3394 3284 3586 3334; x_wconf 84' lang='lat' dir='ltr'><strong><em>xxvul,</em></strong></span> <span class='ocrx_word' id='word_1_517' title='bbox 3639 3267 3694 3331; x_wconf 68' lang='grc' dir='ltr'><strong><em>Δ,</em></strong></span> <span class='ocrx_word' id='word_1_518' title='bbox 3749 3275 3805 3322; x_wconf 87' lang='lat' dir='ltr'><strong><em>et</em></strong></span> 
     </span>
    </p>
   </div>
   <div class='ocr_carea' id='block_1_79' title="bbox 2236 3355 3802 3425">
    <p class='ocr_par' dir='ltr' id='par_1_79' title="bbox 2236 3355 3802 3425">
     <span class='ocr_line' id='line_1_79' title="bbox 2236 3355 3802 3425; baseline 0.001 -17"><span class='ocrx_word' id='word_1_519' title='bbox 2236 3355 2410 3410; x_wconf 89' lang='lat' dir='ltr'><strong><em>Levit.</em></strong></span> <span class='ocrx_word' id='word_1_520' title='bbox 2447 3371 2566 3423; x_wconf 84' lang='lat' dir='ltr'><strong><em>Vltl,</em></strong></span> <span class='ocrx_word' id='word_1_521' title='bbox 2599 3358 2654 3425; x_wconf 88' lang='lat'><strong><em>9,</em></strong></span> <span class='ocrx_word' id='word_1_522' title='bbox 2684 3373 2789 3411; x_wconf 86' lang='lat' dir='ltr'><strong><em>vox</em></strong></span> <span class='ocrx_word' id='word_1_523' title='bbox 2835 3357 3098 3412; x_wconf 88' lang='lat' dir='ltr'><strong><em>Hebraica</em></strong></span> <span class='ocrx_word' id='word_1_524' title='bbox 3142 3367 3358 3420; x_wconf 62' lang='lat'><strong><em>1133273,</em></strong></span> <span class='ocrx_word' id='word_1_525' title='bbox 3402 3359 3585 3423; x_wconf 86' lang='lat' dir='ltr'><strong><em>mitra,</em></strong></span> <span class='ocrx_word' id='word_1_526' title='bbox 3627 3357 3706 3412; x_wconf 90' lang='lat' dir='ltr'><strong><em>sic</em></strong></span> <span class='ocrx_word' id='word_1_527' title='bbox 3747 3358 3802 3410; x_wconf 90' lang='lat' dir='ltr'><strong><em>in</em></strong></span> 
     </span>
    </p>
   </div>
   <div class='ocr_carea' id='block_1_80' title="bbox 2237 3446 3797 3520">
    <p class='ocr_par' dir='ltr' id='par_1_80' title="bbox 2237 3446 3797 3520">
     <span class='ocr_line' id='line_1_80' title="bbox 2237 3446 3797 3520; baseline 0.002 -20"><span class='ocrx_word' id='word_1_528' title='bbox 2237 3446 2581 3503; x_wconf 88' lang='lat' dir='ltr'><strong><em>Samaritana</em></strong></span> <span class='ocrx_word' id='word_1_529' title='bbox 2632 3450 2885 3504; x_wconf 86' lang='lat' dir='ltr'><strong><em>versione</em></strong></span> <span class='ocrx_word' id='word_1_530' title='bbox 2941 3451 3281 3519; x_wconf 83' lang='lat' dir='ltr'><strong><em>exprimitur,</em></strong></span> <span class='ocrx_word' id='word_1_531' title='bbox 3328 3450 3540 3520; x_wconf 79' lang='grc' dir='ltr'><strong><em>πήλιον,</em></strong></span> <span class='ocrx_word' id='word_1_532' title='bbox 3578 3451 3797 3518; x_wconf 73' lang='grc' dir='ltr'>ρὶιεωηι.</span> 
     </span>
    </p>
   </div>
   <div class='ocr_carea' id='block_1_81' title="bbox 2235 3539 3804 3612">
    <p class='ocr_par' dir='ltr' id='par_1_81' title="bbox 2235 3539 3804 3612">
     <span class='ocr_line' id='line_1_81' title="bbox 2235 3539 3804 3612; baseline 0.002 -19"><span class='ocrx_word' id='word_1_533' title='bbox 2235 3539 2353 3594; x_wconf 77' lang='lat' dir='ltr'><strong><em>Vox</em></strong></span> <span class='ocrx_word' id='word_1_534' title='bbox 2377 3550 2557 3595; x_wconf 90' lang='lat' dir='ltr'><strong><em>autem</em></strong></span> <span class='ocrx_word' id='word_1_535' title='bbox 2584 3541 2774 3612; x_wconf 82' lang='grc' dir='ltr'><strong><em>πήλιος</em></strong></span> <span class='ocrx_word' id='word_1_536' title='bbox 2805 3550 2898 3596; x_wconf 92' lang='lat' dir='ltr'><strong><em>aut</em></strong></span> <span class='ocrx_word' id='word_1_537' title='bbox 2927 3540 3122 3608; x_wconf 79' lang='grc' dir='ltr'><strong><em>πίλιος,</em></strong></span> <span class='ocrx_word' id='word_1_538' title='bbox 3153 3557 3276 3595; x_wconf 91' lang='lat' dir='ltr'><strong><em>nam</em></strong></span> <span class='ocrx_word' id='word_1_539' title='bbox 3308 3542 3541 3611; x_wconf 90' lang='lat' dir='ltr'><strong><em>idipsum</em></strong></span> <span class='ocrx_word' id='word_1_540' title='bbox 3569 3549 3673 3605; x_wconf 90' lang='lat' dir='ltr'><strong><em>est,</em></strong></span> <span class='ocrx_word' id='word_1_541' title='bbox 3704 3555 3804 3610; x_wconf 91' lang='lat' dir='ltr'><strong><em>pro</em></strong></span> 
     </span>
    </p>
   </div>
   <div class='ocr_carea' id='block_1_82' title="bbox 2233 3632 3798 3703">
    <p class='ocr_par' dir='ltr' id='par_1_82' title="bbox 2233 3632 3798 3703">
     <span class='ocr_line' id='line_1_82' title="bbox 2233 3632 3798 3703; baseline 0.001 -18"><span class='ocrx_word' id='word_1_542' title='bbox 2233 3633 2421 3702; x_wconf 84' lang='lat' dir='ltr'><strong><em>pileus,</em></strong></span> <span class='ocrx_word' id='word_1_543' title='bbox 2469 3633 2580 3702; x_wconf 91' lang='lat' dir='ltr'><strong><em>jam</em></strong></span> <span class='ocrx_word' id='word_1_544' title='bbox 2630 3650 2660 3687; x_wconf 86' lang='lat' dir='ltr'><strong><em>a</em></strong></span> <span class='ocrx_word' id='word_1_545' title='bbox 2688 3632 2980 3688; x_wconf 87' lang='lat' dir='ltr'><strong><em>Plutarcho</em></strong></span> <span class='ocrx_word' id='word_1_546' title='bbox 3025 3643 3283 3702; x_wconf 86' lang='lat' dir='ltr'><strong><em>usurpata</em></strong></span> <span class='ocrx_word' id='word_1_547' title='bbox 3328 3634 3748 3703; x_wconf 89' lang='lat' dir='ltr'><strong><em>deprehenditur</em></strong></span> <span class='ocrx_word' id='word_1_548' title='bbox 3784 3652 3798 3687; x_wconf 89' lang='lat'><strong>:</strong></span> 
     </span>
    </p>
   </div>
   <div class='ocr_carea' id='block_1_83' title="bbox 2235 3723 3801 3792">
    <p class='ocr_par' dir='ltr' id='par_1_83' title="bbox 2235 3723 3801 3792">
     <span class='ocr_line' id='line_1_83' title="bbox 2235 3723 3801 3792; baseline 0.001 -16"><span class='ocrx_word' id='word_1_549' title='bbox 2235 3723 2379 3778; x_wconf 90' lang='lat' dir='ltr'><strong><em>unde</em></strong></span> <span class='ocrx_word' id='word_1_550' title='bbox 2401 3723 2706 3792; x_wconf 80' lang='lat' dir='ltr'><strong><em>colligimus</em></strong></span> <span class='ocrx_word' id='word_1_551' title='bbox 2731 3724 2971 3780; x_wconf 63' lang='lat' dir='ltr'><strong><em>Graecam</em></strong></span> <span class='ocrx_word' id='word_1_552' title='bbox 3007 3725 3470 3780; x_wconf 88' lang='lat' dir='ltr'><strong><em>Samaritanorum</em></strong></span> <span class='ocrx_word' id='word_1_553' title='bbox 3495 3728 3801 3780; x_wconf 88' lang='lat' dir='ltr'><strong><em>versionem</em></strong></span> 
     </span>
    </p>
   </div>
   <div class='ocr_carea' id='block_1_84' title="bbox 2235 3815 3802 3887">
    <p class='ocr_par' dir='ltr' id='par_1_84' title="bbox 2235 3815 3802 3887">
     <span class='ocr_line' id='line_1_84' title="bbox 2235 3815 3802 3887; baseline 0.002 -18"><span class='ocrx_word' id='word_1_554' title='bbox 2235 3815 2380 3870; x_wconf 90' lang='lat' dir='ltr'><strong><em>illam</em></strong></span> <span class='ocrx_word' id='word_1_555' title='bbox 2425 3833 2718 3887; x_wconf 89' lang='lat' dir='ltr'><strong><em>usurpasse</em></strong></span> <span class='ocrx_word' id='word_1_556' title='bbox 2767 3833 2863 3886; x_wconf 93' lang='lat' dir='ltr'><strong><em>pro</em></strong></span> <span class='ocrx_word' id='word_1_557' title='bbox 2899 3819 3057 3871; x_wconf 87' lang='lat' dir='ltr'><strong><em>mitra</em></strong></span> <span class='ocrx_word' id='word_1_558' title='bbox 3091 3819 3173 3873; x_wconf 87' lang='lat' dir='ltr'><strong><em>vel</em></strong></span> <span class='ocrx_word' id='word_1_559' title='bbox 3207 3819 3377 3871; x_wconf 86' lang='lat' dir='ltr'><strong><em>cidari</em></strong></span> <span class='ocrx_word' id='word_1_560' title='bbox 3425 3819 3802 3887; x_wconf 85' lang='lat' dir='ltr'><strong><em>exprimenda.</em></strong></span> 
     </span>
    </p>
   </div>
   <div class='ocr_carea' id='block_1_85' title="bbox 2233 3906 3803 3978">
    <p class='ocr_par' dir='ltr' id='par_1_85' title="bbox 2233 3906 3803 3978">
     <span class='ocr_line' id='line_1_85' title="bbox 2233 3906 3803 3978; baseline 0 -17"><span class='ocrx_word' id='word_1_561' title='bbox 2233 3907 2421 3976; x_wconf 85' lang='lat' dir='ltr'><strong><em>Neque</em></strong></span> <span class='ocrx_word' id='word_1_562' title='bbox 2447 3909 2592 3962; x_wconf 89' lang='lat' dir='ltr'><strong><em>enim</em></strong></span> <span class='ocrx_word' id='word_1_563' title='bbox 2628 3908 2950 3978; x_wconf 83' lang='lat' dir='ltr'><strong><em>cogitaverit</em></strong></span> <span class='ocrx_word' id='word_1_564' title='bbox 2975 3909 3242 3976; x_wconf 88' lang='lat' dir='ltr'><strong><em>quispiam</em></strong></span> <span class='ocrx_word' id='word_1_565' title='bbox 3271 3923 3456 3960; x_wconf 90' lang='lat' dir='ltr'><strong><em>vocem</em></strong></span> <span class='ocrx_word' id='word_1_566' title='bbox 3487 3906 3803 3974; x_wconf 80' lang='lat' dir='ltr'><strong><em>hujusmodi</em></strong></span> 
     </span>
    </p>
   </div>
   <div class='ocr_carea' id='block_1_86' title="bbox 2236 3997 3803 4069">
    <p class='ocr_par' dir='ltr' id='par_1_86' title="bbox 2236 3997 3803 4069">
     <span class='ocr_line' id='line_1_86' title="bbox 2236 3997 3803 4069; baseline -0.001 -17"><span class='ocrx_word' id='word_1_567' title='bbox 2236 3998 2701 4054; x_wconf 70' lang='lat' dir='ltr'><strong><em>Latino-Graecam</em></strong></span> <span class='ocrx_word' id='word_1_568' title='bbox 2734 4000 2787 4053; x_wconf 91' lang='lat' dir='ltr'><strong><em>in</em></strong></span> <span class='ocrx_word' id='word_1_569' title='bbox 2813 4000 3063 4055; x_wconf 88' lang='lat' dir='ltr'><strong><em>versione</em></strong></span> <span class='ocrx_word' id='word_1_570' title='bbox 3093 4000 3273 4069; x_wconf 88' lang='lat' dir='ltr'><strong><em>aliqua</em></strong></span> <span class='ocrx_word' id='word_1_571' title='bbox 3301 3997 3803 4053; x_wconf 85' lang='lat' dir='ltr'><strong><em>Samaritano-Vul-</em></strong></span> 
     </span>
    </p>
   </div>
   <div class='ocr_carea' id='block_1_87' title="bbox 2234 4091 3805 4160">
    <p class='ocr_par' dir='ltr' id='par_1_87' title="bbox 2234 4091 3805 4160">
     <span class='ocr_line' id='line_1_87' title="bbox 2234 4091 3805 4160; baseline 0 -16"><span class='ocrx_word' id='word_1_572' title='bbox 2234 4093 2346 4160; x_wconf 89' lang='lat' dir='ltr'><strong><em>gari</em></strong></span> <span class='ocrx_word' id='word_1_573' title='bbox 2397 4093 2652 4146; x_wconf 89' lang='lat' dir='ltr'><strong><em>idiomate</em></strong></span> <span class='ocrx_word' id='word_1_574' title='bbox 2677 4093 3001 4146; x_wconf 76' lang='lat' dir='ltr'><strong><em>concinnata</em></strong></span> <span class='ocrx_word' id='word_1_575' title='bbox 3028 4091 3209 4145; x_wconf 88' lang='lat' dir='ltr'><strong><em>locum</em></strong></span> <span class='ocrx_word' id='word_1_576' title='bbox 3240 4091 3516 4156; x_wconf 87' lang='lat' dir='ltr'><strong><em>habuisse,</em></strong></span> <span class='ocrx_word' id='word_1_577' title='bbox 3547 4106 3672 4145; x_wconf 92' lang='lat' dir='ltr'><strong><em>cum</em></strong></span> <span class='ocrx_word' id='word_1_578' title='bbox 3704 4091 3805 4144; x_wconf 81' lang='lat' dir='ltr'><strong><em>ho—</em></strong></span> 
     </span>
    </p>
   </div>
   <div class='ocr_carea' id='block_1_88' title="bbox 2234 4181 3807 4250">
    <p class='ocr_par' dir='ltr' id='par_1_88' title="bbox 2234 4181 3807 4250">
     <span class='ocr_line' id='line_1_88' title="bbox 2234 4181 3807 4250; baseline 0.001 -16"><span class='ocrx_word' id='word_1_579' title='bbox 2234 4183 2421 4235; x_wconf 90' lang='lat' dir='ltr'><strong><em>dierna</em></strong></span> <span class='ocrx_word' id='word_1_580' title='bbox 2452 4181 2921 4236; x_wconf 83' lang='lat' dir='ltr'><strong><em>Samaritanorum</em></strong></span> <span class='ocrx_word' id='word_1_581' title='bbox 2946 4182 3123 4236; x_wconf 91' lang='lat' dir='ltr'><strong><em>versio</em></strong></span> <span class='ocrx_word' id='word_1_582' title='bbox 3154 4182 3496 4250; x_wconf 87' lang='lat' dir='ltr'><strong><em>perantiqua,</em></strong></span> <span class='ocrx_word' id='word_1_583' title='bbox 3531 4191 3591 4234; x_wconf 95' lang='lat' dir='ltr'><strong><em>ut</em></strong></span> <span class='ocrx_word' id='word_1_584' title='bbox 3618 4182 3807 4236; x_wconf 85' lang='lat' dir='ltr'><strong><em>existi-</em></strong></span> 
     </span>
    </p>
   </div>
   <div class='ocr_carea' id='block_1_89' title="bbox 2234 4275 3801 4347">
    <p class='ocr_par' dir='ltr' id='par_1_89' title="bbox 2234 4275 3801 4347">
     <span class='ocr_line' id='line_1_89' title="bbox 2234 4275 3801 4347; baseline -0.001 -16"><span class='ocrx_word' id='word_1_585' title='bbox 2234 4287 2436 4343; x_wconf 90' lang='lat' dir='ltr'><strong><em>matur,</em></strong></span> <span class='ocrx_word' id='word_1_586' title='bbox 2469 4278 2626 4347; x_wconf 88' lang='lat' dir='ltr'><strong><em>longe</em></strong></span> <span class='ocrx_word' id='word_1_587' title='bbox 2660 4279 2804 4332; x_wconf 90' lang='lat' dir='ltr'><strong><em>aliud</em></strong></span> <span class='ocrx_word' id='word_1_588' title='bbox 2827 4279 3094 4332; x_wconf 87' lang='lat' dir='ltr'><strong><em>exhibeat.</em></strong></span> <span class='ocrx_word' id='word_1_589' title='bbox 3122 4275 3187 4330; x_wconf 87' lang='lat' dir='ltr'><strong><em>Et</em></strong></span> <span class='ocrx_word' id='word_1_590' title='bbox 3211 4275 3382 4330; x_wconf 85' lang='lat' dir='ltr'><strong><em>Exod.</em></strong></span> <span class='ocrx_word' id='word_1_591' title='bbox 3411 4292 3530 4345; x_wconf 91' lang='lat' dir='ltr'><strong><em>cap.</em></strong></span> <span class='ocrx_word' id='word_1_592' title='bbox 3559 4291 3637 4344; x_wconf 84' lang='lat' dir='ltr'><strong><em>vi,</em></strong></span> <span class='ocrx_word' id='word_1_593' title='bbox 3664 4277 3720 4345; x_wconf 67' lang='grc' dir='ltr'><strong><em>Ῡ.</em></strong></span> <span class='ocrx_word' id='word_1_594' title='bbox 3742 4275 3801 4343; x_wconf 75' lang='lat'><strong><em>2,</em></strong></span> 
     </span>
    </p>
   </div>
   <div class='ocr_carea' id='block_1_90' title="bbox 2233 4367 3805 4437">
    <p class='ocr_par' dir='ltr' id='par_1_90' title="bbox 2233 4367 3805 4437">
     <span class='ocr_line' id='line_1_90' title="bbox 2233 4367 3805 4437; baseline 0 -15"><span class='ocrx_word' id='word_1_595' title='bbox 2233 4385 2421 4425; x_wconf 87' lang='lat' dir='ltr'><strong><em>vocem</em></strong></span> <span class='ocrx_word' id='word_1_596' title='bbox 2453 4377 2572 4429; x_wconf 64' lang='lat' dir='ltr'><strong><em>mn?</em></strong></span> <span class='ocrx_word' id='word_1_597' title='bbox 2600 4370 2676 4423; x_wconf 89' lang='lat' dir='ltr'><strong><em>ait</em></strong></span> <span class='ocrx_word' id='word_1_598' title='bbox 2703 4369 3071 4423; x_wconf 83' lang='lat' dir='ltr'><strong><em>Theodoretus</em></strong></span> <span class='ocrx_word' id='word_1_599' title='bbox 3099 4369 3152 4422; x_wconf 92' lang='lat' dir='ltr'><strong><em>in</em></strong></span> <span class='ocrx_word' id='word_1_600' title='bbox 3200 4367 3546 4422; x_wconf 75' lang='lat' dir='ltr'><strong><em>Samaritana</em></strong></span> <span class='ocrx_word' id='word_1_601' title='bbox 3571 4369 3805 4437; x_wconf 83' lang='lat' dir='ltr'><strong><em>exprimi</em></strong></span> 
     </span>
    </p>
   </div>
   <div class='ocr_carea' id='block_1_91' title="bbox 560 4460 3804 4551">
    <p class='ocr_par' dir='ltr' id='par_1_91' title="bbox 560 4460 3804 4551">
     <span class='ocr_line' id='line_1_91' title="bbox 560 4460 3804 4551; baseline 0 -37"><span class='ocrx_word' id='word_1_602' title='bbox 560 4461 822 4517; x_wconf 90' lang='lat' dir='ltr'><strong><em>lectiones</em></strong></span> <span class='ocrx_word' id='word_1_603' title='bbox 855 4463 974 4518; x_wconf 87' lang='lat' dir='ltr'><strong><em>illas</em></strong></span> <span class='ocrx_word' id='word_1_604' title='bbox 1019 4463 1346 4518; x_wconf 89' lang='lat' dir='ltr'><strong><em>Samaritani</em></strong></span> <span class='ocrx_word' id='word_1_605' title='bbox 1382 4465 1435 4517; x_wconf 91' lang='lat' dir='ltr'><strong><em>in</em></strong></span> <span class='ocrx_word' id='word_1_606' title='bbox 1477 4465 1722 4534; x_wconf 89' lang='lat' dir='ltr'><strong><em>margine</em></strong></span> <span class='ocrx_word' id='word_1_607' title='bbox 1764 4461 2126 4530; x_wconf 86' lang='lat' dir='ltr'><strong><em>Hexaplorum</em></strong></span> <span class='ocrx_word' id='word_1_608' title='bbox 2163 4498 2205 4551; x_wconf 70' lang='lat' dir='ltr'>D</span> <span class='ocrx_word' id='word_1_609' title='bbox 2240 4465 2382 4528; x_wconf 80' lang='lat' dir='ltr'><strong><em>ta6é,</em></strong></span> <span class='ocrx_word' id='word_1_610' title='bbox 2418 4463 2546 4532; x_wconf 83' lang='lat' dir='ltr'><strong><em>quia</em></strong></span> <span class='ocrx_word' id='word_1_611' title='bbox 2585 4463 2833 4516; x_wconf 87' lang='lat' dir='ltr'><strong><em>videlicet</em></strong></span> <span class='ocrx_word' id='word_1_612' title='bbox 2863 4462 2943 4515; x_wconf 89' lang='lat' dir='ltr'><strong><em>sic</em></strong></span> <span class='ocrx_word' id='word_1_613' title='bbox 2975 4461 3119 4514; x_wconf 89' lang='lat' dir='ltr'><strong><em>illam</em></strong></span> <span class='ocrx_word' id='word_1_614' title='bbox 3147 4470 3490 4530; x_wconf 87' lang='lat' dir='ltr'><strong><em>expresserat</em></strong></span> <span class='ocrx_word' id='word_1_615' title='bbox 3526 4460 3621 4530; x_wconf 90' lang='lat' dir='ltr'><strong><em>qui</em></strong></span> <span class='ocrx_word' id='word_1_616' title='bbox 3650 4460 3804 4514; x_wconf 58' lang='lat' dir='ltr'><strong><em>Grai-</em></strong></span> 
     </span>
    </p>
   </div>
   <div class='ocr_carea' id='block_1_92' title="bbox 560 4551 2125 4625">
    <p class='ocr_par' dir='ltr' id='par_1_92' title="bbox 560 4551 2125 4625">
     <span class='ocr_line' id='line_1_92' title="bbox 560 4551 2125 4625; baseline -0.003 -16"><span class='ocrx_word' id='word_1_617' title='bbox 560 4555 830 4624; x_wconf 88' lang='lat' dir='ltr'><strong><em>posuisse.</em></strong></span> <span class='ocrx_word' id='word_1_618' title='bbox 881 4553 1026 4610; x_wconf 85' lang='lat' dir='ltr'><strong><em>Idem</em></strong></span> <span class='ocrx_word' id='word_1_619' title='bbox 1075 4572 1237 4625; x_wconf 88' lang='lat' dir='ltr'><strong><em>porro</em></strong></span> <span class='ocrx_word' id='word_1_620' title='bbox 1281 4557 1570 4611; x_wconf 89' lang='lat' dir='ltr'><strong><em>dicendum</em></strong></span> <span class='ocrx_word' id='word_1_621' title='bbox 1600 4557 1812 4609; x_wconf 89' lang='lat' dir='ltr'><strong><em>videtur</em></strong></span> <span class='ocrx_word' id='word_1_622' title='bbox 1855 4556 1921 4608; x_wconf 90' lang='lat' dir='ltr'><strong><em>de</em></strong></span> <span class='ocrx_word' id='word_1_623' title='bbox 1966 4551 2125 4623; x_wconf 86' lang='lat' dir='ltr'><strong><em>Syro,</em></strong></span> 
     </span>
    </p>
   </div>
   <div class='ocr_carea' id='block_1_93' title="bbox 559 4644 2126 4720">
    <p class='ocr_par' dir='ltr' id='par_1_93' title="bbox 559 4644 2126 4720">
     <span class='ocr_line' id='line_1_93' title="bbox 559 4644 2126 4720; baseline -0.003 -18"><span class='ocrx_word' id='word_1_624' title='bbox 559 4648 719 4717; x_wconf 91' lang='lat' dir='ltr'><strong><em>cujus</em></strong></span> <span class='ocrx_word' id='word_1_625' title='bbox 746 4649 1214 4717; x_wconf 90' lang='lat' dir='ltr'><strong><em>interpretationes</em></strong></span> <span class='ocrx_word' id='word_1_626' title='bbox 1237 4650 1441 4720; x_wconf 89' lang='lat' dir='ltr'><strong><em>passim</em></strong></span> <span class='ocrx_word' id='word_1_627' title='bbox 1467 4646 1882 4717; x_wconf 70' lang='lat' dir='ltr'><strong><em>reperiunturin</em></strong></span> <span class='ocrx_word' id='word_1_628' title='bbox 1909 4644 2126 4710; x_wconf 88' lang='lat' dir='ltr'><strong><em>Genesi,</em></strong></span> 
     </span>
    </p>
   </div>
   <div class='ocr_carea' id='block_1_94' title="bbox 559 4738 2125 4806">
    <p class='ocr_par' dir='ltr' id='par_1_94' title="bbox 559 4738 2125 4806">
     <span class='ocr_line' id='line_1_94' title="bbox 559 4738 2125 4806; baseline -0.002 -11"><span class='ocrx_word' id='word_1_629' title='bbox 559 4752 613 4795; x_wconf 91' lang='lat' dir='ltr'><strong><em>et</em></strong></span> <span class='ocrx_word' id='word_1_630' title='bbox 648 4739 855 4806; x_wconf 79' lang='lat' dir='ltr'><strong><em>Exodo,</em></strong></span> <span class='ocrx_word' id='word_1_631' title='bbox 889 4741 943 4794; x_wconf 91' lang='lat' dir='ltr'><strong><em>in</em></strong></span> <span class='ocrx_word' id='word_1_632' title='bbox 974 4740 1206 4796; x_wconf 90' lang='lat' dir='ltr'><strong><em>Psalmis</em></strong></span> <span class='ocrx_word' id='word_1_633' title='bbox 1235 4743 1384 4805; x_wconf 85' lang='lat' dir='ltr'><strong><em>item,</em></strong></span> <span class='ocrx_word' id='word_1_634' title='bbox 1419 4741 1472 4793; x_wconf 90' lang='lat' dir='ltr'><strong><em>in</em></strong></span> <span class='ocrx_word' id='word_1_635' title='bbox 1502 4740 1758 4802; x_wconf 82' lang='lat' dir='ltr'><strong><em>Jeremia,</em></strong></span> <span class='ocrx_word' id='word_1_636' title='bbox 1791 4740 1843 4792; x_wconf 92' lang='lat' dir='ltr'><strong><em>in</em></strong></span> <span class='ocrx_word' id='word_1_637' title='bbox 1874 4738 2125 4804; x_wconf 86' lang='lat' dir='ltr'><strong><em>Threnis;</em></strong></span> 
     </span>
    </p>
   </div>
   <div class='ocr_carea' id='block_1_95' title="bbox 557 4828 2128 4904">
    <p class='ocr_par' dir='ltr' id='par_1_95' title="bbox 557 4828 2128 4904">
     <span class='ocr_line' id='line_1_95' title="bbox 557 4828 2128 4904; baseline -0.001 -19"><span class='ocrx_word' id='word_1_638' title='bbox 557 4833 702 4904; x_wconf 89' lang='lat' dir='ltr'><strong><em>apud</em></strong></span> <span class='ocrx_word' id='word_1_639' title='bbox 751 4833 1081 4887; x_wconf 84' lang='lat' dir='ltr'><strong><em>Ezechielem</em></strong></span> <span class='ocrx_word' id='word_1_640' title='bbox 1135 4836 1322 4896; x_wconf 90' lang='lat' dir='ltr'><strong><em>etiam,</em></strong></span> <span class='ocrx_word' id='word_1_641' title='bbox 1376 4833 1649 4886; x_wconf 89' lang='lat' dir='ltr'><strong><em>Danielem</em></strong></span> <span class='ocrx_word' id='word_1_642' title='bbox 1698 4841 1750 4884; x_wconf 91' lang='lat' dir='ltr'><strong><em>et</em></strong></span> <span class='ocrx_word' id='word_1_643' title='bbox 1793 4828 1952 4884; x_wconf 91' lang='lat' dir='ltr'><strong><em>Osce.</em></strong></span> <span class='ocrx_word' id='word_1_644' title='bbox 2005 4828 2128 4899; x_wconf 89' lang='lat' dir='ltr'><strong><em>Syri</em></strong></span> 
     </span>
    </p>
   </div>
   <div class='ocr_carea' id='block_1_96' title="bbox 558 4923 2129 4995">
    <p class='ocr_par' dir='ltr' id='par_1_96' title="bbox 558 4923 2129 4995">
     <span class='ocr_line' id='line_1_96' title="bbox 558 4923 2129 4995; baseline -0.003 -17"><span class='ocrx_word' id='word_1_645' title='bbox 558 4941 723 4995; x_wconf 87' lang='lat' dir='ltr'><strong><em>porro</em></strong></span> <span class='ocrx_word' id='word_1_646' title='bbox 755 4926 1011 4981; x_wconf 87' lang='lat' dir='ltr'><strong><em>lectiones</em></strong></span> <span class='ocrx_word' id='word_1_647' title='bbox 1042 4927 1342 4980; x_wconf 79' lang='lat' dir='ltr'><strong><em>aﬂ&#39;eruntur</em></strong></span> <span class='ocrx_word' id='word_1_648' title='bbox 1370 4926 1438 4978; x_wconf 91' lang='lat' dir='ltr'><strong><em>ab</em></strong></span> <span class='ocrx_word' id='word_1_649' title='bbox 1465 4925 1698 4978; x_wconf 90' lang='lat' dir='ltr'><strong><em>Eusebio</em></strong></span> <span class='ocrx_word' id='word_1_650' title='bbox 1723 4923 2068 4985; x_wconf 76' lang='lat' dir='ltr'><strong><em>Caesariensi,</em></strong></span> <span class='ocrx_word' id='word_1_651' title='bbox 2098 4936 2129 4973; x_wconf 93' lang='lat' dir='ltr'><strong><em>a</em></strong></span> 
     </span>
    </p>
   </div>
   <div class='ocr_carea' id='block_1_97' title="bbox 559 5015 2124 5088">
    <p class='ocr_par' dir='ltr' id='par_1_97' title="bbox 559 5015 2124 5088">
     <span class='ocr_line' id='line_1_97' title="bbox 559 5015 2124 5088; baseline -0.004 -17"><span class='ocrx_word' id='word_1_652' title='bbox 559 5019 794 5074; x_wconf 90' lang='lat' dir='ltr'><strong><em>Diodoro</em></strong></span> <span class='ocrx_word' id='word_1_653' title='bbox 814 5017 1066 5074; x_wconf 84' lang='lat' dir='ltr'><strong><em>Tarsensi</em></strong></span> <span class='ocrx_word' id='word_1_654' title='bbox 1092 5019 1462 5088; x_wconf 84' lang='lat' dir='ltr'><strong><em>frequentius;</em></strong></span> <span class='ocrx_word' id='word_1_655' title='bbox 1496 5018 1564 5070; x_wconf 89' lang='lat' dir='ltr'><strong><em>ab</em></strong></span> <span class='ocrx_word' id='word_1_656' title='bbox 1594 5015 1826 5071; x_wconf 86' lang='lat' dir='ltr'><strong><em>Eusebio</em></strong></span> <span class='ocrx_word' id='word_1_657' title='bbox 1849 5015 2124 5078; x_wconf 88' lang='lat' dir='ltr'><strong><em>Emiseno,</em></strong></span> 
     </span>
    </p>
   </div>
   <div class='ocr_carea' id='block_1_98' title="bbox 558 5107 2124 5184">
    <p class='ocr_par' dir='ltr' id='par_1_98' title="bbox 558 5107 2124 5184">
     <span class='ocr_line' id='line_1_98' title="bbox 558 5107 2124 5184; baseline -0.005 -19"><span class='ocrx_word' id='word_1_658' title='bbox 558 5111 907 5184; x_wconf 86' lang='lat' dir='ltr'><strong><em>Hieronymo,</em></strong></span> <span class='ocrx_word' id='word_1_659' title='bbox 925 5110 1264 5166; x_wconf 88' lang='lat' dir='ltr'><strong><em>Theodoreto</em></strong></span> <span class='ocrx_word' id='word_1_660' title='bbox 1290 5120 1342 5163; x_wconf 94' lang='lat' dir='ltr'><strong><em>et</em></strong></span> <span class='ocrx_word' id='word_1_661' title='bbox 1369 5111 1509 5164; x_wconf 90' lang='lat' dir='ltr'><strong><em>aliis.</em></strong></span> <span class='ocrx_word' id='word_1_662' title='bbox 1535 5110 1798 5176; x_wconf 86' lang='lat' dir='ltr'><strong><em>Quodque</em></strong></span> <span class='ocrx_word' id='word_1_663' title='bbox 1825 5107 2124 5160; x_wconf 90' lang='lat' dir='ltr'><strong><em>notandum</em></strong></span> 
     </span>
    </p>
   </div>
   <div class='ocr_carea' id='block_1_99' title="bbox 556 5194 2128 5267">
    <p class='ocr_par' dir='ltr' id='par_1_99' title="bbox 556 5194 2128 5267">
     <span class='ocr_line' id='line_1_99' title="bbox 556 5194 2128 5267; baseline -0.003 -15"><span class='ocrx_word' id='word_1_664' title='bbox 556 5209 660 5264; x_wconf 84' lang='lat' dir='ltr'><strong><em>est,</em></strong></span> <span class='ocrx_word' id='word_1_665' title='bbox 704 5199 866 5253; x_wconf 85' lang='lat' dir='ltr'><strong><em>iidem</em></strong></span> <span class='ocrx_word' id='word_1_666' title='bbox 914 5199 1259 5267; x_wconf 82' lang='lat' dir='ltr'><strong><em>maximeque</em></strong></span> <span class='ocrx_word' id='word_1_667' title='bbox 1303 5197 1593 5261; x_wconf 89' lang='lat' dir='ltr'><strong><em>Diodorus,</em></strong></span> <span class='ocrx_word' id='word_1_668' title='bbox 1627 5197 1822 5266; x_wconf 89' lang='lat' dir='ltr'><strong><em>Syrum</em></strong></span> <span class='ocrx_word' id='word_1_669' title='bbox 1861 5211 1984 5248; x_wconf 84' lang='lat' dir='ltr'><strong><em>eum</em></strong></span> <span class='ocrx_word' id='word_1_670' title='bbox 2023 5194 2128 5248; x_wconf 90' lang='lat' dir='ltr'><strong><em>He-</em></strong></span> 
     </span>
    </p>
   </div>
   <div class='ocr_carea' id='block_1_100' title="bbox 556 5285 2126 5360">
    <p class='ocr_par' dir='ltr' id='par_1_100' title="bbox 556 5285 2126 5360">
     <span class='ocr_line' id='line_1_100' title="bbox 556 5285 2126 5360; baseline -0.004 -17"><span class='ocrx_word' id='word_1_671' title='bbox 556 5291 702 5344; x_wconf 68' lang='lat' dir='ltr'><strong><em>brato</em></strong></span> <span class='ocrx_word' id='word_1_672' title='bbox 746 5305 888 5360; x_wconf 56' lang='lat' dir='ltr'><strong><em>saepe</em></strong></span> <span class='ocrx_word' id='word_1_673' title='bbox 927 5290 1266 5359; x_wconf 87' lang='lat' dir='ltr'><strong><em>conjungunt</em></strong></span> <span class='ocrx_word' id='word_1_674' title='bbox 1295 5289 1395 5342; x_wconf 90' lang='lat' dir='ltr'><strong><em>hoc</em></strong></span> <span class='ocrx_word' id='word_1_675' title='bbox 1431 5296 1618 5356; x_wconf 79' lang='lat' dir='ltr'><strong><em>pacto,</em></strong></span> <span class='ocrx_word' id='word_1_676' title='bbox 1661 5287 1718 5340; x_wconf 79' lang='grc' dir='ltr'>ὐ</span> <span class='ocrx_word' id='word_1_677' title='bbox 1761 5285 1928 5356; x_wconf 86' lang='grc' dir='ltr'>Σύρος</span> <span class='ocrx_word' id='word_1_678' title='bbox 1976 5287 2070 5338; x_wconf 71' lang='grc' dir='ltr'>καὶ</span> <span class='ocrx_word' id='word_1_679' title='bbox 2097 5288 2126 5338; x_wconf 83' lang='grc' dir='ltr'><em>ὁ</em></span> 
     </span>
    </p>
   </div>
   <div class='ocr_carea' id='block_1_101' title="bbox 567 5378 2124 5452">
    <p class='ocr_par' dir='ltr' id='par_1_101' title="bbox 567 5378 2124 5452">
     <span class='ocr_line' id='line_1_101' title="bbox 567 5378 2124 5452; baseline -0.002 -19"><span class='ocrx_word' id='word_1_680' title='bbox 567 5380 834 5452; x_wconf 78' lang='grc' dir='ltr'><strong><em>Ἐϐραῖος,</em></strong></span> <span class='ocrx_word' id='word_1_681' title='bbox 877 5382 981 5444; x_wconf 89' lang='lat' dir='ltr'><strong><em>vel,</em></strong></span> <span class='ocrx_word' id='word_1_682' title='bbox 1043 5381 1101 5432; x_wconf 83' lang='grc' dir='ltr'>Ὀ</span> <span class='ocrx_word' id='word_1_683' title='bbox 1159 5380 1404 5450; x_wconf 78' lang='grc' dir='ltr'><strong><em>Ἐϐραῖος</em></strong></span> <span class='ocrx_word' id='word_1_684' title='bbox 1449 5379 1543 5429; x_wconf 77' lang='grc' dir='ltr'><strong><em>καὶ</em></strong></span> <span class='ocrx_word' id='word_1_685' title='bbox 1593 5379 1622 5428; x_wconf 87' lang='grc' dir='ltr'><strong>ὁ</strong></span> <span class='ocrx_word' id='word_1_686' title='bbox 1670 5378 1861 5448; x_wconf 75' lang='grc' dir='ltr'><strong><em>Σύρθς,</em></strong></span> <span class='ocrx_word' id='word_1_687' title='bbox 1905 5378 2124 5445; x_wconf 87' lang='lat' dir='ltr'><strong><em>quando</em></strong></span> 
     </span>
    </p>
   </div>
   <div class='ocr_carea' id='block_1_102' title="bbox 556 5469 2124 5539">
    <p class='ocr_par' dir='ltr' id='par_1_102' title="bbox 556 5469 2124 5539">
     <span class='ocr_line' id='line_1_102' title="bbox 556 5469 2124 5539; baseline -0.001 -15"><span class='ocrx_word' id='word_1_688' title='bbox 556 5473 761 5526; x_wconf 84' lang='lat' dir='ltr'><strong><em>scilicet</em></strong></span> <span class='ocrx_word' id='word_1_689' title='bbox 783 5473 1070 5527; x_wconf 88' lang='lat' dir='ltr'><strong><em>amborum</em></strong></span> <span class='ocrx_word' id='word_1_690' title='bbox 1098 5471 1569 5539; x_wconf 83' lang='lat' dir='ltr'><strong><em>interpretationes</em></strong></span> <span class='ocrx_word' id='word_1_691' title='bbox 1597 5469 1948 5532; x_wconf 89' lang='lat' dir='ltr'><strong><em>conveniunt,</em></strong></span> <span class='ocrx_word' id='word_1_692' title='bbox 1977 5470 2124 5536; x_wconf 90' lang='lat' dir='ltr'><strong><em>quod</em></strong></span> 
     </span>
    </p>
   </div>
   <div class='ocr_carea' id='block_1_103' title="bbox 554 5559 2124 5631">
    <p class='ocr_par' dir='ltr' id='par_1_103' title="bbox 554 5559 2124 5631">
     <span class='ocr_line' id='line_1_103' title="bbox 554 5559 2124 5631; baseline -0.001 -15"><span class='ocrx_word' id='word_1_693' title='bbox 554 5576 699 5630; x_wconf 68' lang='lat' dir='ltr'><strong><em>saepe</em></strong></span> <span class='ocrx_word' id='word_1_694' title='bbox 740 5563 1026 5631; x_wconf 84' lang='lat' dir='ltr'><strong><em>contingit.</em></strong></span> <span class='ocrx_word' id='word_1_695' title='bbox 1060 5559 1154 5615; x_wconf 68' lang='lat' dir='ltr'><strong><em>Ha:</em></strong></span> <span class='ocrx_word' id='word_1_696' title='bbox 1195 5575 1360 5629; x_wconf 92' lang='lat' dir='ltr'><strong><em>porro</em></strong></span> <span class='ocrx_word' id='word_1_697' title='bbox 1392 5561 1670 5624; x_wconf 88' lang='lat' dir='ltr'><strong><em>lectiones,</em></strong></span> <span class='ocrx_word' id='word_1_698' title='bbox 1705 5560 1924 5629; x_wconf 87' lang='lat' dir='ltr'><strong><em>perinde</em></strong></span> <span class='ocrx_word' id='word_1_699' title='bbox 1961 5568 2124 5627; x_wconf 88' lang='lat' dir='ltr'><strong><em>atque</em></strong></span> 
     </span>
    </p>
   </div>
   <div class='ocr_carea' id='block_1_104' title="bbox 556 5649 2120 5720">
    <p class='ocr_par' dir='ltr' id='par_1_104' title="bbox 556 5649 2120 5720">
     <span class='ocr_line' id='line_1_104' title="bbox 556 5649 2120 5720; baseline -0.001 -15"><span class='ocrx_word' id='word_1_700' title='bbox 556 5650 889 5707; x_wconf 87' lang='lat' dir='ltr'><strong><em>Samaritani</em></strong></span> <span class='ocrx_word' id='word_1_701' title='bbox 938 5653 1006 5706; x_wconf 90' lang='lat' dir='ltr'><strong><em>ab</em></strong></span> <span class='ocrx_word' id='word_1_702' title='bbox 1060 5649 1314 5720; x_wconf 88' lang='lat' dir='ltr'><strong><em>Origene,</em></strong></span> <span class='ocrx_word' id='word_1_703' title='bbox 1345 5652 1764 5720; x_wconf 87' lang='lat' dir='ltr'><strong><em>diligentissimo</em></strong></span> <span class='ocrx_word' id='word_1_704' title='bbox 1807 5650 2120 5705; x_wconf 88' lang='lat' dir='ltr'><strong><em>versionum</em></strong></span> 
     </span>
    </p>
   </div>
   <div class='ocr_carea' id='block_1_105' title="bbox 555 5739 2122 5810">
    <p class='ocr_par' dir='ltr' id='par_1_105' title="bbox 555 5739 2122 5810">
     <span class='ocr_line' id='line_1_105' title="bbox 555 5739 2122 5810; baseline -0.005 -13"><span class='ocrx_word' id='word_1_705' title='bbox 555 5743 864 5808; x_wconf 87' lang='lat' dir='ltr'><strong><em>collectore,</em></strong></span> <span class='ocrx_word' id='word_1_706' title='bbox 901 5747 1196 5810; x_wconf 88' lang='lat' dir='ltr'><strong><em>potuerunt</em></strong></span> <span class='ocrx_word' id='word_1_707' title='bbox 1227 5742 1391 5795; x_wconf 88' lang='lat' dir='ltr'><strong><em>etiam</em></strong></span> <span class='ocrx_word' id='word_1_708' title='bbox 1436 5741 1490 5795; x_wconf 90' lang='lat' dir='ltr'><strong><em>in</em></strong></span> <span class='ocrx_word' id='word_1_709' title='bbox 1525 5739 1889 5810; x_wconf 87' lang='lat' dir='ltr'><strong><em>llexaplorum</em></strong></span> <span class='ocrx_word' id='word_1_710' title='bbox 1920 5739 2122 5810; x_wconf 78' lang='lat' dir='ltr'><strong><em>margi-</em></strong></span> 
     </span>
    </p>
   </div>
   <div class='ocr_carea' id='block_1_106' title="bbox 2233 4547 3806 4619">
    <p class='ocr_par' dir='ltr' id='par_1_106' title="bbox 2233 4547 3806 4619">
     <span class='ocr_line' id='line_1_106' title="bbox 2233 4547 3806 4619; baseline -0.002 -12"><span class='ocrx_word' id='word_1_711' title='bbox 2233 4569 2352 4608; x_wconf 84' lang='lat' dir='ltr'><strong><em>cam</em></strong></span> <span class='ocrx_word' id='word_1_712' title='bbox 2398 4552 2867 4605; x_wconf 85' lang='lat' dir='ltr'><strong><em>Samaritanorum</em></strong></span> <span class='ocrx_word' id='word_1_713' title='bbox 2917 4551 3223 4605; x_wconf 89' lang='lat' dir='ltr'><strong><em>versionem</em></strong></span> <span class='ocrx_word' id='word_1_714' title='bbox 3267 4549 3572 4603; x_wconf 88' lang='lat' dir='ltr'><strong><em>adornavit.</em></strong></span> <span class='ocrx_word' id='word_1_715' title='bbox 3616 4547 3806 4619; x_wconf 74' lang='lat' dir='ltr'><strong><em>Neque</em></strong></span> 
     </span>
    </p>
   </div>
   <div class='ocr_carea' id='block_1_107' title="bbox 2231 4640 3803 4710">
    <p class='ocr_par' dir='ltr' id='par_1_107' title="bbox 2231 4640 3803 4710">
     <span class='ocr_line' id='line_1_107' title="bbox 2231 4640 3803 4710; baseline -0.002 -12"><span class='ocrx_word' id='word_1_716' title='bbox 2231 4645 2374 4698; x_wconf 91' lang='lat' dir='ltr'><strong><em>enim</em></strong></span> <span class='ocrx_word' id='word_1_717' title='bbox 2401 4644 2515 4698; x_wconf 61' lang='lat' dir='ltr'><strong><em>hinc</em></strong></span> <span class='ocrx_word' id='word_1_718' title='bbox 2539 4644 2686 4696; x_wconf 88' lang='lat' dir='ltr'><strong><em>varia</em></strong></span> <span class='ocrx_word' id='word_1_719' title='bbox 2713 4643 2891 4706; x_wconf 89' lang='lat' dir='ltr'><strong><em>lectio,</em></strong></span> <span class='ocrx_word' id='word_1_720' title='bbox 2925 4643 3006 4695; x_wconf 84' lang='lat' dir='ltr'><strong><em>vel</em></strong></span> <span class='ocrx_word' id='word_1_721' title='bbox 3031 4659 3096 4694; x_wconf 85' lang='lat' dir='ltr'><strong><em>ex</em></strong></span> <span class='ocrx_word' id='word_1_722' title='bbox 3125 4642 3469 4694; x_wconf 79' lang='lat' dir='ltr'><strong><em>Samaritana</em></strong></span> <span class='ocrx_word' id='word_1_723' title='bbox 3503 4640 3803 4710; x_wconf 67' lang='lat' dir='ltr'><strong><em>Scripturae</em></strong></span> 
     </span>
    </p>
   </div>
   <div class='ocr_carea' id='block_1_108' title="bbox 2231 4730 3804 4797">
    <p class='ocr_par' dir='ltr' id='par_1_108' title="bbox 2231 4730 3804 4797">
     <span class='ocr_line' id='line_1_108' title="bbox 2231 4730 3804 4797; baseline -0.005 -8"><span class='ocrx_word' id='word_1_724' title='bbox 2231 4743 2403 4797; x_wconf 86' lang='lat' dir='ltr'><strong><em>textu,</em></strong></span> <span class='ocrx_word' id='word_1_725' title='bbox 2439 4732 2518 4786; x_wconf 87' lang='lat' dir='ltr'><strong><em>vel</em></strong></span> <span class='ocrx_word' id='word_1_726' title='bbox 2561 4747 2627 4785; x_wconf 90' lang='lat' dir='ltr'><strong><em>ex</em></strong></span> <span class='ocrx_word' id='word_1_727' title='bbox 2668 4731 3009 4785; x_wconf 82' lang='lat' dir='ltr'><strong><em>Samaritana</em></strong></span> <span class='ocrx_word' id='word_1_728' title='bbox 3041 4730 3360 4783; x_wconf 79' lang='lat' dir='ltr'><strong><em>Samaritice</em></strong></span> <span class='ocrx_word' id='word_1_729' title='bbox 3381 4730 3652 4797; x_wconf 88' lang='lat' dir='ltr'><strong><em>descripta</em></strong></span> <span class='ocrx_word' id='word_1_730' title='bbox 3683 4746 3804 4784; x_wconf 84' lang='lat' dir='ltr'><strong><em>ver-</em></strong></span> 
     </span>
    </p>
   </div>
   <div class='ocr_carea' id='block_1_109' title="bbox 2231 4820 3802 4891">
    <p class='ocr_par' dir='ltr' id='par_1_109' title="bbox 2231 4820 3802 4891">
     <span class='ocr_line' id='line_1_109' title="bbox 2231 4820 3802 4891; baseline -0.005 -13"><span class='ocrx_word' id='word_1_731' title='bbox 2231 4824 2383 4879; x_wconf 91' lang='lat' dir='ltr'><strong><em>sione</em></strong></span> <span class='ocrx_word' id='word_1_732' title='bbox 2427 4822 2647 4890; x_wconf 85' lang='lat' dir='ltr'><strong><em>decerpi</em></strong></span> <span class='ocrx_word' id='word_1_733' title='bbox 2691 4829 2932 4891; x_wconf 69' lang='lat' dir='ltr'><strong><em>pott-rat,</em></strong></span> <span class='ocrx_word' id='word_1_734' title='bbox 2983 4821 3071 4874; x_wconf 91' lang='lat' dir='ltr'><strong><em>ubi</em></strong></span> <span class='ocrx_word' id='word_1_735' title='bbox 3119 4820 3313 4889; x_wconf 78' lang='lat' dir='ltr'><strong><em>legitur</em></strong></span> <span class='ocrx_word' id='word_1_736' title='bbox 3366 4820 3635 4888; x_wconf 88' lang='lat' dir='ltr'><strong><em>hodieque</em></strong></span> <span class='ocrx_word' id='word_1_737' title='bbox 3678 4830 3802 4881; x_wconf 47' lang='lat' dir='ltr'><strong><em>nant</em></strong></span> 
     </span>
    </p>
   </div>
   <div class='ocr_carea' id='block_1_110' title="bbox 2231 4911 3805 4981">
    <p class='ocr_par' dir='ltr' id='par_1_110' title="bbox 2231 4911 3805 4981">
     <span class='ocr_line' id='line_1_110' title="bbox 2231 4911 3805 4981; baseline -0.003 -11"><span class='ocrx_word' id='word_1_738' title='bbox 2231 4915 2349 4970; x_wconf 88' lang='lat' dir='ltr'><strong><em>sine</em></strong></span> <span class='ocrx_word' id='word_1_739' title='bbox 2383 4915 2720 4968; x_wconf 87' lang='lat' dir='ltr'><strong><em>discrimine.</em></strong></span> <span class='ocrx_word' id='word_1_740' title='bbox 2761 4914 2815 4965; x_wconf 91' lang='lat' dir='ltr'><strong><em>Si</em></strong></span> <span class='ocrx_word' id='word_1_741' title='bbox 2845 4914 2969 4981; x_wconf 88' lang='lat' dir='ltr'><strong><em>quis</em></strong></span> <span class='ocrx_word' id='word_1_742' title='bbox 2999 4913 3133 4967; x_wconf 89' lang='lat' dir='ltr'><strong><em>alias</em></strong></span> <span class='ocrx_word' id='word_1_743' title='bbox 3161 4915 3212 4964; x_wconf 92' lang='lat' dir='ltr'><strong><em>in</em></strong></span> <span class='ocrx_word' id='word_1_744' title='bbox 3250 4911 3615 4965; x_wconf 89' lang='lat' dir='ltr'><strong><em>Pentateucho</em></strong></span> <span class='ocrx_word' id='word_1_745' title='bbox 3644 4929 3675 4966; x_wconf 89' lang='lat' dir='ltr'><strong><em>a</em></strong></span> <span class='ocrx_word' id='word_1_746' title='bbox 3710 4929 3805 4966; x_wconf 88' lang='lat' dir='ltr'><strong><em>no-</em></strong></span> 
     </span>
    </p>
   </div>
   <div class='ocr_carea' id='block_1_111' title="bbox 2229 5002 3805 5071">
    <p class='ocr_par' dir='ltr' id='par_1_111' title="bbox 2229 5002 3805 5071">
     <span class='ocr_line' id='line_1_111' title="bbox 2229 5002 3805 5071; baseline -0.002 -10"><span class='ocrx_word' id='word_1_747' title='bbox 2229 5007 2314 5061; x_wconf 85' lang='lat' dir='ltr'><strong><em>bis</em></strong></span> <span class='ocrx_word' id='word_1_748' title='bbox 2352 5007 2541 5060; x_wconf 85' lang='lat' dir='ltr'><strong><em>allatas</em></strong></span> <span class='ocrx_word' id='word_1_749' title='bbox 2584 5004 2914 5058; x_wconf 88' lang='lat' dir='ltr'><strong><em>Samaritani</em></strong></span> <span class='ocrx_word' id='word_1_750' title='bbox 2972 5003 3280 5071; x_wconf 88' lang='lat' dir='ltr'><strong><em>interpretis</em></strong></span> <span class='ocrx_word' id='word_1_751' title='bbox 3333 5002 3593 5056; x_wconf 86' lang='lat' dir='ltr'><strong><em>lectiones</em></strong></span> <span class='ocrx_word' id='word_1_752' title='bbox 3639 5019 3805 5058; x_wconf 83' lang='lat' dir='ltr'><strong><em>accu-</em></strong></span> 
     </span>
    </p>
   </div>
   <div class='ocr_carea' id='block_1_112' title="bbox 2230 5093 3804 5165">
    <p class='ocr_par' dir='ltr' id='par_1_112' title="bbox 2230 5093 3804 5165">
     <span class='ocr_line' id='line_1_112' title="bbox 2230 5093 3804 5165; baseline 0.001 -14"><span class='ocrx_word' id='word_1_753' title='bbox 2230 5107 2346 5152; x_wconf 87' lang='lat' dir='ltr'><strong><em>rate</em></strong></span> <span class='ocrx_word' id='word_1_754' title='bbox 2374 5097 2690 5165; x_wconf 88' lang='lat' dir='ltr'><strong><em>perpendat,</em></strong></span> <span class='ocrx_word' id='word_1_755' title='bbox 2720 5111 2785 5149; x_wconf 83' lang='lat' dir='ltr'><strong><em>ex</em></strong></span> <span class='ocrx_word' id='word_1_756' title='bbox 2814 5093 3020 5160; x_wconf 71' lang='lat' dir='ltr'><strong><em>Graeca,</em></strong></span> <span class='ocrx_word' id='word_1_757' title='bbox 3047 5095 3102 5146; x_wconf 91' lang='lat' dir='ltr'><strong><em>ni</em></strong></span> <span class='ocrx_word' id='word_1_758' title='bbox 3139 5093 3321 5159; x_wconf 86' lang='lat' dir='ltr'><strong><em>fallor,</em></strong></span> <span class='ocrx_word' id='word_1_759' title='bbox 3353 5093 3804 5163; x_wconf 83' lang='lat' dir='ltr'><strong><em>interpretatione</em></strong></span> 
     </span>
    </p>
   </div>
   <div class='ocr_carea' id='block_1_113' title="bbox 2228 5185 3102 5255">
    <p class='ocr_par' dir='ltr' id='par_1_113' title="bbox 2228 5185 3102 5255">
     <span class='ocr_line' id='line_1_113' title="bbox 2228 5185 3102 5255; baseline -0.003 -14"><span class='ocrx_word' id='word_1_760' title='bbox 2228 5188 2543 5255; x_wconf 84' lang='lat' dir='ltr'><strong><em>desumptas</em></strong></span> <span class='ocrx_word' id='word_1_761' title='bbox 2575 5202 2696 5241; x_wconf 89' lang='lat' dir='ltr'><strong><em>esse</em></strong></span> <span class='ocrx_word' id='word_1_762' title='bbox 2719 5185 3102 5255; x_wconf 90' lang='lat' dir='ltr'><strong><em>deprehendet.</em></strong></span> 
     </span>
    </p>
   </div>
   <div class='ocr_carea' id='block_1_114' title="bbox 2301 5276 3799 5348">
    <p class='ocr_par' dir='ltr' id='par_1_114' title="bbox 2301 5276 3799 5348">
     <span class='ocr_line' id='line_1_114' title="bbox 2301 5276 3799 5348; baseline 0.001 -17"><span class='ocrx_word' id='word_1_763' title='bbox 2301 5278 2409 5332; x_wconf 83' lang='lat' dir='ltr'><strong><em>Nec</em></strong></span> <span class='ocrx_word' id='word_1_764' title='bbox 2451 5277 2616 5331; x_wconf 82' lang='lat' dir='ltr'><strong><em>oﬂicit</em></strong></span> <span class='ocrx_word' id='word_1_765' title='bbox 2663 5278 2791 5331; x_wconf 91' lang='lat' dir='ltr'><strong><em>huic</em></strong></span> <span class='ocrx_word' id='word_1_766' title='bbox 2837 5287 3035 5330; x_wconf 58' lang='lat' dir='ltr'><strong><em>nostra</em></strong></span> <span class='ocrx_word' id='word_1_767' title='bbox 3078 5276 3320 5346; x_wconf 87' lang='lat' dir='ltr'><strong><em>opinioni</em></strong></span> <span class='ocrx_word' id='word_1_768' title='bbox 3361 5286 3491 5332; x_wconf 90' lang='lat' dir='ltr'><strong><em>nota</em></strong></span> <span class='ocrx_word' id='word_1_769' title='bbox 3549 5281 3799 5348; x_wconf 69' lang='lat' dir='ltr'><strong><em>quaedam</em></strong></span> 
     </span>
    </p>
   </div>
   <div class='ocr_carea' id='block_1_115' title="bbox 2226 5367 3799 5437">
    <p class='ocr_par' dir='ltr' id='par_1_115' title="bbox 2226 5367 3799 5437">
     <span class='ocr_line' id='line_1_115' title="bbox 2226 5367 3799 5437; baseline 0.003 -17"><span class='ocrx_word' id='word_1_770' title='bbox 2226 5367 2388 5422; x_wconf 88' lang='lat' dir='ltr'><strong><em>Num.</em></strong></span> <span class='ocrx_word' id='word_1_771' title='bbox 2417 5384 2536 5436; x_wconf 90' lang='lat' dir='ltr'><strong><em>cap.</em></strong></span> <span class='ocrx_word' id='word_1_772' title='bbox 2560 5384 2680 5434; x_wconf 83' lang='lat' dir='ltr'><strong><em>xm,</em></strong></span> <span class='ocrx_word' id='word_1_773' title='bbox 2708 5369 2763 5436; x_wconf 69' lang='lat' dir='ltr'><strong><em>it.</em></strong></span> <span class='ocrx_word' id='word_1_774' title='bbox 2799 5369 2850 5432; x_wconf 82' lang='grc'><strong><em>1,</em></strong></span> <span class='ocrx_word' id='word_1_775' title='bbox 2874 5383 3014 5435; x_wconf 72' lang='lat' dir='ltr'><strong><em>quae,</em></strong></span> <span class='ocrx_word' id='word_1_776' title='bbox 3041 5378 3098 5420; x_wconf 93' lang='lat' dir='ltr'><strong><em>ut</em></strong></span> <span class='ocrx_word' id='word_1_777' title='bbox 3131 5368 3388 5433; x_wconf 88' lang='lat' dir='ltr'><strong><em>arbitror,</em></strong></span> <span class='ocrx_word' id='word_1_778' title='bbox 3416 5367 3667 5437; x_wconf 87' lang='lat' dir='ltr'><strong><em>Origenis</em></strong></span> <span class='ocrx_word' id='word_1_779' title='bbox 3695 5379 3799 5436; x_wconf 87' lang='lat' dir='ltr'><strong><em>est,</em></strong></span> 
     </span>
    </p>
   </div>
   <div class='ocr_carea' id='block_1_116' title="bbox 2226 5457 3799 5528">
    <p class='ocr_par' dir='ltr' id='par_1_116' title="bbox 2226 5457 3799 5528">
     <span class='ocr_line' id='line_1_116' title="bbox 2226 5457 3799 5528; baseline 0 -13"><span class='ocrx_word' id='word_1_780' title='bbox 2226 5461 2317 5516; x_wconf 89' lang='lat' dir='ltr'><strong><em>ubi</em></strong></span> <span class='ocrx_word' id='word_1_781' title='bbox 2350 5476 2472 5515; x_wconf 90' lang='lat' dir='ltr'><strong><em>cum</em></strong></span> <span class='ocrx_word' id='word_1_782' title='bbox 2498 5460 2746 5528; x_wconf 74' lang='lat' dir='ltr'><strong><em>quaedam</em></strong></span> <span class='ocrx_word' id='word_1_783' title='bbox 2788 5457 3060 5526; x_wconf 72' lang='lat' dir='ltr'><strong><em>praeferret</em></strong></span> <span class='ocrx_word' id='word_1_784' title='bbox 3091 5457 3468 5513; x_wconf 88' lang='lat' dir='ltr'><strong><em>Samaritanus</em></strong></span> <span class='ocrx_word' id='word_1_785' title='bbox 3497 5459 3799 5515; x_wconf 87' lang='lat' dir='ltr'><strong><em>Bibliorum</em></strong></span> 
     </span>
    </p>
   </div>
   <div class='ocr_carea' id='block_1_117' title="bbox 2226 5549 3802 5620">
    <p class='ocr_par' dir='ltr' id='par_1_117' title="bbox 2226 5549 3802 5620">
     <span class='ocr_line' id='line_1_117' title="bbox 2226 5549 3802 5620; baseline -0.001 -13"><span class='ocrx_word' id='word_1_786' title='bbox 2226 5563 2408 5607; x_wconf 88' lang='lat' dir='ltr'><strong><em>textus</em></strong></span> <span class='ocrx_word' id='word_1_787' title='bbox 2434 5566 2500 5605; x_wconf 80' lang='lat' dir='ltr'><strong><em>ex</em></strong></span> <span class='ocrx_word' id='word_1_788' title='bbox 2535 5551 2958 5605; x_wconf 87' lang='lat' dir='ltr'><strong><em>Deutcronomio</em></strong></span> <span class='ocrx_word' id='word_1_789' title='bbox 3001 5549 3310 5619; x_wconf 89' lang='lat' dir='ltr'><strong><em>desumpta,</em></strong></span> <span class='ocrx_word' id='word_1_790' title='bbox 3347 5551 3536 5603; x_wconf 90' lang='lat' dir='ltr'><strong><em>eadem</em></strong></span> <span class='ocrx_word' id='word_1_791' title='bbox 3581 5551 3698 5620; x_wconf 88' lang='lat' dir='ltr'><strong><em>ipsa</em></strong></span> <span class='ocrx_word' id='word_1_792' title='bbox 3741 5565 3802 5606; x_wconf 87' lang='lat' dir='ltr'><strong><em>se</em></strong></span> 
     </span>
    </p>
   </div>
   <div class='ocr_carea' id='block_1_118' title="bbox 2226 5641 3798 5712">
    <p class='ocr_par' dir='ltr' id='par_1_118' title="bbox 2226 5641 3798 5712">
     <span class='ocr_line' id='line_1_118' title="bbox 2226 5641 3798 5712; baseline -0.001 -13"><span class='ocrx_word' id='word_1_793' title='bbox 2226 5645 2412 5700; x_wconf 60' lang='lat' dir='ltr'><strong><em>Graece</em></strong></span> <span class='ocrx_word' id='word_1_794' title='bbox 2445 5643 2790 5696; x_wconf 88' lang='lat' dir='ltr'><strong><em>transtulisse</em></strong></span> <span class='ocrx_word' id='word_1_795' title='bbox 2825 5641 3145 5698; x_wconf 81' lang='lat' dir='ltr'><strong><em>testiﬁcatur</em></strong></span> <span class='ocrx_word' id='word_1_796' title='bbox 3174 5641 3456 5712; x_wconf 89' lang='lat' dir='ltr'><strong><em>Origenes,</em></strong></span> <span class='ocrx_word' id='word_1_797' title='bbox 3494 5651 3547 5695; x_wconf 91' lang='lat' dir='ltr'><strong><em>et</em></strong></span> <span class='ocrx_word' id='word_1_798' title='bbox 3576 5645 3798 5712; x_wconf 83' lang='lat' dir='ltr'><strong><em>quidem</em></strong></span> 
     </span>
    </p>
   </div>
   <div class='ocr_carea' id='block_1_119' title="bbox 2227 5731 3805 5795">
    <p class='ocr_par' dir='ltr' id='par_1_119' title="bbox 2227 5731 3805 5795">
     <span class='ocr_line' id='line_1_119' title="bbox 2227 5731 3805 5795; baseline -0.004 1"><span class='ocrx_word' id='word_1_799' title='bbox 2227 5739 2389 5795; x_wconf 87' lang='lat' dir='ltr'><strong><em>modo</em></strong></span> <span class='ocrx_word' id='word_1_800' title='bbox 2420 5736 2488 5792; x_wconf 87' lang='lat' dir='ltr'><strong><em>ad</em></strong></span> <span class='ocrx_word' id='word_1_801' title='bbox 2510 5737 2802 5793; x_wconf 88' lang='lat' dir='ltr'><strong><em>editionem</em></strong></span> <span class='ocrx_word' id='word_1_802' title='bbox 2831 5734 2975 5790; x_wconf 74' lang='lat' dir='ltr'><strong><em>LXX</em></strong></span> <span class='ocrx_word' id='word_1_803' title='bbox 3005 5735 3442 5793; x_wconf 86' lang='lat' dir='ltr'><strong><em>accommodato.</em></strong></span> <span class='ocrx_word' id='word_1_804' title='bbox 3473 5734 3508 5789; x_wconf 78' lang='grc' dir='ltr'>ἃ</span> <span class='ocrx_word' id='word_1_805' title='bbox 3541 5736 3636 5792; x_wconf 75' lang='grc' dir='ltr'><strong><em>καὶ</em></strong></span> <span class='ocrx_word' id='word_1_806' title='bbox 3660 5731 3805 5790; x_wconf 77' lang='grc' dir='ltr'><strong><em>αὐτὰ</em></strong></span> 
     </span>
    </p>
   </div>
  </div>
