4052 6388
547 349 618 406 '59
1903 322 2432 386 PR£L|MIENARIA
3733 312 3803 366 ιο

549 460 739 529 Neque
778 465 960 511 tamen
1013 465 1226 514 omnes.
1267 464 1388 519 quae
1441 446 1507 502 ad
1537 460 1639 502 nos
1691 457 1865 512 usque
1895 441 2124 496 devene-
2155 446 2202 502 Α
2229 437 2483 508 scrupulo
2513 435 2657 490 dico.
2690 431 3023 500 Quibusdam
3047 427 3192 484 enim
3215 427 3270 482 in
3295 425 3454 488 locis,
3480 423 3721 478 maxime
3744 423 3801 477 in

551 562 700 615 runt,
754 547 850 603 τοῦ
885 545 1135 617 Ἐϐραίου
1192 543 1452 596 lectiones
1493 555 1559 594 ex
1593 538 1825 607 Origene
1873 548 2126 589 manasse

548 644 804 698 videnlur
838 657 852 692 :
883 653 1007 692 nam
1036 633 1328 690 verisimile
1354 640 1436 685 est
1461 627 1775 689 Eusebium,
1807 624 2124 687 Diodorum,

550 733 938 804 Hieronymum
992 739 1047 782 et
1090 727 1226 781 alios
1275 740 1305 778 a
1360 721 1676 778 doctoribus
1723 718 1840 772 suis
1884 714 2126 769 Hebraeis

550 825 686 879 alias
715 821 1011 890 accepisse,
1042 832 1164 887 qua:
1190 814 1420 869 fortasse
1447 813 1498 866 in
1530 811 1635 865 hac
1656 807 1976 864 collectione
1999 819 2124 860 cum

547 914 895 989 Origenianis
935 911 1209 984 permistae
1241 913 1389 961 sunt.
1421 902 1551 959 Hac
1603 915 1825 974 quoque
1872 914 1982 954 non
2007 899 2127 954 sine

2235 531 2372 583 libro
2402 527 2524 591 Job,
2579 537 2688 582 tam
2724 525 3033 596 frequentes
3066 520 3263 576 adsunt
3297 518 3503 575 Hebraei
3530 518 3803 584 interpre-

2232 622 2301 676 tis
2332 621 2610 680 lcctiones,
2669 626 2730 673 ut
2777 617 2934 671 facile
2981 614 3124 670 credi
3177 611 3352 682 possit
3399 625 3492 665 cas
3521 609 3590 666 ab
3620 608 3803 677 aliqua

2229 713 2474 766 versione
2499 711 2684 765 Grzeca
2740 709 3056 777 desumptas
3095 719 3234 758 esse.
3256 703 3460 772 'ltaque
3488 702 3662 756 donec
3689 700 3803 754 cla-

2228 803 2344 858 rius
2393 803 2684 872 quodpiam
2746 808 2988 854 veterum
3047 796 3422 853 testimonium
3485 810 3517 849 e
3566 792 3804 848 tenebris

2226 893 2608 959 emerserit,de
2635 894 2719 947 his
2739 892 2957 947 nonnisi
2981 887 3300 944 hariolando
3319 885 3466 957 loqui
3482 899 3799 956 possumus.

1600 1075 1981 1166 CAPUT
2053 1018 2739 1161 SE—CUNDUM.

1807 1192 1896 1251 De
1955 1196 2128 1250 textu
2187 1184 2526 1248 Hebraico.

550 1303 590 1357 1.
611 1305 799 1355 Textus
821 1303 1107 1358 Hebraicus,
1129 1303 1181 1350 in
1203 1299 1442 1361 Hexaplls
1464 1297 1759 1357 descriptus,
1785 1292 2150 1361 idemeratqui
2176 1290 2584 1361 hodiernus,"n_on
2620 1292 2786 1361 autem
2809 1284 3497 1361 priscos.illeg‘Satnaritanus.

610 1347 1646 1428 xiixié'iuéﬁéhi’i’iiiééé'rﬁn’ﬂéﬁraicaruﬁ
1661 1347 1910 1428 elem-
1927 1355 2012 1425 ιμ-
2030 1347 2099 1403 Ei
2122 1347 3309 1428 eaeeaelcteeraeEetirseiieiliedia‘i
3330 1354 3508 1428 ﬁeri?
3521 1347 3800 1428 $339933

614 1405 1630 1488 ἕψῶἦῆξῖέίέι16Ηῇξιῖςιῗάὶἰὲἰᾶξλόὲίεῇξίιι.
1661 1417 1738 1466 IV.
1784 1419 1856 1466 De
1889 1418 2051 1478 prisco
2079 1405 2369 1476 scripturam
2411 1411 2698 1460 Hebraicam
2723 1409 2921 1472 legendi
2966 1422 3124 1458 more.
3146 1408 3204 1458 V.
3237 1409 3314 1458 De
3335 1405 3496 1456 veteri
3520 1405 3802 1457 litterarum

610 1481 1028 1554 pronuntiatione.
1056 1487 1137 1536 Vl.
1159 1486 1234 1534 De
1261 1483 1508 1533 vocalibus
1531 1481 1876 1530 Hebraeorum.

549 1570 593 1628 l.
630 1573 824 1627 Textus
856 1570 1167 1634 Iiebraicus,
1218 1568 1272 1620 in
1317 1564 1573 1634 Ilexaplis
1619 1561 2126 1634 descript_us._idem

619 1655 732 1698 erat
755 1644 843 1712 qui
865 1628 1167 1706 hodiernus,
1199 1654 1305 1691 non
1340 1628 1516 1689 autem
1561 1633 1768 1703 priscas
1793 1628 1904 1684 ille
1938 1628 2127 1685 Sama-

623 1727 850 1766 manus.

619 1801 910 1868 Eusebius,
969 1798 1111 1853 Hist.
1143 1797 1296 1862 eccl.,
1341 1795 1436 1850 lib.
1491 1810 1569 1860 vt,
1618 1792 1694 1847 ait
1739 1791 2022 1861 Origenem
2057 1789 2124 1842 ad

553 1892 791 1963 ilexapla
846 1891 1218 1947 concinnanda
1266 1885 1685 1960 πρωτοτύπους,
1718 1883 1832 1938 sive
1867 1880 2122 1950 primige-

554 1985 672 2038 nias
693 1991 746 2038 et
772 1981 1112 2036 authenticas
1134 1978 1485 2033 Hebrmorum
1512 1976 1811 2042 scripturas
1841 1971 1944 2026 sibi
1974 1984 2122 2024 com-

556 2091 793 2146 parasse,
835 2074 933 2136 τάς
977 2090 1036 2125 τε
1068 2071 1216 2143 παρὰ
1256 2071 1366 2123 τῶν
1429 2067 1694 2121 Ἰουδαίων
1747 2061 2124 2136 ὲμφερομένας

555 2166 942 2239 πρωτοτύπους
1004 2164 1188 2226 αὐτοῖς
1229 2161 1500 2232 Ἑϐραίων
1544 2157 1825 2227 στοιχείοις
1880 2153 2121 2226 γραφὰς,

552 2258 736 2327 κτῆμα
766 2256 894 2310 ἴδιον
923 2251 1275 2325 ποιήσασθαι.
1306 2249 1408 2305 Ubi
1441 2250 1641 2318 Optime
1669 2256 1819 2301 notat
1848 2245 2120 2307 Valesius,

554 2347 847 2402 Eusebium
884 2363 1052 2400 sacra:
1077 2345 1370 2413 Scriptura:
1423 2341 1637 2396 codices
1681 2337 1974 2392 chraicos
2003 2337 2124 2390 ideo

555 2437 940 2508 πρωτοτύπους
970 2437 1082 2491 sive
1103 2434 1457 2504 primigenios
1487 2445 1702 2494 vocare,
1734 2443 1840 2481 non
1863 2426 2006 2496 quod
2038 2441 2125 2480 re-

553 2547 679 2584 vera
711 2542 894 2585 esseut
918 2528 1305 2599 primigenium
1337 2525 1611 2593 exemplar
1641 2533 1695 2577 et
1723 2520 2119 2591 autographum

553 2625 622 2680 ab
649 2624 818 2680 Esdra
852 2623 1252 2692 conscriptum;
1279 2618 1372 2673 sed
1397 2614 1781 2689 πρωτοτύπους
1809 2621 1862 2667 et
1889 2612 2122 2666 authen-

557 2721 694 2776 ticos
728 2717 1431 2790 appellarecomparatione
1459 2709 1604 2764 facta
1634 2725 1756 2764 cum
1784 2705 1985 2761 Grzecis
2011 2704 2125 2758 edi-

556 2815 820 2881 tionibus,
851 2823 959 2867 tam
983 2811 1330 2881 Septuaginta
1378 2810 1752 2878 interpretum,
1781 2818 1945 2873 quam
1988 2801 2124 2854 alio-

555 2923 700 2970 rum,
727 2921 850 2974 quat
894 2914 1052 2958 erant
1097 2903 1571 2972 interpretationes
1601 2899 1666 2952 ad
1708 2897 1986 2965 exemplar
2017 2891 2124 2948 lle-

554 2997 798 3052 braicum
826 2997 1178 3051 concinnatae.
1223 2994 1408 3064 Neque
1432 2995 1558 3047 item
1597 2992 1894 3061 putandum
1924 2997 2027 3047 est.
2064 2995 2123 3040 ut

555 3091 635 3142 vir
661 3090 880 3158 quidam
930 3089 1124 3142 doctus
1167 3087 1551 3151 arbitrabatur,
1591 3085 1710 3138 illas
1735 3081 2124 3153 πρωτοτύπους

2233 1552 2574 1608 bibliothecis
2599 1540 2967 1617 asservantur,
3001 1567 3110 1606 non
3153 1551 3443 1606 admodum
3467 1557 3688 1604 remota:
3713 1563 3801 1602 ve-

2234 1647 2452 1700 tustatis
2485 1661 2626 1708 esse,
2660 1659 2975 1714 paucosque
3001 1644 3185 1698 haberi
3215 1643 3310 1713 qui
3339 1651 3598 1711 superent
3626 1656 3802 1694 annos

2231 1733 2682 1804 quadringentos.
2732 1733 3108 1802 Antiquiorem
3159 1733 3365 1787 nullum
3426 1731 3704 1786 novimus-
3735 1745 3802 1784 eo

2158 1847 2198 1901 Β
2235 1822 2585 1878 Pentateuchi
2625 1822 2898 1876 volumine
2947 1820 3297 1888 Bononiensi,
3354 1821 3420 1875 de
3470 1835 3581 1890 quo
3631 1819 3802 1873 multa

2227 1912 2465 1965 diximus
2496 1912 2546 1964 in
2580 1911 2767 1964 Diario
2800 1907 3019 1976 Italico,
3073 1926 3127 1981 p.
3157 1911 3260 1966 599
3287 1920 3340 1965 et
3373 1910 3497 1975 400,
3533 1910 3678 1980 quod
3705 1925 3804 1963 an-

2231 2007 2318 2060 nis
2345 2006 2413 2059 ab
2442 2005 2567 2058 hinc
2590 2004 3002 2074 quadringentis
3046 2004 3305 2072 magistro
3328 2003 3534 2058 ordinis
3559 2001 3804 2055 Domini-

2221 2113 2483 2153 canorum
2532 2096 2839 2168 Aymerico,
2887 2096 3042 2166 quasi
3092 2095 3484 2164 autographum
3532 2092 3740 2158 Esdne,
3769 2107 3801 2145 a

2221 2190 2423 2244 Judaeis
2479 2189 2720 2244 oblatum
2765 2187 2887 2242 fuit.
2940 2187 3090 2241 Licet
3149 2194 3329 2240 autem
3372 2183 3802 2239 commentitiam

2227 2282 2538 2351 huiusmodi
2565 2289 2886 2336 vetustatem
2920 2294 3082 2334 nemo
3114 2279 3355 2348 prudens
3385 2277 3656 2343 admittat,
3707 2290 3802 2330 ves

2225 2372 2456 2426 risimilc
2486 2381 2666 2426 tamen
2692 2380 2776 2426 est
2808 2372 3016 2440 aliquot
3054 2379 3178 2424 ante
3222 2369 3453 2432 sacculis,
3483 2382 3648 2438 quam
3691 2368 3801 2438 Ay-

2226 2466 2462 2520 mcricus
2491 2465 2780 2536 acciperet,
2811 2473 3092 2520 exaratum
3147 2463 3336 2516 fuisse.
3371 2460 3428 2513 lu
3462 2461 3608 2514 hisce
3635 2473 3799 2528 porro

2227 2558 2483 2612 omnibus
2513 2557 2796 2612 codicibus
2828 2557 3015 2610 eadem
3075 2555 3212 2624 ipsa,
3263 2568 3384 2623 qua:
3433 2552 3488 2606 in
3520 2551 3799 2605 hodiernis

2225 2647 2435 2714 Bibliis,
2497 2648 2874 2703 cluat-aeterum
2927 2647 3104 2700 forma
3146 2642 3588 2712 deprehenditur,
3624 2641 3697 2695 ita
3741 2650 3800 2694 ut

2224 2740 2360 2792 nihil
2394 2739 2730 2794 discriminis
2783 2737 3104 2791 intercedat.
3149 2736 3302 2789 Alias
3337 2735 3661 2788 vetustiores
3687 2731 3799 2786 for-

2225 2845 2342 2884 mas
2369 2830 2740 2897 conspicimus
2768 2828 2822 2882 in
2854 2827 3049 2896 lapillis
3073 2826 3286 2880 duobus
3313 2825 3797 2888 Basilidianorum,

2224 2923 2319 2992 qui
2354 2937 2520 2992 penes
2551 2937 2636 2975 me
2660 2930 2806 2983 sunt,
2827 2918 3091 2973 chraico
3118 2919 3430 2972 charactere
3451 2916 3794 2985 conscriptis,

2224 3024 2277 3066 et
2301 3013 2518 3082 quidem
2546 3014 2704 3067 tertio
2726 3012 2939 3065 circiter
2966 3009 3167 3064 Christi
3193 3008 3414 3072 saeculo,
3449 3015 3509 3061 ut
3534 3016 3757 3076 putatur
3780 3021 3794 3061 :

2226 3104 2338 3168 ubi,
2379 3115 2575 3173 praeter
2598 3118 2892 3173 paucarum
2925 3101 3224 3155 litterarum
3260 3099 3483 3169 ﬁguras,
3509 3099 3600 3152 vix
3649 3097 3796 3151 aliud

553 3181 770 3254 γραφάς
799 3197 918 3236 esse
947 3179 1343 3234 samarilanam
1401 3179 1750 3246 ευτίβίυτθτην
1798 3190 1960 3242 Ψ¹²¹η
1995 3172 2118 3227 Ο¹’ί’
2151 3199 2194 3257 C
2226 3172 2504 3265 quidpiam
2569 3172 2839 3263 expiscari
2902 3193 3125 3259 valeas;
3180 3199 3239 3245 ut
3302 3189 3564 3260 contingit
3631 3189 3797 3243 etiam

552 3289 738 3343 genes,
775 3273 1042 3327 Eusebius
1071 3281 1125 3326 et
1147 3271 1508 3340 Hieronymus
1543 3269 1611 3322 ah
1643 3266 1990 3320 llcbrteorum
2027 3279 2122 3334 pec

553 3363 830 3418 ritissimis
853 3364 1048 3428 edocti,
1080 3363 1315 3432 priscam
1344 3377 1466 3416 esse
1508 3359 1897 3414 Hebraicorum
1929 3357 2122 3411 chara-

552 3465 760 3509 cterum
790 3453 1020 3508 formam
1062 3463 1394 3508 asseverant.
1433 3450 1566 3505 Nam
1617 3449 1851 3506 dilucide
1885 3457 1938 3502 et
1973 3447 2119 3501 nulla

555 3546 843 3602 verborum
887 3547 1113 3615 ambage
1166 3545 1243 3598 ait
1297 3542 1563 3598 Eusebius
1607 3557 1700 3596 eas
1755 3555 1878 3594 esse
1912 3539 2122 3592 litteras

552 3653 674 3706 quae
705 3639 845 3708 apud
873 3637 1089 3692 Iudaeos
1132 3636 1606 3692 circumferuntur.
1639 3633 1794 3688 Tunc
1825 3649 1956 3688 vero
1987 3640 2123 3685 tem-

550 3729 701 3796 poris
727 3729 1093 3784 certissimum
1125 3739 1227 3792 est,
1263 3728 1564 3798 refragante
1610 3727 1851 3791 nemine,
1897 3723 2124 3778 Hebrai-

553 3833 742 3873 carum
774 3819 1166 3888 scripturarum
1193 3818 1537 3873 characteres
1581 3815 1800 3870 eosdem
1835 3815 2005 3870 fuisse
2028 3813 2121 3883 qui

556 3910 612 3963 in
641 3909 922 3964 hodiernis
973 3909 1160 3966 Bibliis
1214 3909 1491 3964 Hebraicis
1525 3909 1810 3963 habentur.
1847 3905 1967 3962 Non
2012 3919 2122 3974 quo

552 3999 716 4054 velim
766 4016 833 4054 ne
869 4002 1138 4054 tantillum
1183 4000 1400 4069 quidem
1449 3999 1782 4054 discriminis
1829 3999 1969 4052 inter
1999 3997 2120 4051 illas

553 4099 763 4144 veteres
790 4100 842 4145 et
879 4091 1167 4144 hodiernas
1197 4090 1587 4154 intercessisse,
1620 4089 1691 4142 ita
1739 4099 1798 4144 ut
1829 4104 1895 4142 ne
1917 4087 1998 4140 vel
2022 4086 2123 4139 mi-

553 4184 703 4238 nima
725 4184 952 4238 mutatio
976 4185 1028 4237 in
1059 4184 1220 4236 ullam
1257 4183 1638 4236 Hebraicarum
1669 4182 1970 4236 litterarum
2003 4194 2127 4232 suc-

554 4275 806 4330 cessione
840 4284 1139 4344 temporum
1177 4277 1462 4344 importata
1507 4273 1690 4328 fuerit.
1727 4273 1833 4328 Sed
1878 4271 2000 4326 dico
2049 4272 2122 4324 ita

554 4365 770 4418 easdem
801 4380 940 4428 esse,
975 4373 1034 4418 ut
1064 4365 1336 4420 modicum
1365 4382 1394 4419 a
1423 4366 1604 4435 prisca
1667 4363 1842 4418 forma
1888 4378 2126 4418 recesse.

553 4457 682 4509 rint.
721 4454 1056 4521 Querebatur
1088 4457 1216 4510 olim
1251 4457 1609 4528 Hieronymus
1638 4457 1705 4510 de
1733 4455 2120 4511 Hebraicarum

553 4546 855 4601 litterarum
902 4550 1162 4617 parvitate
1210 4551 1374 4603 nimia
1413 4567 1426 4603 :

555 4637 679 4706 logo
709 4653 829 4706 cap.
866 4655 955 4702 xx,
982 4640 1036 4691 in
1075 4639 1419 4706 Ezechielem)
1451 4639 1520 4692 ad
1554 4640 1690 4692 hanc
1731 4636 1971 4691 dictandi
1997 4636 2126 4703 difﬁ-

557 4727 830 4788 cultatem,
884 4729 1044 4798 quod,
1093 4730 1446 4798 caligantibus
1501 4730 1668 4782 oculis
1704 4735 1983 4791 senectute,
2022 4723 2125 4777 ali-

553 4813 681 4882 quid
720 4814 1100 4869 sustinentibus
1137 4817 1273 4869 beati
1308 4815 1483 4877 Isaac,
1513 4816 1579 4866 ad
1610 4829 1922 4867 nocmrnum
1947 4815 2120 4865 lumen

553 4919 880 4973 nequaquam
903 4904 1166 4958 valeamus
1197 4905 1543 4958 llebrteorum
1576 4902 1843 4956 volumina
1873 4900 2117 4967 relegere,

550 5009 668 5064 qua:
709 4997 869 5048 etiam
891 4997 958 5049 ad
983 4998 1109 5050 solis
1134 4999 1338 5066 dieique
1363 4995 1619 5064 fulgorem
1647 4994 1948 5045 litterarum
1974 4991 2122 5043 nobis

549 5089 812 5156 parvitate
840 5100 1126 5143 ca'cantur.
1157 5089 1288 5155 Quae
1339 5088 1570 5141 fortasse
1608 5085 1675 5139 de
1719 5084 2123 5152 exemplaribus

552 5189 762 5234 tantum
787 5179 1100 5252 Hieronymi
1132 5179 1356 5248 intelligi
1391 5179 1605 5232 debent.
1631 5176 1900 5231 Credibile
1925 5175 2125 5244 quippe

551 5283 632 5326 est
700 5273 841 5342 apud
913 5271 1197 5336 Hebraeos,
1275 5269 1498 5340 perinde
1563 5281 1724 5336 atque
1789 5268 1930 5336 apud
1996 5267 2124 5321 reli-

550 5381 689 5433 quas
712 5366 860 5420 orbis
887 5366 1153 5430 nationes,
1205 5363 1537 5431 exemplaria
1581 5360 1830 5431 quaadam
1887 5360 2119 5426 minore,

553 5457 658 5508 alia
687 5471 816 5510 vero
844 5457 1051 5524 majore
1069 5455 1368 5508 litterarum
1406 5454 1579 5510 forma
1616 5455 1886 5524 descripta
1928 5452 2118 5506 fuisse.

624 5544 685 5598 ll.
723 5545 1026 5614 Spectmiua
1069 5547 1310 5613 quaedam
1341 5544 1642 5598 litterarum
1671 5544 2058 5598 Hebraicarum

1211 5624 1458 5667 ueterum.

623 5703 842 5758 Certum
875 5702 1103 5756 habetur
1124 5704 1266 5772 apud
1298 5704 1564 5770 eruditos,
1595 5701 1886 5758 Hebraicos
1916 5701 2122 5756 Biblioa

553 5809 675 5850 rum
725 5795 938 5853 codices
979 5796 1404 5867 manuscriptos.
1444 5798 1539 5868 qui
1600 5798 1656 5852 in
1681 5797 1849 5852 variis
1890 5794 2118 5864 Europae

1481 4549 1696 4603 Accedit
1753 4546 1951 4618 (inquit
1987 4545 2121 4597 Pro-
2157 4540 2198 4593 Ι)

2223 3289 2441 3359 quando
2469 3287 2713 3340 Abraxca
2747 3284 3058 3353 hujusmodi
3111 3283 3353 3354 symbola
3381 3281 3564 3337 Graice
3591 3281 3796 3337 descri-

2223 3391 2312 3450 pta
2349 3387 2501 3445 sunt,
2538 3395 2660 3448 qua:
2714 3378 2803 3431 vix
2851 3377 2952 3447 legi
2991 3392 3224 3445 raroque
3271 3375 3497 3446 intelligi
3542 3384 3792 3450 possunt.

2232 3446 2632 3537 Suhjungimus
2661 3476 2838 3519 autem
2867 3446 3214 3534 alphabetum
3239 3462 3559 3518 Hebraicum
3590 3446 3657 3516 ex
3687 3478 3792 3518 ms.

2225 3559 2340 3613 RR.
2373 3558 2477 3612 PP.
2512 3557 2841 3613 Jesuitarum
2869 3556 3078 3624 collegii
3108 3555 3364 3610 Ludovici
3393 3555 3598 3624 Magni;
3622 3555 3715 3609 ubi
3739 3555 3794 3609 in

2223 3653 2366 3708 libro
2392 3653 2732 3707 Threnorum
2775 3648 3026 3705 Ieremia:
3067 3649 3366 3704 litterarum
3389 3646 3561 3702 forma
3590 3648 3797 3718 pluries

2223 3743 2533 3815 depingitur
2553 3759 2582 3796 a
2604 3742 2938 3811 calligrapho
2959 3741 3182 3807 Graeco;
3205 3741 3297 3796 sed
3328 3739 3401 3793 ita
3429 3739 3793 3809 indiligenter,

2225 3848 2286 3893 ut
2314 3854 2420 3892 non
2455 3852 2639 3892 secum
2669 3837 2784 3904 ipse
2811 3835 3136 3898 consentiat,
3176 3841 3230 3886 et
3276 3846 3399 3886 cum
3440 3829 3579 3884 idem
3608 3831 3798 3902 alpha—

2226 3931 2408 3985 betum
2439 3931 2650 3998 repetit,
2681 3943 2712 3982 a
2744 3928 2928 3998 priore
2960 3943 3124 3996 quam
3156 3930 3412 3995 posuerat
3452 3921 3626 3976 forma
3653 3939 3795 3992 saepe

2225 4020 2488 4075 deflectat.
2510 4018 2588 4073 Ex
2605 4020 2671 4072 iis
2687 4033 2816 4072 vero
2838 4019 3032 4072 formis
3047 4032 3141 4072 eas
3160 4014 3458 4083 delegimus
3477 4028 3598 4081 quae
3623 4014 3795 4084 magi!

2227 4111 2610 4166 adlitterarum
2628 4107 3012 4164 Hebraicarum
3035 4108 3262 4180 ﬁguram
3283 4103 3630 4159 accedebant.

2588 4217 2818 4332 ,μὰ
3207 4203 3419 4326 5/7

2719 4367 2820 4471 ‘1.

2593 4399 2632 4449 ἒ

3199 4412 3251 4460 D

3325 4367 3430 4641 ἓξ

3342 4668 3427 4760 [>

3326 4817 3427 5081 ἒ

3325 5113 3424 5247 ί

3325 5279 3429 5541 ἓν

3328 5575 3427 5682 ρ.

3333 5730 3426 5851 ῃ

2592 4831 2632 4878 Π

2719 4505 2817 4625 f3

2730 4659 2797 4777 14

2717 4811 2816 4916 Π

2601 4989 2623 5039 τ
2725 4993 2781 5090 d

2594 5149 2621 5197 τ
2739 5122 2800 5234 P

2589 5315 2629 5363 η
2732 5271 2800 5386 Η

2581 5419 2810 5531 ποίει

2591 5758 2622 5806 ³
2711 5729 2812 5850 Ἰ

3204 4845 3242 4899 v

3203 4983 3243 5037 ε)

3199 5147 3240 5198 1:

3195 5307 3238 5384 ρ

3197 5472 3238 5516 Ἴ

3193 5606 3248 5656 ta

3198 5765 3244 5816 η
