  <div class='ocr_page' id='page_1' title='image "/cluster/home/n/w/nwhite01/storage/ocr_20150623/15/hvd.32044019207653/028.png"; bbox 0 0 4052 6388; ppageno 0'>
   <div class='ocr_carea' id='block_1_1' title="bbox 135 355 1766 429">
    <p class='ocr_par' dir='ltr' id='par_1_1' title="bbox 135 355 1766 418">
     <span class='ocr_line' id='line_1_1' title="bbox 135 355 1766 418; baseline 0.003 -8"><span class='ocrx_word' id='word_1_1' title='bbox 135 355 169 410; x_wconf 79' lang='grc' dir='ltr'><strong>ιι</strong></span> <span class='ocrx_word' id='word_1_2' title='bbox 1422 361 1490 416; x_wconf 85' lang='grc' dir='ltr'><strong>ΙΝ</strong></span> <span class='ocrx_word' id='word_1_3' title='bbox 1523 359 1766 418; x_wconf 70' lang='lat' dir='ltr'><strong>HEXAPl</strong></span> 
     </span>
    </p>
   </div>
   <div class='ocr_carea' id='block_1_2' title="bbox 1870 355 3481 429">
    <p class='ocr_par' dir='ltr' id='par_1_2' title="bbox 1891 357 3481 429">
     <span class='ocr_line' id='line_1_2' title="bbox 1891 357 3481 429; baseline -0.001 -14"><span class='ocrx_word' id='word_1_4' title='bbox 1891 357 2245 416; x_wconf 73' lang='lat' dir='ltr'><strong>omcems.</strong></span> <span class='ocrx_word' id='word_1_5' title='bbox 3405 374 3481 429; x_wconf 63' lang='grc' dir='ltr'><strong>ιιι</strong></span> 
     </span>
    </p>
   </div>
   <div class='ocr_carea' id='block_1_3' title="bbox 179 471 3480 550">
    <p class='ocr_par' dir='ltr' id='par_1_3' title="bbox 179 471 3480 550">
     <span class='ocr_line' id='line_1_3' title="bbox 179 471 3480 550; baseline 0.006 -24"><span class='ocrx_word' id='word_1_6' title='bbox 179 471 238 528; x_wconf 81' lang='lat' dir='ltr'><strong>llis</strong></span> <span class='ocrx_word' id='word_1_7' title='bbox 256 472 460 544; x_wconf 81' lang='lat' dir='ltr'><strong>prolatis</strong></span> <span class='ocrx_word' id='word_1_8' title='bbox 486 479 1052 537; x_wconf 75' lang='lat' dir='ltr'><strong>vetustioribus</strong></span> <span class='ocrx_word' id='word_1_9' title='bbox 1079 482 1368 537; x_wconf 71' lang='lat' dir='ltr'><strong>litterarum</strong></span> <span class='ocrx_word' id='word_1_10' title='bbox 1391 478 1778 535; x_wconf 85' lang='lat' dir='ltr'><strong>Hebraicarum</strong></span> <span class='ocrx_word' id='word_1_11' title='bbox 1812 484 1856 542; x_wconf 72' lang='grc' dir='ltr'>Α</span> <span class='ocrx_word' id='word_1_12' title='bbox 1885 479 2191 534; x_wconf 76' lang='lat' dir='ltr'><strong>similitudo</strong></span> <span class='ocrx_word' id='word_1_13' title='bbox 2219 477 2664 550; x_wconf 75' lang='lat' dir='ltr'><strong>deprehenditur,</strong></span> <span class='ocrx_word' id='word_1_14' title='bbox 2697 481 2773 537; x_wconf 90' lang='lat' dir='ltr'><strong>ita</strong></span> <span class='ocrx_word' id='word_1_15' title='bbox 2803 490 2865 537; x_wconf 88' lang='lat' dir='ltr'><strong>ut</strong></span> <span class='ocrx_word' id='word_1_16' title='bbox 2897 483 2965 537; x_wconf 89' lang='lat' dir='ltr'><strong>ad</strong></span> <span class='ocrx_word' id='word_1_17' title='bbox 2987 483 3359 543; x_wconf 71' lang='lat' dir='ltr'><strong>differentiam</strong></span> <span class='ocrx_word' id='word_1_18' title='bbox 3389 491 3480 545; x_wconf 87' lang='lat' dir='ltr'><strong>lit-</strong></span> 
     </span>
    </p>
   </div>
   <div class='ocr_carea' id='block_1_4' title="bbox 142 566 3477 646">
    <p class='ocr_par' dir='ltr' id='par_1_4' title="bbox 142 566 3477 646">
     <span class='ocr_line' id='line_1_4' title="bbox 142 566 3477 646; baseline 0.004 -27"><span class='ocrx_word' id='word_1_19' title='bbox 142 566 456 636; x_wconf 76' lang='lat' dir='ltr'><strong>specimiuibus,</strong></span> <span class='ocrx_word' id='word_1_20' title='bbox 492 569 641 639; x_wconf 83' lang='lat' dir='ltr'><strong>jam</strong></span> <span class='ocrx_word' id='word_1_21' title='bbox 688 571 796 629; x_wconf 77' lang='lat' dir='ltr'><strong>de</strong></span> <span class='ocrx_word' id='word_1_22' title='bbox 844 574 1131 646; x_wconf 76' lang='lat' dir='ltr'><strong>singulis</strong></span> <span class='ocrx_word' id='word_1_23' title='bbox 1170 584 1226 630; x_wconf 94' lang='lat' dir='ltr'><strong>ut</strong></span> <span class='ocrx_word' id='word_1_24' title='bbox 1248 575 1374 629; x_wconf 80' lang='lat' dir='ltr'><strong>olim</strong></span> <span class='ocrx_word' id='word_1_25' title='bbox 1404 574 1780 628; x_wconf 69' lang='lat' dir='ltr'><strong>scribebantur</strong></span> <span class='ocrx_word' id='word_1_26' title='bbox 1883 579 2012 626; x_wconf 63' lang='lat' dir='ltr'><strong>terre</strong></span> <span class='ocrx_word' id='word_1_27' title='bbox 2038 579 2062 629; x_wconf 70' lang='grc' dir='ltr'>Ἰ</span> <span class='ocrx_word' id='word_1_28' title='bbox 2089 570 2197 625; x_wconf 92' lang='lat' dir='ltr'><strong>duo</strong></span> <span class='ocrx_word' id='word_1_29' title='bbox 2231 581 2427 640; x_wconf 90' lang='lat' dir='ltr'><strong>puncta</strong></span> <span class='ocrx_word' id='word_1_30' title='bbox 2481 573 2960 642; x_wconf 87' lang='lat' dir='ltr'><strong>superscribantur</strong></span> <span class='ocrx_word' id='word_1_31' title='bbox 2984 576 3065 631; x_wconf 89' lang='lat' dir='ltr'><strong>sic</strong></span> <span class='ocrx_word' id='word_1_32' title='bbox 3105 580 3150 633; x_wconf 77' lang='lat' dir='ltr'><strong>.‘t’.</strong></span> <span class='ocrx_word' id='word_1_33' title='bbox 3186 578 3274 633; x_wconf 88' lang='lat' dir='ltr'><strong>Ab</strong></span> <span class='ocrx_word' id='word_1_34' title='bbox 3305 581 3477 636; x_wconf 87' lang='lat' dir='ltr'><strong>inter-</strong></span> 
     </span>
    </p>
   </div>
   <div class='ocr_carea' id='block_1_5' title="bbox 145 662 1616 740">
    <p class='ocr_par' dir='ltr' id='par_1_5' title="bbox 145 662 1616 740">
     <span class='ocr_line' id='line_1_5' title="bbox 145 662 1616 740; baseline 0.005 -25"><span class='ocrx_word' id='word_1_35' title='bbox 145 662 430 732; x_wconf 78' lang='lat' dir='ltr'><strong>litterispauca</strong></span> <span class='ocrx_word' id='word_1_36' title='bbox 472 675 948 734; x_wconf 79' lang='lat' dir='ltr'><strong>pertractare</strong></span> <span class='ocrx_word' id='word_1_37' title='bbox 991 685 1178 740; x_wconf 78' lang='lat' dir='ltr'><strong>operae</strong></span> <span class='ocrx_word' id='word_1_38' title='bbox 1203 667 1616 740; x_wconf 84' lang='lat' dir='ltr'><strong>pretiuml‘uerit.</strong></span> 
     </span>
    </p>
   </div>
   <div class='ocr_carea' id='block_1_6' title="bbox 188 756 1779 830">
    <p class='ocr_par' dir='ltr' id='par_1_6' title="bbox 188 756 1779 830">
     <span class='ocr_line' id='line_1_6' title="bbox 188 756 1779 830; baseline 0.001 -17"><span class='ocrx_word' id='word_1_39' title='bbox 188 767 390 824; x_wconf 81' lang='lat' dir='ltr'><strong>ttsemper</strong></span> <span class='ocrx_word' id='word_1_40' title='bbox 445 756 536 810; x_wconf 83' lang='lat' dir='ltr'><strong>ita</strong></span> <span class='ocrx_word' id='word_1_41' title='bbox 565 757 958 828; x_wconf 84' lang='lat' dir='ltr'><strong>depictum</strong></span> <span class='ocrx_word' id='word_1_42' title='bbox 1003 761 1179 816; x_wconf 80' lang='lat' dir='ltr'><strong>fuisse</strong></span> <span class='ocrx_word' id='word_1_43' title='bbox 1203 760 1430 822; x_wconf 86' lang='lat' dir='ltr'><strong>videtur.</strong></span> <span class='ocrx_word' id='word_1_44' title='bbox 1461 774 1636 830; x_wconf 90' lang='lat' dir='ltr'><strong>neque</strong></span> <span class='ocrx_word' id='word_1_45' title='bbox 1669 761 1779 815; x_wconf 90' lang='lat' dir='ltr'><strong>ulla</strong></span> 
     </span>
    </p>
   </div>
   <div class='ocr_carea' id='block_1_7' title="bbox 153 848 1778 922">
    <p class='ocr_par' dir='ltr' id='par_1_7' title="bbox 153 848 1778 922">
     <span class='ocr_line' id='line_1_7' title="bbox 153 848 1778 922; baseline 0.004 -23"><span class='ocrx_word' id='word_1_46' title='bbox 153 848 236 902; x_wconf 81' lang='lat' dir='ltr'><strong>inter</strong></span> <span class='ocrx_word' id='word_1_47' title='bbox 253 859 431 903; x_wconf 73' lang='lat' dir='ltr'><strong>veteres</strong></span> <span class='ocrx_word' id='word_1_48' title='bbox 470 860 539 904; x_wconf 88' lang='lat' dir='ltr'><strong>et</strong></span> <span class='ocrx_word' id='word_1_49' title='bbox 581 854 1038 908; x_wconf 74' lang='lat' dir='ltr'><strong>recentiores</strong></span> <span class='ocrx_word' id='word_1_50' title='bbox 1070 851 1485 922; x_wconf 78' lang='lat' dir='ltr'><strong>deprehenditur</strong></span> <span class='ocrx_word' id='word_1_51' title='bbox 1508 853 1778 908; x_wconf 83' lang='lat' dir='ltr'><strong>scribendi</strong></span> 
     </span>
    </p>
   </div>
   <div class='ocr_carea' id='block_1_8' title="bbox 157 939 1777 1014">
    <p class='ocr_par' dir='ltr' id='par_1_8' title="bbox 157 939 1777 1014">
     <span class='ocr_line' id='line_1_8' title="bbox 157 939 1777 1014; baseline 0.002 -21"><span class='ocrx_word' id='word_1_52' title='bbox 157 939 378 997; x_wconf 73' lang='lat' dir='ltr'><strong>dilerentia.</strong></span> <span class='ocrx_word' id='word_1_53' title='bbox 409 940 811 1014; x_wconf 83' lang='lat' dir='ltr'><strong>Eademque</strong></span> <span class='ocrx_word' id='word_1_54' title='bbox 849 944 1077 1000; x_wconf 80' lang='lat' dir='ltr'><strong>forma</strong></span> <span class='ocrx_word' id='word_1_55' title='bbox 1101 944 1332 1000; x_wconf 89' lang='lat' dir='ltr'><strong>occurrit</strong></span> <span class='ocrx_word' id='word_1_56' title='bbox 1360 944 1414 998; x_wconf 93' lang='lat' dir='ltr'><strong>in</strong></span> <span class='ocrx_word' id='word_1_57' title='bbox 1437 943 1636 1013; x_wconf 81' lang='lat' dir='ltr'><strong>lapillis</strong></span> <span class='ocrx_word' id='word_1_58' title='bbox 1672 942 1777 997; x_wconf 86' lang='lat' dir='ltr'><strong>Ba-</strong></span> 
     </span>
    </p>
   </div>
   <div class='ocr_carea' id='block_1_9' title="bbox 163 1033 477 1090">
    <p class='ocr_par' dir='ltr' id='par_1_9' title="bbox 163 1033 477 1090">
     <span class='ocr_line' id='line_1_9' title="bbox 163 1033 477 1090; baseline 0 -2"><span class='ocrx_word' id='word_1_59' title='bbox 163 1033 477 1090; x_wconf 71' lang='lat' dir='ltr'><strong>tilidianorum.</strong></span> 
     </span>
    </p>
   </div>
   <div class='ocr_carea' id='block_1_10' title="bbox 206 1127 1780 1199">
    <p class='ocr_par' dir='ltr' id='par_1_10' title="bbox 206 1127 1780 1199">
     <span class='ocr_line' id='line_1_10' title="bbox 206 1127 1780 1199; baseline 0.002 -18"><span class='ocrx_word' id='word_1_60' title='bbox 206 1132 354 1192; x_wconf 59' lang='lat' dir='ltr'><strong>uitem</strong></span> <span class='ocrx_word' id='word_1_61' title='bbox 382 1145 413 1184; x_wconf 90' lang='lat' dir='ltr'><strong>a</strong></span> <span class='ocrx_word' id='word_1_62' title='bbox 449 1129 662 1199; x_wconf 82' lang='lat' dir='ltr'><strong>prisca</strong></span> <span class='ocrx_word' id='word_1_63' title='bbox 743 1128 984 1184; x_wconf 78' lang='lat' dir='ltr'><strong>forma</strong></span> <span class='ocrx_word' id='word_1_64' title='bbox 1045 1144 1158 1184; x_wconf 84' lang='lat' dir='ltr'><strong>non</strong></span> <span class='ocrx_word' id='word_1_65' title='bbox 1199 1128 1492 1185; x_wconf 87' lang='lat' dir='ltr'><strong>recessisse</strong></span> <span class='ocrx_word' id='word_1_66' title='bbox 1550 1127 1780 1184; x_wconf 79' lang='lat' dir='ltr'><strong>suadent</strong></span> 
     </span>
    </p>
   </div>
   <div class='ocr_carea' id='block_1_11' title="bbox 168 1220 1778 1294">
    <p class='ocr_par' dir='ltr' id='par_1_11' title="bbox 168 1220 1778 1294">
     <span class='ocr_line' id='line_1_11' title="bbox 168 1220 1778 1294; baseline -0.004 -14"><span class='ocrx_word' id='word_1_67' title='bbox 168 1225 498 1294; x_wconf 82' lang='lat' dir='ltr'><strong>tumspecimen</strong></span> <span class='ocrx_word' id='word_1_68' title='bbox 527 1223 845 1288; x_wconf 86' lang='lat' dir='ltr'><strong>allatum,</strong></span> <span class='ocrx_word' id='word_1_69' title='bbox 893 1231 1038 1276; x_wconf 90' lang='lat' dir='ltr'><strong>tum</strong></span> <span class='ocrx_word' id='word_1_70' title='bbox 1106 1221 1263 1276; x_wconf 84' lang='lat' dir='ltr'><strong>etiam</strong></span> <span class='ocrx_word' id='word_1_71' title='bbox 1311 1221 1430 1290; x_wconf 88' lang='lat' dir='ltr'><strong>ejus</strong></span> <span class='ocrx_word' id='word_1_72' title='bbox 1479 1220 1778 1275; x_wconf 86' lang='lat' dir='ltr'><strong>similitudo</strong></span> 
     </span>
    </p>
   </div>
   <div class='ocr_carea' id='block_1_12' title="bbox 171 1308 1774 1382">
    <p class='ocr_par' dir='ltr' id='par_1_12' title="bbox 171 1308 1774 1382">
     <span class='ocr_line' id='line_1_12' title="bbox 171 1308 1774 1382; baseline -0.006 -10"><span class='ocrx_word' id='word_1_73' title='bbox 171 1333 246 1372; x_wconf 78' lang='lat' dir='ltr'><strong>cum</strong></span> <span class='ocrx_word' id='word_1_74' title='bbox 268 1318 421 1370; x_wconf 84' lang='lat' dir='ltr'><strong>littera</strong></span> <span class='ocrx_word' id='word_1_75' title='bbox 476 1326 536 1378; x_wconf 73' lang='lat'><strong>3.</strong></span> <span class='ocrx_word' id='word_1_76' title='bbox 602 1327 757 1382; x_wconf 82' lang='lat' dir='ltr'><strong>quae</strong></span> <span class='ocrx_word' id='word_1_77' title='bbox 823 1321 896 1367; x_wconf 78' lang='lat' dir='ltr'><strong>et.</strong></span> <span class='ocrx_word' id='word_1_78' title='bbox 937 1311 1091 1365; x_wconf 90' lang='lat' dir='ltr'><strong>olim</strong></span> <span class='ocrx_word' id='word_1_79' title='bbox 1127 1310 1194 1364; x_wconf 89' lang='lat' dir='ltr'><strong>ab</strong></span> <span class='ocrx_word' id='word_1_80' title='bbox 1230 1308 1462 1364; x_wconf 87' lang='lat' dir='ltr'><strong>Eusebio</strong></span> <span class='ocrx_word' id='word_1_81' title='bbox 1495 1309 1550 1362; x_wconf 92' lang='lat' dir='ltr'><strong>in</strong></span> <span class='ocrx_word' id='word_1_82' title='bbox 1579 1309 1774 1378; x_wconf 89' lang='lat' dir='ltr'><strong>psalm.</strong></span> 
     </span>
    </p>
   </div>
   <div class='ocr_carea' id='block_1_13' title="bbox 176 1399 1776 1467">
    <p class='ocr_par' dir='ltr' id='par_1_13' title="bbox 176 1399 1776 1467">
     <span class='ocr_line' id='line_1_13' title="bbox 176 1399 1776 1467; baseline -0.004 -4"><span class='ocrx_word' id='word_1_83' title='bbox 176 1425 286 1464; x_wconf 82' lang='lat' dir='ltr'><strong>mut</strong></span> <span class='ocrx_word' id='word_1_84' title='bbox 327 1407 629 1462; x_wconf 78' lang='lat' dir='ltr'><strong>observata</strong></span> <span class='ocrx_word' id='word_1_85' title='bbox 675 1402 836 1467; x_wconf 82' lang='lat' dir='ltr'><strong>fuit,</strong></span> <span class='ocrx_word' id='word_1_86' title='bbox 912 1413 982 1457; x_wconf 83' lang='lat' dir='ltr'><strong>et</strong></span> <span class='ocrx_word' id='word_1_87' title='bbox 1019 1401 1187 1456; x_wconf 87' lang='lat' dir='ltr'><strong>hodie</strong></span> <span class='ocrx_word' id='word_1_88' title='bbox 1210 1400 1263 1454; x_wconf 90' lang='lat' dir='ltr'><strong>in</strong></span> <span class='ocrx_word' id='word_1_89' title='bbox 1306 1401 1461 1455; x_wconf 88' lang='lat' dir='ltr'><strong>libris</strong></span> <span class='ocrx_word' id='word_1_90' title='bbox 1495 1399 1776 1456; x_wconf 84' lang='lat' dir='ltr'><strong>Hebraicis</strong></span> 
     </span>
    </p>
   </div>
   <div class='ocr_carea' id='block_1_14' title="bbox 178 1492 1776 1572">
    <p class='ocr_par' dir='ltr' id='par_1_14' title="bbox 178 1492 1776 1572">
     <span class='ocr_line' id='line_1_14' title="bbox 178 1492 1776 1572; baseline -0.005 -15"><span class='ocrx_word' id='word_1_91' title='bbox 178 1501 544 1572; x_wconf 71' lang='lat' dir='ltr'><strong>deprehenditur.</strong></span> <span class='ocrx_word' id='word_1_92' title='bbox 579 1495 745 1552; x_wconf 81' lang='lat' dir='ltr'><strong>Nam</strong></span> <span class='ocrx_word' id='word_1_93' title='bbox 788 1495 890 1550; x_wconf 84' lang='lat' dir='ltr'><strong>ait</strong></span> <span class='ocrx_word' id='word_1_94' title='bbox 927 1492 1223 1548; x_wconf 87' lang='lat' dir='ltr'><strong>Eusebius</strong></span> <span class='ocrx_word' id='word_1_95' title='bbox 1247 1493 1345 1548; x_wconf 90' lang='lat' dir='ltr'><strong>has</strong></span> <span class='ocrx_word' id='word_1_96' title='bbox 1367 1493 1578 1549; x_wconf 84' lang='lat' dir='ltr'><strong>litteras</strong></span> <span class='ocrx_word' id='word_1_97' title='bbox 1609 1509 1776 1562; x_wconf 89' lang='lat' dir='ltr'><strong>parvo</strong></span> 
     </span>
    </p>
   </div>
   <div class='ocr_carea' id='block_1_15' title="bbox 179 1583 1773 1662">
    <p class='ocr_par' dir='ltr' id='par_1_15' title="bbox 179 1583 1773 1662">
     <span class='ocr_line' id='line_1_15' title="bbox 179 1583 1773 1662; baseline -0.007 -14"><span class='ocrx_word' id='word_1_98' title='bbox 179 1595 277 1662; x_wconf 79' lang='lat' dir='ltr'><strong>apice</strong></span> <span class='ocrx_word' id='word_1_99' title='bbox 299 1589 576 1660; x_wconf 80' lang='lat' dir='ltr'><strong>distingui,</strong></span> <span class='ocrx_word' id='word_1_100' title='bbox 614 1597 686 1642; x_wconf 93' lang='lat' dir='ltr'><strong>ut</strong></span> <span class='ocrx_word' id='word_1_101' title='bbox 721 1585 1061 1655; x_wconf 84' lang='lat' dir='ltr'><strong>hodieque</strong></span> <span class='ocrx_word' id='word_1_102' title='bbox 1088 1583 1356 1650; x_wconf 86' lang='lat' dir='ltr'><strong>videmus,</strong></span> <span class='ocrx_word' id='word_1_103' title='bbox 1390 1585 1536 1654; x_wconf 91' lang='lat' dir='ltr'><strong>quod</strong></span> <span class='ocrx_word' id='word_1_104' title='bbox 1573 1584 1773 1640; x_wconf 90' lang='lat' dir='ltr'><strong>conﬁr-</strong></span> 
     </span>
    </p>
   </div>
   <div class='ocr_carea' id='block_1_16' title="bbox 179 1676 1772 1754">
    <p class='ocr_par' dir='ltr' id='par_1_16' title="bbox 179 1676 1772 1754">
     <span class='ocr_line' id='line_1_16' title="bbox 179 1676 1772 1754; baseline -0.006 -15"><span class='ocrx_word' id='word_1_105' title='bbox 179 1695 254 1740; x_wconf 80' lang='lat' dir='ltr'><strong>mat</strong></span> <span class='ocrx_word' id='word_1_106' title='bbox 286 1684 648 1754; x_wconf 75' lang='lat' dir='ltr'><strong>Hieronymus</strong></span> <span class='ocrx_word' id='word_1_107' title='bbox 707 1679 946 1734; x_wconf 87' lang='lat' dir='ltr'><strong>multis</strong></span> <span class='ocrx_word' id='word_1_108' title='bbox 1005 1678 1071 1731; x_wconf 89' lang='lat' dir='ltr'><strong>in</strong></span> <span class='ocrx_word' id='word_1_109' title='bbox 1124 1677 1278 1732; x_wconf 89' lang='lat' dir='ltr'><strong>locis.</strong></span> <span class='ocrx_word' id='word_1_110' title='bbox 1311 1676 1392 1731; x_wconf 87' lang='lat' dir='ltr'><strong>Ex</strong></span> <span class='ocrx_word' id='word_1_111' title='bbox 1447 1679 1552 1732; x_wconf 81' lang='lat' dir='ltr'><strong>hac</strong></span> <span class='ocrx_word' id='word_1_112' title='bbox 1610 1694 1772 1748; x_wconf 86' lang='lat' dir='ltr'><strong>porro</strong></span> 
     </span>
    </p>
   </div>
   <div class='ocr_carea' id='block_1_17' title="bbox 180 1770 1769 1834">
    <p class='ocr_par' dir='ltr' id='par_1_17' title="bbox 180 1770 1769 1834">
     <span class='ocr_line' id='line_1_17' title="bbox 180 1770 1769 1834; baseline -0.002 -3"><span class='ocrx_word' id='word_1_113' title='bbox 180 1779 310 1831; x_wconf 75' lang='lat' dir='ltr'><strong>{om</strong></span> <span class='ocrx_word' id='word_1_114' title='bbox 355 1773 735 1830; x_wconf 69' lang='lat' dir='ltr'><strong>similitudine</strong></span> <span class='ocrx_word' id='word_1_115' title='bbox 795 1771 1044 1826; x_wconf 84' lang='lat' dir='ltr'><strong>factum</strong></span> <span class='ocrx_word' id='word_1_116' title='bbox 1081 1778 1188 1834; x_wconf 89' lang='lat' dir='ltr'><strong>est,</strong></span> <span class='ocrx_word' id='word_1_117' title='bbox 1231 1779 1290 1823; x_wconf 91' lang='lat' dir='ltr'><strong>ut</strong></span> <span class='ocrx_word' id='word_1_118' title='bbox 1345 1770 1466 1825; x_wconf 90' lang='lat' dir='ltr'><strong>aliis</strong></span> <span class='ocrx_word' id='word_1_119' title='bbox 1494 1784 1527 1829; x_wconf 68' lang='grc' dir='ltr'><strong>ἓ</strong></span> <span class='ocrx_word' id='word_1_120' title='bbox 1569 1771 1690 1825; x_wconf 91' lang='lat' dir='ltr'><strong>aliis</strong></span> <span class='ocrx_word' id='word_1_121' title='bbox 1730 1781 1769 1828; x_wconf 70' lang='lat'><strong>2.</strong></span> 
     </span>
    </p>
   </div>
   <div class='ocr_carea' id='block_1_18' title="bbox 181 1863 1766 1940">
    <p class='ocr_par' dir='ltr' id='par_1_18' title="bbox 181 1863 1766 1940">
     <span class='ocr_line' id='line_1_18' title="bbox 181 1863 1766 1940; baseline -0.003 -17"><span class='ocrx_word' id='word_1_122' title='bbox 181 1870 438 1940; x_wconf 71' lang='lat' dir='ltr'><strong>legentibus,</strong></span> <span class='ocrx_word' id='word_1_123' title='bbox 458 1879 671 1935; x_wconf 85' lang='lat' dir='ltr'><strong>magna</strong></span> <span class='ocrx_word' id='word_1_124' title='bbox 701 1863 1276 1935; x_wconf 87' lang='lat' dir='ltr'><strong>interpretationum</strong></span> <span class='ocrx_word' id='word_1_125' title='bbox 1307 1863 1544 1919; x_wconf 77' lang='lat' dir='ltr'><strong>varietas</strong></span> <span class='ocrx_word' id='word_1_126' title='bbox 1571 1863 1766 1919; x_wconf 87' lang='lat' dir='ltr'><strong>oborta</strong></span> 
     </span>
    </p>
   </div>
   <div class='ocr_carea' id='block_1_19' title="bbox 181 1954 1180 2027">
    <p class='ocr_par' dir='ltr' id='par_1_19' title="bbox 181 1954 1180 2027">
     <span class='ocr_line' id='line_1_19' title="bbox 181 1954 1180 2027; baseline -0.009 -12"><span class='ocrx_word' id='word_1_127' title='bbox 181 1964 242 2026; x_wconf 78' lang='lat' dir='ltr'><strong>ut,</strong></span> <span class='ocrx_word' id='word_1_128' title='bbox 260 1971 304 2014; x_wconf 89' lang='lat' dir='ltr'><strong>ut</strong></span> <span class='ocrx_word' id='word_1_129' title='bbox 328 1957 458 2013; x_wconf 80' lang='lat' dir='ltr'><strong>inira</strong></span> <span class='ocrx_word' id='word_1_130' title='bbox 487 1955 766 2027; x_wconf 86' lang='lat' dir='ltr'><strong>pluribus</strong></span> <span class='ocrx_word' id='word_1_131' title='bbox 807 1954 1180 2010; x_wconf 86' lang='lat' dir='ltr'><strong>ostenditur.</strong></span> 
     </span>
    </p>
   </div>
   <div class='ocr_carea' id='block_1_20' title="bbox 227 2037 1769 2114">
    <p class='ocr_par' dir='ltr' id='par_1_20' title="bbox 227 2037 1769 2114">
     <span class='ocr_line' id='line_1_20' title="bbox 227 2037 1769 2114; baseline -0.003 -10"><span class='ocrx_word' id='word_1_132' title='bbox 227 2051 548 2112; x_wconf 76' lang='lat' dir='ltr'><strong>:secundum</strong></span> <span class='ocrx_word' id='word_1_133' title='bbox 605 2049 956 2103; x_wconf 87' lang='lat' dir='ltr'><strong>bodiernas</strong></span> <span class='ocrx_word' id='word_1_134' title='bbox 1015 2037 1264 2110; x_wconf 79' lang='lat' dir='ltr'><strong>formas,</strong></span> <span class='ocrx_word' id='word_1_135' title='bbox 1316 2059 1570 2114; x_wconf 86' lang='lat' dir='ltr'><strong>magnam</strong></span> <span class='ocrx_word' id='word_1_136' title='bbox 1607 2043 1769 2100; x_wconf 85' lang='lat' dir='ltr'><strong>habet</strong></span> 
     </span>
    </p>
   </div>
   <div class='ocr_carea' id='block_1_21' title="bbox 179 2135 1766 2207">
    <p class='ocr_par' dir='ltr' id='par_1_21' title="bbox 179 2135 1766 2207">
     <span class='ocr_line' id='line_1_21' title="bbox 179 2135 1766 2207; baseline -0.005 -9"><span class='ocrx_word' id='word_1_137' title='bbox 179 2159 265 2198; x_wconf 79' lang='lat' dir='ltr'><strong>eum</strong></span> <span class='ocrx_word' id='word_1_138' title='bbox 289 2155 310 2202; x_wconf 68' lang='grc' dir='ltr'><strong>ι</strong></span> <span class='ocrx_word' id='word_1_139' title='bbox 337 2159 434 2194; x_wconf 83' lang='lat' dir='ltr'><strong>nun</strong></span> <span class='ocrx_word' id='word_1_140' title='bbox 457 2140 831 2196; x_wconf 84' lang='lat' dir='ltr'><strong>aﬂinitatem.</strong></span> <span class='ocrx_word' id='word_1_141' title='bbox 869 2137 998 2194; x_wconf 88' lang='lat' dir='ltr'><strong>Sed</strong></span> <span class='ocrx_word' id='word_1_142' title='bbox 1037 2136 1376 2192; x_wconf 90' lang='lat' dir='ltr'><strong>absimiliore</strong></span> <span class='ocrx_word' id='word_1_143' title='bbox 1427 2136 1558 2191; x_wconf 87' lang='lat' dir='ltr'><strong>olim</strong></span> <span class='ocrx_word' id='word_1_144' title='bbox 1595 2135 1766 2207; x_wconf 88' lang='lat' dir='ltr'><strong>ﬁgura</strong></span> 
     </span>
    </p>
   </div>
   <div class='ocr_carea' id='block_1_22' title="bbox 180 2231 1767 2304">
    <p class='ocr_par' dir='ltr' id='par_1_22' title="bbox 180 2231 1767 2304">
     <span class='ocr_line' id='line_1_22' title="bbox 180 2231 1767 2304; baseline -0.001 -18"><span class='ocrx_word' id='word_1_145' title='bbox 180 2235 251 2289; x_wconf 79' lang='lat' dir='ltr'><strong>has</strong></span> <span class='ocrx_word' id='word_1_146' title='bbox 270 2237 456 2290; x_wconf 77' lang='lat' dir='ltr'><strong>litteras</strong></span> <span class='ocrx_word' id='word_1_147' title='bbox 509 2234 852 2304; x_wconf 87' lang='lat' dir='ltr'><strong>descriptas</strong></span> <span class='ocrx_word' id='word_1_148' title='bbox 924 2231 1114 2286; x_wconf 78' lang='lat' dir='ltr'><strong>fuisse</strong></span> <span class='ocrx_word' id='word_1_149' title='bbox 1174 2240 1468 2298; x_wconf 87' lang='lat' dir='ltr'><strong>putamus;</strong></span> <span class='ocrx_word' id='word_1_150' title='bbox 1519 2244 1626 2284; x_wconf 91' lang='lat' dir='ltr'><strong>non</strong></span> <span class='ocrx_word' id='word_1_151' title='bbox 1657 2239 1767 2284; x_wconf 89' lang='lat' dir='ltr'><strong>tam</strong></span> 
     </span>
    </p>
   </div>
   <div class='ocr_carea' id='block_1_23' title="bbox 180 2319 1763 2391">
    <p class='ocr_par' dir='ltr' id='par_1_23' title="bbox 180 2319 1763 2391">
     <span class='ocr_line' id='line_1_23' title="bbox 180 2319 1763 2391; baseline -0.004 -13"><span class='ocrx_word' id='word_1_152' title='bbox 180 2326 276 2391; x_wconf 79' lang='lat' dir='ltr'><strong>quia</strong></span> <span class='ocrx_word' id='word_1_153' title='bbox 320 2327 457 2380; x_wconf 83' lang='lat' dir='ltr'><strong>varie</strong></span> <span class='ocrx_word' id='word_1_154' title='bbox 505 2324 856 2378; x_wconf 80' lang='lat' dir='ltr'><strong>formantur</strong></span> <span class='ocrx_word' id='word_1_155' title='bbox 908 2321 973 2376; x_wconf 89' lang='lat' dir='ltr'><strong>in</strong></span> <span class='ocrx_word' id='word_1_156' title='bbox 1032 2320 1322 2390; x_wconf 89' lang='lat' dir='ltr'><strong>alphabeto</strong></span> <span class='ocrx_word' id='word_1_157' title='bbox 1341 2333 1506 2389; x_wconf 87' lang='lat' dir='ltr'><strong>supra</strong></span> <span class='ocrx_word' id='word_1_158' title='bbox 1529 2319 1763 2390; x_wconf 79' lang='lat' dir='ltr'><strong>depicta,</strong></span> 
     </span>
    </p>
   </div>
   <div class='ocr_carea' id='block_1_24' title="bbox 182 2412 1767 2482">
    <p class='ocr_par' dir='ltr' id='par_1_24' title="bbox 182 2412 1767 2482">
     <span class='ocr_line' id='line_1_24' title="bbox 182 2412 1767 2482; baseline 0 -14"><span class='ocrx_word' id='word_1_159' title='bbox 182 2417 278 2472; x_wconf 79' lang='lat' dir='ltr'><strong>huic</strong></span> <span class='ocrx_word' id='word_1_160' title='bbox 307 2417 580 2472; x_wconf 87' lang='lat' dir='ltr'><strong>enimnon</strong></span> <span class='ocrx_word' id='word_1_161' title='bbox 637 2417 910 2472; x_wconf 86' lang='lat' dir='ltr'><strong>multum</strong></span> <span class='ocrx_word' id='word_1_162' title='bbox 969 2412 1230 2477; x_wconf 83' lang='lat' dir='ltr'><strong>ﬁdimus;</strong></span> <span class='ocrx_word' id='word_1_163' title='bbox 1285 2426 1450 2482; x_wconf 89' lang='lat' dir='ltr'><strong>quam</strong></span> <span class='ocrx_word' id='word_1_164' title='bbox 1503 2413 1631 2482; x_wconf 87' lang='lat' dir='ltr'><strong>quia</strong></span> <span class='ocrx_word' id='word_1_165' title='bbox 1677 2413 1767 2468; x_wconf 92' lang='lat' dir='ltr'><strong>vix</strong></span> 
     </span>
    </p>
   </div>
   <div class='ocr_carea' id='block_1_25' title="bbox 182 2503 1770 2579">
    <p class='ocr_par' dir='ltr' id='par_1_25' title="bbox 182 2503 1770 2579">
     <span class='ocr_line' id='line_1_25' title="bbox 182 2503 1770 2579; baseline -0.001 -17"><span class='ocrx_word' id='word_1_166' title='bbox 182 2510 310 2562; x_wconf 84' lang='lat' dir='ltr'><strong>aliam</strong></span> <span class='ocrx_word' id='word_1_167' title='bbox 334 2525 422 2579; x_wconf 90' lang='lat' dir='ltr'><strong>pro</strong></span> <span class='ocrx_word' id='word_1_168' title='bbox 449 2511 556 2565; x_wconf 89' lang='lat' dir='ltr'><strong>alia</strong></span> <span class='ocrx_word' id='word_1_169' title='bbox 589 2509 829 2579; x_wconf 87' lang='lat' dir='ltr'><strong>uspiam</strong></span> <span class='ocrx_word' id='word_1_170' title='bbox 860 2507 1084 2560; x_wconf 89' lang='lat' dir='ltr'><strong>lectam</strong></span> <span class='ocrx_word' id='word_1_171' title='bbox 1112 2503 1277 2558; x_wconf 80' lang='lat' dir='ltr'><strong>fuisse</strong></span> <span class='ocrx_word' id='word_1_172' title='bbox 1309 2503 1770 2574; x_wconf 89' lang='lat' dir='ltr'><strong>deprehendimus</strong></span> 
     </span>
    </p>
   </div>
   <div class='ocr_carea' id='block_1_26' title="bbox 185 2593 1770 2668">
    <p class='ocr_par' dir='ltr' id='par_1_26' title="bbox 185 2593 1770 2668">
     <span class='ocr_line' id='line_1_26' title="bbox 185 2593 1770 2668; baseline -0.002 -18"><span class='ocrx_word' id='word_1_173' title='bbox 185 2598 227 2650; x_wconf 86' lang='lat' dir='ltr'><strong>in</strong></span> <span class='ocrx_word' id='word_1_174' title='bbox 268 2610 480 2652; x_wconf 71' lang='lat' dir='ltr'><strong>seterum</strong></span> <span class='ocrx_word' id='word_1_175' title='bbox 524 2593 1160 2668; x_wconf 86' lang='lat' dir='ltr'><strong>interpretationibus;</strong></span> <span class='ocrx_word' id='word_1_176' title='bbox 1205 2607 1362 2650; x_wconf 88' lang='lat' dir='ltr'><strong>secus</strong></span> <span class='ocrx_word' id='word_1_177' title='bbox 1409 2609 1571 2664; x_wconf 86' lang='lat' dir='ltr'><strong>quam</strong></span> <span class='ocrx_word' id='word_1_178' title='bbox 1607 2595 1660 2649; x_wconf 91' lang='lat' dir='ltr'><strong>in</strong></span> <span class='ocrx_word' id='word_1_179' title='bbox 1689 2593 1770 2648; x_wconf 87' lang='lat' dir='ltr'><strong>iit-</strong></span> 
     </span>
    </p>
   </div>
   <div class='ocr_carea' id='block_1_27' title="bbox 188 2690 868 2758">
    <p class='ocr_par' dir='ltr' id='par_1_27' title="bbox 188 2690 868 2758">
     <span class='ocr_line' id='line_1_27' title="bbox 188 2690 868 2758; baseline 0.001 -17"><span class='ocrx_word' id='word_1_180' title='bbox 188 2690 288 2742; x_wconf 80' lang='lat' dir='ltr'><strong>teris</strong></span> <span class='ocrx_word' id='word_1_181' title='bbox 314 2691 564 2744; x_wconf 83' lang='lat' dir='ltr'><strong>similibus</strong></span> <span class='ocrx_word' id='word_1_182' title='bbox 589 2691 868 2758; x_wconf 83' lang='lat' dir='ltr'><strong>contigit.</strong></span> 
     </span>
    </p>
   </div>
   <div class='ocr_carea' id='block_1_28' title="bbox 235 2775 1769 2846">
    <p class='ocr_par' dir='ltr' id='par_1_28' title="bbox 235 2775 1769 2846">
     <span class='ocr_line' id='line_1_28' title="bbox 235 2775 1769 2846; baseline -0.001 -13"><span class='ocrx_word' id='word_1_183' title='bbox 235 2780 505 2840; x_wconf 71' lang='lat' dir='ltr'><strong>1iormam</strong></span> <span class='ocrx_word' id='word_1_184' title='bbox 555 2780 876 2836; x_wconf 85' lang='lat' dir='ltr'><strong>retinuisse</strong></span> <span class='ocrx_word' id='word_1_185' title='bbox 931 2790 1104 2830; x_wconf 89' lang='lat' dir='ltr'><strong>suam</strong></span> <span class='ocrx_word' id='word_1_186' title='bbox 1159 2785 1392 2846; x_wconf 84' lang='lat' dir='ltr'><strong>arguunt</strong></span> <span class='ocrx_word' id='word_1_187' title='bbox 1438 2785 1552 2828; x_wconf 89' lang='lat' dir='ltr'><strong>tum</strong></span> <span class='ocrx_word' id='word_1_188' title='bbox 1593 2775 1769 2846; x_wconf 88' lang='lat' dir='ltr'><strong>speci-</strong></span> 
     </span>
    </p>
   </div>
   <div class='ocr_carea' id='block_1_29' title="bbox 186 2867 1765 2938">
    <p class='ocr_par' dir='ltr' id='par_1_29' title="bbox 186 2867 1765 2938">
     <span class='ocr_line' id='line_1_29' title="bbox 186 2867 1765 2938; baseline -0.001 -14"><span class='ocrx_word' id='word_1_189' title='bbox 186 2872 308 2926; x_wconf 80' lang='lat' dir='ltr'><strong>mina</strong></span> <span class='ocrx_word' id='word_1_190' title='bbox 327 2873 625 2938; x_wconf 73' lang='lat' dir='ltr'><strong>vetustiora,</strong></span> <span class='ocrx_word' id='word_1_191' title='bbox 663 2881 788 2926; x_wconf 88' lang='lat' dir='ltr'><strong>tum</strong></span> <span class='ocrx_word' id='word_1_192' title='bbox 815 2869 1092 2924; x_wconf 80' lang='lat' dir='ltr'><strong>maxime</strong></span> <span class='ocrx_word' id='word_1_193' title='bbox 1134 2867 1251 2936; x_wconf 87' lang='lat' dir='ltr'><strong>ejus</strong></span> <span class='ocrx_word' id='word_1_194' title='bbox 1301 2867 1598 2922; x_wconf 88' lang='lat' dir='ltr'><strong>similitudo</strong></span> <span class='ocrx_word' id='word_1_195' title='bbox 1639 2883 1765 2923; x_wconf 93' lang='lat' dir='ltr'><strong>cum</strong></span> 
     </span>
    </p>
   </div>
   <div class='ocr_carea' id='block_1_30' title="bbox 186 2960 1768 3033">
    <p class='ocr_par' dir='ltr' id='par_1_30' title="bbox 186 2960 1768 3033">
     <span class='ocr_line' id='line_1_30' title="bbox 186 2960 1768 3033; baseline -0.002 -15"><span class='ocrx_word' id='word_1_196' title='bbox 186 2975 360 3033; x_wconf 63' lang='grc' dir='ltr'><strong>ηυξ</strong></span> <span class='ocrx_word' id='word_1_197' title='bbox 385 2975 434 3020; x_wconf 86' lang='lat' dir='ltr'><strong>et</strong></span> <span class='ocrx_word' id='word_1_198' title='bbox 462 2965 623 3020; x_wconf 87' lang='lat' dir='ltr'><strong>hodie</strong></span> <span class='ocrx_word' id='word_1_199' title='bbox 676 2964 816 3018; x_wconf 90' lang='lat' dir='ltr'><strong>talis</strong></span> <span class='ocrx_word' id='word_1_200' title='bbox 889 2969 1013 3025; x_wconf 85' lang='lat' dir='ltr'><strong>est,</strong></span> <span class='ocrx_word' id='word_1_201' title='bbox 1085 2968 1146 3014; x_wconf 91' lang='lat' dir='ltr'><strong>ut</strong></span> <span class='ocrx_word' id='word_1_202' title='bbox 1176 2975 1316 3030; x_wconf 82' lang='lat' dir='ltr'><strong>saepe</strong></span> <span class='ocrx_word' id='word_1_203' title='bbox 1375 2961 1463 3014; x_wconf 90' lang='lat' dir='ltr'><strong>vix</strong></span> <span class='ocrx_word' id='word_1_204' title='bbox 1508 2960 1768 3031; x_wconf 79' lang='lat' dir='ltr'><strong>distingui</strong></span> 
     </span>
    </p>
   </div>
   <div class='ocr_carea' id='block_1_31' title="bbox 188 3051 1765 3124">
    <p class='ocr_par' dir='ltr' id='par_1_31' title="bbox 188 3051 1765 3124">
     <span class='ocr_line' id='line_1_31' title="bbox 188 3051 1765 3124; baseline -0.001 -14"><span class='ocrx_word' id='word_1_205' title='bbox 188 3059 385 3124; x_wconf 71' lang='lat' dir='ltr'><strong>possint,</strong></span> <span class='ocrx_word' id='word_1_206' title='bbox 409 3060 608 3114; x_wconf 90' lang='lat' dir='ltr'><strong>etolim</strong></span> <span class='ocrx_word' id='word_1_207' title='bbox 642 3067 800 3113; x_wconf 90' lang='lat' dir='ltr'><strong>tanta</strong></span> <span class='ocrx_word' id='word_1_208' title='bbox 837 3055 988 3118; x_wconf 80' lang='lat' dir='ltr'><strong>fuit,</strong></span> <span class='ocrx_word' id='word_1_209' title='bbox 1033 3061 1096 3105; x_wconf 92' lang='lat' dir='ltr'><strong>ut</strong></span> <span class='ocrx_word' id='word_1_210' title='bbox 1149 3051 1466 3108; x_wconf 91' lang='lat' dir='ltr'><strong>innumeras</strong></span> <span class='ocrx_word' id='word_1_211' title='bbox 1502 3067 1641 3122; x_wconf 91' lang='lat' dir='ltr'><strong>pene</strong></span> <span class='ocrx_word' id='word_1_212' title='bbox 1677 3057 1765 3108; x_wconf 81' lang='lat' dir='ltr'><strong>in-</strong></span> 
     </span>
    </p>
   </div>
   <div class='ocr_carea' id='block_1_32' title="bbox 1881 663 3476 743">
    <p class='ocr_par' dir='ltr' id='par_1_32' title="bbox 1881 663 3476 743">
     <span class='ocr_line' id='line_1_32' title="bbox 1881 663 3476 743; baseline 0.008 -27"><span class='ocrx_word' id='word_1_213' title='bbox 1881 663 2131 734; x_wconf 90' lang='lat' dir='ltr'><strong>pretibus</strong></span> <span class='ocrx_word' id='word_1_214' title='bbox 2155 678 2373 734; x_wconf 89' lang='lat' dir='ltr'><strong>quoque</strong></span> <span class='ocrx_word' id='word_1_215' title='bbox 2401 663 2561 718; x_wconf 90' lang='lat' dir='ltr'><strong>aliam</strong></span> <span class='ocrx_word' id='word_1_216' title='bbox 2596 680 2694 734; x_wconf 88' lang='lat' dir='ltr'><strong>pro</strong></span> <span class='ocrx_word' id='word_1_217' title='bbox 2728 666 2832 720; x_wconf 89' lang='lat' dir='ltr'><strong>alia</strong></span> <span class='ocrx_word' id='word_1_218' title='bbox 2878 667 3072 723; x_wconf 77' lang='lat' dir='ltr'><strong>lectam</strong></span> <span class='ocrx_word' id='word_1_219' title='bbox 3109 684 3258 739; x_wconf 66' lang='lat' dir='ltr'><strong>saepe</strong></span> <span class='ocrx_word' id='word_1_220' title='bbox 3285 671 3476 743; x_wconf 85' lang='lat' dir='ltr'><strong>deprc-</strong></span> 
     </span>
    </p>
   </div>
   <div class='ocr_carea' id='block_1_33' title="bbox 1877 752 3472 832">
    <p class='ocr_par' dir='ltr' id='par_1_33' title="bbox 1877 752 3472 832">
     <span class='ocr_line' id='line_1_33' title="bbox 1877 752 3472 832; baseline 0.006 -22"><span class='ocrx_word' id='word_1_221' title='bbox 1877 753 2191 810; x_wconf 83' lang='lat' dir='ltr'><strong>hendimus.</strong></span> <span class='ocrx_word' id='word_1_222' title='bbox 2225 752 2532 810; x_wconf 78' lang='lat' dir='ltr'><strong>Verisimile</strong></span> <span class='ocrx_word' id='word_1_223' title='bbox 2567 765 2749 810; x_wconf 91' lang='lat' dir='ltr'><strong>autem</strong></span> <span class='ocrx_word' id='word_1_224' title='bbox 2782 768 2866 812; x_wconf 88' lang='lat' dir='ltr'><strong>est</strong></span> <span class='ocrx_word' id='word_1_225' title='bbox 2895 759 3096 814; x_wconf 89' lang='lat' dir='ltr'><strong>lineam</strong></span> <span class='ocrx_word' id='word_1_226' title='bbox 3124 777 3234 832; x_wconf 90' lang='lat' dir='ltr'><strong>qua</strong></span> <span class='ocrx_word' id='word_1_227' title='bbox 3267 761 3472 819; x_wconf 79' lang='lat' dir='ltr'><strong>forma-</strong></span> 
     </span>
    </p>
   </div>
   <div class='ocr_carea' id='block_1_34' title="bbox 1878 847 3469 924">
    <p class='ocr_par' dir='ltr' id='par_1_34' title="bbox 1878 847 3469 924">
     <span class='ocr_line' id='line_1_34' title="bbox 1878 847 3469 924; baseline 0.006 -22"><span class='ocrx_word' id='word_1_228' title='bbox 1878 847 2083 906; x_wconf 61' lang='lat' dir='ltr'><strong>baturi</strong></span> <span class='ocrx_word' id='word_1_229' title='bbox 2117 847 2172 901; x_wconf 92' lang='lat' dir='ltr'><strong>in</strong></span> <span class='ocrx_word' id='word_1_230' title='bbox 2193 847 2518 918; x_wconf 84' lang='lat' dir='ltr'><strong>quibusdam</strong></span> <span class='ocrx_word' id='word_1_231' title='bbox 2550 848 2742 903; x_wconf 86' lang='lat' dir='ltr'><strong>saltem</strong></span> <span class='ocrx_word' id='word_1_232' title='bbox 2767 849 2934 905; x_wconf 89' lang='lat' dir='ltr'><strong>libris&#39;</strong></span> <span class='ocrx_word' id='word_1_233' title='bbox 2951 867 2981 905; x_wconf 92' lang='lat' dir='ltr'><strong>a</strong></span> <span class='ocrx_word' id='word_1_234' title='bbox 3009 853 3294 922; x_wconf 89' lang='lat' dir='ltr'><strong>superiore</strong></span> <span class='ocrx_word' id='word_1_235' title='bbox 3313 867 3469 924; x_wconf 88' lang='lat' dir='ltr'><strong>parte</strong></span> 
     </span>
    </p>
   </div>
   <div class='ocr_carea' id='block_1_35' title="bbox 1879 937 3467 1017">
    <p class='ocr_par' dir='ltr' id='par_1_35' title="bbox 1879 937 3467 1017">
     <span class='ocr_line' id='line_1_35' title="bbox 1879 937 3467 1017; baseline 0.005 -24"><span class='ocrx_word' id='word_1_236' title='bbox 1879 938 2136 994; x_wconf 87' lang='lat' dir='ltr'><strong>reﬂexam</strong></span> <span class='ocrx_word' id='word_1_237' title='bbox 2155 937 2328 994; x_wconf 81' lang='lat' dir='ltr'><strong>fuisse</strong></span> <span class='ocrx_word' id='word_1_238' title='bbox 2361 941 2440 994; x_wconf 91' lang='lat' dir='ltr'><strong>sic</strong></span> <span class='ocrx_word' id='word_1_239' title='bbox 2466 949 2521 1006; x_wconf 78' lang='lat'><strong>1;</strong></span> <span class='ocrx_word' id='word_1_240' title='bbox 2559 941 2704 995; x_wconf 89' lang='lat' dir='ltr'><strong>unde</strong></span> <span class='ocrx_word' id='word_1_241' title='bbox 2751 943 3002 1012; x_wconf 83' lang='lat' dir='ltr'><strong>contigit,</strong></span> <span class='ocrx_word' id='word_1_242' title='bbox 3039 953 3098 997; x_wconf 86' lang='lat' dir='ltr'><strong>ut</strong></span> <span class='ocrx_word' id='word_1_243' title='bbox 3129 960 3228 1013; x_wconf 91' lang='lat' dir='ltr'><strong>pro</strong></span> <span class='ocrx_word' id='word_1_244' title='bbox 3252 956 3293 1005; x_wconf 76' lang='grc' dir='ltr'><strong>ἰ</strong></span> <span class='ocrx_word' id='word_1_245' title='bbox 3321 962 3467 1017; x_wconf 68' lang='grc' dir='ltr'>εῖιιρε</span> 
     </span>
    </p>
   </div>
   <div class='ocr_carea' id='block_1_36' title="bbox 1880 1030 3458 1101">
    <p class='ocr_par' dir='ltr' id='par_1_36' title="bbox 1880 1030 3458 1101">
     <span class='ocr_line' id='line_1_36' title="bbox 1880 1030 3458 1101; baseline 0.006 -17"><span class='ocrx_word' id='word_1_246' title='bbox 1880 1031 2064 1086; x_wconf 89' lang='lat' dir='ltr'><strong>habita</strong></span> <span class='ocrx_word' id='word_1_247' title='bbox 2101 1030 2262 1086; x_wconf 77' lang='lat' dir='ltr'><strong>fuerit</strong></span> <span class='ocrx_word' id='word_1_248' title='bbox 2298 1032 2368 1086; x_wconf 89' lang='lat' dir='ltr'><strong>ab</strong></span> <span class='ocrx_word' id='word_1_249' title='bbox 2417 1032 2826 1101; x_wconf 88' lang='lat' dir='ltr'><strong>interpretibus,</strong></span> <span class='ocrx_word' id='word_1_250' title='bbox 2858 1043 2918 1088; x_wconf 90' lang='lat' dir='ltr'><strong>ut</strong></span> <span class='ocrx_word' id='word_1_251' title='bbox 2959 1034 3104 1090; x_wconf 83' lang='lat' dir='ltr'><strong>infra</strong></span> <span class='ocrx_word' id='word_1_252' title='bbox 3133 1038 3409 1093; x_wconf 78' lang='lat' dir='ltr'><strong>videbitur</strong></span> <span class='ocrx_word' id='word_1_253' title='bbox 3444 1057 3458 1092; x_wconf 89' lang='lat'><strong>:</strong></span> 
     </span>
    </p>
   </div>
   <div class='ocr_carea' id='block_1_37' title="bbox 1877 1125 3459 1200">
    <p class='ocr_par' dir='ltr' id='par_1_37' title="bbox 1877 1125 3459 1200">
     <span class='ocr_line' id='line_1_37' title="bbox 1877 1125 3459 1200; baseline 0.005 -22"><span class='ocrx_word' id='word_1_254' title='bbox 1877 1134 2021 1178; x_wconf 89' lang='lat' dir='ltr'><strong>certe</strong></span> <span class='ocrx_word' id='word_1_255' title='bbox 2048 1132 2381 1180; x_wconf 86' lang='lat' dir='ltr'><strong>memoratus</strong></span> <span class='ocrx_word' id='word_1_256' title='bbox 2412 1125 2581 1180; x_wconf 80' lang='lat' dir='ltr'><strong>codex</strong></span> <span class='ocrx_word' id='word_1_257' title='bbox 2603 1126 2746 1182; x_wconf 91' lang='lat' dir='ltr'><strong>unde</strong></span> <span class='ocrx_word' id='word_1_258' title='bbox 2778 1127 3144 1198; x_wconf 87' lang='lat' dir='ltr'><strong>alphabetum.</strong></span> <span class='ocrx_word' id='word_1_259' title='bbox 3163 1145 3330 1200; x_wconf 88' lang='lat' dir='ltr'><strong>supra</strong></span> <span class='ocrx_word' id='word_1_260' title='bbox 3362 1131 3459 1185; x_wconf 88' lang='lat' dir='ltr'><strong>de-</strong></span> 
     </span>
    </p>
   </div>
   <div class='ocr_carea' id='block_1_38' title="bbox 1842 1217 3458 1290">
    <p class='ocr_par' dir='ltr' id='par_1_38' title="bbox 1842 1217 3458 1290">
     <span class='ocr_line' id='line_1_38' title="bbox 1842 1217 3458 1290; baseline 0.006 -23"><span class='ocrx_word' id='word_1_261' title='bbox 1842 1270 1847 1276; x_wconf 64' lang='lat'><strong>,</strong></span> <span class='ocrx_word' id='word_1_262' title='bbox 1878 1217 2083 1285; x_wconf 89' lang='lat' dir='ltr'><strong>pictum</strong></span> <span class='ocrx_word' id='word_1_263' title='bbox 2117 1217 2512 1285; x_wconf 87' lang='lat' dir='ltr'><strong>excerpsimus,</strong></span> <span class='ocrx_word' id='word_1_264' title='bbox 2561 1217 2615 1271; x_wconf 94' lang='lat' dir='ltr'><strong>in</strong></span> <span class='ocrx_word' id='word_1_265' title='bbox 2675 1218 2844 1274; x_wconf 90' lang='lat' dir='ltr'><strong>altero</strong></span> <span class='ocrx_word' id='word_1_266' title='bbox 2873 1220 3164 1290; x_wconf 89' lang='lat' dir='ltr'><strong>alphabeto</strong></span> <span class='ocrx_word' id='word_1_267' title='bbox 3197 1223 3344 1290; x_wconf 92' lang='lat' dir='ltr'><strong>(nam</strong></span> <span class='ocrx_word' id='word_1_268' title='bbox 3373 1222 3458 1276; x_wconf 80' lang='lat' dir='ltr'><strong>al-</strong></span> 
     </span>
    </p>
   </div>
   <div class='ocr_carea' id='block_1_39' title="bbox 1879 1307 3454 1382">
    <p class='ocr_par' dir='ltr' id='par_1_39' title="bbox 1879 1307 3454 1382">
     <span class='ocr_line' id='line_1_39' title="bbox 1879 1307 3454 1382; baseline 0.006 -22"><span class='ocrx_word' id='word_1_269' title='bbox 1879 1307 2112 1378; x_wconf 86' lang='lat' dir='ltr'><strong>phabeta</strong></span> <span class='ocrx_word' id='word_1_270' title='bbox 2167 1310 2389 1378; x_wconf 83' lang='lat' dir='ltr'><strong>repetit,</strong></span> <span class='ocrx_word' id='word_1_271' title='bbox 2444 1319 2502 1364; x_wconf 88' lang='lat' dir='ltr'><strong>ut</strong></span> <span class='ocrx_word' id='word_1_272' title='bbox 2535 1309 2844 1380; x_wconf 63' lang='lat' dir='ltr'><strong>diximus)‘:</strong></span> <span class='ocrx_word' id='word_1_273' title='bbox 2899 1313 3058 1382; x_wconf 88' lang='lat' dir='ltr'><strong>quasi</strong></span> <span class='ocrx_word' id='word_1_274' title='bbox 3100 1325 3141 1372; x_wconf 70' lang='grc' dir='ltr'><strong>’π</strong></span> <span class='ocrx_word' id='word_1_275' title='bbox 3198 1313 3454 1370; x_wconf 88' lang='lat' dir='ltr'><strong>delineat.</strong></span> 
     </span>
    </p>
   </div>
   <div class='ocr_carea' id='block_1_40' title="bbox 1877 1401 3454 1473">
    <p class='ocr_par' dir='ltr' id='par_1_40' title="bbox 1877 1401 3454 1473">
     <span class='ocr_line' id='line_1_40' title="bbox 1877 1401 3454 1473; baseline 0.004 -20"><span class='ocrx_word' id='word_1_276' title='bbox 1877 1401 2130 1456; x_wconf 81' lang='lat' dir='ltr'><strong>Attamen</strong></span> <span class='ocrx_word' id='word_1_277' title='bbox 2155 1401 2210 1454; x_wconf 92' lang='lat' dir='ltr'><strong>in</strong></span> <span class='ocrx_word' id='word_1_278' title='bbox 2240 1417 2372 1458; x_wconf 90' lang='lat' dir='ltr'><strong>voce</strong></span> <span class='ocrx_word' id='word_1_279' title='bbox 2402 1402 2548 1455; x_wconf 86' lang='lat' dir='ltr'><strong>IllIIl</strong></span> <span class='ocrx_word' id='word_1_280' title='bbox 2593 1403 2870 1459; x_wconf 90' lang='lat' dir='ltr'><strong>multoties</strong></span> <span class='ocrx_word' id='word_1_281' title='bbox 2891 1404 3119 1473; x_wconf 83' lang='lat' dir='ltr'><strong>repetita</strong></span> <span class='ocrx_word' id='word_1_282' title='bbox 3152 1404 3208 1458; x_wconf 90' lang='lat' dir='ltr'><strong>in</strong></span> <span class='ocrx_word' id='word_1_283' title='bbox 3236 1404 3454 1472; x_wconf 88' lang='lat' dir='ltr'><strong>Hesaia,</strong></span> 
     </span>
    </p>
   </div>
   <div class='ocr_carea' id='block_1_41' title="bbox 1875 1493 3458 1566">
    <p class='ocr_par' dir='ltr' id='par_1_41' title="bbox 1875 1493 3458 1566">
     <span class='ocr_line' id='line_1_41' title="bbox 1875 1493 3458 1566; baseline 0.004 -20"><span class='ocrx_word' id='word_1_284' title='bbox 1875 1493 2335 1562; x_wconf 87' lang='lat' dir='ltr'><strong>quemadmodum</strong></span> <span class='ocrx_word' id='word_1_285' title='bbox 2388 1505 2442 1550; x_wconf 92' lang='lat' dir='ltr'><strong>ct</strong></span> <span class='ocrx_word' id='word_1_286' title='bbox 2482 1495 2536 1548; x_wconf 91' lang='lat' dir='ltr'><strong>in</strong></span> <span class='ocrx_word' id='word_1_287' title='bbox 2579 1495 2868 1565; x_wconf 87' lang='lat' dir='ltr'><strong>alphabeto</strong></span> <span class='ocrx_word' id='word_1_288' title='bbox 2913 1512 3102 1566; x_wconf 80' lang='lat' dir='ltr'><strong>supra,</strong></span> <span class='ocrx_word' id='word_1_289' title='bbox 3160 1510 3350 1554; x_wconf 88' lang='lat' dir='ltr'><strong>neutra</strong></span> <span class='ocrx_word' id='word_1_290' title='bbox 3374 1499 3458 1553; x_wconf 88' lang='lat' dir='ltr'><strong>lit-</strong></span> 
     </span>
    </p>
   </div>
   <div class='ocr_carea' id='block_1_42' title="bbox 1876 1587 3091 1657">
    <p class='ocr_par' dir='ltr' id='par_1_42' title="bbox 1876 1587 3091 1657">
     <span class='ocr_line' id='line_1_42' title="bbox 1876 1587 3091 1657; baseline 0.002 -18"><span class='ocrx_word' id='word_1_291' title='bbox 1876 1597 1990 1640; x_wconf 80' lang='lat' dir='ltr'><strong>tera</strong></span> <span class='ocrx_word' id='word_1_292' title='bbox 2027 1595 2046 1632; x_wconf 72' lang='grc' dir='ltr'><strong>ν</strong></span> <span class='ocrx_word' id='word_1_293' title='bbox 2079 1587 2165 1642; x_wconf 85' lang='lat' dir='ltr'><strong>vel</strong></span> <span class='ocrx_word' id='word_1_294' title='bbox 2195 1597 2218 1646; x_wconf 74' lang='grc' dir='ltr'><strong>Ἰ</strong></span> <span class='ocrx_word' id='word_1_295' title='bbox 2247 1602 2278 1641; x_wconf 86' lang='lat' dir='ltr'><strong>a</strong></span> <span class='ocrx_word' id='word_1_296' title='bbox 2309 1602 2566 1657; x_wconf 89' lang='lat' dir='ltr'><strong>supremo</strong></span> <span class='ocrx_word' id='word_1_297' title='bbox 2590 1587 2744 1657; x_wconf 88' lang='lat' dir='ltr'><strong>apice</strong></span> <span class='ocrx_word' id='word_1_298' title='bbox 2765 1587 2964 1642; x_wconf 83' lang='lat' dir='ltr'><strong>reﬂexa</strong></span> <span class='ocrx_word' id='word_1_299' title='bbox 2991 1597 3091 1644; x_wconf 90' lang='lat' dir='ltr'><strong>est.</strong></span> 
     </span>
    </p>
   </div>
   <div class='ocr_carea' id='block_1_43' title="bbox 1946 1677 3452 1752">
    <p class='ocr_par' dir='ltr' id='par_1_43' title="bbox 1946 1677 3452 1752">
     <span class='ocr_line' id='line_1_43' title="bbox 1946 1677 3452 1752; baseline 0.005 -21"><span class='ocrx_word' id='word_1_300' title='bbox 1946 1677 2020 1734; x_wconf 87' lang='lat' dir='ltr'><strong>De</strong></span> <span class='ocrx_word' id='word_1_301' title='bbox 2059 1680 2236 1735; x_wconf 69' lang='lat' dir='ltr'><strong>littera</strong></span> <span class='ocrx_word' id='word_1_302' title='bbox 2261 1690 2288 1739; x_wconf 79' lang='grc' dir='ltr'><strong>ἰ</strong></span> <span class='ocrx_word' id='word_1_303' title='bbox 2313 1680 2447 1734; x_wconf 86' lang='lat' dir='ltr'><strong>nihil</strong></span> <span class='ocrx_word' id='word_1_304' title='bbox 2489 1679 2870 1747; x_wconf 81' lang='lat' dir='ltr'><strong>observamus,</strong></span> <span class='ocrx_word' id='word_1_305' title='bbox 2926 1679 3304 1736; x_wconf 73' lang='lat' dir='ltr'><strong>nisil‘ormam</strong></span> <span class='ocrx_word' id='word_1_306' title='bbox 3329 1682 3452 1752; x_wconf 77' lang='lat' dir='ltr'><strong>ejus</strong></span> 
     </span>
    </p>
   </div>
   <div class='ocr_carea' id='block_1_44' title="bbox 1874 1769 3447 1841">
    <p class='ocr_par' dir='ltr' id='par_1_44' title="bbox 1874 1769 3447 1841">
     <span class='ocr_line' id='line_1_44' title="bbox 1874 1769 3447 1841; baseline 0.003 -17"><span class='ocrx_word' id='word_1_307' title='bbox 1874 1769 1930 1824; x_wconf 91' lang='lat' dir='ltr'><strong>in</strong></span> <span class='ocrx_word' id='word_1_308' title='bbox 1956 1769 2243 1840; x_wconf 81' lang='lat' dir='ltr'><strong>alphabeto</strong></span> <span class='ocrx_word' id='word_1_309' title='bbox 2265 1785 2426 1841; x_wconf 83' lang='lat' dir='ltr'><strong>supra</strong></span> <span class='ocrx_word' id='word_1_310' title='bbox 2453 1771 2742 1826; x_wconf 89' lang='lat' dir='ltr'><strong>admodum</strong></span> <span class='ocrx_word' id='word_1_311' title='bbox 2769 1781 3079 1841; x_wconf 89' lang='lat' dir='ltr'><strong>corruptam</strong></span> <span class='ocrx_word' id='word_1_312' title='bbox 3105 1772 3292 1827; x_wconf 85' lang='lat' dir='ltr'><strong>videri.</strong></span> <span class='ocrx_word' id='word_1_313' title='bbox 3313 1772 3447 1828; x_wconf 86' lang='lat' dir='ltr'><strong>Eam</strong></span> 
     </span>
    </p>
   </div>
   <div class='ocr_carea' id='block_1_45' title="bbox 1871 1864 3449 1935">
    <p class='ocr_par' dir='ltr' id='par_1_45' title="bbox 1871 1864 3449 1935">
     <span class='ocr_line' id='line_1_45' title="bbox 1871 1864 3449 1935; baseline 0.002 -17"><span class='ocrx_word' id='word_1_314' title='bbox 1871 1879 2000 1919; x_wconf 87' lang='lat' dir='ltr'><strong>vero</strong></span> <span class='ocrx_word' id='word_1_315' title='bbox 2028 1879 2152 1919; x_wconf 91' lang='lat' dir='ltr'><strong>cum</strong></span> <span class='ocrx_word' id='word_1_316' title='bbox 2183 1864 2287 1918; x_wconf 90' lang='lat' dir='ltr'><strong>alia</strong></span> <span class='ocrx_word' id='word_1_317' title='bbox 2313 1865 2508 1934; x_wconf 88' lang='lat' dir='ltr'><strong>quavis</strong></span> <span class='ocrx_word' id='word_1_318' title='bbox 2537 1865 2716 1920; x_wconf 90' lang='lat' dir='ltr'><strong>littera</strong></span> <span class='ocrx_word' id='word_1_319' title='bbox 2741 1873 3106 1935; x_wconf 88' lang='lat' dir='ltr'><strong>permutatam</strong></span> <span class='ocrx_word' id='word_1_320' title='bbox 3128 1864 3298 1921; x_wconf 80' lang='lat' dir='ltr'><strong>fuisse</strong></span> <span class='ocrx_word' id='word_1_321' title='bbox 3320 1883 3449 1922; x_wconf 86' lang='lat' dir='ltr'><strong>nus-</strong></span> 
     </span>
    </p>
   </div>
   <div class='ocr_carea' id='block_1_46' title="bbox 1868 1955 2798 2027">
    <p class='ocr_par' dir='ltr' id='par_1_46' title="bbox 1868 1955 2798 2027">
     <span class='ocr_line' id='line_1_46' title="bbox 1868 1955 2798 2027; baseline 0 -17"><span class='ocrx_word' id='word_1_322' title='bbox 1868 1971 2032 2027; x_wconf 89' lang='lat' dir='ltr'><strong>quam</strong></span> <span class='ocrx_word' id='word_1_323' title='bbox 2055 1971 2087 2010; x_wconf 93' lang='lat' dir='ltr'><strong>a</strong></span> <span class='ocrx_word' id='word_1_324' title='bbox 2125 1955 2282 2012; x_wconf 90' lang='lat' dir='ltr'><strong>nobis</strong></span> <span class='ocrx_word' id='word_1_325' title='bbox 2317 1956 2664 2011; x_wconf 89' lang='lat' dir='ltr'><strong>observatum</strong></span> <span class='ocrx_word' id='word_1_326' title='bbox 2696 1966 2798 2011; x_wconf 90' lang='lat' dir='ltr'><strong>est.</strong></span> 
     </span>
    </p>
   </div>
   <div class='ocr_carea' id='block_1_47' title="bbox 1938 2046 2728 2109">
    <p class='ocr_par' dir='ltr' id='par_1_47' title="bbox 1938 2046 2728 2109">
     <span class='ocr_line' id='line_1_47' title="bbox 1938 2046 2728 2109; baseline 0.004 -8"><span class='ocrx_word' id='word_1_327' title='bbox 1938 2047 2013 2104; x_wconf 89' lang='lat' dir='ltr'><strong>De</strong></span> <span class='ocrx_word' id='word_1_328' title='bbox 2042 2060 2083 2109; x_wconf 82' lang='grc' dir='ltr'>Π</span> <span class='ocrx_word' id='word_1_329' title='bbox 2112 2049 2165 2102; x_wconf 92' lang='lat' dir='ltr'><strong>in</strong></span> <span class='ocrx_word' id='word_1_330' title='bbox 2198 2059 2237 2106; x_wconf 76' lang='grc' dir='ltr'><strong><em>Π</em></strong></span> <span class='ocrx_word' id='word_1_331' title='bbox 2280 2048 2443 2102; x_wconf 88' lang='lat' dir='ltr'><strong>verba</strong></span> <span class='ocrx_word' id='word_1_332' title='bbox 2477 2046 2728 2104; x_wconf 76' lang='lat' dir='ltr'><strong>fecimus.</strong></span> 
     </span>
    </p>
   </div>
   <div class='ocr_carea' id='block_1_48' title="bbox 1936 2137 3442 2213">
    <p class='ocr_par' dir='ltr' id='par_1_48' title="bbox 1936 2137 3442 2213">
     <span class='ocr_line' id='line_1_48' title="bbox 1936 2137 3442 2213; baseline 0 -17"><span class='ocrx_word' id='word_1_333' title='bbox 1936 2151 1987 2196; x_wconf 72' lang='lat' dir='ltr'><strong>to</strong></span> <span class='ocrx_word' id='word_1_334' title='bbox 2030 2139 2222 2193; x_wconf 86' lang='lat' dir='ltr'><strong>eadem</strong></span> <span class='ocrx_word' id='word_1_335' title='bbox 2273 2153 2410 2208; x_wconf 86' lang='lat' dir='ltr'><strong>pene</strong></span> <span class='ocrx_word' id='word_1_336' title='bbox 2452 2137 2630 2195; x_wconf 79' lang='lat' dir='ltr'><strong>forma</strong></span> <span class='ocrx_word' id='word_1_337' title='bbox 2674 2140 2880 2210; x_wconf 86' lang='lat' dir='ltr'><strong>scripta</strong></span> <span class='ocrx_word' id='word_1_338' title='bbox 2913 2139 3338 2213; x_wconf 85' lang='lat' dir='ltr'><strong>deprehenditur</strong></span> <span class='ocrx_word' id='word_1_339' title='bbox 3384 2141 3442 2196; x_wconf 90' lang='lat' dir='ltr'><strong>in</strong></span> 
     </span>
    </p>
   </div>
   <div class='ocr_carea' id='block_1_49' title="bbox 1868 2228 2174 2299">
    <p class='ocr_par' dir='ltr' id='par_1_49' title="bbox 1868 2228 2174 2299">
     <span class='ocr_line' id='line_1_49' title="bbox 1868 2228 2174 2299; baseline 0.003 -17"><span class='ocrx_word' id='word_1_340' title='bbox 1868 2228 2174 2299; x_wconf 89' lang='lat' dir='ltr'><strong>alphabeto.</strong></span> 
     </span>
    </p>
   </div>
   <div class='ocr_carea' id='block_1_50' title="bbox 1939 2319 2741 2376">
    <p class='ocr_par' dir='ltr' id='par_1_50' title="bbox 1939 2319 2741 2376">
     <span class='ocr_line' id='line_1_50' title="bbox 1939 2319 2741 2376; baseline 0.002 -2"><span class='ocrx_word' id='word_1_341' title='bbox 1939 2329 1958 2368; x_wconf 71' lang='grc' dir='ltr'><strong><em>τ</em></strong></span> <span class='ocrx_word' id='word_1_342' title='bbox 1985 2320 2062 2376; x_wconf 94' lang='lat' dir='ltr'><strong>De</strong></span> <span class='ocrx_word' id='word_1_343' title='bbox 2088 2321 2192 2376; x_wconf 87' lang='lat' dir='ltr'><strong>hac</strong></span> <span class='ocrx_word' id='word_1_344' title='bbox 2211 2320 2388 2375; x_wconf 88' lang='lat' dir='ltr'><strong>littera</strong></span> <span class='ocrx_word' id='word_1_345' title='bbox 2413 2330 2594 2375; x_wconf 89' lang='lat' dir='ltr'><strong>actum</strong></span> <span class='ocrx_word' id='word_1_346' title='bbox 2619 2319 2741 2376; x_wconf 77' lang='lat' dir='ltr'><strong>fuit.</strong></span> 
     </span>
    </p>
   </div>
   <div class='ocr_carea' id='block_1_51' title="bbox 1944 2413 2581 2483">
    <p class='ocr_par' dir='ltr' id='par_1_51' title="bbox 1944 2413 2581 2483">
     <span class='ocr_line' id='line_1_51' title="bbox 1944 2413 2581 2483; baseline 0 -15"><span class='ocrx_word' id='word_1_347' title='bbox 1944 2414 2018 2470; x_wconf 88' lang='lat' dir='ltr'><strong>De</strong></span> <span class='ocrx_word' id='word_1_348' title='bbox 2037 2426 2077 2473; x_wconf 60' lang='grc' dir='ltr'>ἒ.</span> <span class='ocrx_word' id='word_1_349' title='bbox 2106 2414 2160 2468; x_wconf 92' lang='lat' dir='ltr'><strong>in</strong></span> <span class='ocrx_word' id='word_1_350' title='bbox 2186 2425 2219 2472; x_wconf 73' lang='grc' dir='ltr'>ξ)</span> <span class='ocrx_word' id='word_1_351' title='bbox 2245 2413 2362 2483; x_wconf 87' lang='lat' dir='ltr'><strong>jam</strong></span> <span class='ocrx_word' id='word_1_352' title='bbox 2394 2427 2581 2483; x_wconf 85' lang='lat' dir='ltr'><strong>supra.</strong></span> 
     </span>
    </p>
   </div>
   <div class='ocr_carea' id='block_1_52' title="bbox 1934 2493 3445 2577">
    <p class='ocr_par' dir='ltr' id='par_1_52' title="bbox 1934 2493 3445 2577">
     <span class='ocr_line' id='line_1_52' title="bbox 1934 2493 3445 2577; baseline 0.001 -17"><span class='ocrx_word' id='word_1_353' title='bbox 1934 2493 1967 2568; x_wconf 65' lang='grc' dir='ltr'>Β</span> <span class='ocrx_word' id='word_1_354' title='bbox 2011 2507 2116 2561; x_wconf 83' lang='lat' dir='ltr'><strong>hac</strong></span> <span class='ocrx_word' id='word_1_355' title='bbox 2154 2505 2373 2561; x_wconf 90' lang='lat' dir='ltr'><strong>circiter</strong></span> <span class='ocrx_word' id='word_1_356' title='bbox 2400 2504 2574 2576; x_wconf 89' lang='lat' dir='ltr'><strong>ﬁgura</strong></span> <span class='ocrx_word' id='word_1_357' title='bbox 2605 2504 2862 2561; x_wconf 89' lang='lat' dir='ltr'><strong>scribitur</strong></span> <span class='ocrx_word' id='word_1_358' title='bbox 2894 2507 2952 2561; x_wconf 92' lang='lat' dir='ltr'><strong>in</strong></span> <span class='ocrx_word' id='word_1_359' title='bbox 2974 2505 3366 2577; x_wconf 88' lang='lat' dir='ltr'><strong>speciminibus</strong></span> <span class='ocrx_word' id='word_1_360' title='bbox 3389 2516 3445 2563; x_wconf 87' lang='lat' dir='ltr'><strong>et</strong></span> 
     </span>
    </p>
   </div>
   <div class='ocr_carea' id='block_1_53' title="bbox 1869 2599 2266 2670">
    <p class='ocr_par' dir='ltr' id='par_1_53' title="bbox 1869 2599 2266 2670">
     <span class='ocr_line' id='line_1_53' title="bbox 1869 2599 2266 2670; baseline -0.01 -15"><span class='ocrx_word' id='word_1_361' title='bbox 1869 2601 1922 2655; x_wconf 92' lang='lat' dir='ltr'><strong>in</strong></span> <span class='ocrx_word' id='word_1_362' title='bbox 1959 2599 2266 2670; x_wconf 88' lang='lat' dir='ltr'><strong>alphabeto.</strong></span> 
     </span>
    </p>
   </div>
   <div class='ocr_carea' id='block_1_54' title="bbox 1937 2686 3442 2760">
    <p class='ocr_par' dir='ltr' id='par_1_54' title="bbox 1937 2686 3442 2760">
     <span class='ocr_line' id='line_1_54' title="bbox 1937 2686 3442 2760; baseline -0.001 -16"><span class='ocrx_word' id='word_1_363' title='bbox 1937 2701 1988 2750; x_wconf 66' lang='grc' dir='ltr'>τε</span> <span class='ocrx_word' id='word_1_364' title='bbox 2013 2705 2121 2745; x_wconf 93' lang='lat' dir='ltr'><strong>non</strong></span> <span class='ocrx_word' id='word_1_365' title='bbox 2151 2687 2385 2744; x_wconf 91' lang='lat' dir='ltr'><strong>multum</strong></span> <span class='ocrx_word' id='word_1_366' title='bbox 2415 2686 2698 2744; x_wconf 89' lang='lat' dir='ltr'><strong>deﬂexisse</strong></span> <span class='ocrx_word' id='word_1_367' title='bbox 2720 2687 2938 2744; x_wconf 89' lang='lat' dir='ltr'><strong>videtur</strong></span> <span class='ocrx_word' id='word_1_368' title='bbox 2967 2704 2999 2744; x_wconf 91' lang='lat' dir='ltr'><strong>a</strong></span> <span class='ocrx_word' id='word_1_369' title='bbox 3029 2689 3210 2760; x_wconf 90' lang='lat' dir='ltr'><strong>prisca</strong></span> <span class='ocrx_word' id='word_1_370' title='bbox 3242 2687 3442 2744; x_wconf 80' lang='lat' dir='ltr'><strong>forma.</strong></span> 
     </span>
    </p>
   </div>
   <div class='ocr_carea' id='block_1_55' title="bbox 1938 2779 3440 2850">
    <p class='ocr_par' dir='ltr' id='par_1_55' title="bbox 1938 2779 3440 2850">
     <span class='ocr_line' id='line_1_55' title="bbox 1938 2779 3440 2850; baseline 0.002 -15"><span class='ocrx_word' id='word_1_371' title='bbox 1938 2780 2061 2841; x_wconf 75' lang='lat' dir='ltr'><strong>De:</strong></span> <span class='ocrx_word' id='word_1_372' title='bbox 2087 2782 2140 2836; x_wconf 91' lang='lat' dir='ltr'><strong>in</strong></span> <span class='ocrx_word' id='word_1_373' title='bbox 2175 2792 2204 2842; x_wconf 66' lang='grc' dir='ltr'><em>λ</em></span> <span class='ocrx_word' id='word_1_374' title='bbox 2233 2781 2496 2836; x_wconf 90' lang='lat' dir='ltr'><strong>diximus.</strong></span> <span class='ocrx_word' id='word_1_375' title='bbox 2530 2779 2588 2834; x_wconf 88' lang='lat' dir='ltr'><strong>In</strong></span> <span class='ocrx_word' id='word_1_376' title='bbox 2641 2781 2950 2850; x_wconf 86' lang='lat' dir='ltr'><strong>alphabeto,</strong></span> <span class='ocrx_word' id='word_1_377' title='bbox 2985 2780 3088 2838; x_wconf 77' lang='lat' dir='ltr'><strong>‘cui</strong></span> <span class='ocrx_word' id='word_1_378' title='bbox 3130 2797 3241 2838; x_wconf 90' lang='lat' dir='ltr'><strong>non</strong></span> <span class='ocrx_word' id='word_1_379' title='bbox 3271 2782 3440 2838; x_wconf 84' lang='lat' dir='ltr'><strong>multa</strong></span> 
     </span>
    </p>
   </div>
   <div class='ocr_carea' id='block_1_56' title="bbox 1867 2871 3106 2944">
    <p class='ocr_par' dir='ltr' id='par_1_56' title="bbox 1867 2871 3106 2944">
     <span class='ocr_line' id='line_1_56' title="bbox 1867 2871 3106 2944; baseline -0.002 -14"><span class='ocrx_word' id='word_1_380' title='bbox 1867 2875 2000 2930; x_wconf 88' lang='lat' dir='ltr'><strong>ﬁdes</strong></span> <span class='ocrx_word' id='word_1_381' title='bbox 2016 2873 2289 2936; x_wconf 91' lang='lat' dir='ltr'><strong>habenda,</strong></span> <span class='ocrx_word' id='word_1_382' title='bbox 2316 2873 2474 2944; x_wconf 87' lang='lat' dir='ltr'><strong>longe</strong></span> <span class='ocrx_word' id='word_1_383' title='bbox 2508 2872 2612 2926; x_wconf 87' lang='lat' dir='ltr'><strong>alia</strong></span> <span class='ocrx_word' id='word_1_384' title='bbox 2641 2871 2816 2927; x_wconf 79' lang='lat' dir='ltr'><strong>forma</strong></span> <span class='ocrx_word' id='word_1_385' title='bbox 2846 2873 3106 2944; x_wconf 82' lang='lat' dir='ltr'><strong>pingitur.</strong></span> 
     </span>
    </p>
   </div>
   <div class='ocr_carea' id='block_1_57' title="bbox 1937 2964 3442 3037">
    <p class='ocr_par' dir='ltr' id='par_1_57' title="bbox 1937 2964 3442 3037">
     <span class='ocr_line' id='line_1_57' title="bbox 1937 2964 3442 3037; baseline -0.001 -15"><span class='ocrx_word' id='word_1_386' title='bbox 1937 2979 1976 3028; x_wconf 73' lang='grc' dir='ltr'><strong>ο</strong></span> <span class='ocrx_word' id='word_1_387' title='bbox 2006 2967 2183 3022; x_wconf 80' lang='lat' dir='ltr'><strong>forma</strong></span> <span class='ocrx_word' id='word_1_388' title='bbox 2203 2980 2340 3037; x_wconf 89' lang='lat' dir='ltr'><strong>pene</strong></span> <span class='ocrx_word' id='word_1_389' title='bbox 2391 2965 2714 3036; x_wconf 87' lang='lat' dir='ltr'><strong>triangulari</strong></span> <span class='ocrx_word' id='word_1_390' title='bbox 2743 2965 3043 3020; x_wconf 86' lang='lat' dir='ltr'><strong>delineatur</strong></span> <span class='ocrx_word' id='word_1_391' title='bbox 3069 2967 3125 3020; x_wconf 90' lang='lat' dir='ltr'><strong>in</strong></span> <span class='ocrx_word' id='word_1_392' title='bbox 3155 2964 3442 3035; x_wconf 89' lang='lat' dir='ltr'><strong>alphabeto</strong></span> 
     </span>
    </p>
   </div>
   <div class='ocr_carea' id='block_1_58' title="bbox 1868 3075 2057 3117">
    <p class='ocr_par' dir='ltr' id='par_1_58' title="bbox 1868 3075 2057 3117">
     <span class='ocr_line' id='line_1_58' title="bbox 1868 3075 2057 3117; baseline -0.026 0"><span class='ocrx_word' id='word_1_393' title='bbox 1868 3075 1948 3117; x_wconf 80' lang='lat' dir='ltr'><strong>Sic</strong></span> <span class='ocrx_word' id='word_1_394' title='bbox 1987 3076 2057 3114; x_wconf 59' lang='grc' dir='ltr'><strong>ὕ.</strong></span> 
     </span>
    </p>
   </div>
   <div class='ocr_carea' id='block_1_59' title="bbox 189 3145 3442 3242">
    <p class='ocr_par' dir='ltr' id='par_1_59' title="bbox 189 3145 3442 3242">
     <span class='ocr_line' id='line_1_59' title="bbox 189 3145 3442 3242; baseline 0 -38"><span class='ocrx_word' id='word_1_395' title='bbox 189 3152 556 3220; x_wconf 81' lang='lat' dir='ltr'><strong>terpretationes</strong></span> <span class='ocrx_word' id='word_1_396' title='bbox 579 3167 650 3207; x_wconf 86' lang='lat' dir='ltr'><strong>ex</strong></span> <span class='ocrx_word' id='word_1_397' title='bbox 681 3145 1145 3242; x_wconf 63' lang='lat' dir='ltr'><strong>permutatione</strong></span> <span class='ocrx_word' id='word_1_398' title='bbox 1183 3145 1404 3202; x_wconf 90' lang='lat' dir='ltr'><strong>alterius</strong></span> <span class='ocrx_word' id='word_1_399' title='bbox 1433 3161 1558 3201; x_wconf 90' lang='lat' dir='ltr'><strong>cum</strong></span> <span class='ocrx_word' id='word_1_400' title='bbox 1595 3145 1762 3203; x_wconf 88' lang='lat' dir='ltr'><strong>altera</strong></span> <span class='ocrx_word' id='word_1_401' title='bbox 1791 3184 1832 3242; x_wconf 63' lang='grc' dir='ltr'>α</span> <span class='ocrx_word' id='word_1_402' title='bbox 1936 3166 1976 3221; x_wconf 65' lang='grc' dir='ltr'><strong><em>ῃ</em></strong></span> <span class='ocrx_word' id='word_1_403' title='bbox 2007 3169 2145 3226; x_wconf 85' lang='lat' dir='ltr'><strong>pene</strong></span> <span class='ocrx_word' id='word_1_404' title='bbox 2169 3152 2402 3210; x_wconf 87' lang='lat' dir='ltr'><strong>similem</strong></span> <span class='ocrx_word' id='word_1_405' title='bbox 2428 3152 2558 3208; x_wconf 86' lang='lat' dir='ltr'><strong>huic</strong></span> <span class='ocrx_word' id='word_1_406' title='bbox 2589 3151 2754 3208; x_wconf 88' lang='lat' dir='ltr'><strong>habet</strong></span> <span class='ocrx_word' id='word_1_407' title='bbox 2784 3151 3015 3208; x_wconf 79' lang='lat' dir='ltr'><strong>formam</strong></span> <span class='ocrx_word' id='word_1_408' title='bbox 3053 3151 3110 3206; x_wconf 91' lang='lat' dir='ltr'><strong>in</strong></span> <span class='ocrx_word' id='word_1_409' title='bbox 3157 3149 3442 3224; x_wconf 89' lang='lat' dir='ltr'><strong>alphabeto</strong></span> 
     </span>
    </p>
   </div>
   <div class='ocr_carea' id='block_1_60' title="bbox 187 3235 1763 3310">
    <p class='ocr_par' dir='ltr' id='par_1_60' title="bbox 187 3235 1763 3310">
     <span class='ocr_line' id='line_1_60' title="bbox 187 3235 1763 3310; baseline 0.001 -16"><span class='ocrx_word' id='word_1_410' title='bbox 187 3241 423 3308; x_wconf 78' lang='lat' dir='ltr'><strong>proiectas</strong></span> <span class='ocrx_word' id='word_1_411' title='bbox 443 3244 798 3299; x_wconf 89' lang='lat' dir='ltr'><strong>observemus</strong></span> <span class='ocrx_word' id='word_1_412' title='bbox 835 3259 853 3294; x_wconf 89' lang='lat'><strong>:</strong></span> <span class='ocrx_word' id='word_1_413' title='bbox 894 3235 1271 3308; x_wconf 70' lang='lat' dir='ltr'><strong>quamobrem</strong></span> <span class='ocrx_word' id='word_1_414' title='bbox 1302 3237 1378 3292; x_wconf 88' lang='lat' dir='ltr'><strong>ait</strong></span> <span class='ocrx_word' id='word_1_415' title='bbox 1399 3235 1763 3310; x_wconf 80' lang='lat' dir='ltr'><strong>Hieronymus</strong></span> 
     </span>
    </p>
   </div>
   <div class='ocr_carea' id='block_1_61' title="bbox 190 3329 1763 3406">
    <p class='ocr_par' dir='ltr' id='par_1_61' title="bbox 190 3329 1763 3406">
     <span class='ocr_line' id='line_1_61' title="bbox 190 3329 1763 3406; baseline 0.001 -22"><span class='ocrx_word' id='word_1_416' title='bbox 190 3331 548 3390; x_wconf 68' lang='grc' dir='ltr'><strong>ὶιειεαιίειειιι</strong></span> <span class='ocrx_word' id='word_1_417' title='bbox 583 3351 708 3406; x_wconf 88' lang='lat' dir='ltr'><strong>cap.</strong></span> <span class='ocrx_word' id='word_1_418' title='bbox 743 3350 799 3388; x_wconf 70' lang='grc' dir='ltr'>γι</span> <span class='ocrx_word' id='word_1_419' title='bbox 832 3352 848 3387; x_wconf 93' lang='lat'><strong>:</strong></span> <span class='ocrx_word' id='word_1_420' title='bbox 906 3330 1109 3384; x_wconf 78' lang='lat' dir='ltr'><strong>Potest</strong></span> <span class='ocrx_word' id='word_1_421' title='bbox 1143 3339 1191 3383; x_wconf 88' lang='lat' dir='ltr'><strong>et</strong></span> <span class='ocrx_word' id='word_1_422' title='bbox 1221 3329 1282 3383; x_wconf 85' lang='lat' dir='ltr'><strong>ob</strong></span> <span class='ocrx_word' id='word_1_423' title='bbox 1334 3331 1562 3385; x_wconf 80' lang='lat' dir='ltr'><strong>vicinam</strong></span> <span class='ocrx_word' id='word_1_424' title='bbox 1608 3333 1763 3386; x_wconf 76' lang='lat' dir='ltr'><strong>simi-</strong></span> 
     </span>
    </p>
   </div>
   <div class='ocr_carea' id='block_1_62' title="bbox 194 3421 1761 3493">
    <p class='ocr_par' dir='ltr' id='par_1_62' title="bbox 194 3421 1761 3493">
     <span class='ocr_line' id='line_1_62' title="bbox 194 3421 1761 3493; baseline 0.003 -18"><span class='ocrx_word' id='word_1_425' title='bbox 194 3423 432 3482; x_wconf 69' lang='lat' dir='ltr'><strong>litudinem</strong></span> <span class='ocrx_word' id='word_1_426' title='bbox 457 3444 666 3484; x_wconf 76' lang='grc' dir='ltr'>υιιετιι</span> <span class='ocrx_word' id='word_1_427' title='bbox 715 3438 768 3481; x_wconf 88' lang='lat' dir='ltr'><strong>et</strong></span> <span class='ocrx_word' id='word_1_428' title='bbox 823 3441 946 3480; x_wconf 69' lang='lat' dir='ltr'><strong>ruas</strong></span> <span class='ocrx_word' id='word_1_429' title='bbox 1001 3421 1390 3477; x_wconf 80' lang='lat' dir='ltr'><strong>Hebraicarum</strong></span> <span class='ocrx_word' id='word_1_430' title='bbox 1438 3423 1761 3493; x_wconf 81' lang='lat' dir='ltr'><strong>litterarum,</strong></span> 
     </span>
    </p>
   </div>
   <div class='ocr_carea' id='block_1_63' title="bbox 194 3514 1764 3588">
    <p class='ocr_par' dir='ltr' id='par_1_63' title="bbox 194 3514 1764 3588">
     <span class='ocr_line' id='line_1_63' title="bbox 194 3514 1764 3588; baseline -0.001 -16"><span class='ocrx_word' id='word_1_431' title='bbox 194 3530 292 3583; x_wconf 62' lang='lat' dir='ltr'><strong>ne</strong></span> <span class='ocrx_word' id='word_1_432' title='bbox 311 3536 454 3587; x_wconf 75' lang='lat' dir='ltr'><strong>pano</strong></span> <span class='ocrx_word' id='word_1_433' title='bbox 479 3522 622 3588; x_wconf 79' lang='lat' dir='ltr'><strong>apice</strong></span> <span class='ocrx_word' id='word_1_434' title='bbox 665 3519 1132 3588; x_wconf 81' lang='lat' dir='ltr'><strong>distinguuntur,</strong></span> <span class='ocrx_word' id='word_1_435' title='bbox 1167 3514 1244 3568; x_wconf 82' lang='lat' dir='ltr'><strong>vel</strong></span> <span class='ocrx_word' id='word_1_436' title='bbox 1273 3514 1532 3570; x_wconf 82' lang='lat' dir='ltr'><strong>Deblatlta</strong></span> <span class='ocrx_word' id='word_1_437' title='bbox 1563 3515 1638 3570; x_wconf 80' lang='lat' dir='ltr'><strong>rel</strong></span> <span class='ocrx_word' id='word_1_438' title='bbox 1662 3516 1764 3571; x_wconf 81' lang='lat' dir='ltr'><strong>lie-</strong></span> 
     </span>
    </p>
   </div>
   <div class='ocr_carea' id='block_1_64' title="bbox 195 3609 640 3682">
    <p class='ocr_par' dir='ltr' id='par_1_64' title="bbox 195 3609 640 3682">
     <span class='ocr_line' id='line_1_64' title="bbox 195 3609 640 3682; baseline 0.02 -23"><span class='ocrx_word' id='word_1_439' title='bbox 195 3609 355 3664; x_wconf 71' lang='lat' dir='ltr'><strong>uatlu</strong></span> <span class='ocrx_word' id='word_1_440' title='bbox 379 3615 640 3682; x_wconf 76' lang='lat' dir='ltr'><strong>appellari.</strong></span> 
     </span>
    </p>
   </div>
   <div class='ocr_carea' id='block_1_65' title="bbox 255 3699 1766 3775">
    <p class='ocr_par' dir='ltr' id='par_1_65' title="bbox 255 3699 1766 3775">
     <span class='ocr_line' id='line_1_65' title="bbox 255 3699 1766 3775; baseline 0.002 -19"><span class='ocrx_word' id='word_1_441' title='bbox 255 3714 290 3758; x_wconf 70' lang='grc' dir='ltr'><strong>η</strong></span> <span class='ocrx_word' id='word_1_442' title='bbox 315 3707 368 3758; x_wconf 86' lang='lat' dir='ltr'><strong>in</strong></span> <span class='ocrx_word' id='word_1_443' title='bbox 406 3706 678 3775; x_wconf 85' lang='lat' dir='ltr'><strong>alphabeto</strong></span> <span class='ocrx_word' id='word_1_444' title='bbox 729 3719 913 3775; x_wconf 89' lang='lat' dir='ltr'><strong>supra</strong></span> <span class='ocrx_word' id='word_1_445' title='bbox 961 3717 995 3756; x_wconf 91' lang='lat' dir='ltr'><strong>a</strong></span> <span class='ocrx_word' id='word_1_446' title='bbox 1062 3699 1234 3757; x_wconf 81' lang='lat' dir='ltr'><strong>forma</strong></span> <span class='ocrx_word' id='word_1_447' title='bbox 1261 3700 1353 3755; x_wconf 77' lang='grc' dir='ltr'>τοῦ</span> <span class='ocrx_word' id='word_1_448' title='bbox 1387 3713 1428 3763; x_wconf 86' lang='lat' dir='ltr'><strong>n</strong></span> <span class='ocrx_word' id='word_1_449' title='bbox 1457 3701 1594 3758; x_wconf 83' lang='lat' dir='ltr'><strong>Heth</strong></span> <span class='ocrx_word' id='word_1_450' title='bbox 1624 3705 1766 3759; x_wconf 88' lang='lat' dir='ltr'><strong>mul-</strong></span> 
     </span>
    </p>
   </div>
   <div class='ocr_carea' id='block_1_66' title="bbox 198 3787 1762 3869">
    <p class='ocr_par' dir='ltr' id='par_1_66' title="bbox 198 3787 1762 3869">
     <span class='ocr_line' id='line_1_66' title="bbox 198 3787 1762 3869; baseline 0.006 -25"><span class='ocrx_word' id='word_1_451' title='bbox 198 3801 298 3848; x_wconf 79' lang='lat' dir='ltr'><strong>tum</strong></span> <span class='ocrx_word' id='word_1_452' title='bbox 319 3787 499 3865; x_wconf 79' lang='lat' dir='ltr'><strong>diﬂ‘ért,</strong></span> <span class='ocrx_word' id='word_1_453' title='bbox 529 3816 689 3856; x_wconf 89' lang='lat' dir='ltr'><strong>secus</strong></span> <span class='ocrx_word' id='word_1_454' title='bbox 714 3813 895 3869; x_wconf 87' lang='lat' dir='ltr'><strong>quam</strong></span> <span class='ocrx_word' id='word_1_455' title='bbox 951 3796 1124 3850; x_wconf 72' lang='lat' dir='ltr'><strong>hodie</strong></span> <span class='ocrx_word' id='word_1_456' title='bbox 1165 3795 1219 3848; x_wconf 90' lang='lat' dir='ltr'><strong>in</strong></span> <span class='ocrx_word' id='word_1_457' title='bbox 1251 3794 1440 3851; x_wconf 82' lang='lat' dir='ltr'><strong>Bibliis</strong></span> <span class='ocrx_word' id='word_1_458' title='bbox 1461 3794 1762 3866; x_wconf 83' lang='lat' dir='ltr'><strong>Hebraicis,</strong></span> 
     </span>
    </p>
   </div>
   <div class='ocr_carea' id='block_1_67' title="bbox 201 3887 1764 3948">
    <p class='ocr_par' dir='ltr' id='par_1_67' title="bbox 201 3887 1764 3948">
     <span class='ocr_line' id='line_1_67' title="bbox 201 3887 1764 3948; baseline 0.006 -11"><span class='ocrx_word' id='word_1_459' title='bbox 201 3887 280 3940; x_wconf 76' lang='lat' dir='ltr'><strong>ubi</strong></span> <span class='ocrx_word' id='word_1_460' title='bbox 306 3890 385 3944; x_wconf 75' lang='lat' dir='ltr'><strong>ha:</strong></span> <span class='ocrx_word' id='word_1_461' title='bbox 415 3893 596 3948; x_wconf 75' lang='lat' dir='ltr'><strong>littera:</strong></span> <span class='ocrx_word' id='word_1_462' title='bbox 621 3892 939 3948; x_wconf 89' lang='lat' dir='ltr'><strong>admodum</strong></span> <span class='ocrx_word' id='word_1_463' title='bbox 973 3887 1187 3942; x_wconf 83' lang='lat' dir='ltr'><strong>similes</strong></span> <span class='ocrx_word' id='word_1_464' title='bbox 1207 3897 1354 3943; x_wconf 90' lang='lat' dir='ltr'><strong>sunt.</strong></span> <span class='ocrx_word' id='word_1_465' title='bbox 1392 3888 1534 3944; x_wconf 90' lang='lat' dir='ltr'><strong>lnter</strong></span> <span class='ocrx_word' id='word_1_466' title='bbox 1554 3901 1764 3946; x_wconf 84' lang='lat' dir='ltr'><strong>utram-</strong></span> 
     </span>
    </p>
   </div>
   <div class='ocr_carea' id='block_1_68' title="bbox 201 3981 1767 4052">
    <p class='ocr_par' dir='ltr' id='par_1_68' title="bbox 201 3981 1767 4052">
     <span class='ocr_line' id='line_1_68' title="bbox 201 3981 1767 4052; baseline 0.006 -20"><span class='ocrx_word' id='word_1_467' title='bbox 201 3993 292 4046; x_wconf 80' lang='lat' dir='ltr'><strong>que</strong></span> <span class='ocrx_word' id='word_1_468' title='bbox 316 3997 434 4040; x_wconf 76' lang='lat' dir='ltr'><strong>vero</strong></span> <span class='ocrx_word' id='word_1_469' title='bbox 455 3987 685 4041; x_wconf 89' lang='lat' dir='ltr'><strong>litteram</strong></span> <span class='ocrx_word' id='word_1_470' title='bbox 715 3983 1039 4041; x_wconf 87' lang='lat' dir='ltr'><strong>discrimen</strong></span> <span class='ocrx_word' id='word_1_471' title='bbox 1067 3981 1194 4035; x_wconf 90' lang='lat' dir='ltr'><strong>olim</strong></span> <span class='ocrx_word' id='word_1_472' title='bbox 1216 3983 1571 4052; x_wconf 90' lang='lat' dir='ltr'><strong>conspicuum</strong></span> <span class='ocrx_word' id='word_1_473' title='bbox 1597 3984 1767 4042; x_wconf 82' lang='lat' dir='ltr'><strong>fuisse</strong></span> 
     </span>
    </p>
   </div>
   <div class='ocr_carea' id='block_1_69' title="bbox 204 4073 1766 4149">
    <p class='ocr_par' dir='ltr' id='par_1_69' title="bbox 204 4073 1766 4149">
     <span class='ocr_line' id='line_1_69' title="bbox 204 4073 1766 4149; baseline 0.006 -27"><span class='ocrx_word' id='word_1_474' title='bbox 204 4073 423 4142; x_wconf 73' lang='lat' dir='ltr'><strong>suadent,</strong></span> <span class='ocrx_word' id='word_1_475' title='bbox 445 4087 551 4132; x_wconf 92' lang='lat' dir='ltr'><strong>tum</strong></span> <span class='ocrx_word' id='word_1_476' title='bbox 574 4078 942 4149; x_wconf 87' lang='lat' dir='ltr'><strong>alphabetum</strong></span> <span class='ocrx_word' id='word_1_477' title='bbox 976 4089 1166 4142; x_wconf 89' lang='lat' dir='ltr'><strong>supra,</strong></span> <span class='ocrx_word' id='word_1_478' title='bbox 1192 4073 1277 4128; x_wconf 92' lang='lat' dir='ltr'><strong>ubi</strong></span> <span class='ocrx_word' id='word_1_479' title='bbox 1314 4087 1352 4132; x_wconf 81' lang='lat' dir='ltr'><strong>rt</strong></span> <span class='ocrx_word' id='word_1_480' title='bbox 1375 4075 1455 4130; x_wconf 85' lang='lat' dir='ltr'><strong>sic</strong></span> <span class='ocrx_word' id='word_1_481' title='bbox 1485 4075 1552 4139; x_wconf 89' lang='lat' dir='ltr'><strong>II,</strong></span> <span class='ocrx_word' id='word_1_482' title='bbox 1577 4086 1616 4137; x_wconf 83' lang='grc' dir='ltr'>Π</span> <span class='ocrx_word' id='word_1_483' title='bbox 1639 4091 1766 4131; x_wconf 92' lang='lat' dir='ltr'><strong>vero</strong></span> 
     </span>
    </p>
   </div>
   <div class='ocr_carea' id='block_1_70' title="bbox 205 4163 1768 4242">
    <p class='ocr_par' dir='ltr' id='par_1_70' title="bbox 205 4163 1768 4242">
     <span class='ocr_line' id='line_1_70' title="bbox 205 4163 1768 4242; baseline 0.004 -25"><span class='ocrx_word' id='word_1_484' title='bbox 205 4163 272 4218; x_wconf 76' lang='lat' dir='ltr'><strong>sic</strong></span> <span class='ocrx_word' id='word_1_485' title='bbox 292 4166 333 4220; x_wconf 87' lang='lat' dir='ltr'><strong>h</strong></span> <span class='ocrx_word' id='word_1_486' title='bbox 361 4169 674 4242; x_wconf 79' lang='lat' dir='ltr'><strong>depingitur,</strong></span> <span class='ocrx_word' id='word_1_487' title='bbox 701 4183 827 4226; x_wconf 90' lang='lat' dir='ltr'><strong>tum</strong></span> <span class='ocrx_word' id='word_1_488' title='bbox 881 4166 1134 4222; x_wconf 81' lang='lat' dir='ltr'><strong>maxime</strong></span> <span class='ocrx_word' id='word_1_489' title='bbox 1161 4166 1513 4236; x_wconf 87' lang='lat' dir='ltr'><strong>interpretum</strong></span> <span class='ocrx_word' id='word_1_490' title='bbox 1541 4182 1768 4224; x_wconf 88' lang='lat' dir='ltr'><strong>consen-</strong></span> 
     </span>
    </p>
   </div>
   <div class='ocr_carea' id='block_1_71' title="bbox 207 4259 1767 4332">
    <p class='ocr_par' dir='ltr' id='par_1_71' title="bbox 207 4259 1767 4332">
     <span class='ocr_line' id='line_1_71' title="bbox 207 4259 1767 4332; baseline 0.003 -20"><span class='ocrx_word' id='word_1_491' title='bbox 207 4269 307 4322; x_wconf 77' lang='lat' dir='ltr'><strong>sus,</strong></span> <span class='ocrx_word' id='word_1_492' title='bbox 331 4263 416 4331; x_wconf 92' lang='lat' dir='ltr'><strong>qui</strong></span> <span class='ocrx_word' id='word_1_493' title='bbox 458 4265 552 4320; x_wconf 89' lang='lat' dir='ltr'><strong>bas</strong></span> <span class='ocrx_word' id='word_1_494' title='bbox 607 4266 828 4319; x_wconf 80' lang='lat' dir='ltr'><strong>litteras</strong></span> <span class='ocrx_word' id='word_1_495' title='bbox 879 4276 997 4316; x_wconf 88' lang='lat' dir='ltr'><strong>non</strong></span> <span class='ocrx_word' id='word_1_496' title='bbox 1029 4273 1194 4312; x_wconf 88' lang='lat' dir='ltr'><strong>unam</strong></span> <span class='ocrx_word' id='word_1_497' title='bbox 1232 4274 1330 4328; x_wconf 92' lang='lat' dir='ltr'><strong>pro</strong></span> <span class='ocrx_word' id='word_1_498' title='bbox 1385 4259 1492 4314; x_wconf 89' lang='lat' dir='ltr'><strong>alia</strong></span> <span class='ocrx_word' id='word_1_499' title='bbox 1519 4262 1767 4332; x_wconf 83' lang='lat' dir='ltr'><strong>accipere</strong></span> 
     </span>
    </p>
   </div>
   <div class='ocr_carea' id='block_1_72' title="bbox 212 4351 1768 4429">
    <p class='ocr_par' dir='ltr' id='par_1_72' title="bbox 212 4351 1768 4429">
     <span class='ocr_line' id='line_1_72' title="bbox 212 4351 1768 4429; baseline 0.002 -23"><span class='ocrx_word' id='word_1_500' title='bbox 212 4351 442 4422; x_wconf 79' lang='lat' dir='ltr'><strong>solebant,</strong></span> <span class='ocrx_word' id='word_1_501' title='bbox 491 4360 692 4429; x_wconf 85' lang='lat' dir='ltr'><strong>quique</strong></span> <span class='ocrx_word' id='word_1_502' title='bbox 739 4370 932 4411; x_wconf 88' lang='lat' dir='ltr'><strong>tamen</strong></span> <span class='ocrx_word' id='word_1_503' title='bbox 971 4353 1185 4408; x_wconf 89' lang='lat' dir='ltr'><strong>litteras</strong></span> <span class='ocrx_word' id='word_1_504' title='bbox 1233 4352 1501 4423; x_wconf 88' lang='lat' dir='ltr'><strong>quaslibet</strong></span> <span class='ocrx_word' id='word_1_505' title='bbox 1531 4353 1673 4408; x_wconf 88' lang='lat' dir='ltr'><strong>inter</strong></span> <span class='ocrx_word' id='word_1_506' title='bbox 1709 4369 1768 4409; x_wconf 87' lang='lat' dir='ltr'><strong>se</strong></span> 
     </span>
    </p>
   </div>
   <div class='ocr_carea' id='block_1_73' title="bbox 214 4440 1762 4516">
    <p class='ocr_par' dir='ltr' id='par_1_73' title="bbox 214 4440 1762 4516">
     <span class='ocr_line' id='line_1_73' title="bbox 214 4440 1762 4516; baseline 0.006 -27"><span class='ocrx_word' id='word_1_507' title='bbox 214 4440 410 4511; x_wconf 81' lang='lat' dir='ltr'><strong>similes,</strong></span> <span class='ocrx_word' id='word_1_508' title='bbox 433 4449 624 4516; x_wconf 89' lang='lat' dir='ltr'><strong>passim</strong></span> <span class='ocrx_word' id='word_1_509' title='bbox 647 4445 1104 4504; x_wconf 83' lang='lat' dir='ltr'><strong>eonfundebant.</strong></span> <span class='ocrx_word' id='word_1_510' title='bbox 1136 4441 1280 4498; x_wconf 86' lang='lat' dir='ltr'><strong>Sane</strong></span> <span class='ocrx_word' id='word_1_511' title='bbox 1315 4444 1547 4498; x_wconf 87' lang='lat' dir='ltr'><strong>litteram</strong></span> <span class='ocrx_word' id='word_1_512' title='bbox 1573 4457 1612 4503; x_wconf 75' lang='grc' dir='ltr'><strong><em>Π</em></strong></span> <span class='ocrx_word' id='word_1_513' title='bbox 1633 4445 1762 4499; x_wconf 88' lang='lat' dir='ltr'><strong>olim</strong></span> 
     </span>
    </p>
   </div>
   <div class='ocr_carea' id='block_1_74' title="bbox 1865 3261 2050 3317">
    <p class='ocr_par' dir='ltr' id='par_1_74' title="bbox 1865 3261 2050 3317">
     <span class='ocr_line' id='line_1_74' title="bbox 1865 3261 2050 3317; baseline -0.022 -13"><span class='ocrx_word' id='word_1_514' title='bbox 1865 3261 2050 3317; x_wconf 89' lang='lat' dir='ltr'><strong>supra.</strong></span> 
     </span>
    </p>
   </div>
   <div class='ocr_carea' id='block_1_75' title="bbox 1933 3329 3444 3403">
    <p class='ocr_par' dir='ltr' id='par_1_75' title="bbox 1933 3329 3444 3403">
     <span class='ocr_line' id='line_1_75' title="bbox 1933 3329 3444 3403; baseline -0.008 -8"><span class='ocrx_word' id='word_1_515' title='bbox 1933 3347 1973 3402; x_wconf 69' lang='grc' dir='ltr'><strong>Ξ)</strong></span> <span class='ocrx_word' id='word_1_516' title='bbox 2002 3339 2121 3394; x_wconf 91' lang='lat' dir='ltr'><strong>sine</strong></span> <span class='ocrx_word' id='word_1_517' title='bbox 2150 3334 2470 3390; x_wconf 87' lang='lat' dir='ltr'><strong>intermedia</strong></span> <span class='ocrx_word' id='word_1_518' title='bbox 2516 3333 2661 3388; x_wconf 90' lang='lat' dir='ltr'><strong>linea</strong></span> <span class='ocrx_word' id='word_1_519' title='bbox 2699 3330 2960 3388; x_wconf 86' lang='lat' dir='ltr'><strong>scribitur</strong></span> <span class='ocrx_word' id='word_1_520' title='bbox 2989 3345 3363 3403; x_wconf 65' lang='lat' dir='ltr'><strong>saepenumero</strong></span> <span class='ocrx_word' id='word_1_521' title='bbox 3385 3329 3444 3385; x_wconf 89' lang='lat' dir='ltr'><strong>in</strong></span> 
     </span>
    </p>
   </div>
   <div class='ocr_carea' id='block_1_76' title="bbox 1865 3424 2920 3493">
    <p class='ocr_par' dir='ltr' id='par_1_76' title="bbox 1865 3424 2920 3493">
     <span class='ocr_line' id='line_1_76' title="bbox 1865 3424 2920 3493; baseline -0.011 -4"><span class='ocrx_word' id='word_1_522' title='bbox 1865 3431 2051 3489; x_wconf 87' lang='lat' dir='ltr'><strong>codice</strong></span> <span class='ocrx_word' id='word_1_523' title='bbox 2077 3436 2399 3493; x_wconf 88' lang='lat' dir='ltr'><strong>memorato,</strong></span> <span class='ocrx_word' id='word_1_524' title='bbox 2429 3425 2523 3480; x_wconf 88' lang='lat' dir='ltr'><strong>sed</strong></span> <span class='ocrx_word' id='word_1_525' title='bbox 2551 3440 2674 3480; x_wconf 89' lang='lat' dir='ltr'><strong>cum</strong></span> <span class='ocrx_word' id='word_1_526' title='bbox 2696 3424 2920 3480; x_wconf 91' lang='lat' dir='ltr'><strong>annulo.</strong></span> 
     </span>
    </p>
   </div>
   <div class='ocr_carea' id='block_1_77' title="bbox 1937 3515 3444 3602">
    <p class='ocr_par' dir='ltr' id='par_1_77' title="bbox 1937 3515 3444 3602">
     <span class='ocr_line' id='line_1_77' title="bbox 1937 3515 3444 3602; baseline -0.007 -26"><span class='ocrx_word' id='word_1_527' title='bbox 1937 3530 1978 3580; x_wconf 70' lang='lat'><strong>3:</strong></span> <span class='ocrx_word' id='word_1_528' title='bbox 2005 3532 2058 3576; x_wconf 86' lang='lat' dir='ltr'><strong>et</strong></span> <span class='ocrx_word' id='word_1_529' title='bbox 2085 3531 2126 3602; x_wconf 72' lang='grc' dir='ltr'>Ρ</span> <span class='ocrx_word' id='word_1_530' title='bbox 2167 3517 2373 3572; x_wconf 80' lang='lat' dir='ltr'><strong>formas</strong></span> <span class='ocrx_word' id='word_1_531' title='bbox 2428 3515 2630 3570; x_wconf 91' lang='lat' dir='ltr'><strong>habent</strong></span> <span class='ocrx_word' id='word_1_532' title='bbox 2672 3515 2728 3569; x_wconf 95' lang='lat' dir='ltr'><strong>in</strong></span> <span class='ocrx_word' id='word_1_533' title='bbox 2781 3515 3068 3586; x_wconf 87' lang='lat' dir='ltr'><strong>alphabeto</strong></span> <span class='ocrx_word' id='word_1_534' title='bbox 3100 3515 3342 3581; x_wconf 83' lang='lat' dir='ltr'><strong>vitiatas,</strong></span> <span class='ocrx_word' id='word_1_535' title='bbox 3373 3529 3444 3569; x_wconf 89' lang='lat' dir='ltr'><strong>an</strong></span> 
     </span>
    </p>
   </div>
   <div class='ocr_carea' id='block_1_78' title="bbox 1867 3605 3448 3679">
    <p class='ocr_par' dir='ltr' id='par_1_78' title="bbox 1867 3605 3448 3679">
     <span class='ocr_line' id='line_1_78' title="bbox 1867 3605 3448 3679; baseline -0.004 -11"><span class='ocrx_word' id='word_1_536' title='bbox 1867 3621 2049 3668; x_wconf 87' lang='lat' dir='ltr'><strong>autem</strong></span> <span class='ocrx_word' id='word_1_537' title='bbox 2080 3618 2136 3668; x_wconf 88' lang='lat' dir='ltr'><strong>et</strong></span> <span class='ocrx_word' id='word_1_538' title='bbox 2165 3609 2219 3663; x_wconf 90' lang='lat' dir='ltr'><strong>in</strong></span> <span class='ocrx_word' id='word_1_539' title='bbox 2249 3623 2358 3679; x_wconf 88' lang='lat' dir='ltr'><strong>quo</strong></span> <span class='ocrx_word' id='word_1_540' title='bbox 2392 3623 2422 3662; x_wconf 92' lang='lat' dir='ltr'><strong>a</strong></span> <span class='ocrx_word' id='word_1_541' title='bbox 2450 3607 2630 3678; x_wconf 91' lang='lat' dir='ltr'><strong>prisca</strong></span> <span class='ocrx_word' id='word_1_542' title='bbox 2687 3605 2864 3661; x_wconf 81' lang='lat' dir='ltr'><strong>forma</strong></span> <span class='ocrx_word' id='word_1_543' title='bbox 2907 3607 3253 3670; x_wconf 88' lang='lat' dir='ltr'><strong>recesserint,</strong></span> <span class='ocrx_word' id='word_1_544' title='bbox 3291 3607 3448 3678; x_wconf 83' lang='lat' dir='ltr'><strong>igno-</strong></span> 
     </span>
    </p>
   </div>
   <div class='ocr_carea' id='block_1_79' title="bbox 1865 3717 2074 3759">
    <p class='ocr_par' dir='ltr' id='par_1_79' title="bbox 1865 3717 2074 3759">
     <span class='ocr_line' id='line_1_79' title="bbox 1865 3717 2074 3759; baseline 0.005 -1"><span class='ocrx_word' id='word_1_545' title='bbox 1865 3717 2074 3759; x_wconf 86' lang='lat' dir='ltr'><strong>ramus.</strong></span> 
     </span>
    </p>
   </div>
   <div class='ocr_carea' id='block_1_80' title="bbox 1931 3794 2376 3855">
    <p class='ocr_par' dir='ltr' id='par_1_80' title="bbox 1931 3794 2376 3855">
     <span class='ocr_line' id='line_1_80' title="bbox 1931 3794 2376 3855; baseline -0.004 -5"><span class='ocrx_word' id='word_1_546' title='bbox 1931 3797 2008 3852; x_wconf 89' lang='lat' dir='ltr'><strong>De</strong></span> <span class='ocrx_word' id='word_1_547' title='bbox 2026 3809 2067 3855; x_wconf 83' lang='lat' dir='ltr'><strong>‘l</strong></span> <span class='ocrx_word' id='word_1_548' title='bbox 2087 3794 2209 3850; x_wconf 79' lang='lat' dir='ltr'><strong>vide</strong></span> <span class='ocrx_word' id='word_1_549' title='bbox 2240 3794 2294 3848; x_wconf 94' lang='lat' dir='ltr'><strong>in</strong></span> <span class='ocrx_word' id='word_1_550' title='bbox 2320 3801 2376 3853; x_wconf 68' lang='grc' dir='ltr'><strong>Ἰ.</strong></span> 
     </span>
    </p>
   </div>
   <div class='ocr_carea' id='block_1_81' title="bbox 1934 3877 3447 3946">
    <p class='ocr_par' dir='ltr' id='par_1_81' title="bbox 1934 3877 3447 3946">
     <span class='ocr_line' id='line_1_81' title="bbox 1934 3877 3447 3946; baseline -0.007 -2"><span class='ocrx_word' id='word_1_551' title='bbox 1934 3897 1989 3946; x_wconf 70' lang='grc' dir='ltr'><strong>τυ</strong></span> <span class='ocrx_word' id='word_1_552' title='bbox 2014 3902 2121 3941; x_wconf 90' lang='lat' dir='ltr'><strong>non</strong></span> <span class='ocrx_word' id='word_1_553' title='bbox 2157 3885 2226 3940; x_wconf 93' lang='lat' dir='ltr'><strong>ob</strong></span> <span class='ocrx_word' id='word_1_554' title='bbox 2255 3883 2445 3938; x_wconf 70' lang='lat' dir='ltr'><strong>forum</strong></span> <span class='ocrx_word' id='word_1_555' title='bbox 2491 3879 2926 3942; x_wconf 88' lang='lat' dir='ltr'><strong>similitudinem,</strong></span> <span class='ocrx_word' id='word_1_556' title='bbox 2961 3879 3053 3935; x_wconf 91' lang='lat' dir='ltr'><strong>sed</strong></span> <span class='ocrx_word' id='word_1_557' title='bbox 3079 3880 3149 3933; x_wconf 93' lang='lat' dir='ltr'><strong>ob</strong></span> <span class='ocrx_word' id='word_1_558' title='bbox 3170 3880 3289 3934; x_wconf 89' lang='lat' dir='ltr'><strong>soni</strong></span> <span class='ocrx_word' id='word_1_559' title='bbox 3333 3877 3447 3934; x_wconf 77' lang='lat' dir='ltr'><strong>afﬁ-</strong></span> 
     </span>
    </p>
   </div>
   <div class='ocr_carea' id='block_1_82' title="bbox 1866 3967 3445 4045">
    <p class='ocr_par' dir='ltr' id='par_1_82' title="bbox 1866 3967 3445 4045">
     <span class='ocr_line' id='line_1_82' title="bbox 1866 3967 3445 4045; baseline -0.008 -11"><span class='ocrx_word' id='word_1_560' title='bbox 1866 3978 2093 4034; x_wconf 89' lang='lat' dir='ltr'><strong>nitatem</strong></span> <span class='ocrx_word' id='word_1_561' title='bbox 2144 3975 2436 4045; x_wconf 86' lang='lat' dir='ltr'><strong>aliquando</strong></span> <span class='ocrx_word' id='word_1_562' title='bbox 2475 3988 2599 4028; x_wconf 91' lang='lat' dir='ltr'><strong>cum</strong></span> <span class='ocrx_word' id='word_1_563' title='bbox 2624 3983 2664 4030; x_wconf 85' lang='lat' dir='ltr'>D</span> <span class='ocrx_word' id='word_1_564' title='bbox 2687 3970 3064 4026; x_wconf 81' lang='lat' dir='ltr'><strong>confunditur.</strong></span> <span class='ocrx_word' id='word_1_565' title='bbox 3091 3967 3290 4039; x_wconf 83' lang='lat' dir='ltr'><strong>Figura</strong></span> <span class='ocrx_word' id='word_1_566' title='bbox 3324 3969 3445 4038; x_wconf 84' lang='lat' dir='ltr'><strong>ejus</strong></span> 
     </span>
    </p>
   </div>
   <div class='ocr_carea' id='block_1_83' title="bbox 1866 4063 2734 4124">
    <p class='ocr_par' dir='ltr' id='par_1_83' title="bbox 1866 4063 2734 4124">
     <span class='ocr_line' id='line_1_83' title="bbox 1866 4063 2734 4124; baseline -0.012 0"><span class='ocrx_word' id='word_1_567' title='bbox 1866 4078 2080 4124; x_wconf 88' lang='lat' dir='ltr'><strong>vetusta</strong></span> <span class='ocrx_word' id='word_1_568' title='bbox 2107 4066 2301 4122; x_wconf 88' lang='lat' dir='ltr'><strong>similis</strong></span> <span class='ocrx_word' id='word_1_569' title='bbox 2331 4073 2412 4120; x_wconf 90' lang='lat' dir='ltr'><strong>est</strong></span> <span class='ocrx_word' id='word_1_570' title='bbox 2436 4063 2734 4118; x_wconf 64' lang='lat' dir='ltr'><strong>hodiernae.</strong></span> 
     </span>
    </p>
   </div>
   <div class='ocr_carea' id='block_1_84' title="bbox 1934 4147 3441 4229">
    <p class='ocr_par' dir='ltr' id='par_1_84' title="bbox 1934 4147 3441 4229">
     <span class='ocr_line' id='line_1_84' title="bbox 1934 4147 3441 4229; baseline -0.012 -9"><span class='ocrx_word' id='word_1_571' title='bbox 1934 4170 1979 4220; x_wconf 82' lang='lat' dir='ltr'><strong>n</strong></span> <span class='ocrx_word' id='word_1_572' title='bbox 1993 4160 2038 4216; x_wconf 90' lang='lat' dir='ltr'><strong>si</strong></span> <span class='ocrx_word' id='word_1_573' title='bbox 2057 4159 2190 4215; x_wconf 85' lang='lat' dir='ltr'><strong>ﬁdes</strong></span> <span class='ocrx_word' id='word_1_574' title='bbox 2207 4158 2514 4229; x_wconf 86' lang='lat' dir='ltr'><strong>alphabeto,</strong></span> <span class='ocrx_word' id='word_1_575' title='bbox 2534 4153 2754 4225; x_wconf 88' lang='lat' dir='ltr'><strong>paulum</strong></span> <span class='ocrx_word' id='word_1_576' title='bbox 2773 4151 2991 4208; x_wconf 78' lang='lat' dir='ltr'><strong>deﬂexit</strong></span> <span class='ocrx_word' id='word_1_577' title='bbox 3007 4168 3035 4206; x_wconf 91' lang='lat' dir='ltr'><strong>a</strong></span> <span class='ocrx_word' id='word_1_578' title='bbox 3054 4150 3231 4221; x_wconf 89' lang='lat' dir='ltr'><strong>prisca</strong></span> <span class='ocrx_word' id='word_1_579' title='bbox 3247 4147 3441 4220; x_wconf 76' lang='lat' dir='ltr'><strong>ﬁgura.</strong></span> 
     </span>
    </p>
   </div>
   <div class='ocr_carea' id='block_1_85' title="bbox 1867 4264 3446 4343">
    <p class='ocr_par' dir='ltr' id='par_1_85' title="bbox 1867 4264 3446 4343">
     <span class='ocr_line' id='line_1_85' title="bbox 1867 4264 3446 4343; baseline -0.009 -15"><span class='ocrx_word' id='word_1_580' title='bbox 1867 4273 1956 4328; x_wconf 92' lang='lat' dir='ltr'><strong>lll.</strong></span> <span class='ocrx_word' id='word_1_581' title='bbox 1983 4272 2068 4328; x_wconf 75' lang='lat' dir='ltr'><strong>Ex</strong></span> <span class='ocrx_word' id='word_1_582' title='bbox 2091 4272 2447 4343; x_wconf 82' lang='lat' dir='ltr'><strong>quarumdam</strong></span> <span class='ocrx_word' id='word_1_583' title='bbox 2493 4271 2794 4343; x_wconf 81' lang='lat' dir='ltr'><strong>litterarum</strong></span> <span class='ocrx_word' id='word_1_584' title='bbox 2844 4264 3196 4343; x_wconf 70' lang='lat' dir='ltr'><strong>similitudine</strong></span> <span class='ocrx_word' id='word_1_585' title='bbox 3241 4271 3446 4331; x_wconf 79' lang='lat' dir='ltr'><strong>quanta</strong></span> 
     </span>
    </p>
   </div>
   <div class='ocr_carea' id='block_1_86' title="bbox 2112 4341 3192 4413">
    <p class='ocr_par' dir='ltr' id='par_1_86' title="bbox 2112 4341 3192 4413">
     <span class='ocr_line' id='line_1_86' title="bbox 2112 4341 3192 4413; baseline -0.012 -16"><span class='ocrx_word' id='word_1_586' title='bbox 2112 4342 2603 4413; x_wconf 82' lang='lat' dir='ltr'><strong>interpretationum</strong></span> <span class='ocrx_word' id='word_1_587' title='bbox 2654 4342 2883 4394; x_wconf 77' lang='lat' dir='ltr'><strong>varietas</strong></span> <span class='ocrx_word' id='word_1_588' title='bbox 2935 4346 3051 4388; x_wconf 87' lang='lat' dir='ltr'><strong>orta</strong></span> <span class='ocrx_word' id='word_1_589' title='bbox 3103 4341 3192 4386; x_wconf 77' lang='lat' dir='ltr'><strong>sit.</strong></span> 
     </span>
    </p>
   </div>
   <div class='ocr_carea' id='block_1_87' title="bbox 1942 4421 3442 4506">
    <p class='ocr_par' dir='ltr' id='par_1_87' title="bbox 1942 4421 3442 4506">
     <span class='ocr_line' id='line_1_87' title="bbox 1942 4421 3442 4506; baseline -0.012 -15"><span class='ocrx_word' id='word_1_590' title='bbox 1942 4436 2020 4492; x_wconf 81' lang='lat' dir='ltr'><strong>Ex</strong></span> <span class='ocrx_word' id='word_1_591' title='bbox 2073 4433 2436 4506; x_wconf 91' lang='lat' dir='ltr'><strong>quarumdam</strong></span> <span class='ocrx_word' id='word_1_592' title='bbox 2492 4447 2655 4504; x_wconf 85' lang='lat' dir='ltr'><strong>porro</strong></span> <span class='ocrx_word' id='word_1_593' title='bbox 2698 4431 3001 4485; x_wconf 87' lang='lat' dir='ltr'><strong>litterarum</strong></span> <span class='ocrx_word' id='word_1_594' title='bbox 3054 4421 3442 4477; x_wconf 83' lang='lat' dir='ltr'><strong>llebraicarum</strong></span> 
     </span>
    </p>
   </div>
   <div class='ocr_carea' id='block_1_88' title="bbox 218 4515 3445 4606">
    <p class='ocr_par' dir='ltr' id='par_1_88' title="bbox 218 4515 3445 4606">
     <span class='ocr_line' id='line_1_88' title="bbox 218 4515 3445 4606; baseline -0.006 -21"><span class='ocrx_word' id='word_1_595' title='bbox 218 4545 414 4602; x_wconf 81' lang='lat' dir='ltr'><strong>superne</strong></span> <span class='ocrx_word' id='word_1_596' title='bbox 432 4515 661 4597; x_wconf 80' lang='lat' dir='ltr'><strong>clausam</strong></span> <span class='ocrx_word' id='word_1_597' title='bbox 698 4541 886 4596; x_wconf 80' lang='lat' dir='ltr'><strong>fuisse</strong></span> <span class='ocrx_word' id='word_1_598' title='bbox 926 4537 1180 4593; x_wconf 87' lang='lat' dir='ltr'><strong>indicant</strong></span> <span class='ocrx_word' id='word_1_599' title='bbox 1231 4537 1323 4591; x_wconf 88' lang='lat' dir='ltr'><strong>alii</strong></span> <span class='ocrx_word' id='word_1_600' title='bbox 1381 4537 1761 4606; x_wconf 84' lang='lat' dir='ltr'><strong>manuscripti,</strong></span> <span class='ocrx_word' id='word_1_601' title='bbox 1797 4547 1842 4601; x_wconf 83' lang='grc' dir='ltr'>ι)</span> <span class='ocrx_word' id='word_1_602' title='bbox 1867 4544 1990 4582; x_wconf 89' lang='lat' dir='ltr'><strong>cum</strong></span> <span class='ocrx_word' id='word_1_603' title='bbox 2015 4528 2136 4582; x_wconf 91' lang='lat' dir='ltr'><strong>aliis</strong></span> <span class='ocrx_word' id='word_1_604' title='bbox 2161 4525 2359 4582; x_wconf 88' lang='lat' dir='ltr'><strong>litteris</strong></span> <span class='ocrx_word' id='word_1_605' title='bbox 2390 4521 2743 4581; x_wconf 86' lang='lat' dir='ltr'><strong>similitudine</strong></span> <span class='ocrx_word' id='word_1_606' title='bbox 2783 4515 3096 4573; x_wconf 91' lang='lat' dir='ltr'><strong>incredibile</strong></span> <span class='ocrx_word' id='word_1_607' title='bbox 3125 4523 3210 4569; x_wconf 89' lang='lat' dir='ltr'><strong>est</strong></span> <span class='ocrx_word' id='word_1_608' title='bbox 3235 4521 3445 4606; x_wconf 81' lang='lat' dir='ltr'><strong>quanta</strong></span> 
     </span>
    </p>
   </div>
   <div class='ocr_carea' id='block_1_89' title="bbox 218 4629 1762 4704">
    <p class='ocr_par' dir='ltr' id='par_1_89' title="bbox 218 4629 1762 4704">
     <span class='ocr_line' id='line_1_89' title="bbox 218 4629 1762 4704; baseline 0.001 -23"><span class='ocrx_word' id='word_1_609' title='bbox 218 4631 469 4696; x_wconf 62' lang='lat' dir='ltr'><strong>etquidem</strong></span> <span class='ocrx_word' id='word_1_610' title='bbox 500 4633 906 4704; x_wconf 85' lang='lat' dir='ltr'><strong>antiquissimi,</strong></span> <span class='ocrx_word' id='word_1_611' title='bbox 944 4642 1008 4684; x_wconf 89' lang='lat' dir='ltr'><strong>ut</strong></span> <span class='ocrx_word' id='word_1_612' title='bbox 1044 4629 1390 4685; x_wconf 88' lang='lat' dir='ltr'><strong>Colhertinus</strong></span> <span class='ocrx_word' id='word_1_613' title='bbox 1437 4629 1490 4683; x_wconf 92' lang='lat' dir='ltr'><strong>in</strong></span> <span class='ocrx_word' id='word_1_614' title='bbox 1539 4637 1666 4684; x_wconf 90' lang='lat' dir='ltr'><strong>nota</strong></span> <span class='ocrx_word' id='word_1_615' title='bbox 1696 4629 1762 4683; x_wconf 90' lang='lat' dir='ltr'><strong>ad</strong></span> 
     </span>
    </p>
   </div>
   <div class='ocr_carea' id='block_1_90' title="bbox 217 4720 1763 4793">
    <p class='ocr_par' dir='ltr' id='par_1_90' title="bbox 217 4720 1763 4793">
     <span class='ocr_line' id='line_1_90' title="bbox 217 4720 1763 4793; baseline -0.001 -18"><span class='ocrx_word' id='word_1_616' title='bbox 217 4724 478 4788; x_wconf 74' lang='lat' dir='ltr'><strong>psal.t.xxt,</strong></span> <span class='ocrx_word' id='word_1_617' title='bbox 521 4728 689 4793; x_wconf 66' lang='lat' dir='ltr'><strong>v.18,</strong></span> <span class='ocrx_word' id='word_1_618' title='bbox 748 4737 809 4781; x_wconf 89' lang='lat' dir='ltr'><strong>et</strong></span> <span class='ocrx_word' id='word_1_619' title='bbox 868 4723 1050 4779; x_wconf 84' lang='lat' dir='ltr'><strong>codex</strong></span> <span class='ocrx_word' id='word_1_620' title='bbox 1104 4721 1216 4778; x_wconf 80' lang='lat' dir='ltr'><strong>RR.</strong></span> <span class='ocrx_word' id='word_1_621' title='bbox 1271 4722 1376 4777; x_wconf 87' lang='lat' dir='ltr'><strong>PP.</strong></span> <span class='ocrx_word' id='word_1_622' title='bbox 1429 4720 1763 4777; x_wconf 85' lang='lat' dir='ltr'><strong>Jesuitarum</strong></span> 
     </span>
    </p>
   </div>
   <div class='ocr_carea' id='block_1_91' title="bbox 215 4815 1762 4885">
    <p class='ocr_par' dir='ltr' id='par_1_91' title="bbox 215 4815 1762 4885">
     <span class='ocr_line' id='line_1_91' title="bbox 215 4815 1762 4885; baseline -0.005 -9"><span class='ocrx_word' id='word_1_623' title='bbox 215 4817 381 4876; x_wconf 57' lang='lat' dir='ltr'><strong>Passim</strong></span> <span class='ocrx_word' id='word_1_624' title='bbox 411 4821 458 4874; x_wconf 93' lang='lat' dir='ltr'><strong>in</strong></span> <span class='ocrx_word' id='word_1_625' title='bbox 507 4821 727 4878; x_wconf 83' lang='lat' dir='ltr'><strong>Hesaia.</strong></span> <span class='ocrx_word' id='word_1_626' title='bbox 786 4819 854 4874; x_wconf 85' lang='lat' dir='ltr'><strong>In</strong></span> <span class='ocrx_word' id='word_1_627' title='bbox 914 4816 988 4870; x_wconf 91' lang='lat' dir='ltr'><strong>iis</strong></span> <span class='ocrx_word' id='word_1_628' title='bbox 1037 4815 1235 4885; x_wconf 87' lang='lat' dir='ltr'><strong>quippe</strong></span> <span class='ocrx_word' id='word_1_629' title='bbox 1283 4830 1388 4870; x_wconf 90' lang='lat' dir='ltr'><strong>vox</strong></span> <span class='ocrx_word' id='word_1_630' title='bbox 1442 4815 1610 4875; x_wconf 82' lang='lat' dir='ltr'><strong>11ml,</strong></span> <span class='ocrx_word' id='word_1_631' title='bbox 1655 4829 1762 4883; x_wconf 84' lang='lat' dir='ltr'><strong>qua</strong></span> 
     </span>
    </p>
   </div>
   <div class='ocr_carea' id='block_1_92' title="bbox 211 4906 1768 4975">
    <p class='ocr_par' dir='ltr' id='par_1_92' title="bbox 211 4906 1768 4975">
     <span class='ocr_line' id='line_1_92' title="bbox 211 4906 1768 4975; baseline 0 -17"><span class='ocrx_word' id='word_1_632' title='bbox 211 4906 469 4967; x_wconf 70' lang='lat' dir='ltr'><strong>certissime</strong></span> <span class='ocrx_word' id='word_1_633' title='bbox 497 4911 837 4967; x_wconf 66' lang='grc' dir='ltr'><strong>Πρω-αἰθυίῃ</strong></span> <span class='ocrx_word' id='word_1_634' title='bbox 869 4915 1002 4966; x_wconf 69' lang='grc' dir='ltr'>Πτιν</span> <span class='ocrx_word' id='word_1_635' title='bbox 1035 4906 1376 4975; x_wconf 88' lang='lat' dir='ltr'><strong>exprimitur,</strong></span> <span class='ocrx_word' id='word_1_636' title='bbox 1409 4907 1493 4961; x_wconf 85' lang='lat' dir='ltr'><strong>bis</strong></span> <span class='ocrx_word' id='word_1_637' title='bbox 1529 4906 1768 4960; x_wconf 87' lang='lat' dir='ltr'><strong>litteram-</strong></span> 
     </span>
    </p>
   </div>
   <div class='ocr_carea' id='block_1_93' title="bbox 209 4997 1763 5070">
    <p class='ocr_par' dir='ltr' id='par_1_93' title="bbox 209 4997 1763 5070">
     <span class='ocr_line' id='line_1_93' title="bbox 209 4997 1763 5070; baseline -0.003 -15"><span class='ocrx_word' id='word_1_638' title='bbox 209 5003 476 5070; x_wconf 66' lang='lat' dir='ltr'><strong>ﬁsperna:</strong></span> <span class='ocrx_word' id='word_1_639' title='bbox 509 5005 762 5060; x_wconf 89' lang='lat' dir='ltr'><strong>clausam</strong></span> <span class='ocrx_word' id='word_1_640' title='bbox 820 4999 1059 5056; x_wconf 85' lang='lat' dir='ltr'><strong>exhibet</strong></span> <span class='ocrx_word' id='word_1_641' title='bbox 1115 4997 1180 5050; x_wconf 89' lang='lat' dir='ltr'><strong>ad</strong></span> <span class='ocrx_word' id='word_1_642' title='bbox 1241 4997 1460 5052; x_wconf 93' lang='lat' dir='ltr'><strong>modum</strong></span> <span class='ocrx_word' id='word_1_643' title='bbox 1494 4999 1687 5052; x_wconf 65' lang='lat' dir='ltr'><strong>littera</strong></span> <span class='ocrx_word' id='word_1_644' title='bbox 1716 4999 1763 5050; x_wconf 91' lang='grc' dir='ltr'>Π</span> 
     </span>
    </p>
   </div>
   <div class='ocr_carea' id='block_1_94' title="bbox 207 5084 1759 5168">
    <p class='ocr_par' dir='ltr' id='par_1_94' title="bbox 207 5084 1759 5168">
     <span class='ocr_line' id='line_1_94' title="bbox 207 5084 1759 5168; baseline -0.002 -20"><span class='ocrx_word' id='word_1_645' title='bbox 207 5084 391 5158; x_wconf 69' lang='lat' dir='ltr'><strong>Greca,</strong></span> <span class='ocrx_word' id='word_1_646' title='bbox 413 5112 510 5168; x_wconf 88' lang='lat' dir='ltr'><strong>qua</strong></span> <span class='ocrx_word' id='word_1_647' title='bbox 540 5099 595 5154; x_wconf 88' lang='lat' dir='ltr'><strong>in</strong></span> <span class='ocrx_word' id='word_1_648' title='bbox 619 5114 682 5154; x_wconf 88' lang='lat' dir='ltr'><strong>re</strong></span> <span class='ocrx_word' id='word_1_649' title='bbox 705 5090 1092 5154; x_wconf 88' lang='lat' dir='ltr'><strong>consentiunt</strong></span> <span class='ocrx_word' id='word_1_650' title='bbox 1118 5103 1239 5142; x_wconf 91' lang='lat' dir='ltr'><strong>cum</strong></span> <span class='ocrx_word' id='word_1_651' title='bbox 1266 5089 1553 5157; x_wconf 88' lang='lat' dir='ltr'><strong>alphabeto</strong></span> <span class='ocrx_word' id='word_1_652' title='bbox 1575 5105 1759 5159; x_wconf 87' lang='lat' dir='ltr'><strong>supra.</strong></span> 
     </span>
    </p>
   </div>
   <div class='ocr_carea' id='block_1_95' title="bbox 257 5179 1766 5261">
    <p class='ocr_par' dir='ltr' id='par_1_95' title="bbox 257 5179 1766 5261">
     <span class='ocr_line' id='line_1_95' title="bbox 257 5179 1766 5261; baseline -0.012 -8"><span class='ocrx_word' id='word_1_653' title='bbox 257 5187 288 5252; x_wconf 73' lang='grc' dir='ltr'><strong>ΊΞ</strong></span> <span class='ocrx_word' id='word_1_654' title='bbox 312 5187 422 5244; x_wconf 72' lang='lat' dir='ltr'><strong>Olim</strong></span> <span class='ocrx_word' id='word_1_655' title='bbox 454 5207 547 5261; x_wconf 90' lang='lat' dir='ltr'><strong>pro</strong></span> <span class='ocrx_word' id='word_1_656' title='bbox 579 5200 599 5238; x_wconf 61' lang='grc' dir='ltr'><strong>ν</strong></span> <span class='ocrx_word' id='word_1_657' title='bbox 625 5205 784 5261; x_wconf 65' lang='lat' dir='ltr'><strong>saepe</strong></span> <span class='ocrx_word' id='word_1_658' title='bbox 821 5188 1042 5242; x_wconf 89' lang='lat' dir='ltr'><strong>lectum</strong></span> <span class='ocrx_word' id='word_1_659' title='bbox 1094 5179 1264 5236; x_wconf 80' lang='lat' dir='ltr'><strong>fuisse</strong></span> <span class='ocrx_word' id='word_1_660' title='bbox 1285 5182 1478 5237; x_wconf 89' lang='lat' dir='ltr'><strong>suadet</strong></span> <span class='ocrx_word' id='word_1_661' title='bbox 1507 5181 1766 5255; x_wconf 85' lang='lat' dir='ltr'><strong>Hierony-</strong></span> 
     </span>
    </p>
   </div>
   <div class='ocr_carea' id='block_1_96' title="bbox 204 5272 1759 5355">
    <p class='ocr_par' dir='ltr' id='par_1_96' title="bbox 204 5272 1759 5355">
     <span class='ocr_line' id='line_1_96' title="bbox 204 5272 1759 5355; baseline -0.003 -23"><span class='ocrx_word' id='word_1_662' title='bbox 204 5287 318 5342; x_wconf 76' lang='lat' dir='ltr'><strong>mus,</strong></span> <span class='ocrx_word' id='word_1_663' title='bbox 365 5284 444 5352; x_wconf 85' lang='lat' dir='ltr'><strong>qui</strong></span> <span class='ocrx_word' id='word_1_664' title='bbox 491 5285 565 5339; x_wconf 76' lang='lat' dir='ltr'><strong>ait</strong></span> <span class='ocrx_word' id='word_1_665' title='bbox 593 5284 770 5355; x_wconf 76' lang='lat' dir='ltr'><strong>epist.</strong></span> <span class='ocrx_word' id='word_1_666' title='bbox 825 5277 903 5334; x_wconf 87' lang='lat' dir='ltr'><strong>ad</strong></span> <span class='ocrx_word' id='word_1_667' title='bbox 953 5273 1187 5328; x_wconf 90' lang='lat' dir='ltr'><strong>Suniam</strong></span> <span class='ocrx_word' id='word_1_668' title='bbox 1235 5281 1289 5326; x_wconf 88' lang='lat' dir='ltr'><strong>et</strong></span> <span class='ocrx_word' id='word_1_669' title='bbox 1340 5272 1481 5328; x_wconf 87' lang='lat' dir='ltr'><strong>Fret.</strong></span> <span class='ocrx_word' id='word_1_670' title='bbox 1537 5273 1591 5327; x_wconf 86' lang='lat' dir='ltr'><strong>in</strong></span> <span class='ocrx_word' id='word_1_671' title='bbox 1622 5275 1759 5344; x_wconf 77' lang='lat' dir='ltr'><strong>psal.</strong></span> 
     </span>
    </p>
   </div>
   <div class='ocr_carea' id='block_1_97' title="bbox 201 5366 1764 5439">
    <p class='ocr_par' dir='ltr' id='par_1_97' title="bbox 201 5366 1764 5439">
     <span class='ocr_line' id='line_1_97' title="bbox 201 5366 1764 5439; baseline 0.001 -21"><span class='ocrx_word' id='word_1_672' title='bbox 201 5382 370 5431; x_wconf 75' lang='lat' dir='ltr'><strong>cmx;</strong></span> <span class='ocrx_word' id='word_1_673' title='bbox 412 5377 511 5432; x_wconf 64' lang='lat' dir='ltr'><strong>Pw</strong></span> <span class='ocrx_word' id='word_1_674' title='bbox 579 5379 845 5439; x_wconf 79' lang='lat' dir='ltr'><strong>nomine,</strong></span> <span class='ocrx_word' id='word_1_675' title='bbox 896 5370 1016 5424; x_wconf 77' lang='lat' dir='ltr'><strong>sive</strong></span> <span class='ocrx_word' id='word_1_676' title='bbox 1064 5366 1202 5436; x_wconf 83' lang='lat' dir='ltr'><strong>lege,</strong></span> <span class='ocrx_word' id='word_1_677' title='bbox 1259 5367 1398 5436; x_wconf 84' lang='lat' dir='ltr'><strong>apud</strong></span> <span class='ocrx_word' id='word_1_678' title='bbox 1443 5383 1530 5421; x_wconf 74' lang='lat' dir='ltr'><strong>eos</strong></span> <span class='ocrx_word' id='word_1_679' title='bbox 1573 5367 1764 5438; x_wconf 81' lang='lat' dir='ltr'><strong>legitur</strong></span> 
     </span>
    </p>
   </div>
   <div class='ocr_carea' id='block_1_98' title="bbox 165 5459 1761 5544">
    <p class='ocr_par' dir='ltr' id='par_1_98' title="bbox 165 5459 1761 5544">
     <span class='ocr_line' id='line_1_98' title="bbox 165 5459 1761 5544; baseline 0 -33"><span class='ocrx_word' id='word_1_680' title='bbox 165 5520 169 5526; x_wconf 87' lang='lat'><em>_</em></span> <span class='ocrx_word' id='word_1_681' title='bbox 199 5473 349 5531; x_wconf 77' lang='grc' dir='ltr'>τιιιι,</span> <span class='ocrx_word' id='word_1_682' title='bbox 374 5473 500 5540; x_wconf 79' lang='lat' dir='ltr'><strong>quod</strong></span> <span class='ocrx_word' id='word_1_683' title='bbox 524 5472 732 5544; x_wconf 78' lang='lat' dir='ltr'><strong>Aquila</strong></span> <span class='ocrx_word' id='word_1_684' title='bbox 765 5467 1176 5530; x_wconf 72' lang='lat' dir='ltr'><strong>interpretatus</strong></span> <span class='ocrx_word' id='word_1_685' title='bbox 1217 5469 1294 5512; x_wconf 75' lang='lat' dir='ltr'><strong>est</strong></span> <span class='ocrx_word' id='word_1_686' title='bbox 1331 5459 1514 5528; x_wconf 78' lang='grc' dir='ltr'><strong>φόϐον,</strong></span> <span class='ocrx_word' id='word_1_687' title='bbox 1559 5460 1655 5512; x_wconf 86' lang='lat' dir='ltr'><strong>hoc</strong></span> <span class='ocrx_word' id='word_1_688' title='bbox 1683 5466 1761 5514; x_wconf 79' lang='lat' dir='ltr'><strong>est</strong></span> 
     </span>
    </p>
   </div>
   <div class='ocr_carea' id='block_1_99' title="bbox 196 5549 1762 5636">
    <p class='ocr_par' dir='ltr' id='par_1_99' title="bbox 196 5549 1762 5636">
     <span class='ocr_line' id='line_1_99' title="bbox 196 5549 1762 5636; baseline -0.008 -20"><span class='ocrx_word' id='word_1_689' title='bbox 196 5559 434 5630; x_wconf 64' lang='lat' dir='ltr'><strong>&quot;nomn;</strong></span> <span class='ocrx_word' id='word_1_690' title='bbox 474 5561 851 5636; x_wconf 72' lang='lat' dir='ltr'><strong>Symmachus</strong></span> <span class='ocrx_word' id='word_1_691' title='bbox 908 5562 964 5609; x_wconf 79' lang='lat' dir='ltr'><strong>et</strong></span> <span class='ocrx_word' id='word_1_692' title='bbox 1033 5549 1333 5615; x_wconf 80' lang='lat' dir='ltr'><strong>Theodotio,</strong></span> <span class='ocrx_word' id='word_1_693' title='bbox 1378 5551 1559 5621; x_wconf 86' lang='grc' dir='ltr'>νόμον,</span> <span class='ocrx_word' id='word_1_694' title='bbox 1595 5551 1652 5603; x_wconf 84' lang='lat' dir='ltr'><strong>id</strong></span> <span class='ocrx_word' id='word_1_695' title='bbox 1682 5559 1762 5605; x_wconf 78' lang='lat' dir='ltr'><strong>est</strong></span> 
     </span>
    </p>
   </div>
   <div class='ocr_carea' id='block_1_100' title="bbox 191 5641 1757 5723">
    <p class='ocr_par' dir='ltr' id='par_1_100' title="bbox 191 5641 1757 5723">
     <span class='ocr_line' id='line_1_100' title="bbox 191 5641 1757 5723; baseline -0.005 -20"><span class='ocrx_word' id='word_1_696' title='bbox 191 5641 345 5720; x_wconf 66' lang='lat' dir='ltr'><strong>legem,</strong></span> <span class='ocrx_word' id='word_1_697' title='bbox 366 5666 602 5723; x_wconf 70' lang='grc' dir='ltr'><strong>ρκιαηεεε</strong></span> <span class='ocrx_word' id='word_1_698' title='bbox 635 5668 869 5712; x_wconf 58' lang='lat' dir='ltr'><strong>&quot;wax,</strong></span> <span class='ocrx_word' id='word_1_699' title='bbox 914 5651 1142 5716; x_wconf 79' lang='lat' dir='ltr'><strong>propter</strong></span> <span class='ocrx_word' id='word_1_700' title='bbox 1180 5643 1475 5697; x_wconf 83' lang='lat' dir='ltr'><strong>litterarum</strong></span> <span class='ocrx_word' id='word_1_701' title='bbox 1504 5642 1757 5697; x_wconf 78' lang='lat' dir='ltr'><strong>similitu-</strong></span> 
     </span>
    </p>
   </div>
   <div class='ocr_carea' id='block_1_101' title="bbox 185 5735 1757 5817">
    <p class='ocr_par' dir='ltr' id='par_1_101' title="bbox 185 5735 1757 5817">
     <span class='ocr_line' id='line_1_101' title="bbox 185 5735 1757 5817; baseline 0.001 -30"><span class='ocrx_word' id='word_1_702' title='bbox 185 5737 325 5797; x_wconf 57' lang='lat' dir='ltr'><strong>dinem</strong></span> <span class='ocrx_word' id='word_1_703' title='bbox 354 5762 429 5804; x_wconf 70' lang='grc' dir='ltr'><strong>που</strong></span> <span class='ocrx_word' id='word_1_704' title='bbox 455 5760 502 5804; x_wconf 73' lang='grc' dir='ltr'>ιι</span> <span class='ocrx_word' id='word_1_705' title='bbox 545 5765 677 5814; x_wconf 48' lang='grc' dir='ltr'><strong>νων</strong></span> <span class='ocrx_word' id='word_1_706' title='bbox 721 5758 864 5817; x_wconf 70' lang='lat' dir='ltr'><strong>qua:</strong></span> <span class='ocrx_word' id='word_1_707' title='bbox 901 5743 1126 5791; x_wconf 83' lang='lat' dir='ltr'><strong>tantum</strong></span> <span class='ocrx_word' id='word_1_708' title='bbox 1177 5736 1532 5806; x_wconf 82' lang='lat' dir='ltr'><strong>magnitudine</strong></span> <span class='ocrx_word' id='word_1_709' title='bbox 1562 5735 1757 5789; x_wconf 70' lang='lat' dir='ltr'><strong>distin-</strong></span> 
     </span>
    </p>
   </div>
   <div class='ocr_carea' id='block_1_102' title="bbox 180 5824 1756 5912">
    <p class='ocr_par' dir='ltr' id='par_1_102' title="bbox 180 5824 1756 5912">
     <span class='ocr_line' id='line_1_102' title="bbox 180 5824 1756 5912; baseline 0.001 -32"><span class='ocrx_word' id='word_1_710' title='bbox 180 5843 386 5898; x_wconf 65' lang='grc' dir='ltr'><strong>ειωηυ,</strong></span> <span class='ocrx_word' id='word_1_711' title='bbox 417 5841 473 5896; x_wconf 81' lang='grc' dir='ltr'>ιη</span> <span class='ocrx_word' id='word_1_712' title='bbox 525 5838 853 5912; x_wconf 57' lang='lat' dir='ltr'><strong>alphabeto</strong></span> <span class='ocrx_word' id='word_1_713' title='bbox 909 5838 1145 5897; x_wconf 89' lang='lat' dir='ltr'><strong>quoque</strong></span> <span class='ocrx_word' id='word_1_714' title='bbox 1210 5840 1372 5897; x_wconf 88' lang='lat' dir='ltr'><strong>supra</strong></span> <span class='ocrx_word' id='word_1_715' title='bbox 1399 5824 1586 5882; x_wconf 86' lang='lat' dir='ltr'><strong>eadem</strong></span> <span class='ocrx_word' id='word_1_716' title='bbox 1638 5824 1756 5898; x_wconf 88' lang='lat' dir='ltr'><strong>ipsa</strong></span> 
     </span>
    </p>
   </div>
   <div class='ocr_carea' id='block_1_103' title="bbox 439 5922 1142 6003">
    <p class='ocr_par' dir='ltr' id='par_1_103' title="bbox 439 5922 1142 6003">
     <span class='ocr_line' id='line_1_103' title="bbox 439 5922 1142 6003; baseline 0 0"><span class='ocrx_word' id='word_1_717' title='bbox 439 5941 725 6003; x_wconf 67' lang='grc' dir='ltr'><strong>Ρλτιιοι..</strong></span> <span class='ocrx_word' id='word_1_718' title='bbox 781 5934 926 5996; x_wconf 69' lang='lat' dir='ltr'><strong>GB-</strong></span> <span class='ocrx_word' id='word_1_719' title='bbox 979 5922 1142 5984; x_wconf 49' lang='grc' dir='ltr'><strong>θίν’</strong></span> 
     </span>
    </p>
   </div>
   <div class='ocr_carea' id='block_1_104' title="bbox 1867 4603 3440 4682">
    <p class='ocr_par' dir='ltr' id='par_1_104' title="bbox 1867 4603 3440 4682">
     <span class='ocr_line' id='line_1_104' title="bbox 1867 4603 3440 4682; baseline -0.01 -11"><span class='ocrx_word' id='word_1_720' title='bbox 1867 4618 2158 4673; x_wconf 90' lang='lat' dir='ltr'><strong>lectionum</strong></span> <span class='ocrx_word' id='word_1_721' title='bbox 2211 4625 2266 4671; x_wconf 88' lang='lat' dir='ltr'><strong>et</strong></span> <span class='ocrx_word' id='word_1_722' title='bbox 2322 4611 2837 4682; x_wconf 81' lang='lat' dir='ltr'><strong>interpretationum</strong></span> <span class='ocrx_word' id='word_1_723' title='bbox 2882 4607 3118 4660; x_wconf 82' lang='lat' dir='ltr'><strong>varietas</strong></span> <span class='ocrx_word' id='word_1_724' title='bbox 3157 4615 3276 4658; x_wconf 90' lang='lat' dir='ltr'><strong>orta</strong></span> <span class='ocrx_word' id='word_1_725' title='bbox 3325 4603 3440 4658; x_wconf 89' lang='lat' dir='ltr'><strong>sit:</strong></span> 
     </span>
    </p>
   </div>
   <div class='ocr_carea' id='block_1_105' title="bbox 1865 4699 3444 4780">
    <p class='ocr_par' dir='ltr' id='par_1_105' title="bbox 1865 4699 3444 4780">
     <span class='ocr_line' id='line_1_105' title="bbox 1865 4699 3444 4780; baseline -0.009 -14"><span class='ocrx_word' id='word_1_726' title='bbox 1865 4726 1933 4766; x_wconf 85' lang='lat' dir='ltr'><strong>ex</strong></span> <span class='ocrx_word' id='word_1_727' title='bbox 1974 4709 2138 4764; x_wconf 90' lang='lat' dir='ltr'><strong>unius</strong></span> <span class='ocrx_word' id='word_1_728' title='bbox 2170 4707 2374 4780; x_wconf 86' lang='lat' dir='ltr'><strong>quippe</strong></span> <span class='ocrx_word' id='word_1_729' title='bbox 2405 4707 2598 4762; x_wconf 75' lang='lat' dir='ltr'><strong>littera:</strong></span> <span class='ocrx_word' id='word_1_730' title='bbox 2643 4703 3066 4761; x_wconf 88' lang='lat' dir='ltr'><strong>commutatione</strong></span> <span class='ocrx_word' id='word_1_731' title='bbox 3093 4715 3256 4756; x_wconf 85' lang='lat' dir='ltr'><strong>voces</strong></span> <span class='ocrx_word' id='word_1_732' title='bbox 3285 4699 3444 4769; x_wconf 81' lang='lat' dir='ltr'><strong>longe</strong></span> 
     </span>
    </p>
   </div>
   <div class='ocr_carea' id='block_1_106' title="bbox 1866 4792 3444 4875">
    <p class='ocr_par' dir='ltr' id='par_1_106' title="bbox 1866 4792 3444 4875">
     <span class='ocr_line' id='line_1_106' title="bbox 1866 4792 3444 4875; baseline -0.011 -13"><span class='ocrx_word' id='word_1_733' title='bbox 1866 4807 2078 4862; x_wconf 89' lang='lat' dir='ltr'><strong>diversa</strong></span> <span class='ocrx_word' id='word_1_734' title='bbox 2116 4803 2451 4875; x_wconf 80' lang='lat' dir='ltr'><strong>signiﬁcant,</strong></span> <span class='ocrx_word' id='word_1_735' title='bbox 2485 4800 2709 4857; x_wconf 86' lang='lat' dir='ltr'><strong>nomina</strong></span> <span class='ocrx_word' id='word_1_736' title='bbox 2752 4811 2882 4853; x_wconf 89' lang='lat' dir='ltr'><strong>vero</strong></span> <span class='ocrx_word' id='word_1_737' title='bbox 2909 4795 3132 4868; x_wconf 88' lang='lat' dir='ltr'><strong>propria</strong></span> <span class='ocrx_word' id='word_1_738' title='bbox 3155 4809 3280 4849; x_wconf 88' lang='lat' dir='ltr'><strong>cum</strong></span> <span class='ocrx_word' id='word_1_739' title='bbox 3320 4792 3444 4847; x_wconf 82' lang='lat' dir='ltr'><strong>aliis</strong></span> 
     </span>
    </p>
   </div>
   <div class='ocr_carea' id='block_1_107' title="bbox 1865 4896 2297 4953">
    <p class='ocr_par' dir='ltr' id='par_1_107' title="bbox 1865 4896 2297 4953">
     <span class='ocr_line' id='line_1_107' title="bbox 1865 4896 2297 4953; baseline -0.012 0"><span class='ocrx_word' id='word_1_740' title='bbox 1865 4896 2297 4953; x_wconf 83' lang='lat' dir='ltr'><strong>confunduntur.</strong></span> 
     </span>
    </p>
   </div>
   <div class='ocr_carea' id='block_1_108' title="bbox 1939 4973 3445 5059">
    <p class='ocr_par' dir='ltr' id='par_1_108' title="bbox 1939 4973 3445 5059">
     <span class='ocr_line' id='line_1_108' title="bbox 1939 4973 3445 5059; baseline -0.009 -17"><span class='ocrx_word' id='word_1_741' title='bbox 1939 4989 2071 5048; x_wconf 76' lang='lat' dir='ltr'><strong>De:</strong></span> <span class='ocrx_word' id='word_1_742' title='bbox 2096 4989 2316 5059; x_wconf 88' lang='lat' dir='ltr'><strong>quidem</strong></span> <span class='ocrx_word' id='word_1_743' title='bbox 2347 4988 2541 5041; x_wconf 75' lang='lat' dir='ltr'><strong>littera:</strong></span> <span class='ocrx_word' id='word_1_744' title='bbox 2594 4999 2718 5038; x_wconf 91' lang='lat' dir='ltr'><strong>cum</strong></span> <span class='ocrx_word' id='word_1_745' title='bbox 2745 4994 2777 5043; x_wconf 69' lang='lat'><strong>3</strong></span> <span class='ocrx_word' id='word_1_746' title='bbox 2809 4977 3166 5037; x_wconf 90' lang='lat' dir='ltr'><strong>similitudine</strong></span> <span class='ocrx_word' id='word_1_747' title='bbox 3200 4977 3313 5046; x_wconf 85' lang='lat' dir='ltr'><strong>agit</strong></span> <span class='ocrx_word' id='word_1_748' title='bbox 3339 4973 3445 5029; x_wconf 87' lang='lat' dir='ltr'><strong>Eu-</strong></span> 
     </span>
    </p>
   </div>
   <div class='ocr_carea' id='block_1_109' title="bbox 1867 5065 3446 5150">
    <p class='ocr_par' dir='ltr' id='par_1_109' title="bbox 1867 5065 3446 5150">
     <span class='ocr_line' id='line_1_109' title="bbox 1867 5065 3446 5150; baseline -0.014 -11"><span class='ocrx_word' id='word_1_749' title='bbox 1867 5083 1982 5139; x_wconf 88' lang='lat' dir='ltr'><strong>seb.</strong></span> <span class='ocrx_word' id='word_1_750' title='bbox 2009 5082 2062 5136; x_wconf 84' lang='lat' dir='ltr'><strong>in</strong></span> <span class='ocrx_word' id='word_1_751' title='bbox 2090 5081 2282 5150; x_wconf 79' lang='lat' dir='ltr'><strong>paalm.</strong></span> <span class='ocrx_word' id='word_1_752' title='bbox 2334 5093 2535 5144; x_wconf 60' lang='grc' dir='ltr'>χχχιιι,</span> <span class='ocrx_word' id='word_1_753' title='bbox 2566 5076 2659 5131; x_wconf 91' lang='lat' dir='ltr'><strong>ubi</strong></span> <span class='ocrx_word' id='word_1_754' title='bbox 2703 5075 2770 5130; x_wconf 87' lang='lat' dir='ltr'><strong>de</strong></span> <span class='ocrx_word' id='word_1_755' title='bbox 2820 5082 3032 5130; x_wconf 87' lang='lat' dir='ltr'><strong>mutato</strong></span> <span class='ocrx_word' id='word_1_756' title='bbox 3072 5065 3446 5128; x_wconf 80' lang='lat' dir='ltr'><strong>Achimelech,</strong></span> 
     </span>
    </p>
   </div>
   <div class='ocr_carea' id='block_1_110' title="bbox 1864 5154 3453 5258">
    <p class='ocr_par' dir='ltr' id='par_1_110' title="bbox 1864 5154 3453 5258">
     <span class='ocr_line' id='line_1_110' title="bbox 1864 5154 3453 5258; baseline -0.015 -25"><span class='ocrx_word' id='word_1_757' title='bbox 1864 5159 2102 5258; x_wconf 55' lang='lat'><strong>1512938,</strong></span> <span class='ocrx_word' id='word_1_758' title='bbox 2124 5173 2178 5228; x_wconf 92' lang='lat' dir='ltr'><strong>in</strong></span> <span class='ocrx_word' id='word_1_759' title='bbox 2205 5170 2547 5236; x_wconf 85' lang='lat' dir='ltr'><strong>Abimelech,</strong></span> <span class='ocrx_word' id='word_1_760' title='bbox 2566 5154 2820 5252; x_wconf 56' lang='lat'><strong>1513123,</strong></span> <span class='ocrx_word' id='word_1_761' title='bbox 2844 5166 3084 5233; x_wconf 88' lang='lat' dir='ltr'><strong>loquitur</strong></span> <span class='ocrx_word' id='word_1_762' title='bbox 3112 5161 3200 5258; x_wconf 74' lang='lat' dir='ltr'><strong>his</strong></span> <span class='ocrx_word' id='word_1_763' title='bbox 3228 5158 3414 5258; x_wconf 68' lang='lat' dir='ltr'><strong>verbis</strong></span> <span class='ocrx_word' id='word_1_764' title='bbox 3439 5176 3453 5210; x_wconf 93' lang='lat'>:</span> 
     </span>
    </p>
   </div>
   <div class='ocr_carea' id='block_1_111' title="bbox 1879 5247 3458 5335">
    <p class='ocr_par' dir='ltr' id='par_1_111' title="bbox 1879 5247 3458 5335">
     <span class='ocr_line' id='line_1_111' title="bbox 1879 5247 3458 5335; baseline -0.016 -12"><span class='ocrx_word' id='word_1_765' title='bbox 1879 5247 1945 5323; x_wconf 65' lang='lat' dir='ltr'><strong>&quot;Il</strong></span> <span class='ocrx_word' id='word_1_766' title='bbox 1975 5268 2082 5321; x_wconf 82' lang='grc' dir='ltr'><strong>τῶν</strong></span> <span class='ocrx_word' id='word_1_767' title='bbox 2105 5263 2405 5320; x_wconf 83' lang='grc' dir='ltr'><strong>Βασιλειῶν</strong></span> <span class='ocrx_word' id='word_1_768' title='bbox 2439 5247 2641 5335; x_wconf 58' lang='grc' dir='ltr'><strong>Γραφίὶνι</strong></span> <span class='ocrx_word' id='word_1_769' title='bbox 2683 5257 2972 5331; x_wconf 75' lang='grc' dir='ltr'><strong>Ἀχιμέλεχ</strong></span> <span class='ocrx_word' id='word_1_770' title='bbox 3006 5251 3267 5323; x_wconf 75' lang='grc' dir='ltr'>περιέχειο</span> <span class='ocrx_word' id='word_1_771' title='bbox 3301 5247 3458 5301; x_wconf 75' lang='grc' dir='ltr'>ἐναλ-</span> 
     </span>
    </p>
   </div>
   <div class='ocr_carea' id='block_1_112' title="bbox 1865 5337 3459 5432">
    <p class='ocr_par' dir='ltr' id='par_1_112' title="bbox 1865 5337 3459 5432">
     <span class='ocr_line' id='line_1_112' title="bbox 1865 5337 3459 5432; baseline -0.017 -16"><span class='ocrx_word' id='word_1_772' title='bbox 1865 5361 2039 5432; x_wconf 78' lang='grc' dir='ltr'><strong>λαγῆς</strong></span> <span class='ocrx_word' id='word_1_773' title='bbox 2067 5357 2333 5429; x_wconf 82' lang='grc' dir='ltr'><strong>στοιχείου</strong></span> <span class='ocrx_word' id='word_1_774' title='bbox 2362 5356 2696 5424; x_wconf 72' lang='grc' dir='ltr'><strong>γενομένης,</strong></span> <span class='ocrx_word' id='word_1_775' title='bbox 2714 5351 2868 5406; x_wconf 75' lang='grc' dir='ltr'>οὐδὲν</span> <span class='ocrx_word' id='word_1_776' title='bbox 2895 5347 2974 5400; x_wconf 81' lang='grc' dir='ltr'><strong>δεῖ</strong></span> <span class='ocrx_word' id='word_1_777' title='bbox 2999 5342 3284 5432; x_wconf 77' lang='grc' dir='ltr'><strong>κινεῖσθαι·</strong></span> <span class='ocrx_word' id='word_1_778' title='bbox 3304 5337 3459 5432; x_wconf 51' lang='grc' dir='ltr'>παρὲξ</span> 
     </span>
    </p>
   </div>
   <div class='ocr_carea' id='block_1_113' title="bbox 1866 5426 3455 5525">
    <p class='ocr_par' dir='ltr' id='par_1_113' title="bbox 1866 5426 3455 5525">
     <span class='ocr_line' id='line_1_113' title="bbox 1866 5426 3455 5525; baseline 0.002 -32"><span class='ocrx_word' id='word_1_779' title='bbox 1866 5426 1975 5525; x_wconf 51' lang='grc' dir='ltr'><strong>γάῤ</strong></span> <span class='ocrx_word' id='word_1_780' title='bbox 1997 5426 2117 5523; x_wconf 56' lang='grc' dir='ltr'><strong>’τὴν</strong></span> <span class='ocrx_word' id='word_1_781' title='bbox 2175 5426 2474 5520; x_wconf 59' lang='grc' dir='ltr'><strong>ὁμοιότητα</strong></span> <span class='ocrx_word' id='word_1_782' title='bbox 2535 5445 2632 5501; x_wconf 79' lang='grc' dir='ltr'>τοῦ</span> <span class='ocrx_word' id='word_1_783' title='bbox 2683 5441 2950 5513; x_wconf 76' lang='grc' dir='ltr'>στοιχείου</span> <span class='ocrx_word' id='word_1_784' title='bbox 2987 5435 3082 5490; x_wconf 81' lang='grc' dir='ltr'><strong>τοῦ</strong></span> <span class='ocrx_word' id='word_1_785' title='bbox 3151 5431 3292 5525; x_wconf 28' lang='grc' dir='ltr'><strong>Βὴθι</strong></span> <span class='ocrx_word' id='word_1_786' title='bbox 3322 5426 3455 5525; x_wconf 34' lang='grc' dir='ltr'><strong>τῆρ’</strong></span> 
     </span>
    </p>
   </div>
   <div class='ocr_carea' id='block_1_114' title="bbox 1892 5517 3460 5618">
    <p class='ocr_par' dir='ltr' id='par_1_114' title="bbox 1892 5517 3460 5618">
     <span class='ocr_line' id='line_1_114' title="bbox 1892 5517 3460 5618; baseline -0.02 -18"><span class='ocrx_word' id='word_1_787' title='bbox 1892 5517 2144 5618; x_wconf 61' lang='grc' dir='ltr'><strong>Εέραίοις</strong></span> <span class='ocrx_word' id='word_1_788' title='bbox 2172 5517 2514 5608; x_wconf 65' lang='grc' dir='ltr'>κὰλουμένου</span> <span class='ocrx_word' id='word_1_789' title='bbox 2539 5538 2639 5594; x_wconf 82' lang='grc' dir='ltr'><strong>καὶ</strong></span> <span class='ocrx_word' id='word_1_790' title='bbox 2659 5535 2754 5589; x_wconf 78' lang='grc' dir='ltr'>τοῦ</span> <span class='ocrx_word' id='word_1_791' title='bbox 2781 5529 3219 5618; x_wconf 36' lang='grc' dir='ltr'><strong>Χὰφβιαφόρῳς-</strong></span> <span class='ocrx_word' id='word_1_792' title='bbox 3240 5517 3460 5618; x_wconf 62' lang='grc' dir='ltr'>εξεδόοη</span> 
     </span>
    </p>
   </div>
   <div class='ocr_carea' id='block_1_115' title="bbox 1861 5614 3462 5708">
    <p class='ocr_par' dir='ltr' id='par_1_115' title="bbox 1861 5614 3462 5708">
     <span class='ocr_line' id='line_1_115' title="bbox 1861 5614 3462 5708; baseline -0.021 -15"><span class='ocrx_word' id='word_1_793' title='bbox 1861 5614 2122 5708; x_wconf 49' lang='grc' dir='ltr'>τοῠιιομω</span> <span class='ocrx_word' id='word_1_794' title='bbox 2153 5631 2342 5704; x_wconf 80' lang='grc' dir='ltr'>σχεδὸν</span> <span class='ocrx_word' id='word_1_795' title='bbox 2365 5629 2476 5700; x_wconf 81' lang='grc' dir='ltr'><strong>γὰρ</strong></span> <span class='ocrx_word' id='word_1_796' title='bbox 2503 5629 2564 5684; x_wconf 80' lang='grc' dir='ltr'><strong>ἓν</strong></span> <span class='ocrx_word' id='word_1_797' title='bbox 2591 5627 2693 5683; x_wconf 78' lang='grc' dir='ltr'><strong>καὶ</strong></span> <span class='ocrx_word' id='word_1_798' title='bbox 2741 5624 2936 5680; x_wconf 76' lang='grc' dir='ltr'><strong>ταυτὸν</strong></span> <span class='ocrx_word' id='word_1_799' title='bbox 2959 5623 3074 5673; x_wconf 82' lang='grc' dir='ltr'><strong>ὲστι</strong></span> <span class='ocrx_word' id='word_1_800' title='bbox 3103 5616 3171 5669; x_wconf 77' lang='grc' dir='ltr'><strong>τὰ</strong></span> <span class='ocrx_word' id='word_1_801' title='bbox 3198 5614 3291 5668; x_wconf 81' lang='grc' dir='ltr'><strong>δύο</strong></span> <span class='ocrx_word' id='word_1_802' title='bbox 3320 5625 3462 5662; x_wconf 70' lang='grc' dir='ltr'><strong>στοι-</strong></span> 
     </span>
    </p>
   </div>
   <div class='ocr_carea' id='block_1_116' title="bbox 1863 5702 3460 5801">
    <p class='ocr_par' dir='ltr' id='par_1_116' title="bbox 1863 5702 3460 5801">
     <span class='ocr_line' id='line_1_116' title="bbox 1863 5702 3460 5801; baseline -0.021 -17"><span class='ocrx_word' id='word_1_803' title='bbox 1863 5702 2038 5801; x_wconf 43' lang='grc' dir='ltr'>χεῖαξ</span> <span class='ocrx_word' id='word_1_804' title='bbox 2085 5702 2436 5798; x_wconf 17' lang='grc' dir='ltr'><strong>βραγχυτάτης</strong></span> <span class='ocrx_word' id='word_1_805' title='bbox 2501 5715 2740 5794; x_wconf 82' lang='grc' dir='ltr'>κεραίας</span> <span class='ocrx_word' id='word_1_806' title='bbox 2789 5714 2956 5787; x_wconf 83' lang='grc' dir='ltr'><strong>μόνης</strong></span> <span class='ocrx_word' id='word_1_807' title='bbox 3013 5702 3460 5801; x_wconf 75' lang='grc' dir='ltr'><strong>ἐναλλαττούσης.</strong></span> 
     </span>
    </p>
   </div>
   <div class='ocr_carea' id='block_1_117' title="bbox 1865 5797 3464 5888">
    <p class='ocr_par' dir='ltr' id='par_1_117' title="bbox 1865 5797 3464 5888">
     <span class='ocr_line' id='line_1_117' title="bbox 1865 5797 3464 5888; baseline -0.018 -8"><span class='ocrx_word' id='word_1_808' title='bbox 1952 5830 2076 5881; x_wconf 85' lang='lat' dir='ltr'><strong>est:</strong></span> <span class='ocrx_word' id='word_1_809' title='bbox 2126 5797 2431 5888; x_wconf 77' lang='lat' dir='ltr'><strong>Regnorum</strong></span> <span class='ocrx_word' id='word_1_810' title='bbox 2465 5812 2757 5883; x_wconf 81' lang='lat' dir='ltr'><strong>Scriptura</strong></span> <span class='ocrx_word' id='word_1_811' title='bbox 2806 5802 3130 5864; x_wconf 79' lang='lat' dir='ltr'><strong>Achimclech</strong></span> <span class='ocrx_word' id='word_1_812' title='bbox 3187 5797 3464 5852; x_wconf 60' lang='lat' dir='ltr'><strong>habent“</strong></span> 
     </span>
    </p>
   </div>
  </div>
