  <div class='ocr_page' id='page_1' title='image "/cluster/home/n/w/nwhite01/storage/ocr_20150623/15/hvd.32044019207653/031.png"; bbox 0 0 4052 6388; ppageno 0'>
   <div class='ocr_carea' id='block_1_1' title="bbox 545 302 3779 372">
    <p class='ocr_par' dir='ltr' id='par_1_1' title="bbox 545 302 3779 372">
     <span class='ocr_line' id='line_1_1' title="bbox 545 302 3779 372; baseline 0.005 -16"><span class='ocrx_word' id='word_1_1' title='bbox 545 302 614 356; x_wconf 72' lang='grc'><strong>47</strong></span> <span class='ocrx_word' id='word_1_2' title='bbox 1879 308 2403 366; x_wconf 72' lang='grc' dir='ltr'><strong>ΡΒᾸΞΙᾸΜΙΝΑΒΙΑ</strong></span> <span class='ocrx_word' id='word_1_3' title='bbox 3716 316 3779 372; x_wconf 77' lang='grc' dir='ltr'><strong>ιιι</strong></span> 
     </span>
    </p>
   </div>
   <div class='ocr_carea' id='block_1_2' title="bbox 614 405 3781 498">
    <p class='ocr_par' dir='ltr' id='par_1_2' title="bbox 614 405 3781 498">
     <span class='ocr_line' id='line_1_2' title="bbox 614 405 3781 498; baseline 0.004 -24"><span class='ocrx_word' id='word_1_4' title='bbox 614 418 688 492; x_wconf 88' lang='lat' dir='ltr'><strong>(a)</strong></span> <span class='ocrx_word' id='word_1_5' title='bbox 718 418 863 476; x_wconf 83' lang='lat' dir='ltr'><strong>Nihil</strong></span> <span class='ocrx_word' id='word_1_6' title='bbox 903 405 1101 476; x_wconf 70' lang='lat' dir='ltr'><strong>mirum</strong></span> <span class='ocrx_word' id='word_1_7' title='bbox 1138 417 1304 488; x_wconf 85' lang='lat' dir='ltr'><strong>igitur</strong></span> <span class='ocrx_word' id='word_1_8' title='bbox 1331 425 1417 474; x_wconf 89' lang='lat' dir='ltr'><strong>est</strong></span> <span class='ocrx_word' id='word_1_9' title='bbox 1466 419 1513 473; x_wconf 87' lang='lat' dir='ltr'><strong>si</strong></span> <span class='ocrx_word' id='word_1_10' title='bbox 1561 417 1908 476; x_wconf 78' lang='lat' dir='ltr'><strong>Massoretica</strong></span> <span class='ocrx_word' id='word_1_11' title='bbox 1949 423 2111 478; x_wconf 90' lang='lat' dir='ltr'><strong>lectio</strong></span> <span class='ocrx_word' id='word_1_12' title='bbox 2138 428 2187 486; x_wconf 74' lang='grc' dir='ltr'><strong>Α</strong></span> <span class='ocrx_word' id='word_1_13' title='bbox 2213 438 2365 477; x_wconf 82' lang='grc' dir='ltr'>ιιιιιιι.</span> <span class='ocrx_word' id='word_1_14' title='bbox 2402 423 2456 487; x_wconf 83' lang='grc'><strong>5,</strong></span> <span class='ocrx_word' id='word_1_15' title='bbox 2485 421 2619 491; x_wconf 82' lang='lat' dir='ltr'><strong>Zay.</strong></span> <span class='ocrx_word' id='word_1_16' title='bbox 2657 420 2761 478; x_wconf 86' lang='lat' dir='ltr'><strong>Sed</strong></span> <span class='ocrx_word' id='word_1_17' title='bbox 2790 423 2931 480; x_wconf 87' lang='lat' dir='ltr'><strong>alius</strong></span> <span class='ocrx_word' id='word_1_18' title='bbox 2961 436 3014 480; x_wconf 74' lang='grc' dir='ltr'><strong>ιιι</strong></span> <span class='ocrx_word' id='word_1_19' title='bbox 3033 425 3258 480; x_wconf 84' lang='lat' dir='ltr'><strong>circiter</strong></span> <span class='ocrx_word' id='word_1_20' title='bbox 3289 428 3470 483; x_wconf 67' lang='lat' dir='ltr'><strong>saeculi</strong></span> <span class='ocrx_word' id='word_1_21' title='bbox 3491 471 3505 494; x_wconf 98' lang='lat'><strong>,</strong></span> <span class='ocrx_word' id='word_1_22' title='bbox 3547 445 3700 486; x_wconf 93' lang='lat' dir='ltr'><strong>num.</strong></span> <span class='ocrx_word' id='word_1_23' title='bbox 3729 433 3781 498; x_wconf 87' lang='lat'><strong>2,</strong></span> 
     </span>
    </p>
   </div>
   <div class='ocr_carea' id='block_1_3' title="bbox 543 511 2111 585">
    <p class='ocr_par' dir='ltr' id='par_1_3' title="bbox 543 511 2111 585">
     <span class='ocr_line' id='line_1_3' title="bbox 543 511 2111 585; baseline 0.004 -21"><span class='ocrx_word' id='word_1_24' title='bbox 543 527 667 566; x_wconf 89' lang='lat' dir='ltr'><strong>cum</strong></span> <span class='ocrx_word' id='word_1_25' title='bbox 697 511 1100 568; x_wconf 88' lang='lat' dir='ltr'><strong>vetustioreilla</strong></span> <span class='ocrx_word' id='word_1_26' title='bbox 1124 525 1232 565; x_wconf 89' lang='lat' dir='ltr'><strong>non</strong></span> <span class='ocrx_word' id='word_1_27' title='bbox 1259 525 1484 579; x_wconf 82' lang='lat' dir='ltr'><strong>prorsus</strong></span> <span class='ocrx_word' id='word_1_28' title='bbox 1502 515 1809 579; x_wconf 70' lang='lat' dir='ltr'><strong>conveniat,</strong></span> <span class='ocrx_word' id='word_1_29' title='bbox 1842 515 2111 585; x_wconf 82' lang='lat' dir='ltr'><strong>siquidem</strong></span> 
     </span>
    </p>
   </div>
   <div class='ocr_carea' id='block_1_4' title="bbox 542 603 2113 672">
    <p class='ocr_par' dir='ltr' id='par_1_4' title="bbox 542 603 2113 672">
     <span class='ocr_line' id='line_1_4' title="bbox 542 603 2113 672; baseline 0.004 -16"><span class='ocrx_word' id='word_1_30' title='bbox 542 603 853 660; x_wconf 74' lang='lat' dir='ltr'><strong>Massoreta:</strong></span> <span class='ocrx_word' id='word_1_31' title='bbox 891 620 1009 659; x_wconf 90' lang='lat' dir='ltr'><strong>eam</strong></span> <span class='ocrx_word' id='word_1_32' title='bbox 1042 603 1439 658; x_wconf 81' lang='lat' dir='ltr'><strong>adnotaverunt</strong></span> <span class='ocrx_word' id='word_1_33' title='bbox 1465 619 1587 672; x_wconf 65' lang='lat' dir='ltr'><strong>qua:</strong></span> <span class='ocrx_word' id='word_1_34' title='bbox 1613 614 1769 660; x_wconf 66' lang='lat' dir='ltr'><strong>aetate</strong></span> <span class='ocrx_word' id='word_1_35' title='bbox 1823 623 1922 662; x_wconf 88' lang='lat' dir='ltr'><strong>sua</strong></span> <span class='ocrx_word' id='word_1_36' title='bbox 1968 616 2021 663; x_wconf 92' lang='lat' dir='ltr'><strong>et</strong></span> <span class='ocrx_word' id='word_1_37' title='bbox 2047 623 2113 663; x_wconf 90' lang='lat' dir='ltr'><strong>eo</strong></span> 
     </span>
    </p>
   </div>
   <div class='ocr_carea' id='block_1_5' title="bbox 541 694 2112 766">
    <p class='ocr_par' dir='ltr' id='par_1_5' title="bbox 541 694 2112 766">
     <span class='ocr_line' id='line_1_5' title="bbox 541 694 2112 766; baseline 0.003 -16"><span class='ocrx_word' id='word_1_38' title='bbox 541 697 662 752; x_wconf 85' lang='lat' dir='ltr'><strong>loco</strong></span> <span class='ocrx_word' id='word_1_39' title='bbox 696 698 787 751; x_wconf 91' lang='lat' dir='ltr'><strong>ubi</strong></span> <span class='ocrx_word' id='word_1_40' title='bbox 841 696 1200 752; x_wconf 85' lang='lat' dir='ltr'><strong>versabantur</strong></span> <span class='ocrx_word' id='word_1_41' title='bbox 1228 694 1349 750; x_wconf 82' lang='lat' dir='ltr'><strong>usui</strong></span> <span class='ocrx_word' id='word_1_42' title='bbox 1383 703 1528 759; x_wconf 90' lang='lat' dir='ltr'><strong>erat,</strong></span> <span class='ocrx_word' id='word_1_43' title='bbox 1571 712 1799 766; x_wconf 75' lang='lat' dir='ltr'><strong>quzeque</strong></span> <span class='ocrx_word' id='word_1_44' title='bbox 1850 699 1919 753; x_wconf 88' lang='lat' dir='ltr'><strong>ab</strong></span> <span class='ocrx_word' id='word_1_45' title='bbox 1970 701 2112 754; x_wconf 91' lang='lat' dir='ltr'><strong>anti-</strong></span> 
     </span>
    </p>
   </div>
   <div class='ocr_carea' id='block_1_6' title="bbox 541 786 2113 859">
    <p class='ocr_par' dir='ltr' id='par_1_6' title="bbox 541 786 2113 859">
     <span class='ocr_line' id='line_1_6' title="bbox 541 786 2113 859; baseline 0.003 -17"><span class='ocrx_word' id='word_1_46' title='bbox 541 789 732 859; x_wconf 89' lang='lat' dir='ltr'><strong>quiore</strong></span> <span class='ocrx_word' id='word_1_47' title='bbox 759 789 849 843; x_wconf 91' lang='lat' dir='ltr'><strong>illa</strong></span> <span class='ocrx_word' id='word_1_48' title='bbox 880 795 935 844; x_wconf 91' lang='lat' dir='ltr'><strong>et</strong></span> <span class='ocrx_word' id='word_1_49' title='bbox 961 788 1028 842; x_wconf 91' lang='lat' dir='ltr'><strong>ab</strong></span> <span class='ocrx_word' id='word_1_50' title='bbox 1057 803 1121 842; x_wconf 88' lang='lat' dir='ltr'><strong>ea</strong></span> <span class='ocrx_word' id='word_1_51' title='bbox 1147 802 1268 854; x_wconf 65' lang='lat' dir='ltr'><strong>qum</strong></span> <span class='ocrx_word' id='word_1_52' title='bbox 1297 786 1462 842; x_wconf 89' lang='lat' dir='ltr'><strong>variis</strong></span> <span class='ocrx_word' id='word_1_53' title='bbox 1505 787 1558 841; x_wconf 91' lang='lat' dir='ltr'><strong>in</strong></span> <span class='ocrx_word' id='word_1_54' title='bbox 1591 788 1903 857; x_wconf 78' lang='lat' dir='ltr'><strong>regionibus</strong></span> <span class='ocrx_word' id='word_1_55' title='bbox 1953 806 2113 846; x_wconf 59' lang='lat' dir='ltr'><strong>usuro</strong></span> 
     </span>
    </p>
   </div>
   <div class='ocr_carea' id='block_1_7' title="bbox 541 877 2110 948">
    <p class='ocr_par' dir='ltr' id='par_1_7' title="bbox 541 877 2110 948">
     <span class='ocr_line' id='line_1_7' title="bbox 541 877 2110 948; baseline 0.003 -17"><span class='ocrx_word' id='word_1_56' title='bbox 541 882 794 948; x_wconf 80' lang='lat' dir='ltr'><strong>pabatur,</strong></span> <span class='ocrx_word' id='word_1_57' title='bbox 830 879 1062 933; x_wconf 91' lang='lat' dir='ltr'><strong>multum</strong></span> <span class='ocrx_word' id='word_1_58' title='bbox 1093 878 1392 933; x_wconf 85' lang='lat' dir='ltr'><strong>diﬂ&#39;erebat.</strong></span> <span class='ocrx_word' id='word_1_59' title='bbox 1431 877 1572 943; x_wconf 83' lang='lat' dir='ltr'><strong>Quin</strong></span> <span class='ocrx_word' id='word_1_60' title='bbox 1614 879 1777 932; x_wconf 89' lang='lat' dir='ltr'><strong>etiam</strong></span> <span class='ocrx_word' id='word_1_61' title='bbox 1825 880 1986 936; x_wconf 86' lang='lat' dir='ltr'><strong>hodie</strong></span> <span class='ocrx_word' id='word_1_62' title='bbox 2030 881 2110 936; x_wconf 85' lang='lat' dir='ltr'><strong>le-</strong></span> 
     </span>
    </p>
   </div>
   <div class='ocr_carea' id='block_1_8' title="bbox 541 970 2110 1042">
    <p class='ocr_par' dir='ltr' id='par_1_8' title="bbox 541 970 2110 1042">
     <span class='ocr_line' id='line_1_8' title="bbox 541 970 2110 1042; baseline 0.001 -16"><span class='ocrx_word' id='word_1_63' title='bbox 541 976 721 1026; x_wconf 85' lang='lat' dir='ltr'><strong>ctione</strong></span> <span class='ocrx_word' id='word_1_64' title='bbox 739 987 834 1042; x_wconf 91' lang='lat' dir='ltr'><strong>per</strong></span> <span class='ocrx_word' id='word_1_65' title='bbox 857 971 1180 1028; x_wconf 84' lang='lat' dir='ltr'><strong>Massoretas</strong></span> <span class='ocrx_word' id='word_1_66' title='bbox 1197 972 1262 1026; x_wconf 90' lang='lat' dir='ltr'><strong>ad</strong></span> <span class='ocrx_word' id='word_1_67' title='bbox 1289 979 1467 1025; x_wconf 87' lang='lat' dir='ltr'><strong>certas</strong></span> <span class='ocrx_word' id='word_1_68' title='bbox 1491 970 1706 1025; x_wconf 83' lang='lat' dir='ltr'><strong>vocales</strong></span> <span class='ocrx_word' id='word_1_69' title='bbox 1729 971 2110 1038; x_wconf 88' lang='lat' dir='ltr'><strong>determinata,</strong></span> 
     </span>
    </p>
   </div>
   <div class='ocr_carea' id='block_1_9' title="bbox 541 1060 2112 1133">
    <p class='ocr_par' dir='ltr' id='par_1_9' title="bbox 541 1060 2112 1133">
     <span class='ocr_line' id='line_1_9' title="bbox 541 1060 2112 1133; baseline 0.003 -19"><span class='ocrx_word' id='word_1_70' title='bbox 541 1063 680 1116; x_wconf 85' lang='lat' dir='ltr'><strong>inter</strong></span> <span class='ocrx_word' id='word_1_71' title='bbox 718 1060 994 1116; x_wconf 90' lang='lat' dir='ltr'><strong>Rabbinos</strong></span> <span class='ocrx_word' id='word_1_72' title='bbox 1023 1062 1342 1131; x_wconf 88' lang='lat' dir='ltr'><strong>plerumque</strong></span> <span class='ocrx_word' id='word_1_73' title='bbox 1375 1075 1482 1113; x_wconf 90' lang='lat' dir='ltr'><strong>non</strong></span> <span class='ocrx_word' id='word_1_74' title='bbox 1527 1060 1660 1114; x_wconf 84' lang='lat' dir='ltr'><strong>satis</strong></span> <span class='ocrx_word' id='word_1_75' title='bbox 1708 1063 1959 1116; x_wconf 81' lang='lat' dir='ltr'><strong>convenit</strong></span> <span class='ocrx_word' id='word_1_76' title='bbox 2002 1079 2112 1133; x_wconf 91' lang='lat' dir='ltr'><strong>quo</strong></span> 
     </span>
    </p>
   </div>
   <div class='ocr_carea' id='block_1_10' title="bbox 538 1148 2112 1221">
    <p class='ocr_par' dir='ltr' id='par_1_10' title="bbox 538 1148 2112 1221">
     <span class='ocr_line' id='line_1_10' title="bbox 538 1148 2112 1221; baseline 0.001 -17"><span class='ocrx_word' id='word_1_77' title='bbox 538 1158 699 1220; x_wconf 87' lang='lat' dir='ltr'><strong>pacto</strong></span> <span class='ocrx_word' id='word_1_78' title='bbox 729 1152 801 1206; x_wconf 89' lang='lat' dir='ltr'><strong>sit</strong></span> <span class='ocrx_word' id='word_1_79' title='bbox 837 1152 1143 1221; x_wconf 90' lang='lat' dir='ltr'><strong>legendum.</strong></span> <span class='ocrx_word' id='word_1_80' title='bbox 1169 1151 1298 1204; x_wconf 84' lang='lat' dir='ltr'><strong>inde</strong></span> <span class='ocrx_word' id='word_1_81' title='bbox 1329 1148 1585 1217; x_wconf 87' lang='lat' dir='ltr'><strong>estquod</strong></span> <span class='ocrx_word' id='word_1_82' title='bbox 1634 1159 1842 1205; x_wconf 75' lang='lat' dir='ltr'><strong>veteres</strong></span> <span class='ocrx_word' id='word_1_83' title='bbox 1879 1151 1955 1205; x_wconf 90' lang='lat' dir='ltr'><strong>illi</strong></span> <span class='ocrx_word' id='word_1_84' title='bbox 2000 1168 2112 1206; x_wconf 91' lang='lat' dir='ltr'><strong>non</strong></span> 
     </span>
    </p>
   </div>
   <div class='ocr_carea' id='block_1_11' title="bbox 539 1240 2112 1313">
    <p class='ocr_par' dir='ltr' id='par_1_11' title="bbox 539 1240 2112 1313">
     <span class='ocr_line' id='line_1_11' title="bbox 539 1240 2112 1313; baseline 0 -15"><span class='ocrx_word' id='word_1_85' title='bbox 539 1259 724 1298; x_wconf 88' lang='lat' dir='ltr'><strong>secum</strong></span> <span class='ocrx_word' id='word_1_86' title='bbox 763 1259 976 1313; x_wconf 86' lang='lat' dir='ltr'><strong>semper</strong></span> <span class='ocrx_word' id='word_1_87' title='bbox 995 1242 1338 1299; x_wconf 86' lang='lat' dir='ltr'><strong>consentiant</strong></span> <span class='ocrx_word' id='word_1_88' title='bbox 1369 1241 1420 1294; x_wconf 90' lang='lat' dir='ltr'><strong>in</strong></span> <span class='ocrx_word' id='word_1_89' title='bbox 1447 1240 1806 1308; x_wconf 83' lang='lat' dir='ltr'><strong>lectionibus,</strong></span> <span class='ocrx_word' id='word_1_90' title='bbox 1843 1243 1935 1297; x_wconf 89' lang='lat' dir='ltr'><strong>sed</strong></span> <span class='ocrx_word' id='word_1_91' title='bbox 1970 1244 2112 1299; x_wconf 88' lang='lat' dir='ltr'><strong>alius</strong></span> 
     </span>
    </p>
   </div>
   <div class='ocr_carea' id='block_1_12' title="bbox 538 1330 2112 1402">
    <p class='ocr_par' dir='ltr' id='par_1_12' title="bbox 538 1330 2112 1402">
     <span class='ocr_line' id='line_1_12' title="bbox 538 1330 2112 1402; baseline 0.001 -14"><span class='ocrx_word' id='word_1_92' title='bbox 538 1336 647 1390; x_wconf 85' lang='lat' dir='ltr'><strong>alio</strong></span> <span class='ocrx_word' id='word_1_93' title='bbox 675 1335 836 1389; x_wconf 85' lang='lat' dir='ltr'><strong>modo</strong></span> <span class='ocrx_word' id='word_1_94' title='bbox 860 1334 999 1388; x_wconf 90' lang='lat' dir='ltr'><strong>idem</strong></span> <span class='ocrx_word' id='word_1_95' title='bbox 1029 1333 1252 1388; x_wconf 82' lang='lat' dir='ltr'><strong>verbum</strong></span> <span class='ocrx_word' id='word_1_96' title='bbox 1281 1330 1542 1401; x_wconf 78' lang='lat' dir='ltr'><strong>proferat,</strong></span> <span class='ocrx_word' id='word_1_97' title='bbox 1566 1333 1710 1401; x_wconf 92' lang='lat' dir='ltr'><strong>quod</strong></span> <span class='ocrx_word' id='word_1_98' title='bbox 1738 1334 2000 1402; x_wconf 82' lang='lat' dir='ltr'><strong>exemplis</strong></span> <span class='ocrx_word' id='word_1_99' title='bbox 2022 1350 2112 1390; x_wconf 81' lang='lat' dir='ltr'><strong>sc-</strong></span> 
     </span>
    </p>
   </div>
   <div class='ocr_carea' id='block_1_13' title="bbox 540 1422 2113 1495">
    <p class='ocr_par' dir='ltr' id='par_1_13' title="bbox 540 1422 2113 1495">
     <span class='ocr_line' id='line_1_13' title="bbox 540 1422 2113 1495; baseline -0.001 -16"><span class='ocrx_word' id='word_1_100' title='bbox 540 1425 836 1495; x_wconf 90' lang='lat' dir='ltr'><strong>quentibus</strong></span> <span class='ocrx_word' id='word_1_101' title='bbox 870 1426 1244 1479; x_wconf 84' lang='lat' dir='ltr'><strong>contirmatur.</strong></span> <span class='ocrx_word' id='word_1_102' title='bbox 1276 1422 1493 1476; x_wconf 88' lang='lat' dir='ltr'><strong>initium</strong></span> <span class='ocrx_word' id='word_1_103' title='bbox 1533 1437 1697 1491; x_wconf 87' lang='lat' dir='ltr'><strong>porro</strong></span> <span class='ocrx_word' id='word_1_104' title='bbox 1748 1424 2000 1481; x_wconf 88' lang='lat' dir='ltr'><strong>ducimus</strong></span> <span class='ocrx_word' id='word_1_105' title='bbox 2043 1426 2113 1480; x_wconf 89' lang='lat' dir='ltr'><strong>ab</strong></span> 
     </span>
    </p>
   </div>
   <div class='ocr_carea' id='block_1_14' title="bbox 541 1514 2108 1586">
    <p class='ocr_par' dir='ltr' id='par_1_14' title="bbox 541 1514 2108 1586">
     <span class='ocr_line' id='line_1_14' title="bbox 541 1514 2108 1586; baseline -0.001 -15"><span class='ocrx_word' id='word_1_106' title='bbox 541 1517 829 1586; x_wconf 88' lang='lat' dir='ltr'><strong>alphabeto</strong></span> <span class='ocrx_word' id='word_1_107' title='bbox 867 1515 1079 1580; x_wconf 70' lang='lat' dir='ltr'><strong>Graeco,</strong></span> <span class='ocrx_word' id='word_1_108' title='bbox 1115 1515 1259 1584; x_wconf 92' lang='lat' dir='ltr'><strong>quod</strong></span> <span class='ocrx_word' id='word_1_109' title='bbox 1292 1529 1416 1568; x_wconf 91' lang='lat' dir='ltr'><strong>cum</strong></span> <span class='ocrx_word' id='word_1_110' title='bbox 1442 1514 1743 1568; x_wconf 87' lang='lat' dir='ltr'><strong>litterarum</strong></span> <span class='ocrx_word' id='word_1_111' title='bbox 1773 1515 2108 1583; x_wconf 78' lang='lat' dir='ltr'><strong>nominibus,</strong></span> 
     </span>
    </p>
   </div>
   <div class='ocr_carea' id='block_1_15' title="bbox 523 1597 2110 1676">
    <p class='ocr_par' dir='ltr' id='par_1_15' title="bbox 523 1597 2110 1676">
     <span class='ocr_line' id='line_1_15' title="bbox 523 1597 2110 1676; baseline -0.002 -11"><span class='ocrx_word' id='word_1_112' title='bbox 523 1597 743 1665; x_wconf 71' lang='lat' dir='ltr'><strong>‘Crtecis</strong></span> <span class='ocrx_word' id='word_1_113' title='bbox 771 1605 968 1662; x_wconf 88' lang='lat' dir='ltr'><strong>litteris</strong></span> <span class='ocrx_word' id='word_1_114' title='bbox 993 1606 1320 1676; x_wconf 86' lang='lat' dir='ltr'><strong>descriptum</strong></span> <span class='ocrx_word' id='word_1_115' title='bbox 1351 1606 1583 1660; x_wconf 89' lang='lat' dir='ltr'><strong>habetur</strong></span> <span class='ocrx_word' id='word_1_116' title='bbox 1629 1606 1771 1675; x_wconf 89' lang='lat' dir='ltr'><strong>apud</strong></span> <span class='ocrx_word' id='word_1_117' title='bbox 1815 1606 2110 1663; x_wconf 87' lang='lat' dir='ltr'><strong>Eusebium</strong></span> 
     </span>
    </p>
   </div>
   <div class='ocr_carea' id='block_1_16' title="bbox 537 1695 2111 1771">
    <p class='ocr_par' dir='ltr' id='par_1_16' title="bbox 537 1695 2111 1771">
     <span class='ocr_line' id='line_1_16' title="bbox 537 1695 2111 1771; baseline -0.001 -16"><span class='ocrx_word' id='word_1_118' title='bbox 537 1700 800 1771; x_wconf 71' lang='lat' dir='ltr'><strong>De-prwp.</strong></span> <span class='ocrx_word' id='word_1_119' title='bbox 827 1715 1034 1770; x_wconf 80' lang='lat' dir='ltr'><strong>evang..</strong></span> <span class='ocrx_word' id='word_1_120' title='bbox 1061 1698 1155 1752; x_wconf 93' lang='lat' dir='ltr'><strong>lib.</strong></span> <span class='ocrx_word' id='word_1_121' title='bbox 1181 1713 1235 1761; x_wconf 80' lang='grc' dir='ltr'><strong>ιι,</strong></span> <span class='ocrx_word' id='word_1_122' title='bbox 1271 1707 1324 1751; x_wconf 91' lang='lat' dir='ltr'><strong>et</strong></span> <span class='ocrx_word' id='word_1_123' title='bbox 1351 1697 1404 1752; x_wconf 91' lang='lat' dir='ltr'><strong>in</strong></span> <span class='ocrx_word' id='word_1_124' title='bbox 1427 1696 1614 1752; x_wconf 90' lang='lat' dir='ltr'><strong>codice</strong></span> <span class='ocrx_word' id='word_1_125' title='bbox 1644 1695 1760 1751; x_wconf 88' lang='lat' dir='ltr'><strong>RR.</strong></span> <span class='ocrx_word' id='word_1_126' title='bbox 1795 1697 1900 1755; x_wconf 83' lang='lat' dir='ltr'><strong>PP.</strong></span> <span class='ocrx_word' id='word_1_127' title='bbox 1931 1697 2111 1754; x_wconf 79' lang='lat' dir='ltr'><strong>Jesui-</strong></span> 
     </span>
    </p>
   </div>
   <div class='ocr_carea' id='block_1_17' title="bbox 2213 514 3785 581">
    <p class='ocr_par' dir='ltr' id='par_1_17' title="bbox 2213 514 3785 581">
     <span class='ocr_line' id='line_1_17' title="bbox 2213 514 3785 581; baseline 0.007 -13"><span class='ocrx_word' id='word_1_128' title='bbox 2213 523 2268 568; x_wconf 86' lang='lat' dir='ltr'><strong>et</strong></span> <span class='ocrx_word' id='word_1_129' title='bbox 2300 514 2440 568; x_wconf 90' lang='lat' dir='ltr'><strong>alius</strong></span> <span class='ocrx_word' id='word_1_130' title='bbox 2474 529 2547 566; x_wconf 83' lang='lat' dir='ltr'><strong>xu</strong></span> <span class='ocrx_word' id='word_1_131' title='bbox 2594 514 2798 578; x_wconf 78' lang='lat' dir='ltr'><strong>saeculi,</strong></span> <span class='ocrx_word' id='word_1_132' title='bbox 2843 531 2995 570; x_wconf 89' lang='lat' dir='ltr'><strong>num.</strong></span> <span class='ocrx_word' id='word_1_133' title='bbox 3049 516 3136 581; x_wconf 83' lang='lat' dir='ltr'><strong>l7,</strong></span> <span class='ocrx_word' id='word_1_134' title='bbox 3191 517 3326 572; x_wconf 87' lang='lat' dir='ltr'><strong>Zain</strong></span> <span class='ocrx_word' id='word_1_135' title='bbox 3381 519 3560 574; x_wconf 90' lang='lat' dir='ltr'><strong>habet.</strong></span> <span class='ocrx_word' id='word_1_136' title='bbox 3605 521 3785 579; x_wconf 83' lang='lat' dir='ltr'><strong>Codex</strong></span> 
     </span>
    </p>
   </div>
   <div class='ocr_carea' id='block_1_18' title="bbox 2212 603 3787 675">
    <p class='ocr_par' dir='ltr' id='par_1_18' title="bbox 2212 603 3787 675">
     <span class='ocr_line' id='line_1_18' title="bbox 2212 603 3787 675; baseline 0.004 -17"><span class='ocrx_word' id='word_1_137' title='bbox 2212 603 2340 658; x_wconf 89' lang='lat' dir='ltr'><strong>item</strong></span> <span class='ocrx_word' id='word_1_138' title='bbox 2371 603 2596 659; x_wconf 89' lang='lat' dir='ltr'><strong>Coislin.</strong></span> <span class='ocrx_word' id='word_1_139' title='bbox 2624 603 2862 671; x_wconf 65' lang='lat' dir='ltr'><strong>Graecus,</strong></span> <span class='ocrx_word' id='word_1_140' title='bbox 2898 623 3049 661; x_wconf 88' lang='lat' dir='ltr'><strong>num.</strong></span> <span class='ocrx_word' id='word_1_141' title='bbox 3087 609 3207 675; x_wconf 82' lang='lat' dir='ltr'><strong>l9l,</strong></span> <span class='ocrx_word' id='word_1_142' title='bbox 3239 609 3399 664; x_wconf 84' lang='lat' dir='ltr'><strong>habet</strong></span> <span class='ocrx_word' id='word_1_143' title='bbox 3422 605 3528 671; x_wconf 77' lang='grc' dir='ltr'><strong>ζάϊ.</strong></span> <span class='ocrx_word' id='word_1_144' title='bbox 3563 613 3620 666; x_wconf 89' lang='lat' dir='ltr'><strong>ln</strong></span> <span class='ocrx_word' id='word_1_145' title='bbox 3651 614 3787 671; x_wconf 83' lang='lat' dir='ltr'><strong>alios</strong></span> 
     </span>
    </p>
   </div>
   <div class='ocr_carea' id='block_1_19' title="bbox 2213 698 3786 770">
    <p class='ocr_par' dir='ltr' id='par_1_19' title="bbox 2213 698 3786 770">
     <span class='ocr_line' id='line_1_19' title="bbox 2213 698 3786 770; baseline 0.008 -20"><span class='ocrx_word' id='word_1_146' title='bbox 2213 698 2456 768; x_wconf 85' lang='lat' dir='ltr'><strong>quotidie</strong></span> <span class='ocrx_word' id='word_1_147' title='bbox 2491 698 2672 752; x_wconf 84' lang='lat' dir='ltr'><strong>incido</strong></span> <span class='ocrx_word' id='word_1_148' title='bbox 2702 700 2919 754; x_wconf 77' lang='lat' dir='ltr'><strong>codices</strong></span> <span class='ocrx_word' id='word_1_149' title='bbox 2948 701 3041 770; x_wconf 89' lang='lat' dir='ltr'><strong>qui</strong></span> <span class='ocrx_word' id='word_1_150' title='bbox 3076 699 3176 754; x_wconf 84' lang='lat' dir='ltr'><strong>Zai</strong></span> <span class='ocrx_word' id='word_1_151' title='bbox 3219 702 3437 758; x_wconf 78' lang='lat' dir='ltr'><strong>habent.</strong></span> <span class='ocrx_word' id='word_1_152' title='bbox 3483 703 3664 770; x_wconf 85' lang='lat' dir='ltr'><strong>Quare</strong></span> <span class='ocrx_word' id='word_1_153' title='bbox 3696 707 3786 762; x_wconf 82' lang='lat' dir='ltr'><strong>vix</strong></span> 
     </span>
    </p>
   </div>
   <div class='ocr_carea' id='block_1_20' title="bbox 2212 785 3787 861">
    <p class='ocr_par' dir='ltr' id='par_1_20' title="bbox 2212 785 3787 861">
     <span class='ocr_line' id='line_1_20' title="bbox 2212 785 3787 861; baseline 0.005 -19"><span class='ocrx_word' id='word_1_154' title='bbox 2212 785 2570 842; x_wconf 76' lang='lat' dir='ltr'><strong>dubitaverim</strong></span> <span class='ocrx_word' id='word_1_155' title='bbox 2608 790 2738 858; x_wconf 92' lang='lat' dir='ltr'><strong>quin</strong></span> <span class='ocrx_word' id='word_1_156' title='bbox 2771 790 2899 844; x_wconf 91' lang='lat' dir='ltr'><strong>olim</strong></span> <span class='ocrx_word' id='word_1_157' title='bbox 2928 791 2996 845; x_wconf 87' lang='lat' dir='ltr'><strong>ab</strong></span> <span class='ocrx_word' id='word_1_158' title='bbox 3027 791 3283 847; x_wconf 91' lang='lat' dir='ltr'><strong>omnibus</strong></span> <span class='ocrx_word' id='word_1_159' title='bbox 3322 791 3421 846; x_wconf 89' lang='lat' dir='ltr'><strong>Zai</strong></span> <span class='ocrx_word' id='word_1_160' title='bbox 3442 835 3458 861; x_wconf 93' lang='lat'><strong>,</strong></span> <span class='ocrx_word' id='word_1_161' title='bbox 3510 811 3618 850; x_wconf 92' lang='lat' dir='ltr'><strong>non</strong></span> <span class='ocrx_word' id='word_1_162' title='bbox 3649 795 3787 850; x_wconf 84' lang='lat' dir='ltr'><strong>Zaiu</strong></span> 
     </span>
    </p>
   </div>
   <div class='ocr_carea' id='block_1_21' title="bbox 2212 878 3342 949">
    <p class='ocr_par' dir='ltr' id='par_1_21' title="bbox 2212 878 3342 949">
     <span class='ocr_line' id='line_1_21' title="bbox 2212 878 3342 949; baseline 0.001 -15"><span class='ocrx_word' id='word_1_163' title='bbox 2212 881 2412 934; x_wconf 89' lang='lat' dir='ltr'><strong>lectum</strong></span> <span class='ocrx_word' id='word_1_164' title='bbox 2447 878 2627 941; x_wconf 81' lang='lat' dir='ltr'><strong>fuerit,</strong></span> <span class='ocrx_word' id='word_1_165' title='bbox 2655 890 2683 938; x_wconf 79' lang='grc' dir='ltr'><strong>’ς</strong></span> <span class='ocrx_word' id='word_1_166' title='bbox 2707 894 2895 935; x_wconf 89' lang='lat' dir='ltr'><strong>omnes</strong></span> <span class='ocrx_word' id='word_1_167' title='bbox 2926 897 3020 949; x_wconf 91' lang='lat' dir='ltr'><strong>per</strong></span> <span class='ocrx_word' id='word_1_168' title='bbox 3042 879 3342 942; x_wconf 63' lang='lat' dir='ltr'><strong>(reddunt.</strong></span> 
     </span>
    </p>
   </div>
   <div class='ocr_carea' id='block_1_22' title="bbox 2279 969 3786 1045">
    <p class='ocr_par' dir='ltr' id='par_1_22' title="bbox 2279 969 3786 1045">
     <span class='ocr_line' id='line_1_22' title="bbox 2279 969 3786 1045; baseline 0.007 -25"><span class='ocrx_word' id='word_1_169' title='bbox 2279 978 2385 1030; x_wconf 69' lang='lat' dir='ltr'><strong>nm</strong></span> <span class='ocrx_word' id='word_1_170' title='bbox 2415 969 2608 1024; x_wconf 78' lang='lat' dir='ltr'><strong>Illietlt.</strong></span> <span class='ocrx_word' id='word_1_171' title='bbox 2645 970 2914 1027; x_wconf 87' lang='lat' dir='ltr'><strong>Eusebius</strong></span> <span class='ocrx_word' id='word_1_172' title='bbox 2945 981 3000 1027; x_wconf 93' lang='lat' dir='ltr'><strong>et</strong></span> <span class='ocrx_word' id='word_1_173' title='bbox 3031 976 3151 1028; x_wconf 88' lang='lat' dir='ltr'><strong>eod.</strong></span> <span class='ocrx_word' id='word_1_174' title='bbox 3176 973 3287 1027; x_wconf 83' lang='lat' dir='ltr'><strong>Jes.</strong></span> <span class='ocrx_word' id='word_1_175' title='bbox 3320 974 3386 1045; x_wconf 81' lang='grc' dir='ltr'><strong>ἣΟ</strong></span> <span class='ocrx_word' id='word_1_176' title='bbox 3413 975 3590 1044; x_wconf 85' lang='lat' dir='ltr'><strong>legunt</strong></span> <span class='ocrx_word' id='word_1_177' title='bbox 3616 1016 3632 1041; x_wconf 94' lang='lat'><strong>,</strong></span> <span class='ocrx_word' id='word_1_178' title='bbox 3661 991 3786 1030; x_wconf 87' lang='lat' dir='ltr'><strong>cum</strong></span> 
     </span>
    </p>
   </div>
   <div class='ocr_carea' id='block_1_23' title="bbox 2213 1063 3788 1136">
    <p class='ocr_par' dir='ltr' id='par_1_23' title="bbox 2213 1063 3788 1136">
     <span class='ocr_line' id='line_1_23' title="bbox 2213 1063 3788 1136; baseline 0.003 -20"><span class='ocrx_word' id='word_1_179' title='bbox 2213 1063 2451 1132; x_wconf 84' lang='lat' dir='ltr'><strong>aspirata</strong></span> <span class='ocrx_word' id='word_1_180' title='bbox 2480 1063 2708 1125; x_wconf 86' lang='lat' dir='ltr'><strong>scilicet,</strong></span> <span class='ocrx_word' id='word_1_181' title='bbox 2738 1065 2840 1118; x_wconf 87' lang='lat' dir='ltr'><strong>etsi</strong></span> <span class='ocrx_word' id='word_1_182' title='bbox 2872 1065 2924 1118; x_wconf 94' lang='lat' dir='ltr'><strong>in</strong></span> <span class='ocrx_word' id='word_1_183' title='bbox 2956 1075 3233 1134; x_wconf 91' lang='lat' dir='ltr'><strong>postremo</strong></span> <span class='ocrx_word' id='word_1_184' title='bbox 3258 1082 3364 1118; x_wconf 82' lang='lat' dir='ltr'><strong>non</strong></span> <span class='ocrx_word' id='word_1_185' title='bbox 3392 1067 3604 1136; x_wconf 78' lang='lat' dir='ltr'><strong>legatur</strong></span> <span class='ocrx_word' id='word_1_186' title='bbox 3627 1067 3788 1135; x_wconf 82' lang='lat' dir='ltr'><strong>spiri-</strong></span> 
     </span>
    </p>
   </div>
   <div class='ocr_carea' id='block_1_24' title="bbox 2213 1150 3788 1226">
    <p class='ocr_par' dir='ltr' id='par_1_24' title="bbox 2213 1150 3788 1226">
     <span class='ocr_line' id='line_1_24' title="bbox 2213 1150 3788 1226; baseline 0.004 -23"><span class='ocrx_word' id='word_1_187' title='bbox 2213 1156 2334 1217; x_wconf 87' lang='lat' dir='ltr'><strong>tus;</strong></span> <span class='ocrx_word' id='word_1_188' title='bbox 2364 1151 2511 1220; x_wconf 87' lang='lat' dir='ltr'><strong>alph.</strong></span> <span class='ocrx_word' id='word_1_189' title='bbox 2541 1150 2782 1207; x_wconf 80' lang='lat' dir='ltr'><strong>Murbae.</strong></span> <span class='ocrx_word' id='word_1_190' title='bbox 2809 1168 2972 1206; x_wconf 80' lang='grc' dir='ltr'>ιιετιι.</span> <span class='ocrx_word' id='word_1_191' title='bbox 3003 1152 3155 1209; x_wconf 83' lang='lat' dir='ltr'><strong>Hanc</strong></span> <span class='ocrx_word' id='word_1_192' title='bbox 3179 1155 3413 1208; x_wconf 84' lang='lat' dir='ltr'><strong>litteram</strong></span> <span class='ocrx_word' id='word_1_193' title='bbox 3461 1153 3603 1207; x_wconf 78' lang='lat' dir='ltr'><strong>LXX</strong></span> <span class='ocrx_word' id='word_1_194' title='bbox 3642 1156 3788 1226; x_wconf 86' lang='lat' dir='ltr'><strong>lege-</strong></span> 
     </span>
    </p>
   </div>
   <div class='ocr_carea' id='block_1_25' title="bbox 2210 1241 3788 1315">
    <p class='ocr_par' dir='ltr' id='par_1_25' title="bbox 2210 1241 3788 1315">
     <span class='ocr_line' id='line_1_25' title="bbox 2210 1241 3788 1315; baseline 0.003 -19"><span class='ocrx_word' id='word_1_195' title='bbox 2210 1241 2344 1296; x_wconf 86' lang='lat' dir='ltr'><strong>bant</strong></span> <span class='ocrx_word' id='word_1_196' title='bbox 2385 1258 2481 1312; x_wconf 89' lang='lat' dir='ltr'><strong>per</strong></span> <span class='ocrx_word' id='word_1_197' title='bbox 2509 1262 2569 1312; x_wconf 86' lang='grc' dir='ltr'><strong>χ,</strong></span> <span class='ocrx_word' id='word_1_198' title='bbox 2601 1244 2705 1307; x_wconf 83' lang='lat' dir='ltr'><strong>chi,</strong></span> <span class='ocrx_word' id='word_1_199' title='bbox 2760 1255 2818 1297; x_wconf 88' lang='lat' dir='ltr'><strong>ut</strong></span> <span class='ocrx_word' id='word_1_200' title='bbox 2857 1253 3008 1298; x_wconf 89' lang='lat' dir='ltr'><strong>notat</strong></span> <span class='ocrx_word' id='word_1_201' title='bbox 3059 1243 3426 1315; x_wconf 83' lang='lat' dir='ltr'><strong>Hieronymus</strong></span> <span class='ocrx_word' id='word_1_202' title='bbox 3476 1245 3678 1311; x_wconf 81' lang='lat' dir='ltr'><strong>Qutcst.</strong></span> <span class='ocrx_word' id='word_1_203' title='bbox 3730 1248 3788 1301; x_wconf 81' lang='lat' dir='ltr'><strong>in</strong></span> 
     </span>
    </p>
   </div>
   <div class='ocr_carea' id='block_1_26' title="bbox 2214 1331 3783 1406">
    <p class='ocr_par' dir='ltr' id='par_1_26' title="bbox 2214 1331 3783 1406">
     <span class='ocr_line' id='line_1_26' title="bbox 2214 1331 3783 1406; baseline 0.003 -21"><span class='ocrx_word' id='word_1_204' title='bbox 2214 1331 2367 1396; x_wconf 66' lang='lat' dir='ltr'><strong>Gem,</strong></span> <span class='ocrx_word' id='word_1_205' title='bbox 2400 1347 2458 1387; x_wconf 89' lang='lat' dir='ltr'><strong>ut</strong></span> <span class='ocrx_word' id='word_1_206' title='bbox 2485 1343 2590 1399; x_wconf 74' lang='lat' dir='ltr'><strong>an,</strong></span> <span class='ocrx_word' id='word_1_207' title='bbox 2621 1333 2770 1403; x_wconf 82' lang='grc' dir='ltr'><strong>Χὰμ,</strong></span> <span class='ocrx_word' id='word_1_208' title='bbox 2796 1336 2982 1390; x_wconf 73' lang='lat' dir='ltr'><strong>Citam.</strong></span> <span class='ocrx_word' id='word_1_209' title='bbox 3017 1333 3084 1388; x_wconf 89' lang='lat' dir='ltr'><strong>Et</strong></span> <span class='ocrx_word' id='word_1_210' title='bbox 3119 1336 3174 1388; x_wconf 85' lang='lat' dir='ltr'><strong>in</strong></span> <span class='ocrx_word' id='word_1_211' title='bbox 3196 1335 3480 1390; x_wconf 80' lang='lat' dir='ltr'><strong>Jercmiam</strong></span> <span class='ocrx_word' id='word_1_212' title='bbox 3514 1353 3632 1406; x_wconf 86' lang='lat' dir='ltr'><strong>cap.</strong></span> <span class='ocrx_word' id='word_1_213' title='bbox 3668 1353 3783 1403; x_wconf 75' lang='lat' dir='ltr'><strong>xix,</strong></span> 
     </span>
    </p>
   </div>
   <div class='ocr_carea' id='block_1_27' title="bbox 2211 1423 3784 1497">
    <p class='ocr_par' dir='ltr' id='par_1_27' title="bbox 2211 1423 3784 1497">
     <span class='ocr_line' id='line_1_27' title="bbox 2211 1423 3784 1497; baseline 0.003 -19"><span class='ocrx_word' id='word_1_214' title='bbox 2211 1423 2244 1491; x_wconf 69' lang='grc' dir='ltr'><strong><em>Ῡ</em></strong></span> <span class='ocrx_word' id='word_1_215' title='bbox 2292 1424 2346 1488; x_wconf 97' lang='lat'><strong>2,</strong></span> <span class='ocrx_word' id='word_1_216' title='bbox 2381 1425 2447 1479; x_wconf 93' lang='lat' dir='ltr'><strong>de</strong></span> <span class='ocrx_word' id='word_1_217' title='bbox 2471 1441 2601 1480; x_wconf 89' lang='lat' dir='ltr'><strong>voce</strong></span> <span class='ocrx_word' id='word_1_218' title='bbox 2638 1435 2820 1488; x_wconf 71' lang='grc' dir='ltr'><strong>ΠὌἿΠ</strong></span> <span class='ocrx_word' id='word_1_219' title='bbox 2851 1428 2964 1482; x_wconf 69' lang='lat' dir='ltr'><strong>hare</strong></span> <span class='ocrx_word' id='word_1_220' title='bbox 2987 1429 3145 1482; x_wconf 81' lang='lat' dir='ltr'><strong>habet</strong></span> <span class='ocrx_word' id='word_1_221' title='bbox 3172 1446 3184 1482; x_wconf 89' lang='lat'><strong>:</strong></span> <span class='ocrx_word' id='word_1_222' title='bbox 3221 1427 3286 1480; x_wconf 79' lang='lat' dir='ltr'><strong>Et</strong></span> <span class='ocrx_word' id='word_1_223' title='bbox 3309 1444 3403 1496; x_wconf 84' lang='lat' dir='ltr'><strong>pro</strong></span> <span class='ocrx_word' id='word_1_224' title='bbox 3430 1442 3583 1497; x_wconf 85' lang='lat' dir='ltr'><strong>porta</strong></span> <span class='ocrx_word' id='word_1_225' title='bbox 3606 1429 3784 1497; x_wconf 84' lang='lat' dir='ltr'><strong>ﬁctili,</strong></span> 
     </span>
    </p>
   </div>
   <div class='ocr_carea' id='block_1_28' title="bbox 2211 1516 3788 1589">
    <p class='ocr_par' dir='ltr' id='par_1_28' title="bbox 2211 1516 3788 1589">
     <span class='ocr_line' id='line_1_28' title="bbox 2211 1516 3788 1589; baseline 0.004 -21"><span class='ocrx_word' id='word_1_226' title='bbox 2211 1516 2428 1585; x_wconf 80' lang='lat' dir='ltr'><strong>Aquila,</strong></span> <span class='ocrx_word' id='word_1_227' title='bbox 2465 1517 2813 1587; x_wconf 84' lang='lat' dir='ltr'><strong>Symmachus</strong></span> <span class='ocrx_word' id='word_1_228' title='bbox 2848 1529 2896 1572; x_wconf 92' lang='lat' dir='ltr'><strong>ct</strong></span> <span class='ocrx_word' id='word_1_229' title='bbox 2935 1518 3218 1572; x_wconf 83' lang='lat' dir='ltr'><strong>Tltcodutio</strong></span> <span class='ocrx_word' id='word_1_230' title='bbox 3247 1522 3415 1588; x_wconf 85' lang='lat' dir='ltr'><strong>ipsum</strong></span> <span class='ocrx_word' id='word_1_231' title='bbox 3450 1522 3660 1573; x_wconf 78' lang='lat' dir='ltr'><strong>verbum</strong></span> <span class='ocrx_word' id='word_1_232' title='bbox 3691 1538 3788 1589; x_wconf 82' lang='lat' dir='ltr'><strong>po—</strong></span> 
     </span>
    </p>
   </div>
   <div class='ocr_carea' id='block_1_29' title="bbox 2211 1607 3787 1681">
    <p class='ocr_par' dir='ltr' id='par_1_29' title="bbox 2211 1607 3787 1681">
     <span class='ocr_line' id='line_1_29' title="bbox 2211 1607 3787 1681; baseline 0.003 -20"><span class='ocrx_word' id='word_1_233' title='bbox 2211 1617 2427 1662; x_wconf 89' lang='lat' dir='ltr'><strong>suerunt</strong></span> <span class='ocrx_word' id='word_1_234' title='bbox 2460 1607 2780 1664; x_wconf 84' lang='lat' dir='ltr'><strong>Hebraicum</strong></span> <span class='ocrx_word' id='word_1_235' title='bbox 2832 1627 3102 1677; x_wconf 65' lang='lat' dir='ltr'><strong>ususrru;</strong></span> <span class='ocrx_word' id='word_1_236' title='bbox 3137 1627 3232 1680; x_wconf 86' lang='lat' dir='ltr'><strong>pro</strong></span> <span class='ocrx_word' id='word_1_237' title='bbox 3265 1629 3366 1681; x_wconf 88' lang='lat' dir='ltr'><strong>quo</strong></span> <span class='ocrx_word' id='word_1_238' title='bbox 3412 1611 3594 1676; x_wconf 81' lang='lat' dir='ltr'><strong>LXX,</strong></span> <span class='ocrx_word' id='word_1_239' title='bbox 3629 1612 3787 1680; x_wconf 72' lang='lat' dir='ltr'><strong>juxta</strong></span> 
     </span>
    </p>
   </div>
   <div class='ocr_carea' id='block_1_30' title="bbox 2204 1702 3785 1769">
    <p class='ocr_par' dir='ltr' id='par_1_30' title="bbox 2204 1702 3785 1769">
     <span class='ocr_line' id='line_1_30' title="bbox 2204 1702 3785 1769; baseline 0.004 -19"><span class='ocrx_word' id='word_1_240' title='bbox 2204 1713 2406 1750; x_wconf 80' lang='lat' dir='ltr'><strong>morem</strong></span> <span class='ocrx_word' id='word_1_241' title='bbox 2435 1715 2608 1762; x_wconf 88' lang='lat' dir='ltr'><strong>suum,</strong></span> <span class='ocrx_word' id='word_1_242' title='bbox 2643 1715 2736 1768; x_wconf 85' lang='lat' dir='ltr'><strong>pro</strong></span> <span class='ocrx_word' id='word_1_243' title='bbox 2762 1702 3083 1769; x_wconf 80' lang='lat' dir='ltr'><strong>aspiratione</strong></span> <span class='ocrx_word' id='word_1_244' title='bbox 3118 1718 3259 1755; x_wconf 76' lang='lat' dir='ltr'><strong>utam</strong></span> <span class='ocrx_word' id='word_1_245' title='bbox 3297 1702 3519 1766; x_wconf 77' lang='lat' dir='ltr'><strong>lilterw,</strong></span> <span class='ocrx_word' id='word_1_246' title='bbox 3558 1704 3785 1757; x_wconf 72' lang='lat' dir='ltr'><strong>addide-</strong></span> 
     </span>
    </p>
   </div>
   <div class='ocr_carea' id='block_1_31' title="bbox 535 1773 3783 1863">
    <p class='ocr_par' dir='ltr' id='par_1_31' title="bbox 535 1773 3783 1863">
     <span class='ocr_line' id='line_1_31' title="bbox 535 1773 3783 1863; baseline 0.001 -18"><span class='ocrx_word' id='word_1_247' title='bbox 535 1801 714 1847; x_wconf 85' lang='lat' dir='ltr'><strong>tarum</strong></span> <span class='ocrx_word' id='word_1_248' title='bbox 746 1791 956 1860; x_wconf 84' lang='lat' dir='ltr'><strong>collegii</strong></span> <span class='ocrx_word' id='word_1_249' title='bbox 980 1789 1242 1843; x_wconf 87' lang='lat' dir='ltr'><strong>Ludovici</strong></span> <span class='ocrx_word' id='word_1_250' title='bbox 1267 1787 1445 1859; x_wconf 83' lang='lat' dir='ltr'><strong>Magni</strong></span> <span class='ocrx_word' id='word_1_251' title='bbox 1490 1789 1543 1842; x_wconf 90' lang='lat' dir='ltr'><strong>in</strong></span> <span class='ocrx_word' id='word_1_252' title='bbox 1568 1788 1800 1844; x_wconf 91' lang='lat' dir='ltr'><strong>Threnis</strong></span> <span class='ocrx_word' id='word_1_253' title='bbox 1820 1788 2105 1858; x_wconf 70' lang='lat' dir='ltr'><strong>Jeremiae;</strong></span> <span class='ocrx_word' id='word_1_254' title='bbox 2139 1773 2180 1827; x_wconf 79' lang='grc' dir='ltr'><strong>Β</strong></span> <span class='ocrx_word' id='word_1_255' title='bbox 2212 1799 2333 1842; x_wconf 86' lang='lat' dir='ltr'><strong>runt</strong></span> <span class='ocrx_word' id='word_1_256' title='bbox 2356 1805 2440 1843; x_wconf 81' lang='lat' dir='ltr'><strong>cm</strong></span> <span class='ocrx_word' id='word_1_257' title='bbox 2475 1788 2716 1844; x_wconf 75' lang='lat' dir='ltr'><strong>ercum</strong></span> <span class='ocrx_word' id='word_1_258' title='bbox 2740 1833 2754 1856; x_wconf 90' lang='lat'><strong>,</strong></span> <span class='ocrx_word' id='word_1_259' title='bbox 2791 1801 2849 1844; x_wconf 85' lang='lat' dir='ltr'><strong>ut</strong></span> <span class='ocrx_word' id='word_1_260' title='bbox 2891 1792 3123 1846; x_wconf 86' lang='lat' dir='ltr'><strong>dicerent</strong></span> <span class='ocrx_word' id='word_1_261' title='bbox 3162 1793 3403 1848; x_wconf 90' lang='lat' dir='ltr'><strong>charsith</strong></span> <span class='ocrx_word' id='word_1_262' title='bbox 3439 1810 3535 1863; x_wconf 83' lang='lat' dir='ltr'><strong>pro</strong></span> <span class='ocrx_word' id='word_1_263' title='bbox 3575 1796 3783 1863; x_wconf 84' lang='lat' dir='ltr'><strong>arsith;</strong></span> 
     </span>
    </p>
   </div>
   <div class='ocr_carea' id='block_1_32' title="bbox 537 1877 2107 1949">
    <p class='ocr_par' dir='ltr' id='par_1_32' title="bbox 537 1877 2107 1949">
     <span class='ocr_line' id='line_1_32' title="bbox 537 1877 2107 1949; baseline 0 -14"><span class='ocrx_word' id='word_1_264' title='bbox 537 1895 748 1936; x_wconf 90' lang='lat' dir='ltr'><strong>necnon</strong></span> <span class='ocrx_word' id='word_1_265' title='bbox 783 1879 838 1934; x_wconf 91' lang='lat' dir='ltr'><strong>in</strong></span> <span class='ocrx_word' id='word_1_266' title='bbox 873 1879 1158 1949; x_wconf 87' lang='lat' dir='ltr'><strong>alphabeto</strong></span> <span class='ocrx_word' id='word_1_267' title='bbox 1191 1878 1394 1932; x_wconf 88' lang='lat' dir='ltr'><strong>codicis</strong></span> <span class='ocrx_word' id='word_1_268' title='bbox 1419 1877 1796 1937; x_wconf 78' lang='lat' dir='ltr'><strong>Murbacensis</strong></span> <span class='ocrx_word' id='word_1_269' title='bbox 1830 1880 1978 1935; x_wconf 89' lang='lat' dir='ltr'><strong>mille</strong></span> <span class='ocrx_word' id='word_1_270' title='bbox 1999 1881 2107 1935; x_wconf 84' lang='lat' dir='ltr'><strong>cir-</strong></span> 
     </span>
    </p>
   </div>
   <div class='ocr_carea' id='block_1_33' title="bbox 536 1968 2107 2042">
    <p class='ocr_par' dir='ltr' id='par_1_33' title="bbox 536 1968 2107 2042">
     <span class='ocr_line' id='line_1_33' title="bbox 536 1968 2107 2042; baseline 0.003 -17"><span class='ocrx_word' id='word_1_271' title='bbox 536 1971 672 2026; x_wconf 89' lang='lat' dir='ltr'><strong>citer</strong></span> <span class='ocrx_word' id='word_1_272' title='bbox 701 1985 993 2034; x_wconf 90' lang='lat' dir='ltr'><strong>annorum,</strong></span> <span class='ocrx_word' id='word_1_273' title='bbox 1028 1985 1060 2025; x_wconf 89' lang='lat' dir='ltr'><strong>a</strong></span> <span class='ocrx_word' id='word_1_274' title='bbox 1085 1969 1244 2024; x_wconf 91' lang='lat' dir='ltr'><strong>nobis</strong></span> <span class='ocrx_word' id='word_1_275' title='bbox 1275 1968 1420 2024; x_wconf 89' lang='lat' dir='ltr'><strong>edito</strong></span> <span class='ocrx_word' id='word_1_276' title='bbox 1455 1969 1878 2042; x_wconf 69' lang='lat' dir='ltr'><strong>Palwograpltiae</strong></span> <span class='ocrx_word' id='word_1_277' title='bbox 1908 1971 2107 2029; x_wconf 67' lang='lat' dir='ltr'><strong>Graeca:</strong></span> 
     </span>
    </p>
   </div>
   <div class='ocr_carea' id='block_1_34' title="bbox 536 2064 748 2134">
    <p class='ocr_par' dir='ltr' id='par_1_34' title="bbox 536 2064 748 2134">
     <span class='ocr_line' id='line_1_34' title="bbox 536 2064 748 2134; baseline 0.005 -16"><span class='ocrx_word' id='word_1_278' title='bbox 536 2081 590 2134; x_wconf 77' lang='grc' dir='ltr'><strong>ι).</strong></span> <span class='ocrx_word' id='word_1_279' title='bbox 623 2064 718 2119; x_wconf 75' lang='lat'><strong>22!</strong></span> <span class='ocrx_word' id='word_1_280' title='bbox 733 2103 748 2119; x_wconf 90' lang='lat'><strong>.</strong></span> 
     </span>
    </p>
   </div>
   <div class='ocr_carea' id='block_1_35' title="bbox 537 2155 2102 2228">
    <p class='ocr_par' dir='ltr' id='par_1_35' title="bbox 537 2155 2102 2228">
     <span class='ocr_line' id='line_1_35' title="bbox 537 2155 2102 2228; baseline 0.002 -18"><span class='ocrx_word' id='word_1_281' title='bbox 537 2156 601 2210; x_wconf 84' lang='lat' dir='ltr'><strong>V.</strong></span> <span class='ocrx_word' id='word_1_282' title='bbox 632 2157 708 2211; x_wconf 82' lang='lat' dir='ltr'><strong>De</strong></span> <span class='ocrx_word' id='word_1_283' title='bbox 733 2158 889 2211; x_wconf 81' lang='lat' dir='ltr'><strong>veteri</strong></span> <span class='ocrx_word' id='word_1_284' title='bbox 915 2156 1216 2210; x_wconf 84' lang='lat' dir='ltr'><strong>litterarum</strong></span> <span class='ocrx_word' id='word_1_285' title='bbox 1245 2155 1626 2210; x_wconf 83' lang='lat' dir='ltr'><strong>Hebraicarum</strong></span> <span class='ocrx_word' id='word_1_286' title='bbox 1651 2159 2102 2228; x_wconf 80' lang='lat' dir='ltr'><strong>pronuntiatione.</strong></span> 
     </span>
    </p>
   </div>
   <div class='ocr_carea' id='block_1_36' title="bbox 603 2239 2104 2343">
    <p class='ocr_par' dir='ltr' id='par_1_36' title="bbox 603 2239 2104 2343">
     <span class='ocr_line' id='line_1_36' title="bbox 603 2239 2104 2343; baseline 0 -35"><span class='ocrx_word' id='word_1_287' title='bbox 603 2239 720 2343; x_wconf 65' lang='grc' dir='ltr'>ηίικ</span> <span class='ocrx_word' id='word_1_288' title='bbox 754 2254 937 2323; x_wconf 85' lang='lat' dir='ltr'><strong>Alcph.</strong></span> <span class='ocrx_word' id='word_1_289' title='bbox 989 2252 1254 2308; x_wconf 78' lang='lat' dir='ltr'><strong>Eusebius</strong></span> <span class='ocrx_word' id='word_1_290' title='bbox 1295 2252 1421 2322; x_wconf 84' lang='lat' dir='ltr'><strong>legit</strong></span> <span class='ocrx_word' id='word_1_291' title='bbox 1456 2251 1584 2321; x_wconf 85' lang='grc' dir='ltr'><strong>ἄλφ,</strong></span> <span class='ocrx_word' id='word_1_292' title='bbox 1625 2254 1746 2307; x_wconf 91' lang='lat' dir='ltr'><strong>cod.</strong></span> <span class='ocrx_word' id='word_1_293' title='bbox 1788 2252 1897 2309; x_wconf 87' lang='lat' dir='ltr'><strong>Jes.</strong></span> <span class='ocrx_word' id='word_1_294' title='bbox 1937 2255 2104 2324; x_wconf 76' lang='grc' dir='ltr'>ἀλφὰ,</span> 
     </span>
    </p>
   </div>
   <div class='ocr_carea' id='block_1_37' title="bbox 538 2344 2108 2419">
    <p class='ocr_par' dir='ltr' id='par_1_37' title="bbox 538 2344 2108 2419">
     <span class='ocr_line' id='line_1_37' title="bbox 538 2344 2108 2419; baseline -0.001 -17"><span class='ocrx_word' id='word_1_295' title='bbox 538 2347 884 2418; x_wconf 84' lang='lat' dir='ltr'><strong>alphabetum</strong></span> <span class='ocrx_word' id='word_1_296' title='bbox 915 2344 1268 2400; x_wconf 88' lang='lat' dir='ltr'><strong>Murbacense</strong></span> <span class='ocrx_word' id='word_1_297' title='bbox 1295 2360 1483 2398; x_wconf 75' lang='grc' dir='ltr'>Αιεριι.</span> <span class='ocrx_word' id='word_1_298' title='bbox 1521 2344 1612 2397; x_wconf 87' lang='lat' dir='ltr'><strong>Ait</strong></span> <span class='ocrx_word' id='word_1_299' title='bbox 1657 2361 1786 2400; x_wconf 85' lang='lat' dir='ltr'><strong>vero</strong></span> <span class='ocrx_word' id='word_1_300' title='bbox 1841 2346 2108 2419; x_wconf 79' lang='lat' dir='ltr'><strong>Hierony-</strong></span> 
     </span>
    </p>
   </div>
   <div class='ocr_carea' id='block_1_38' title="bbox 530 2435 2106 2510">
    <p class='ocr_par' dir='ltr' id='par_1_38' title="bbox 530 2435 2106 2510">
     <span class='ocr_line' id='line_1_38' title="bbox 530 2435 2106 2510; baseline 0.001 -16"><span class='ocrx_word' id='word_1_301' title='bbox 530 2455 659 2495; x_wconf 86' lang='lat' dir='ltr'><strong>mus</strong></span> <span class='ocrx_word' id='word_1_302' title='bbox 689 2439 1081 2504; x_wconf 72' lang='lat' dir='ltr'><strong>Quazstionibus</strong></span> <span class='ocrx_word' id='word_1_303' title='bbox 1111 2438 1164 2490; x_wconf 85' lang='lat' dir='ltr'><strong>in</strong></span> <span class='ocrx_word' id='word_1_304' title='bbox 1197 2435 1436 2490; x_wconf 83' lang='lat' dir='ltr'><strong>Genesim</strong></span> <span class='ocrx_word' id='word_1_305' title='bbox 1456 2479 1471 2502; x_wconf 93' lang='lat'><strong>,</strong></span> <span class='ocrx_word' id='word_1_306' title='bbox 1501 2437 1644 2492; x_wconf 89' lang='lat' dir='ltr'><strong>hanc</strong></span> <span class='ocrx_word' id='word_1_307' title='bbox 1679 2437 1912 2492; x_wconf 86' lang='lat' dir='ltr'><strong>litteram</strong></span> <span class='ocrx_word' id='word_1_308' title='bbox 1965 2455 2106 2510; x_wconf 60' lang='lat' dir='ltr'><strong>saepe</strong></span> 
     </span>
    </p>
   </div>
   <div class='ocr_carea' id='block_1_39' title="bbox 533 2527 2104 2600">
    <p class='ocr_par' dir='ltr' id='par_1_39' title="bbox 533 2527 2104 2600">
     <span class='ocr_line' id='line_1_39' title="bbox 533 2527 2104 2600; baseline 0.002 -15"><span class='ocrx_word' id='word_1_309' title='bbox 533 2547 629 2600; x_wconf 90' lang='lat' dir='ltr'><strong>per</strong></span> <span class='ocrx_word' id='word_1_310' title='bbox 660 2547 688 2584; x_wconf 86' lang='lat' dir='ltr'><strong>e</strong></span> <span class='ocrx_word' id='word_1_311' title='bbox 715 2531 839 2600; x_wconf 86' lang='lat' dir='ltr'><strong>legi,</strong></span> <span class='ocrx_word' id='word_1_312' title='bbox 871 2530 1068 2598; x_wconf 66' lang='lat' dir='ltr'><strong>saepius</strong></span> <span class='ocrx_word' id='word_1_313' title='bbox 1095 2543 1224 2582; x_wconf 90' lang='lat' dir='ltr'><strong>vero</strong></span> <span class='ocrx_word' id='word_1_314' title='bbox 1253 2545 1350 2597; x_wconf 92' lang='lat' dir='ltr'><strong>per</strong></span> <span class='ocrx_word' id='word_1_315' title='bbox 1375 2545 1426 2581; x_wconf 91' lang='lat' dir='ltr'><strong>a.</strong></span> <span class='ocrx_word' id='word_1_316' title='bbox 1454 2527 1763 2598; x_wconf 83' lang='lat' dir='ltr'><strong>Aliquando</strong></span> <span class='ocrx_word' id='word_1_317' title='bbox 1787 2545 1880 2593; x_wconf 87' lang='lat' dir='ltr'><strong>per</strong></span> <span class='ocrx_word' id='word_1_318' title='bbox 1907 2549 1936 2584; x_wconf 89' lang='grc' dir='ltr'><strong><em>ο</em></strong></span> <span class='ocrx_word' id='word_1_319' title='bbox 1967 2533 2104 2588; x_wconf 85' lang='lat' dir='ltr'><strong>lecta</strong></span> 
     </span>
    </p>
   </div>
   <div class='ocr_carea' id='block_1_40' title="bbox 532 2616 2100 2694">
    <p class='ocr_par' dir='ltr' id='par_1_40' title="bbox 532 2616 2100 2694">
     <span class='ocr_line' id='line_1_40' title="bbox 532 2616 2100 2694; baseline 0.003 -22"><span class='ocrx_word' id='word_1_320' title='bbox 532 2616 1108 2688; x_wconf 86' lang='lat' dir='ltr'><strong>deprehemliturntlll</strong></span> <span class='ocrx_word' id='word_1_321' title='bbox 1142 2616 1272 2687; x_wconf 87' lang='lat' dir='ltr'><strong>Reg.</strong></span> <span class='ocrx_word' id='word_1_322' title='bbox 1297 2633 1334 2682; x_wconf 91' lang='grc' dir='ltr'>ι,</span> <span class='ocrx_word' id='word_1_323' title='bbox 1363 2618 1416 2684; x_wconf 83' lang='grc'><strong>5,</strong></span> <span class='ocrx_word' id='word_1_324' title='bbox 1450 2625 1634 2677; x_wconf 62' lang='lat' dir='ltr'><strong>nimi.</strong></span> <span class='ocrx_word' id='word_1_325' title='bbox 1664 2618 1831 2684; x_wconf 79' lang='lat' dir='ltr'><strong>LXX,</strong></span> <span class='ocrx_word' id='word_1_326' title='bbox 1870 2622 2100 2694; x_wconf 85' lang='grc' dir='ltr'><strong>Ὀρνίας.</strong></span> 
     </span>
    </p>
   </div>
   <div class='ocr_carea' id='block_1_41' title="bbox 600 2711 2101 2786">
    <p class='ocr_par' dir='ltr' id='par_1_41' title="bbox 600 2711 2101 2786">
     <span class='ocr_line' id='line_1_41' title="bbox 600 2711 2101 2786; baseline 0.005 -22"><span class='ocrx_word' id='word_1_327' title='bbox 600 2718 706 2771; x_wconf 64' lang='grc' dir='ltr'>τινι</span> <span class='ocrx_word' id='word_1_328' title='bbox 757 2711 908 2766; x_wconf 79' lang='grc' dir='ltr'><strong>ΒειΙι.</strong></span> <span class='ocrx_word' id='word_1_329' title='bbox 960 2711 1228 2766; x_wconf 86' lang='lat' dir='ltr'><strong>Eusebius</strong></span> <span class='ocrx_word' id='word_1_330' title='bbox 1271 2720 1328 2766; x_wconf 86' lang='lat' dir='ltr'><strong>et</strong></span> <span class='ocrx_word' id='word_1_331' title='bbox 1382 2713 1551 2767; x_wconf 80' lang='lat' dir='ltr'><strong>codex</strong></span> <span class='ocrx_word' id='word_1_332' title='bbox 1599 2711 1712 2767; x_wconf 85' lang='lat' dir='ltr'><strong>Jes.</strong></span> <span class='ocrx_word' id='word_1_333' title='bbox 1768 2713 1898 2784; x_wconf 76' lang='grc' dir='ltr'><strong>βήθο</strong></span> <span class='ocrx_word' id='word_1_334' title='bbox 1957 2717 2101 2786; x_wconf 88' lang='lat' dir='ltr'><strong>alph.</strong></span> 
     </span>
    </p>
   </div>
   <div class='ocr_carea' id='block_1_42' title="bbox 533 2800 2106 2878">
    <p class='ocr_par' dir='ltr' id='par_1_42' title="bbox 533 2800 2106 2878">
     <span class='ocr_line' id='line_1_42' title="bbox 533 2800 2106 2878; baseline 0.004 -22"><span class='ocrx_word' id='word_1_335' title='bbox 533 2800 774 2859; x_wconf 74' lang='lat' dir='ltr'><strong>Murbac.</strong></span> <span class='ocrx_word' id='word_1_336' title='bbox 809 2820 968 2858; x_wconf 71' lang='lat' dir='ltr'><strong>nam.</strong></span> <span class='ocrx_word' id='word_1_337' title='bbox 1007 2803 1242 2858; x_wconf 86' lang='lat' dir='ltr'><strong>Omnino</strong></span> <span class='ocrx_word' id='word_1_338' title='bbox 1271 2805 1560 2875; x_wconf 87' lang='lat' dir='ltr'><strong>respondet</strong></span> <span class='ocrx_word' id='word_1_339' title='bbox 1598 2805 1646 2868; x_wconf 84' lang='grc' dir='ltr'><strong>,β</strong></span> <span class='ocrx_word' id='word_1_340' title='bbox 1681 2803 1869 2861; x_wconf 62' lang='lat' dir='ltr'><strong>Graeco</strong></span> <span class='ocrx_word' id='word_1_341' title='bbox 1893 2849 1908 2871; x_wconf 94' lang='lat'><strong>,</strong></span> <span class='ocrx_word' id='word_1_342' title='bbox 1943 2818 2106 2878; x_wconf 89' lang='lat' dir='ltr'><strong>atque</strong></span> 
     </span>
    </p>
   </div>
   <div class='ocr_carea' id='block_1_43' title="bbox 532 2892 2104 2964">
    <p class='ocr_par' dir='ltr' id='par_1_43' title="bbox 532 2892 2104 2964">
     <span class='ocr_line' id='line_1_43' title="bbox 532 2892 2104 2964; baseline 0.002 -17"><span class='ocrx_word' id='word_1_343' title='bbox 532 2892 714 2958; x_wconf 89' lang='lat' dir='ltr'><strong>hodie,</strong></span> <span class='ocrx_word' id='word_1_344' title='bbox 744 2903 802 2947; x_wconf 92' lang='lat' dir='ltr'><strong>ut</strong></span> <span class='ocrx_word' id='word_1_345' title='bbox 824 2895 871 2958; x_wconf 75' lang='grc'><strong>,3</strong></span> <span class='ocrx_word' id='word_1_346' title='bbox 897 2893 1166 2958; x_wconf 73' lang='lat' dir='ltr'><strong>Grteeum,</strong></span> <span class='ocrx_word' id='word_1_347' title='bbox 1203 2911 1345 2964; x_wconf 83' lang='lat' dir='ltr'><strong>saepe</strong></span> <span class='ocrx_word' id='word_1_348' title='bbox 1381 2894 1577 2962; x_wconf 79' lang='lat' dir='ltr'><strong>legitur</strong></span> <span class='ocrx_word' id='word_1_349' title='bbox 1608 2909 1706 2962; x_wconf 90' lang='lat' dir='ltr'><strong>per</strong></span> <span class='ocrx_word' id='word_1_350' title='bbox 1737 2910 1768 2946; x_wconf 94' lang='lat' dir='ltr'><strong>v</strong></span> <span class='ocrx_word' id='word_1_351' title='bbox 1799 2911 2104 2951; x_wconf 87' lang='lat' dir='ltr'><strong>consonan-</strong></span> 
     </span>
    </p>
   </div>
   <div class='ocr_carea' id='block_1_44' title="bbox 521 2986 1826 3058">
    <p class='ocr_par' dir='ltr' id='par_1_44' title="bbox 521 2986 1826 3058">
     <span class='ocr_line' id='line_1_44' title="bbox 521 2986 1826 3058; baseline 0.002 -20"><span class='ocrx_word' id='word_1_352' title='bbox 521 2992 662 3049; x_wconf 84' lang='lat' dir='ltr'><strong>‘tem,</strong></span> <span class='ocrx_word' id='word_1_353' title='bbox 693 2986 908 3054; x_wconf 89' lang='lat' dir='ltr'><strong>quando</strong></span> <span class='ocrx_word' id='word_1_354' title='bbox 932 2987 1136 3042; x_wconf 90' lang='lat' dir='ltr'><strong>scilicet</strong></span> <span class='ocrx_word' id='word_1_355' title='bbox 1169 3005 1276 3042; x_wconf 90' lang='lat' dir='ltr'><strong>non</strong></span> <span class='ocrx_word' id='word_1_356' title='bbox 1310 2997 1394 3042; x_wconf 90' lang='lat' dir='ltr'><strong>est</strong></span> <span class='ocrx_word' id='word_1_357' title='bbox 1419 2989 1826 3058; x_wconf 88' lang='lat' dir='ltr'><strong>daghessatum.</strong></span> 
     </span>
    </p>
   </div>
   <div class='ocr_carea' id='block_1_45' title="bbox 2209 1881 3783 1956">
    <p class='ocr_par' dir='ltr' id='par_1_45' title="bbox 2209 1881 3783 1956">
     <span class='ocr_line' id='line_1_45' title="bbox 2209 1881 3783 1956; baseline 0.006 -22"><span class='ocrx_word' id='word_1_358' title='bbox 2209 1882 2345 1934; x_wconf 78' lang='lat' dir='ltr'><strong>sicut</strong></span> <span class='ocrx_word' id='word_1_359' title='bbox 2380 1881 2514 1934; x_wconf 85' lang='lat' dir='ltr'><strong>illud</strong></span> <span class='ocrx_word' id='word_1_360' title='bbox 2552 1892 2646 1948; x_wconf 86' lang='lat' dir='ltr'><strong>est,</strong></span> <span class='ocrx_word' id='word_1_361' title='bbox 2679 1899 2773 1952; x_wconf 86' lang='lat' dir='ltr'><strong>pro</strong></span> <span class='ocrx_word' id='word_1_362' title='bbox 2805 1882 3042 1947; x_wconf 81' lang='lat' dir='ltr'><strong>Hebron,</strong></span> <span class='ocrx_word' id='word_1_363' title='bbox 3075 1885 3347 1952; x_wconf 88' lang='lat' dir='ltr'><strong>Chebron,</strong></span> <span class='ocrx_word' id='word_1_364' title='bbox 3373 1898 3421 1940; x_wconf 88' lang='lat' dir='ltr'><strong>et</strong></span> <span class='ocrx_word' id='word_1_365' title='bbox 3451 1903 3549 1956; x_wconf 87' lang='lat' dir='ltr'><strong>pro</strong></span> <span class='ocrx_word' id='word_1_366' title='bbox 3574 1886 3783 1954; x_wconf 83' lang='lat' dir='ltr'><strong>Jeriho,</strong></span> 
     </span>
    </p>
   </div>
   <div class='ocr_carea' id='block_1_46' title="bbox 2205 1970 3785 2050">
    <p class='ocr_par' dir='ltr' id='par_1_46' title="bbox 2205 1970 3785 2050">
     <span class='ocr_line' id='line_1_46' title="bbox 2205 1970 3785 2050; baseline 0.006 -24"><span class='ocrx_word' id='word_1_367' title='bbox 2205 1970 2444 2040; x_wconf 74' lang='lat' dir='ltr'><strong>Iericho,</strong></span> <span class='ocrx_word' id='word_1_368' title='bbox 2470 1983 2519 2026; x_wconf 86' lang='lat' dir='ltr'><strong>et</strong></span> <span class='ocrx_word' id='word_1_369' title='bbox 2548 1975 2770 2028; x_wconf 80' lang='lat' dir='ltr'><strong>similia.</strong></span> <span class='ocrx_word' id='word_1_370' title='bbox 2801 1973 2928 2038; x_wconf 77' lang='lat' dir='ltr'><strong>Alii,</strong></span> <span class='ocrx_word' id='word_1_371' title='bbox 2965 1979 3201 2032; x_wconf 80' lang='lat' dir='ltr'><strong>maxime</strong></span> <span class='ocrx_word' id='word_1_372' title='bbox 3230 1993 3358 2032; x_wconf 90' lang='lat' dir='ltr'><strong>vero</strong></span> <span class='ocrx_word' id='word_1_373' title='bbox 3397 1979 3591 2049; x_wconf 85' lang='lat' dir='ltr'><strong>Aquila</strong></span> <span class='ocrx_word' id='word_1_374' title='bbox 3617 2020 3632 2043; x_wconf 88' lang='lat'><strong>,</strong></span> <span class='ocrx_word' id='word_1_375' title='bbox 3685 1996 3785 2050; x_wconf 90' lang='lat' dir='ltr'><strong>pro</strong></span> 
     </span>
    </p>
   </div>
   <div class='ocr_carea' id='block_1_47' title="bbox 2207 2063 3783 2134">
    <p class='ocr_par' dir='ltr' id='par_1_47' title="bbox 2207 2063 3783 2134">
     <span class='ocr_line' id='line_1_47' title="bbox 2207 2063 3783 2134; baseline 0.005 -16"><span class='ocrx_word' id='word_1_376' title='bbox 2207 2063 2445 2134; x_wconf 67' lang='lat' dir='ltr'><strong>aSpirata</strong></span> <span class='ocrx_word' id='word_1_377' title='bbox 2479 2066 2712 2130; x_wconf 89' lang='lat' dir='ltr'><strong>habent;</strong></span> <span class='ocrx_word' id='word_1_378' title='bbox 2740 2082 2802 2122; x_wconf 90' lang='lat' dir='ltr'><strong>ac</strong></span> <span class='ocrx_word' id='word_1_379' title='bbox 2836 2076 2896 2122; x_wconf 90' lang='lat' dir='ltr'><strong>ut</strong></span> <span class='ocrx_word' id='word_1_380' title='bbox 2922 2069 3216 2122; x_wconf 87' lang='lat' dir='ltr'><strong>verisimile</strong></span> <span class='ocrx_word' id='word_1_381' title='bbox 3247 2079 3351 2133; x_wconf 85' lang='lat' dir='ltr'><strong>est,</strong></span> <span class='ocrx_word' id='word_1_382' title='bbox 3403 2070 3561 2126; x_wconf 92' lang='lat' dir='ltr'><strong>initio</strong></span> <span class='ocrx_word' id='word_1_383' title='bbox 3589 2072 3783 2126; x_wconf 88' lang='lat' dir='ltr'><strong>dictio-</strong></span> 
     </span>
    </p>
   </div>
   <div class='ocr_carea' id='block_1_48' title="bbox 2207 2156 3786 2229">
    <p class='ocr_par' dir='ltr' id='par_1_48' title="bbox 2207 2156 3786 2229">
     <span class='ocr_line' id='line_1_48' title="bbox 2207 2156 3786 2229; baseline 0.003 -21"><span class='ocrx_word' id='word_1_384' title='bbox 2207 2169 2337 2208; x_wconf 89' lang='lat' dir='ltr'><strong>num</strong></span> <span class='ocrx_word' id='word_1_385' title='bbox 2369 2170 2462 2223; x_wconf 88' lang='lat' dir='ltr'><strong>per</strong></span> <span class='ocrx_word' id='word_1_386' title='bbox 2496 2156 2747 2224; x_wconf 90' lang='lat' dir='ltr'><strong>spiritum</strong></span> <span class='ocrx_word' id='word_1_387' title='bbox 2783 2156 3011 2211; x_wconf 89' lang='lat' dir='ltr'><strong>densum</strong></span> <span class='ocrx_word' id='word_1_388' title='bbox 3035 2157 3366 2225; x_wconf 87' lang='lat' dir='ltr'><strong>indicabant,</strong></span> <span class='ocrx_word' id='word_1_389' title='bbox 3390 2157 3646 2229; x_wconf 88' lang='lat' dir='ltr'><strong>licetjam</strong></span> <span class='ocrx_word' id='word_1_390' title='bbox 3673 2160 3786 2226; x_wconf 85' lang='lat' dir='ltr'><strong>spi-</strong></span> 
     </span>
    </p>
   </div>
   <div class='ocr_carea' id='block_1_49' title="bbox 2205 2246 3784 2316">
    <p class='ocr_par' dir='ltr' id='par_1_49' title="bbox 2205 2246 3784 2316">
     <span class='ocr_line' id='line_1_49' title="bbox 2205 2246 3784 2316; baseline 0.004 -16"><span class='ocrx_word' id='word_1_391' title='bbox 2205 2246 2409 2300; x_wconf 88' lang='lat' dir='ltr'><strong>rituum</strong></span> <span class='ocrx_word' id='word_1_392' title='bbox 2442 2246 2756 2315; x_wconf 89' lang='lat' dir='ltr'><strong>hujusmodi</strong></span> <span class='ocrx_word' id='word_1_393' title='bbox 2794 2249 3247 2304; x_wconf 89' lang='lat' dir='ltr'><strong>commutationes</strong></span> <span class='ocrx_word' id='word_1_394' title='bbox 3292 2251 3507 2316; x_wconf 67' lang='lat' dir='ltr'><strong>multae,</strong></span> <span class='ocrx_word' id='word_1_395' title='bbox 3546 2252 3784 2307; x_wconf 79' lang='lat' dir='ltr'><strong>maxime</strong></span> 
     </span>
    </p>
   </div>
   <div class='ocr_carea' id='block_1_50' title="bbox 2207 2335 3785 2412">
    <p class='ocr_par' dir='ltr' id='par_1_50' title="bbox 2207 2335 3785 2412">
     <span class='ocr_line' id='line_1_50' title="bbox 2207 2335 3785 2412; baseline 0.004 -22"><span class='ocrx_word' id='word_1_396' title='bbox 2207 2335 2262 2390; x_wconf 92' lang='lat' dir='ltr'><strong>in</strong></span> <span class='ocrx_word' id='word_1_397' title='bbox 2293 2338 2604 2393; x_wconf 89' lang='lat' dir='ltr'><strong>nominibus</strong></span> <span class='ocrx_word' id='word_1_398' title='bbox 2634 2340 2888 2408; x_wconf 84' lang='lat' dir='ltr'><strong>prOpriis,</strong></span> <span class='ocrx_word' id='word_1_399' title='bbox 2928 2341 3400 2410; x_wconf 89' lang='lat' dir='ltr'><strong>deprehendantur</strong></span> <span class='ocrx_word' id='word_1_400' title='bbox 3430 2362 3442 2396; x_wconf 84' lang='lat'><strong>:</strong></span> <span class='ocrx_word' id='word_1_401' title='bbox 3475 2343 3600 2412; x_wconf 88' lang='lat' dir='ltr'><strong>quia</strong></span> <span class='ocrx_word' id='word_1_402' title='bbox 3635 2343 3785 2398; x_wconf 88' lang='lat' dir='ltr'><strong>enim</strong></span> 
     </span>
    </p>
   </div>
   <div class='ocr_carea' id='block_1_51' title="bbox 2206 2425 3779 2504">
    <p class='ocr_par' dir='ltr' id='par_1_51' title="bbox 2206 2425 3779 2504">
     <span class='ocr_line' id='line_1_51' title="bbox 2206 2425 3779 2504; baseline 0.004 -22"><span class='ocrx_word' id='word_1_403' title='bbox 2206 2425 2334 2482; x_wconf 88' lang='lat' dir='ltr'><strong>olim</strong></span> <span class='ocrx_word' id='word_1_404' title='bbox 2387 2425 2638 2497; x_wconf 89' lang='lat' dir='ltr'><strong>Origcnis</strong></span> <span class='ocrx_word' id='word_1_405' title='bbox 2687 2437 2947 2500; x_wconf 89' lang='lat' dir='ltr'><strong>tempore,</strong></span> <span class='ocrx_word' id='word_1_406' title='bbox 2995 2440 3048 2485; x_wconf 90' lang='lat' dir='ltr'><strong>et</strong></span> <span class='ocrx_word' id='word_1_407' title='bbox 3084 2432 3289 2501; x_wconf 87' lang='lat' dir='ltr'><strong>aliquot</strong></span> <span class='ocrx_word' id='word_1_408' title='bbox 3329 2441 3452 2501; x_wconf 89' lang='lat' dir='ltr'><strong>post</strong></span> <span class='ocrx_word' id='word_1_409' title='bbox 3489 2432 3779 2504; x_wconf 80' lang='lat' dir='ltr'><strong>Origenem</strong></span> 
     </span>
    </p>
   </div>
   <div class='ocr_carea' id='block_1_52' title="bbox 2207 2520 3783 2593">
    <p class='ocr_par' dir='ltr' id='par_1_52' title="bbox 2207 2520 3783 2593">
     <span class='ocr_line' id='line_1_52' title="bbox 2207 2520 3783 2593; baseline 0.004 -20"><span class='ocrx_word' id='word_1_410' title='bbox 2207 2520 2442 2587; x_wconf 63' lang='lat' dir='ltr'><strong>sacculis,</strong></span> <span class='ocrx_word' id='word_1_411' title='bbox 2478 2522 2807 2591; x_wconf 84' lang='lat' dir='ltr'><strong>exemplaria</strong></span> <span class='ocrx_word' id='word_1_412' title='bbox 2838 2523 3020 2576; x_wconf 88' lang='lat' dir='ltr'><strong>omnia</strong></span> <span class='ocrx_word' id='word_1_413' title='bbox 3054 2523 3171 2579; x_wconf 90' lang='lat' dir='ltr'><strong>sine</strong></span> <span class='ocrx_word' id='word_1_414' title='bbox 3195 2524 3478 2593; x_wconf 86' lang='lat' dir='ltr'><strong>spiritibus</strong></span> <span class='ocrx_word' id='word_1_415' title='bbox 3507 2534 3560 2579; x_wconf 91' lang='lat' dir='ltr'><strong>et</strong></span> <span class='ocrx_word' id='word_1_416' title='bbox 3586 2542 3783 2580; x_wconf 84' lang='lat' dir='ltr'><strong>accen-</strong></span> 
     </span>
    </p>
   </div>
   <div class='ocr_carea' id='block_1_53' title="bbox 2205 2611 3786 2688">
    <p class='ocr_par' dir='ltr' id='par_1_53' title="bbox 2205 2611 3786 2688">
     <span class='ocr_line' id='line_1_53' title="bbox 2205 2611 3786 2688; baseline 0.006 -23"><span class='ocrx_word' id='word_1_417' title='bbox 2205 2611 2353 2666; x_wconf 86' lang='lat' dir='ltr'><strong>tibus</strong></span> <span class='ocrx_word' id='word_1_418' title='bbox 2381 2613 2854 2682; x_wconf 87' lang='lat' dir='ltr'><strong>describebantur;</strong></span> <span class='ocrx_word' id='word_1_419' title='bbox 2900 2618 3121 2688; x_wconf 87' lang='lat' dir='ltr'><strong>quando</strong></span> <span class='ocrx_word' id='word_1_420' title='bbox 3162 2617 3277 2670; x_wconf 59' lang='lat' dir='ltr'><strong>haec.</strong></span> <span class='ocrx_word' id='word_1_421' title='bbox 3314 2617 3561 2672; x_wconf 86' lang='lat' dir='ltr'><strong>adnotari</strong></span> <span class='ocrx_word' id='word_1_422' title='bbox 3601 2634 3786 2688; x_wconf 70' lang='lat' dir='ltr'><strong>cmpe-</strong></span> 
     </span>
    </p>
   </div>
   <div class='ocr_carea' id='block_1_54' title="bbox 2204 2706 3782 2780">
    <p class='ocr_par' dir='ltr' id='par_1_54' title="bbox 2204 2706 3782 2780">
     <span class='ocr_line' id='line_1_54' title="bbox 2204 2706 3782 2780; baseline 0.005 -21"><span class='ocrx_word' id='word_1_423' title='bbox 2204 2714 2354 2772; x_wconf 84' lang='lat' dir='ltr'><strong>runt,</strong></span> <span class='ocrx_word' id='word_1_424' title='bbox 2375 2706 2689 2776; x_wconf 86' lang='lat' dir='ltr'><strong>calligraphi</strong></span> <span class='ocrx_word' id='word_1_425' title='bbox 2729 2723 2824 2763; x_wconf 88' lang='lat' dir='ltr'><strong>eos</strong></span> <span class='ocrx_word' id='word_1_426' title='bbox 2849 2709 3072 2778; x_wconf 85' lang='lat' dir='ltr'><strong>spiritus</strong></span> <span class='ocrx_word' id='word_1_427' title='bbox 3109 2711 3163 2763; x_wconf 90' lang='lat' dir='ltr'><strong>in</strong></span> <span class='ocrx_word' id='word_1_428' title='bbox 3199 2710 3510 2766; x_wconf 85' lang='lat' dir='ltr'><strong>nominibus</strong></span> <span class='ocrx_word' id='word_1_429' title='bbox 3543 2711 3782 2780; x_wconf 86' lang='lat' dir='ltr'><strong>prOpriis</strong></span> 
     </span>
    </p>
   </div>
   <div class='ocr_carea' id='block_1_55' title="bbox 2203 2800 3784 2869">
    <p class='ocr_par' dir='ltr' id='par_1_55' title="bbox 2203 2800 3784 2869">
     <span class='ocr_line' id='line_1_55' title="bbox 2203 2800 3784 2869; baseline 0.007 -19"><span class='ocrx_word' id='word_1_430' title='bbox 2203 2809 2525 2865; x_wconf 87' lang='lat' dir='ltr'><strong>posuerunt,</strong></span> <span class='ocrx_word' id='word_1_431' title='bbox 2556 2800 2650 2868; x_wconf 89' lang='lat' dir='ltr'><strong>qui</strong></span> <span class='ocrx_word' id='word_1_432' title='bbox 2688 2801 2924 2869; x_wconf 90' lang='lat' dir='ltr'><strong>primum</strong></span> <span class='ocrx_word' id='word_1_433' title='bbox 2959 2801 3010 2854; x_wconf 91' lang='lat' dir='ltr'><strong>in</strong></span> <span class='ocrx_word' id='word_1_434' title='bbox 3048 2810 3284 2856; x_wconf 90' lang='lat' dir='ltr'><strong>mentem</strong></span> <span class='ocrx_word' id='word_1_435' title='bbox 3315 2803 3623 2858; x_wconf 85' lang='lat' dir='ltr'><strong>veniebant.</strong></span> <span class='ocrx_word' id='word_1_436' title='bbox 3668 2803 3784 2860; x_wconf 92' lang='lat' dir='ltr'><strong>llac</strong></span> 
     </span>
    </p>
   </div>
   <div class='ocr_carea' id='block_1_56' title="bbox 2203 2890 3782 2966">
    <p class='ocr_par' dir='ltr' id='par_1_56' title="bbox 2203 2890 3782 2966">
     <span class='ocr_line' id='line_1_56' title="bbox 2203 2890 3782 2966; baseline 0.006 -24"><span class='ocrx_word' id='word_1_437' title='bbox 2203 2897 2385 2943; x_wconf 86' lang='lat' dir='ltr'><strong>autem</strong></span> <span class='ocrx_word' id='word_1_438' title='bbox 2437 2890 2492 2944; x_wconf 91' lang='lat' dir='ltr'><strong>in</strong></span> <span class='ocrx_word' id='word_1_439' title='bbox 2545 2905 2602 2944; x_wconf 89' lang='lat' dir='ltr'><strong>re</strong></span> <span class='ocrx_word' id='word_1_440' title='bbox 2654 2892 2866 2946; x_wconf 89' lang='lat' dir='ltr'><strong>codices</strong></span> <span class='ocrx_word' id='word_1_441' title='bbox 2908 2893 3078 2947; x_wconf 90' lang='lat' dir='ltr'><strong>secuti</strong></span> <span class='ocrx_word' id='word_1_442' title='bbox 3109 2909 3338 2960; x_wconf 89' lang='lat' dir='ltr'><strong>sumus,</strong></span> <span class='ocrx_word' id='word_1_443' title='bbox 3375 2896 3516 2949; x_wconf 91' lang='lat' dir='ltr'><strong>male</strong></span> <span class='ocrx_word' id='word_1_444' title='bbox 3571 2897 3782 2966; x_wconf 84' lang='lat' dir='ltr'><strong>positos</strong></span> 
     </span>
    </p>
   </div>
   <div class='ocr_carea' id='block_1_57' title="bbox 2203 2979 3780 3051">
    <p class='ocr_par' dir='ltr' id='par_1_57' title="bbox 2203 2979 3780 3051">
     <span class='ocr_line' id='line_1_57' title="bbox 2203 2979 3780 3051; baseline 0.007 -19"><span class='ocrx_word' id='word_1_445' title='bbox 2203 2979 2357 3036; x_wconf 89' lang='lat' dir='ltr'><strong>lenes</strong></span> <span class='ocrx_word' id='word_1_446' title='bbox 2383 2981 2607 3051; x_wconf 88' lang='lat' dir='ltr'><strong>spiritus</strong></span> <span class='ocrx_word' id='word_1_447' title='bbox 2635 2983 2925 3038; x_wconf 88' lang='lat' dir='ltr'><strong>emendare</strong></span> <span class='ocrx_word' id='word_1_448' title='bbox 2951 2999 3059 3038; x_wconf 91' lang='lat' dir='ltr'><strong>non</strong></span> <span class='ocrx_word' id='word_1_449' title='bbox 3094 2985 3235 3039; x_wconf 92' lang='lat' dir='ltr'><strong>ausi.</strong></span> <span class='ocrx_word' id='word_1_450' title='bbox 3274 2984 3326 3038; x_wconf 90' lang='lat' dir='ltr'><strong>In</strong></span> <span class='ocrx_word' id='word_1_451' title='bbox 3375 2986 3551 3039; x_wconf 89' lang='lat' dir='ltr'><strong>medio</strong></span> <span class='ocrx_word' id='word_1_452' title='bbox 3581 2988 3780 3043; x_wconf 86' lang='lat' dir='ltr'><strong>dictio-</strong></span> 
     </span>
    </p>
   </div>
   <div class='ocr_carea' id='block_1_58' title="bbox 600 3062 2101 3174">
    <p class='ocr_par' dir='ltr' id='par_1_58' title="bbox 600 3062 2100 3151">
     <span class='ocr_line' id='line_1_58' title="bbox 600 3062 2100 3151; baseline 0.001 -16"><span class='ocrx_word' id='word_1_453' title='bbox 600 3062 735 3142; x_wconf 57' lang='lat' dir='ltr'><strong>‘mu</strong></span> <span class='ocrx_word' id='word_1_454' title='bbox 763 3080 986 3134; x_wconf 76' lang='lat' dir='ltr'><strong>Gliimel.</strong></span> <span class='ocrx_word' id='word_1_455' title='bbox 1021 3079 1290 3136; x_wconf 86' lang='lat' dir='ltr'><strong>Eusebius</strong></span> <span class='ocrx_word' id='word_1_456' title='bbox 1321 3081 1485 3151; x_wconf 79' lang='grc' dir='ltr'><strong>γίμελ</strong></span> <span class='ocrx_word' id='word_1_457' title='bbox 1516 3081 1666 3149; x_wconf 82' lang='lat' dir='ltr'><strong>legit,</strong></span> <span class='ocrx_word' id='word_1_458' title='bbox 1690 3081 1882 3136; x_wconf 83' lang='lat' dir='ltr'><strong>codex.</strong></span> <span class='ocrx_word' id='word_1_459' title='bbox 1905 3079 2100 3136; x_wconf 82' lang='lat' dir='ltr'><strong>Jesuit.</strong></span> 
     </span>
    </p>
   </div>
   <div class='ocr_carea' id='block_1_59' title="bbox 2203 3062 3778 3174">
    <p class='ocr_par' dir='ltr' id='par_1_59' title="bbox 2207 3072 3778 3146">
     <span class='ocr_line' id='line_1_59' title="bbox 2207 3072 3778 3146; baseline 0.005 -23"><span class='ocrx_word' id='word_1_460' title='bbox 2207 3086 2335 3124; x_wconf 90' lang='lat' dir='ltr'><strong>num</strong></span> <span class='ocrx_word' id='word_1_461' title='bbox 2369 3072 2601 3127; x_wconf 86' lang='lat' dir='ltr'><strong>litteram</strong></span> <span class='ocrx_word' id='word_1_462' title='bbox 2636 3083 2677 3134; x_wconf 80' lang='grc' dir='ltr'>Π</span> <span class='ocrx_word' id='word_1_463' title='bbox 2711 3073 2928 3128; x_wconf 89' lang='lat' dir='ltr'><strong>nonnisi</strong></span> <span class='ocrx_word' id='word_1_464' title='bbox 2958 3090 3054 3144; x_wconf 86' lang='lat' dir='ltr'><strong>per</strong></span> <span class='ocrx_word' id='word_1_465' title='bbox 3089 3075 3333 3129; x_wconf 77' lang='lat' dir='ltr'><strong>vocalem</strong></span> <span class='ocrx_word' id='word_1_466' title='bbox 3358 3076 3778 3146; x_wconf 53' lang='lat' dir='ltr'><strong>exprimeigant;</strong></span> 
     </span>
    </p>
   </div>
   <div class='ocr_carea' id='block_1_60' title="bbox 535 3169 2104 3241">
    <p class='ocr_par' dir='ltr' id='par_1_60' title="bbox 535 3169 2104 3241">
     <span class='ocr_line' id='line_1_60' title="bbox 535 3169 2104 3241; baseline 0.001 -19"><span class='ocrx_word' id='word_1_467' title='bbox 535 3170 690 3241; x_wconf 86' lang='grc' dir='ltr'><strong>γιμλ,</strong></span> <span class='ocrx_word' id='word_1_468' title='bbox 750 3171 1096 3240; x_wconf 86' lang='lat' dir='ltr'><strong>alphabetum</strong></span> <span class='ocrx_word' id='word_1_469' title='bbox 1125 3171 1482 3226; x_wconf 85' lang='lat' dir='ltr'><strong>Murbacense</strong></span> <span class='ocrx_word' id='word_1_470' title='bbox 1526 3186 1720 3225; x_wconf 69' lang='lat' dir='ltr'><strong>esum.</strong></span> <span class='ocrx_word' id='word_1_471' title='bbox 1769 3169 2104 3241; x_wconf 78' lang='lat' dir='ltr'><strong>Exprimitur</strong></span> 
     </span>
    </p>
   </div>
   <div class='ocr_carea' id='block_1_61' title="bbox 530 3262 1221 3332">
    <p class='ocr_par' dir='ltr' id='par_1_61' title="bbox 530 3262 1221 3332">
     <span class='ocr_line' id='line_1_61' title="bbox 530 3262 1221 3332; baseline 0.003 -14"><span class='ocrx_word' id='word_1_472' title='bbox 530 3278 742 3332; x_wconf 79' lang='lat' dir='ltr'><strong>semper</strong></span> <span class='ocrx_word' id='word_1_473' title='bbox 772 3279 867 3332; x_wconf 87' lang='lat' dir='ltr'><strong>per</strong></span> <span class='ocrx_word' id='word_1_474' title='bbox 890 3282 928 3332; x_wconf 81' lang='grc' dir='ltr'><em>γ</em></span> <span class='ocrx_word' id='word_1_475' title='bbox 953 3262 1221 3320; x_wconf 68' lang='lat' dir='ltr'><strong>Graecum.</strong></span> 
     </span>
    </p>
   </div>
   <div class='ocr_carea' id='block_1_62' title="bbox 597 3337 2101 3423">
    <p class='ocr_par' dir='ltr' id='par_1_62' title="bbox 597 3337 2101 3423">
     <span class='ocr_line' id='line_1_62' title="bbox 597 3337 2101 3423; baseline 0.001 -17"><span class='ocrx_word' id='word_1_476' title='bbox 597 3337 705 3413; x_wconf 65' lang='lat' dir='ltr'><strong>n‘n</strong></span> <span class='ocrx_word' id='word_1_477' title='bbox 731 3352 941 3407; x_wconf 84' lang='lat' dir='ltr'><strong>Daleth.</strong></span> <span class='ocrx_word' id='word_1_478' title='bbox 971 3351 1240 3410; x_wconf 86' lang='lat' dir='ltr'><strong>Eusebius</strong></span> <span class='ocrx_word' id='word_1_479' title='bbox 1281 3361 1338 3408; x_wconf 90' lang='lat' dir='ltr'><strong>et</strong></span> <span class='ocrx_word' id='word_1_480' title='bbox 1371 3352 1543 3408; x_wconf 82' lang='lat' dir='ltr'><strong>codex</strong></span> <span class='ocrx_word' id='word_1_481' title='bbox 1575 3351 1686 3407; x_wconf 80' lang='lat' dir='ltr'><strong>Jes.</strong></span> <span class='ocrx_word' id='word_1_482' title='bbox 1727 3351 1847 3405; x_wconf 79' lang='grc' dir='ltr'><strong>δὲλθ</strong></span> <span class='ocrx_word' id='word_1_483' title='bbox 1897 3352 2101 3423; x_wconf 83' lang='lat' dir='ltr'><strong>legunt,</strong></span> 
     </span>
    </p>
   </div>
   <div class='ocr_carea' id='block_1_63' title="bbox 533 3441 2104 3512">
    <p class='ocr_par' dir='ltr' id='par_1_63' title="bbox 533 3441 2104 3512">
     <span class='ocr_line' id='line_1_63' title="bbox 533 3441 2104 3512; baseline 0.001 -16"><span class='ocrx_word' id='word_1_484' title='bbox 533 3455 827 3510; x_wconf 86' lang='lat' dir='ltr'><strong>suppressa</strong></span> <span class='ocrx_word' id='word_1_485' title='bbox 852 3452 1126 3512; x_wconf 89' lang='lat' dir='ltr'><strong>postrema</strong></span> <span class='ocrx_word' id='word_1_486' title='bbox 1151 3441 1326 3497; x_wconf 84' lang='lat' dir='ltr'><strong>vocali</strong></span> <span class='ocrx_word' id='word_1_487' title='bbox 1351 3441 1732 3512; x_wconf 88' lang='lat' dir='ltr'><strong>;alphabetutn</strong></span> <span class='ocrx_word' id='word_1_488' title='bbox 1749 3441 2104 3498; x_wconf 86' lang='lat' dir='ltr'><strong>Murbaeense</strong></span> 
     </span>
    </p>
   </div>
   <div class='ocr_carea' id='block_1_64' title="bbox 531 3532 1460 3604">
    <p class='ocr_par' dir='ltr' id='par_1_64' title="bbox 531 3532 1460 3604">
     <span class='ocr_line' id='line_1_64' title="bbox 531 3532 1460 3604; baseline -0.002 -15"><span class='ocrx_word' id='word_1_489' title='bbox 531 3547 765 3589; x_wconf 79' lang='lat' dir='ltr'><strong>DELETll.</strong></span> <span class='ocrx_word' id='word_1_490' title='bbox 809 3535 1026 3604; x_wconf 86' lang='lat' dir='ltr'><strong>Legitur</strong></span> <span class='ocrx_word' id='word_1_491' title='bbox 1051 3532 1204 3604; x_wconf 72' lang='grc' dir='ltr'><strong>ρει-δ</strong></span> <span class='ocrx_word' id='word_1_492' title='bbox 1237 3535 1460 3603; x_wconf 82' lang='lat' dir='ltr'><strong>ubique.</strong></span> 
     </span>
    </p>
   </div>
   <div class='ocr_carea' id='block_1_65' title="bbox 599 3625 2103 3696">
    <p class='ocr_par' dir='ltr' id='par_1_65' title="bbox 599 3625 2103 3696">
     <span class='ocr_line' id='line_1_65' title="bbox 599 3625 2103 3696; baseline -0.002 -12"><span class='ocrx_word' id='word_1_493' title='bbox 599 3636 677 3685; x_wconf 63' lang='lat' dir='ltr'><strong>an</strong></span> <span class='ocrx_word' id='word_1_494' title='bbox 708 3625 806 3680; x_wconf 80' lang='lat' dir='ltr'><strong>Ile.</strong></span> <span class='ocrx_word' id='word_1_495' title='bbox 844 3625 1112 3683; x_wconf 90' lang='lat' dir='ltr'><strong>Eusebius</strong></span> <span class='ocrx_word' id='word_1_496' title='bbox 1155 3635 1208 3682; x_wconf 91' lang='lat' dir='ltr'><strong>et</strong></span> <span class='ocrx_word' id='word_1_497' title='bbox 1245 3628 1369 3683; x_wconf 92' lang='lat' dir='ltr'><strong>cod.</strong></span> <span class='ocrx_word' id='word_1_498' title='bbox 1401 3626 1511 3682; x_wconf 86' lang='lat' dir='ltr'><strong>Jes.</strong></span> <span class='ocrx_word' id='word_1_499' title='bbox 1560 3643 1666 3682; x_wconf 88' lang='lat' dir='ltr'><strong>una</strong></span> <span class='ocrx_word' id='word_1_500' title='bbox 1703 3628 1882 3682; x_wconf 91' lang='lat' dir='ltr'><strong>littera</strong></span> <span class='ocrx_word' id='word_1_501' title='bbox 1925 3646 1964 3696; x_wconf 86' lang='grc' dir='ltr'><strong>η</strong></span> <span class='ocrx_word' id='word_1_502' title='bbox 2008 3644 2103 3682; x_wconf 80' lang='lat' dir='ltr'><strong>ex-</strong></span> 
     </span>
    </p>
   </div>
   <div class='ocr_carea' id='block_1_66' title="bbox 533 3717 2097 3789">
    <p class='ocr_par' dir='ltr' id='par_1_66' title="bbox 533 3717 2097 3789">
     <span class='ocr_line' id='line_1_66' title="bbox 533 3717 2097 3789; baseline 0.003 -20"><span class='ocrx_word' id='word_1_503' title='bbox 533 3717 797 3786; x_wconf 86' lang='lat' dir='ltr'><strong>primunt.</strong></span> <span class='ocrx_word' id='word_1_504' title='bbox 851 3718 1090 3788; x_wconf 88' lang='lat' dir='ltr'><strong>Uterque</strong></span> <span class='ocrx_word' id='word_1_505' title='bbox 1135 3734 1258 3774; x_wconf 90' lang='lat' dir='ltr'><strong>cum</strong></span> <span class='ocrx_word' id='word_1_506' title='bbox 1308 3719 1498 3788; x_wconf 91' lang='lat' dir='ltr'><strong>spiritu</strong></span> <span class='ocrx_word' id='word_1_507' title='bbox 1545 3719 1712 3774; x_wconf 88' lang='lat' dir='ltr'><strong>denso</strong></span> <span class='ocrx_word' id='word_1_508' title='bbox 1752 3720 1813 3787; x_wconf 79' lang='grc' dir='ltr'><strong>ή.</strong></span> <span class='ocrx_word' id='word_1_509' title='bbox 1867 3719 2097 3789; x_wconf 78' lang='lat' dir='ltr'><strong>Alphab.</strong></span> 
     </span>
    </p>
   </div>
   <div class='ocr_carea' id='block_1_67' title="bbox 529 3805 2102 3880">
    <p class='ocr_par' dir='ltr' id='par_1_67' title="bbox 529 3805 2102 3880">
     <span class='ocr_line' id='line_1_67' title="bbox 529 3805 2102 3880; baseline 0.003 -21"><span class='ocrx_word' id='word_1_510' title='bbox 529 3805 773 3863; x_wconf 86' lang='lat' dir='ltr'><strong>Murbae.</strong></span> <span class='ocrx_word' id='word_1_511' title='bbox 817 3824 906 3862; x_wconf 81' lang='grc' dir='ltr'>ιιε.</span> <span class='ocrx_word' id='word_1_512' title='bbox 938 3807 1064 3863; x_wconf 73' lang='lat' dir='ltr'><strong>Hzec</strong></span> <span class='ocrx_word' id='word_1_513' title='bbox 1087 3823 1250 3878; x_wconf 90' lang='lat' dir='ltr'><strong>porro</strong></span> <span class='ocrx_word' id='word_1_514' title='bbox 1287 3809 1464 3864; x_wconf 87' lang='lat' dir='ltr'><strong>littera</strong></span> <span class='ocrx_word' id='word_1_515' title='bbox 1491 3811 1688 3878; x_wconf 57' lang='lat' dir='ltr'><strong>sapius</strong></span> <span class='ocrx_word' id='word_1_516' title='bbox 1730 3826 1826 3880; x_wconf 89' lang='lat' dir='ltr'><strong>per</strong></span> <span class='ocrx_word' id='word_1_517' title='bbox 1865 3827 1892 3864; x_wconf 87' lang='lat' dir='ltr'><strong>e</strong></span> <span class='ocrx_word' id='word_1_518' title='bbox 1920 3811 2102 3880; x_wconf 75' lang='lat' dir='ltr'><strong>expri—</strong></span> 
     </span>
    </p>
   </div>
   <div class='ocr_carea' id='block_1_68' title="bbox 529 3898 2101 3971">
    <p class='ocr_par' dir='ltr' id='par_1_68' title="bbox 529 3898 2101 3971">
     <span class='ocr_line' id='line_1_68' title="bbox 529 3898 2101 3971; baseline 0.002 -19"><span class='ocrx_word' id='word_1_519' title='bbox 529 3898 800 3966; x_wconf 89' lang='lat' dir='ltr'><strong>mebatur,</strong></span> <span class='ocrx_word' id='word_1_520' title='bbox 830 3915 970 3970; x_wconf 69' lang='lat' dir='ltr'><strong>saepe</strong></span> <span class='ocrx_word' id='word_1_521' title='bbox 994 3901 1157 3955; x_wconf 90' lang='lat' dir='ltr'><strong>etiam</strong></span> <span class='ocrx_word' id='word_1_522' title='bbox 1188 3917 1284 3971; x_wconf 90' lang='lat' dir='ltr'><strong>per</strong></span> <span class='ocrx_word' id='word_1_523' title='bbox 1317 3919 1371 3967; x_wconf 89' lang='lat' dir='ltr'><strong>a,</strong></span> <span class='ocrx_word' id='word_1_524' title='bbox 1402 3911 1536 3956; x_wconf 88' lang='lat' dir='ltr'><strong>teste</strong></span> <span class='ocrx_word' id='word_1_525' title='bbox 1559 3900 1780 3956; x_wconf 87' lang='lat' dir='ltr'><strong>Hieron.</strong></span> <span class='ocrx_word' id='word_1_526' title='bbox 1819 3901 2020 3967; x_wconf 73' lang='lat' dir='ltr'><strong>Quam.</strong></span> <span class='ocrx_word' id='word_1_527' title='bbox 2044 3905 2101 3955; x_wconf 86' lang='lat' dir='ltr'><strong>in</strong></span> 
     </span>
    </p>
   </div>
   <div class='ocr_carea' id='block_1_69' title="bbox 529 3988 2101 4067">
    <p class='ocr_par' dir='ltr' id='par_1_69' title="bbox 529 3988 2101 4067">
     <span class='ocr_line' id='line_1_69' title="bbox 529 3988 2101 4067; baseline 0.004 -23"><span class='ocrx_word' id='word_1_528' title='bbox 529 3988 662 4045; x_wconf 82' lang='lat' dir='ltr'><strong>Gen.</strong></span> <span class='ocrx_word' id='word_1_529' title='bbox 705 3991 1054 4048; x_wconf 89' lang='lat' dir='ltr'><strong>Canticorum</strong></span> <span class='ocrx_word' id='word_1_530' title='bbox 1104 4006 1285 4050; x_wconf 90' lang='lat' dir='ltr'><strong>autem</strong></span> <span class='ocrx_word' id='word_1_531' title='bbox 1324 4009 1429 4060; x_wconf 53' lang='lat' dir='ltr'><strong>vu»,</strong></span> <span class='ocrx_word' id='word_1_532' title='bbox 1455 3993 1518 4059; x_wconf 89' lang='lat'><strong>6,</strong></span> <span class='ocrx_word' id='word_1_533' title='bbox 1559 4002 1794 4055; x_wconf 62' lang='grc' dir='ltr'><strong>εγω-πει.</strong></span> <span class='ocrx_word' id='word_1_534' title='bbox 1823 3995 1954 4067; x_wconf 73' lang='lat' dir='ltr'><strong>legit</strong></span> <span class='ocrx_word' id='word_1_535' title='bbox 1977 3996 2101 4067; x_wconf 88' lang='lat' dir='ltr'><strong>qui-</strong></span> 
     </span>
    </p>
   </div>
   <div class='ocr_carea' id='block_1_70' title="bbox 526 4080 1447 4156">
    <p class='ocr_par' dir='ltr' id='par_1_70' title="bbox 526 4080 1447 4156">
     <span class='ocr_line' id='line_1_70' title="bbox 526 4080 1447 4156; baseline -0.001 -17"><span class='ocrx_word' id='word_1_536' title='bbox 526 4083 652 4139; x_wconf 89' lang='lat' dir='ltr'><strong>dam</strong></span> <span class='ocrx_word' id='word_1_537' title='bbox 679 4095 835 4141; x_wconf 85' lang='lat' dir='ltr'><strong>vetus</strong></span> <span class='ocrx_word' id='word_1_538' title='bbox 865 4087 1132 4155; x_wconf 85' lang='lat' dir='ltr'><strong>interpres</strong></span> <span class='ocrx_word' id='word_1_539' title='bbox 1166 4080 1447 4156; x_wconf 75' lang='grc' dir='ltr'><strong>βερατείρῖ.</strong></span> 
     </span>
    </p>
   </div>
   <div class='ocr_carea' id='block_1_71' title="bbox 595 4176 2098 4251">
    <p class='ocr_par' dir='ltr' id='par_1_71' title="bbox 595 4176 2098 4251">
     <span class='ocr_line' id='line_1_71' title="bbox 595 4176 2098 4251; baseline 0.003 -20"><span class='ocrx_word' id='word_1_540' title='bbox 595 4185 642 4238; x_wconf 84' lang='lat' dir='ltr'><strong>&#39;n</strong></span> <span class='ocrx_word' id='word_1_541' title='bbox 686 4176 819 4232; x_wconf 86' lang='lat' dir='ltr'><strong>Vau.</strong></span> <span class='ocrx_word' id='word_1_542' title='bbox 854 4178 1121 4233; x_wconf 84' lang='lat' dir='ltr'><strong>Eusebius</strong></span> <span class='ocrx_word' id='word_1_543' title='bbox 1154 4188 1208 4232; x_wconf 90' lang='lat' dir='ltr'><strong>et</strong></span> <span class='ocrx_word' id='word_1_544' title='bbox 1241 4179 1364 4234; x_wconf 88' lang='lat' dir='ltr'><strong>cod.</strong></span> <span class='ocrx_word' id='word_1_545' title='bbox 1399 4177 1511 4234; x_wconf 83' lang='lat' dir='ltr'><strong>Jes.</strong></span> <span class='ocrx_word' id='word_1_546' title='bbox 1551 4179 1684 4233; x_wconf 82' lang='grc' dir='ltr'><strong>οὒαῦ</strong></span> <span class='ocrx_word' id='word_1_547' title='bbox 1709 4219 1723 4244; x_wconf 94' lang='grc'>,</span> <span class='ocrx_word' id='word_1_548' title='bbox 1757 4180 1901 4251; x_wconf 87' lang='lat' dir='ltr'><strong>alph.</strong></span> <span class='ocrx_word' id='word_1_549' title='bbox 1949 4180 2098 4236; x_wconf 83' lang='lat' dir='ltr'><strong>Mur-</strong></span> 
     </span>
    </p>
   </div>
   <div class='ocr_carea' id='block_1_72' title="bbox 526 4268 2097 4342">
    <p class='ocr_par' dir='ltr' id='par_1_72' title="bbox 526 4268 2097 4342">
     <span class='ocr_line' id='line_1_72' title="bbox 526 4268 2097 4342; baseline 0.004 -18"><span class='ocrx_word' id='word_1_550' title='bbox 526 4268 647 4325; x_wconf 88' lang='lat' dir='ltr'><strong>bac.</strong></span> <span class='ocrx_word' id='word_1_551' title='bbox 696 4287 820 4326; x_wconf 78' lang='lat' dir='ltr'><strong>vw.</strong></span> <span class='ocrx_word' id='word_1_552' title='bbox 866 4269 993 4325; x_wconf 70' lang='lat' dir='ltr'><strong>Haac</strong></span> <span class='ocrx_word' id='word_1_553' title='bbox 1032 4271 1210 4326; x_wconf 88' lang='lat' dir='ltr'><strong>littera</strong></span> <span class='ocrx_word' id='word_1_554' title='bbox 1258 4287 1538 4342; x_wconf 88' lang='lat' dir='ltr'><strong>nunquam</strong></span> <span class='ocrx_word' id='word_1_555' title='bbox 1587 4275 1941 4330; x_wconf 90' lang='lat' dir='ltr'><strong>consonantis</strong></span> <span class='ocrx_word' id='word_1_556' title='bbox 1981 4276 2097 4330; x_wconf 84' lang='lat' dir='ltr'><strong>vice</strong></span> 
     </span>
    </p>
   </div>
   <div class='ocr_carea' id='block_1_73' title="bbox 524 4359 2096 4436">
    <p class='ocr_par' dir='ltr' id='par_1_73' title="bbox 524 4359 2096 4436">
     <span class='ocr_line' id='line_1_73' title="bbox 524 4359 2096 4436; baseline 0.004 -20"><span class='ocrx_word' id='word_1_557' title='bbox 524 4359 770 4433; x_wconf 80' lang='lat' dir='ltr'><strong>fungitur</strong></span> <span class='ocrx_word' id='word_1_558' title='bbox 795 4363 850 4416; x_wconf 91' lang='lat' dir='ltr'><strong>in</strong></span> <span class='ocrx_word' id='word_1_559' title='bbox 878 4361 1196 4433; x_wconf 81' lang='lat' dir='ltr'><strong>fragmentis</strong></span> <span class='ocrx_word' id='word_1_560' title='bbox 1232 4379 1328 4434; x_wconf 91' lang='lat' dir='ltr'><strong>per</strong></span> <span class='ocrx_word' id='word_1_561' title='bbox 1373 4364 1591 4420; x_wconf 74' lang='lat' dir='ltr'><strong>Graecos</strong></span> <span class='ocrx_word' id='word_1_562' title='bbox 1636 4365 1923 4436; x_wconf 87' lang='lat' dir='ltr'><strong>descriptis</strong></span> <span class='ocrx_word' id='word_1_563' title='bbox 1947 4408 1962 4434; x_wconf 95' lang='lat'><strong>,</strong></span> <span class='ocrx_word' id='word_1_564' title='bbox 1996 4383 2096 4423; x_wconf 91' lang='lat' dir='ltr'><strong>nec</strong></span> 
     </span>
    </p>
   </div>
   <div class='ocr_carea' id='block_1_74' title="bbox 2207 3165 3780 3241">
    <p class='ocr_par' dir='ltr' id='par_1_74' title="bbox 2207 3165 3780 3241">
     <span class='ocr_line' id='line_1_74' title="bbox 2207 3165 3780 3241; baseline 0.004 -23"><span class='ocrx_word' id='word_1_565' title='bbox 2207 3165 2425 3218; x_wconf 80' lang='lat' dir='ltr'><strong>Unicum</strong></span> <span class='ocrx_word' id='word_1_566' title='bbox 2451 3173 2629 3219; x_wconf 87' lang='lat' dir='ltr'><strong>tamen</strong></span> <span class='ocrx_word' id='word_1_567' title='bbox 2655 3167 2920 3234; x_wconf 87' lang='lat' dir='ltr'><strong>reperitur</strong></span> <span class='ocrx_word' id='word_1_568' title='bbox 2949 3168 3255 3236; x_wconf 85' lang='lat' dir='ltr'><strong>exemplum</strong></span> <span class='ocrx_word' id='word_1_569' title='bbox 3285 3169 3373 3223; x_wconf 88' lang='lat' dir='ltr'><strong>ubi</strong></span> <span class='ocrx_word' id='word_1_570' title='bbox 3415 3170 3780 3241; x_wconf 78' lang='lat' dir='ltr'><strong>Symmachus</strong></span> 
     </span>
    </p>
   </div>
   <div class='ocr_carea' id='block_1_75' title="bbox 2205 3256 3781 3333">
    <p class='ocr_par' dir='ltr' id='par_1_75' title="bbox 2205 3256 3781 3333">
     <span class='ocr_line' id='line_1_75' title="bbox 2205 3256 3781 3333; baseline 0.004 -25"><span class='ocrx_word' id='word_1_571' title='bbox 2205 3271 2392 3309; x_wconf 86' lang='lat' dir='ltr'><strong>vocem</strong></span> <span class='ocrx_word' id='word_1_572' title='bbox 2423 3264 2572 3317; x_wconf 57' lang='lat' dir='ltr'><strong>Dim:</strong></span> <span class='ocrx_word' id='word_1_573' title='bbox 2598 3256 2775 3326; x_wconf 76' lang='grc' dir='ltr'><strong>ὠχεὶμ</strong></span> <span class='ocrx_word' id='word_1_574' title='bbox 2806 3258 2950 3326; x_wconf 83' lang='lat' dir='ltr'><strong>legit,</strong></span> <span class='ocrx_word' id='word_1_575' title='bbox 2977 3273 3167 3327; x_wconf 79' lang='lat' dir='ltr'><strong>nempe</strong></span> <span class='ocrx_word' id='word_1_576' title='bbox 3191 3257 3313 3314; x_wconf 84' lang='lat' dir='ltr'><strong>lsai.</strong></span> <span class='ocrx_word' id='word_1_577' title='bbox 3340 3277 3460 3326; x_wconf 79' lang='lat' dir='ltr'><strong>xm,</strong></span> <span class='ocrx_word' id='word_1_578' title='bbox 3498 3263 3587 3315; x_wconf 77' lang='lat' dir='ltr'><strong>2i.</strong></span> <span class='ocrx_word' id='word_1_579' title='bbox 3621 3262 3781 3333; x_wconf 85' lang='lat' dir='ltr'><strong>Initio</strong></span> 
     </span>
    </p>
   </div>
   <div class='ocr_carea' id='block_1_76' title="bbox 2207 3347 3782 3422">
    <p class='ocr_par' dir='ltr' id='par_1_76' title="bbox 2207 3347 3782 3422">
     <span class='ocr_line' id='line_1_76' title="bbox 2207 3347 3782 3422; baseline 0.006 -22"><span class='ocrx_word' id='word_1_580' title='bbox 2207 3363 2420 3411; x_wconf 89' lang='lat' dir='ltr'><strong>vocum,</strong></span> <span class='ocrx_word' id='word_1_581' title='bbox 2451 3359 2508 3401; x_wconf 86' lang='lat' dir='ltr'><strong>ut</strong></span> <span class='ocrx_word' id='word_1_582' title='bbox 2535 3347 2666 3409; x_wconf 86' lang='lat' dir='ltr'><strong>dixi,</strong></span> <span class='ocrx_word' id='word_1_583' title='bbox 2698 3349 2934 3402; x_wconf 85' lang='lat' dir='ltr'><strong>vocalem</strong></span> <span class='ocrx_word' id='word_1_584' title='bbox 2958 3365 3064 3420; x_wconf 88' lang='lat' dir='ltr'><strong>qua</strong></span> <span class='ocrx_word' id='word_1_585' title='bbox 3092 3351 3319 3404; x_wconf 86' lang='lat' dir='ltr'><strong>litteram</strong></span> <span class='ocrx_word' id='word_1_586' title='bbox 3345 3364 3385 3414; x_wconf 81' lang='grc' dir='ltr'><strong>Π</strong></span> <span class='ocrx_word' id='word_1_587' title='bbox 3404 3355 3782 3422; x_wconf 77' lang='lat' dir='ltr'><strong>exprimebant</strong></span> 
     </span>
    </p>
   </div>
   <div class='ocr_carea' id='block_1_77' title="bbox 2195 3440 3779 3515">
    <p class='ocr_par' dir='ltr' id='par_1_77' title="bbox 2195 3440 3779 3515">
     <span class='ocr_line' id='line_1_77' title="bbox 2195 3440 3779 3515; baseline 0.006 -22"><span class='ocrx_word' id='word_1_588' title='bbox 2195 3440 2448 3508; x_wconf 77' lang='lat' dir='ltr'><strong>aspirare</strong></span> <span class='ocrx_word' id='word_1_589' title='bbox 2471 3440 2716 3494; x_wconf 89' lang='lat' dir='ltr'><strong>solebant</strong></span> <span class='ocrx_word' id='word_1_590' title='bbox 2747 3459 2759 3496; x_wconf 91' lang='lat'><strong>:</strong></span> <span class='ocrx_word' id='word_1_591' title='bbox 2794 3457 2856 3496; x_wconf 91' lang='lat' dir='ltr'><strong>ea</strong></span> <span class='ocrx_word' id='word_1_592' title='bbox 2894 3457 3058 3512; x_wconf 86' lang='lat' dir='ltr'><strong>porro</strong></span> <span class='ocrx_word' id='word_1_593' title='bbox 3091 3442 3294 3498; x_wconf 81' lang='lat' dir='ltr'><strong>vocalis</strong></span> <span class='ocrx_word' id='word_1_594' title='bbox 3335 3454 3453 3500; x_wconf 89' lang='lat' dir='ltr'><strong>erat</strong></span> <span class='ocrx_word' id='word_1_595' title='bbox 3482 3446 3779 3515; x_wconf 85' lang='lat' dir='ltr'><strong>aliquando</strong></span> 
     </span>
    </p>
   </div>
   <div class='ocr_carea' id='block_1_78' title="bbox 2201 3517 3776 3616">
    <p class='ocr_par' dir='ltr' id='par_1_78' title="bbox 2201 3517 3776 3616">
     <span class='ocr_line' id='line_1_78' title="bbox 2201 3517 3776 3616; baseline 0.004 -31"><span class='ocrx_word' id='word_1_596' title='bbox 2201 3549 2252 3588; x_wconf 88' lang='grc' dir='ltr'><strong>ε,</strong></span> <span class='ocrx_word' id='word_1_597' title='bbox 2287 3531 2378 3588; x_wconf 89' lang='lat' dir='ltr'><strong>Sic</strong></span> <span class='ocrx_word' id='word_1_598' title='bbox 2407 3531 2540 3587; x_wconf 86' lang='lat' dir='ltr'><strong>Gen.</strong></span> <span class='ocrx_word' id='word_1_599' title='bbox 2573 3548 2642 3598; x_wconf 85' lang='grc' dir='ltr'><strong>ιι,</strong></span> <span class='ocrx_word' id='word_1_600' title='bbox 2676 3532 2764 3599; x_wconf 59' lang='lat' dir='ltr'><strong>id,</strong></span> <span class='ocrx_word' id='word_1_601' title='bbox 2799 3533 3031 3602; x_wconf 83' lang='grc' dir='ltr'><strong>ὲδδεκελ,</strong></span> <span class='ocrx_word' id='word_1_602' title='bbox 3053 3517 3233 3616; x_wconf 67' lang='lat' dir='ltr'><strong>5pm,</strong></span> <span class='ocrx_word' id='word_1_603' title='bbox 3267 3534 3460 3606; x_wconf 78' lang='lat' dir='ltr'><strong>Tigris.</strong></span> <span class='ocrx_word' id='word_1_604' title='bbox 3484 3536 3650 3593; x_wconf 83' lang='lat' dir='ltr'><strong>Josue</strong></span> <span class='ocrx_word' id='word_1_605' title='bbox 3685 3556 3776 3604; x_wconf 82' lang='lat' dir='ltr'><strong>xv,</strong></span> 
     </span>
    </p>
   </div>
   <div class='ocr_carea' id='block_1_79' title="bbox 2205 3626 3777 3702">
    <p class='ocr_par' dir='ltr' id='par_1_79' title="bbox 2205 3626 3777 3702">
     <span class='ocr_line' id='line_1_79' title="bbox 2205 3626 3777 3702; baseline 0.007 -22"><span class='ocrx_word' id='word_1_606' title='bbox 2205 3626 2294 3688; x_wconf 81' lang='lat'><strong>50,</strong></span> <span class='ocrx_word' id='word_1_607' title='bbox 2319 3637 2518 3690; x_wconf 60' lang='grc' dir='ltr'>ἥττῃ,</span> <span class='ocrx_word' id='word_1_608' title='bbox 2548 3627 2712 3697; x_wconf 83' lang='grc' dir='ltr'><strong>ὲρμά,</strong></span> <span class='ocrx_word' id='word_1_609' title='bbox 2743 3627 2963 3694; x_wconf 81' lang='lat' dir='ltr'><strong>Henna,</strong></span> <span class='ocrx_word' id='word_1_610' title='bbox 2991 3637 3045 3686; x_wconf 89' lang='lat' dir='ltr'><strong>et</strong></span> <span class='ocrx_word' id='word_1_611' title='bbox 3072 3632 3268 3686; x_wconf 90' lang='lat' dir='ltr'><strong>similia</strong></span> <span class='ocrx_word' id='word_1_612' title='bbox 3306 3648 3318 3683; x_wconf 90' lang='lat'><strong>:</strong></span> <span class='ocrx_word' id='word_1_613' title='bbox 3353 3634 3550 3702; x_wconf 88' lang='lat' dir='ltr'><strong>saepius</strong></span> <span class='ocrx_word' id='word_1_614' title='bbox 3594 3645 3777 3691; x_wconf 80' lang='lat' dir='ltr'><strong>autem</strong></span> 
     </span>
    </p>
   </div>
   <div class='ocr_carea' id='block_1_80' title="bbox 2203 3719 3782 3795">
    <p class='ocr_par' dir='ltr' id='par_1_80' title="bbox 2203 3719 3782 3795">
     <span class='ocr_line' id='line_1_80' title="bbox 2203 3719 3782 3795; baseline 0.006 -22"><span class='ocrx_word' id='word_1_615' title='bbox 2203 3738 2262 3784; x_wconf 85' lang='grc' dir='ltr'><strong>α,</strong></span> <span class='ocrx_word' id='word_1_616' title='bbox 2299 3730 2357 3774; x_wconf 92' lang='lat' dir='ltr'><strong>ut</strong></span> <span class='ocrx_word' id='word_1_617' title='bbox 2397 3720 2463 3774; x_wconf 73' lang='grc' dir='ltr'>ιγ</span> <span class='ocrx_word' id='word_1_618' title='bbox 2496 3719 2628 3791; x_wconf 86' lang='lat' dir='ltr'><strong>Reg.</strong></span> <span class='ocrx_word' id='word_1_619' title='bbox 2662 3737 2699 3786; x_wconf 88' lang='grc' dir='ltr'>ι,</span> <span class='ocrx_word' id='word_1_620' title='bbox 2737 3722 2790 3774; x_wconf 85' lang='lat'><strong>2.</strong></span> <span class='ocrx_word' id='word_1_621' title='bbox 2822 3722 3038 3791; x_wconf 63' lang='lat' dir='ltr'><strong>Aquila,</strong></span> <span class='ocrx_word' id='word_1_622' title='bbox 3082 3723 3290 3788; x_wconf 52' lang='lat' dir='ltr'><strong>’Aagt&#39;a,</strong></span> <span class='ocrx_word' id='word_1_623' title='bbox 3318 3733 3485 3786; x_wconf 63' lang='lat' dir='ltr'><strong>nimi:</strong></span> <span class='ocrx_word' id='word_1_624' title='bbox 3507 3765 3523 3789; x_wconf 82' lang='lat'><strong>,</strong></span> <span class='ocrx_word' id='word_1_625' title='bbox 3572 3731 3666 3795; x_wconf 84' lang='lat' dir='ltr'><strong>qui</strong></span> <span class='ocrx_word' id='word_1_626' title='bbox 3699 3729 3782 3783; x_wconf 65' lang='lat' dir='ltr'><strong>dio</strong></span> 
     </span>
    </p>
   </div>
   <div class='ocr_carea' id='block_1_81' title="bbox 2203 3813 3775 3890">
    <p class='ocr_par' dir='ltr' id='par_1_81' title="bbox 2203 3813 3775 3890">
     <span class='ocr_line' id='line_1_81' title="bbox 2203 3813 3775 3890; baseline 0.004 -21"><span class='ocrx_word' id='word_1_627' title='bbox 2203 3814 2344 3870; x_wconf 89' lang='lat' dir='ltr'><strong>citur</strong></span> <span class='ocrx_word' id='word_1_628' title='bbox 2366 3813 2632 3869; x_wconf 86' lang='lat' dir='ltr'><strong>Ochozias</strong></span> <span class='ocrx_word' id='word_1_629' title='bbox 2659 3815 2726 3868; x_wconf 87' lang='lat' dir='ltr'><strong>ab</strong></span> <span class='ocrx_word' id='word_1_630' title='bbox 2760 3813 3089 3886; x_wconf 80' lang='lat' dir='ltr'><strong>Hieronymo</strong></span> <span class='ocrx_word' id='word_1_631' title='bbox 3136 3825 3189 3870; x_wconf 91' lang='lat' dir='ltr'><strong>et</strong></span> <span class='ocrx_word' id='word_1_632' title='bbox 3236 3815 3418 3884; x_wconf 72' lang='lat' dir='ltr'><strong>LXX;</strong></span> <span class='ocrx_word' id='word_1_633' title='bbox 3469 3827 3523 3873; x_wconf 89' lang='lat' dir='ltr'><strong>et</strong></span> <span class='ocrx_word' id='word_1_634' title='bbox 3574 3821 3775 3890; x_wconf 88' lang='lat' dir='ltr'><strong>psalm.</strong></span> 
     </span>
    </p>
   </div>
   <div class='ocr_carea' id='block_1_82' title="bbox 2151 3903 3775 3977">
    <p class='ocr_par' dir='ltr' id='par_1_82' title="bbox 2151 3903 3775 3977">
     <span class='ocr_line' id='line_1_82' title="bbox 2151 3903 3775 3977; baseline 0.01 -27"><span class='ocrx_word' id='word_1_635' title='bbox 2151 3946 2156 3950; x_wconf 87' lang='lat'><strong>.</strong></span> <span class='ocrx_word' id='word_1_636' title='bbox 2202 3918 2292 3966; x_wconf 63' lang='grc' dir='ltr'>ιχ,</span> <span class='ocrx_word' id='word_1_637' title='bbox 2328 3903 2386 3970; x_wconf 81' lang='grc'><strong>7,</strong></span> <span class='ocrx_word' id='word_1_638' title='bbox 2418 3903 2647 3974; x_wconf 56' lang='lat' dir='ltr'><strong>specie,</strong></span> <span class='ocrx_word' id='word_1_639' title='bbox 2691 3913 2983 3971; x_wconf 65' lang='lat' dir='ltr'><strong>mrian</strong></span> <span class='ocrx_word' id='word_1_640' title='bbox 3030 3906 3225 3974; x_wconf 89' lang='lat' dir='ltr'><strong>psalm.</strong></span> <span class='ocrx_word' id='word_1_641' title='bbox 3270 3921 3403 3973; x_wconf 86' lang='lat' dir='ltr'><strong>Clll,</strong></span> <span class='ocrx_word' id='word_1_642' title='bbox 3441 3908 3542 3974; x_wconf 84' lang='lat' dir='ltr'><strong>l7,</strong></span> <span class='ocrx_word' id='word_1_643' title='bbox 3597 3910 3775 3977; x_wconf 78' lang='grc' dir='ltr'><strong>ἁσιδὰ,</strong></span> 
     </span>
    </p>
   </div>
   <div class='ocr_carea' id='block_1_83' title="bbox 2199 3995 3774 4071">
    <p class='ocr_par' dir='ltr' id='par_1_83' title="bbox 2199 3995 3774 4071">
     <span class='ocr_line' id='line_1_83' title="bbox 2199 3995 3774 4071; baseline 0.018 -33"><span class='ocrx_word' id='word_1_644' title='bbox 2199 4003 2372 4056; x_wconf 69' lang='lat' dir='ltr'><strong>mipn</strong></span> <span class='ocrx_word' id='word_1_645' title='bbox 2394 4012 2408 4062; x_wconf 87' lang='lat'><strong>;</strong></span> <span class='ocrx_word' id='word_1_646' title='bbox 2433 4004 2486 4050; x_wconf 91' lang='lat' dir='ltr'><strong>et</strong></span> <span class='ocrx_word' id='word_1_647' title='bbox 2506 3995 2707 4050; x_wconf 85' lang='lat' dir='ltr'><strong>Jerem.</strong></span> <span class='ocrx_word' id='word_1_648' title='bbox 2738 4013 2852 4071; x_wconf 62' lang='lat' dir='ltr'><strong>xui,</strong></span> <span class='ocrx_word' id='word_1_649' title='bbox 2873 3997 2928 4062; x_wconf 89' lang='lat'><strong>2,</strong></span> <span class='ocrx_word' id='word_1_650' title='bbox 2965 3997 3054 4059; x_wconf 79' lang='lat' dir='ltr'><strong>A.,</strong></span> <span class='ocrx_word' id='word_1_651' title='bbox 3087 3997 3170 4062; x_wconf 87' lang='lat' dir='ltr'><strong>S.,</strong></span> <span class='ocrx_word' id='word_1_652' title='bbox 3207 3997 3334 4064; x_wconf 88' lang='lat' dir='ltr'><strong>Th.,</strong></span> <span class='ocrx_word' id='word_1_653' title='bbox 3368 4000 3547 4071; x_wconf 74' lang='grc' dir='ltr'>ἁρσὶθ,</span> <span class='ocrx_word' id='word_1_654' title='bbox 3568 4013 3774 4070; x_wconf 53' lang='lat' dir='ltr'><strong>manu,</strong></span> 
     </span>
    </p>
   </div>
   <div class='ocr_carea' id='block_1_84' title="bbox 2205 4081 3776 4156">
    <p class='ocr_par' dir='ltr' id='par_1_84' title="bbox 2205 4081 3776 4156">
     <span class='ocr_line' id='line_1_84' title="bbox 2205 4081 3776 4156; baseline 0.006 -18"><span class='ocrx_word' id='word_1_655' title='bbox 2205 4094 2264 4139; x_wconf 89' lang='lat' dir='ltr'><strong>ut</strong></span> <span class='ocrx_word' id='word_1_656' title='bbox 2293 4101 2481 4155; x_wconf 74' lang='lat' dir='ltr'><strong>supra.</strong></span> <span class='ocrx_word' id='word_1_657' title='bbox 2515 4087 2572 4140; x_wconf 88' lang='lat' dir='ltr'><strong>lu</strong></span> <span class='ocrx_word' id='word_1_658' title='bbox 2602 4081 2779 4140; x_wconf 88' lang='lat' dir='ltr'><strong>medio</strong></span> <span class='ocrx_word' id='word_1_659' title='bbox 2807 4088 2920 4140; x_wconf 90' lang='lat' dir='ltr'><strong>sive</strong></span> <span class='ocrx_word' id='word_1_660' title='bbox 2955 4095 3077 4156; x_wconf 91' lang='lat' dir='ltr'><strong>post</strong></span> <span class='ocrx_word' id='word_1_661' title='bbox 3096 4089 3329 4156; x_wconf 88' lang='lat' dir='ltr'><strong>primam</strong></span> <span class='ocrx_word' id='word_1_662' title='bbox 3359 4089 3590 4144; x_wconf 89' lang='lat' dir='ltr'><strong>litteram</strong></span> <span class='ocrx_word' id='word_1_663' title='bbox 3625 4095 3776 4148; x_wconf 86' lang='lat' dir='ltr'><strong>vocis</strong></span> 
     </span>
    </p>
   </div>
   <div class='ocr_carea' id='block_1_85' title="bbox 2204 4175 3776 4249">
    <p class='ocr_par' dir='ltr' id='par_1_85' title="bbox 2204 4175 3776 4249">
     <span class='ocr_line' id='line_1_85' title="bbox 2204 4175 3776 4249; baseline 0.006 -21"><span class='ocrx_word' id='word_1_664' title='bbox 2204 4175 2544 4245; x_wconf 79' lang='lat' dir='ltr'><strong>frequentius</strong></span> <span class='ocrx_word' id='word_1_665' title='bbox 2566 4177 2695 4232; x_wconf 84' lang='lat' dir='ltr'><strong>evel</strong></span> <span class='ocrx_word' id='word_1_666' title='bbox 2720 4193 2778 4245; x_wconf 81' lang='grc' dir='ltr'><strong>η.</strong></span> <span class='ocrx_word' id='word_1_667' title='bbox 2808 4175 2943 4232; x_wconf 83' lang='lat' dir='ltr'><strong>Gen.</strong></span> <span class='ocrx_word' id='word_1_668' title='bbox 2979 4193 3030 4242; x_wconf 89' lang='lat' dir='ltr'><strong>v,</strong></span> <span class='ocrx_word' id='word_1_669' title='bbox 3059 4177 3113 4242; x_wconf 87' lang='lat'><strong>6,</strong></span> <span class='ocrx_word' id='word_1_670' title='bbox 3144 4179 3343 4241; x_wconf 78' lang='grc' dir='ltr'>οὑαεεὶ,</span> <span class='ocrx_word' id='word_1_671' title='bbox 3375 4188 3502 4248; x_wconf 72' lang='grc' dir='ltr'>ιηη,</span> <span class='ocrx_word' id='word_1_672' title='bbox 3529 4191 3578 4235; x_wconf 89' lang='lat' dir='ltr'><strong>et</strong></span> <span class='ocrx_word' id='word_1_673' title='bbox 3609 4183 3776 4249; x_wconf 75' lang='lat' dir='ltr'><strong>vixit;</strong></span> 
     </span>
    </p>
   </div>
   <div class='ocr_carea' id='block_1_86' title="bbox 2201 4255 3774 4343">
    <p class='ocr_par' dir='ltr' id='par_1_86' title="bbox 2201 4255 3774 4343">
     <span class='ocr_line' id='line_1_86' title="bbox 2201 4255 3774 4343; baseline 0.005 -20"><span class='ocrx_word' id='word_1_674' title='bbox 2201 4267 2269 4323; x_wconf 86' lang='lat' dir='ltr'><strong>IIl</strong></span> <span class='ocrx_word' id='word_1_675' title='bbox 2298 4268 2429 4341; x_wconf 87' lang='lat' dir='ltr'><strong>Reg.</strong></span> <span class='ocrx_word' id='word_1_676' title='bbox 2459 4287 2496 4336; x_wconf 89' lang='lat' dir='ltr'><strong>I,</strong></span> <span class='ocrx_word' id='word_1_677' title='bbox 2527 4271 2580 4336; x_wconf 90' lang='lat'><strong>9,</strong></span> <span class='ocrx_word' id='word_1_678' title='bbox 2615 4270 2706 4336; x_wconf 87' lang='lat' dir='ltr'><strong>A.,</strong></span> <span class='ocrx_word' id='word_1_679' title='bbox 2733 4269 2791 4324; x_wconf 93' lang='lat' dir='ltr'><strong>S.</strong></span> <span class='ocrx_word' id='word_1_680' title='bbox 2814 4311 2828 4336; x_wconf 93' lang='lat'><strong>,</strong></span> <span class='ocrx_word' id='word_1_681' title='bbox 2867 4269 3088 4335; x_wconf 79' lang='grc' dir='ltr'><strong>ζωελὲθ,</strong></span> <span class='ocrx_word' id='word_1_682' title='bbox 3130 4255 3292 4333; x_wconf 62' lang='lat' dir='ltr'><strong>nSn&#39;r.</strong></span> <span class='ocrx_word' id='word_1_683' title='bbox 3329 4271 3473 4327; x_wconf 88' lang='lat' dir='ltr'><strong>Psal.</strong></span> <span class='ocrx_word' id='word_1_684' title='bbox 3526 4291 3600 4329; x_wconf 89' lang='lat' dir='ltr'><strong>vu</strong></span> <span class='ocrx_word' id='word_1_685' title='bbox 3626 4316 3641 4342; x_wconf 92' lang='lat'><strong>,</strong></span> <span class='ocrx_word' id='word_1_686' title='bbox 3684 4277 3774 4343; x_wconf 77' lang='grc'><strong>15,</strong></span> 
     </span>
    </p>
   </div>
   <div class='ocr_carea' id='block_1_87' title="bbox 2201 4346 3774 4433">
    <p class='ocr_par' dir='ltr' id='par_1_87' title="bbox 2201 4346 3774 4433">
     <span class='ocr_line' id='line_1_87' title="bbox 2201 4346 3774 4433; baseline 0.005 -18"><span class='ocrx_word' id='word_1_687' title='bbox 2201 4361 2372 4426; x_wconf 76' lang='grc' dir='ltr'><strong>ῑεϐάλ,</strong></span> <span class='ocrx_word' id='word_1_688' title='bbox 2403 4346 2572 4428; x_wconf 59' lang='grc' dir='ltr'>’νει-ιη</span> <span class='ocrx_word' id='word_1_689' title='bbox 2608 4361 2730 4417; x_wconf 82' lang='lat' dir='ltr'><strong>lsai.</strong></span> <span class='ocrx_word' id='word_1_690' title='bbox 2764 4378 2854 4427; x_wconf 80' lang='lat' dir='ltr'><strong>xv,</strong></span> <span class='ocrx_word' id='word_1_691' title='bbox 2892 4363 2946 4426; x_wconf 82' lang='lat'><strong>5,</strong></span> <span class='ocrx_word' id='word_1_692' title='bbox 2970 4361 3060 4428; x_wconf 86' lang='lat' dir='ltr'><strong>A.,</strong></span> <span class='ocrx_word' id='word_1_693' title='bbox 3089 4362 3289 4430; x_wconf 80' lang='grc' dir='ltr'>λουείθ,</span> <span class='ocrx_word' id='word_1_694' title='bbox 3337 4350 3495 4425; x_wconf 63' lang='grc' dir='ltr'><strong>τιἭὺ</strong></span> <span class='ocrx_word' id='word_1_695' title='bbox 3517 4407 3533 4433; x_wconf 95' lang='grc'>,</span> <span class='ocrx_word' id='word_1_696' title='bbox 3571 4383 3774 4424; x_wconf 82' lang='lat' dir='ltr'><strong>nomen</strong></span> 
     </span>
    </p>
   </div>
   <div class='ocr_carea' id='block_1_88' title="bbox 524 4452 3775 4538">
    <p class='ocr_par' dir='ltr' id='par_1_88' title="bbox 524 4452 3775 4538">
     <span class='ocr_line' id='line_1_88' title="bbox 524 4452 3775 4538; baseline 0.001 -28"><span class='ocrx_word' id='word_1_697' title='bbox 524 4453 864 4538; x_wconf 81' lang='lat' dir='ltr'><strong>lungiposse</strong></span> <span class='ocrx_word' id='word_1_698' title='bbox 911 4455 1155 4523; x_wconf 90' lang='lat' dir='ltr'><strong>videtur,</strong></span> <span class='ocrx_word' id='word_1_699' title='bbox 1200 4457 1646 4527; x_wconf 90' lang='lat' dir='ltr'><strong>quandoquidem</strong></span> <span class='ocrx_word' id='word_1_700' title='bbox 1698 4458 1852 4514; x_wconf 89' lang='lat' dir='ltr'><strong>initio</strong></span> <span class='ocrx_word' id='word_1_701' title='bbox 1897 4476 2092 4515; x_wconf 90' lang='lat' dir='ltr'><strong>vocum</strong></span> <span class='ocrx_word' id='word_1_702' title='bbox 2125 4467 2170 4525; x_wconf 84' lang='lat'><strong>1)</strong></span> <span class='ocrx_word' id='word_1_703' title='bbox 2198 4454 2500 4524; x_wconf 90' lang='lat' dir='ltr'><strong>proprium.</strong></span> <span class='ocrx_word' id='word_1_704' title='bbox 2529 4452 2834 4524; x_wconf 79' lang='lat' dir='ltr'><strong>Aliquando</strong></span> <span class='ocrx_word' id='word_1_705' title='bbox 2865 4453 3030 4507; x_wconf 90' lang='lat' dir='ltr'><strong>etiam</strong></span> <span class='ocrx_word' id='word_1_706' title='bbox 3055 4469 3094 4505; x_wconf 84' lang='grc' dir='ltr'>α</span> <span class='ocrx_word' id='word_1_707' title='bbox 3128 4465 3185 4507; x_wconf 82' lang='grc' dir='ltr'>υι</span> <span class='ocrx_word' id='word_1_708' title='bbox 3215 4453 3280 4508; x_wconf 83' lang='lat' dir='ltr'><strong>IV</strong></span> <span class='ocrx_word' id='word_1_709' title='bbox 3314 4455 3445 4527; x_wconf 84' lang='lat' dir='ltr'><strong>Reg.</strong></span> <span class='ocrx_word' id='word_1_710' title='bbox 3499 4474 3538 4511; x_wconf 88' lang='grc' dir='ltr'>ι.</span> <span class='ocrx_word' id='word_1_711' title='bbox 3576 4457 3634 4512; x_wconf 91' lang='lat' dir='ltr'><strong>ln</strong></span> <span class='ocrx_word' id='word_1_712' title='bbox 3668 4459 3775 4515; x_wconf 84' lang='lat' dir='ltr'><strong>line</strong></span> 
     </span>
    </p>
   </div>
   <div class='ocr_carea' id='block_1_89' title="bbox 522 4545 2092 4622">
    <p class='ocr_par' dir='ltr' id='par_1_89' title="bbox 522 4545 2092 4622">
     <span class='ocr_line' id='line_1_89' title="bbox 522 4545 2092 4622; baseline 0.004 -24"><span class='ocrx_word' id='word_1_713' title='bbox 522 4545 845 4615; x_wconf 85' lang='lat' dir='ltr'><strong>exprimitur</strong></span> <span class='ocrx_word' id='word_1_714' title='bbox 867 4562 961 4615; x_wconf 87' lang='lat' dir='ltr'><strong>per</strong></span> <span class='ocrx_word' id='word_1_715' title='bbox 993 4551 1086 4613; x_wconf 86' lang='grc' dir='ltr'><strong>οὐ,</strong></span> <span class='ocrx_word' id='word_1_716' title='bbox 1116 4550 1320 4615; x_wconf 75' lang='grc' dir='ltr'>οὺαεεὶ,</span> <span class='ocrx_word' id='word_1_717' title='bbox 1344 4555 1480 4616; x_wconf 53' lang='lat' dir='ltr'><strong>in”,</strong></span> <span class='ocrx_word' id='word_1_718' title='bbox 1525 4561 1574 4604; x_wconf 86' lang='lat' dir='ltr'><strong>et</strong></span> <span class='ocrx_word' id='word_1_719' title='bbox 1613 4552 1743 4604; x_wconf 76' lang='lat' dir='ltr'><strong>vixit</strong></span> <span class='ocrx_word' id='word_1_720' title='bbox 1761 4568 1780 4615; x_wconf 88' lang='lat'><strong>;</strong></span> <span class='ocrx_word' id='word_1_721' title='bbox 1819 4551 2092 4622; x_wconf 79' lang='grc' dir='ltr'>οὐεσσακὴ</span> 
     </span>
    </p>
   </div>
   <div class='ocr_carea' id='block_1_90' title="bbox 519 4640 2090 4726">
    <p class='ocr_par' dir='ltr' id='par_1_90' title="bbox 519 4640 2090 4726">
     <span class='ocr_line' id='line_1_90' title="bbox 519 4640 2090 4726; baseline 0.006 -35"><span class='ocrx_word' id='word_1_722' title='bbox 519 4647 750 4726; x_wconf 59' lang='lat' dir='ltr'><strong>“part1,</strong></span> <span class='ocrx_word' id='word_1_723' title='bbox 779 4648 828 4692; x_wconf 90' lang='lat' dir='ltr'><strong>et</strong></span> <span class='ocrx_word' id='word_1_724' title='bbox 848 4640 1118 4695; x_wconf 78' lang='lat' dir='ltr'><strong>osculatus</strong></span> <span class='ocrx_word' id='word_1_725' title='bbox 1140 4649 1238 4696; x_wconf 87' lang='lat' dir='ltr'><strong>est.</strong></span> <span class='ocrx_word' id='word_1_726' title='bbox 1269 4641 1325 4695; x_wconf 92' lang='lat' dir='ltr'><strong>In</strong></span> <span class='ocrx_word' id='word_1_727' title='bbox 1353 4643 1531 4697; x_wconf 89' lang='lat' dir='ltr'><strong>medio</strong></span> <span class='ocrx_word' id='word_1_728' title='bbox 1558 4654 1739 4699; x_wconf 87' lang='lat' dir='ltr'><strong>autem</strong></span> <span class='ocrx_word' id='word_1_729' title='bbox 1779 4653 1833 4700; x_wconf 91' lang='lat' dir='ltr'><strong>et</strong></span> <span class='ocrx_word' id='word_1_730' title='bbox 1859 4647 1965 4701; x_wconf 86' lang='lat' dir='ltr'><strong>line</strong></span> <span class='ocrx_word' id='word_1_731' title='bbox 1994 4663 2090 4701; x_wconf 89' lang='lat' dir='ltr'><strong>vo-</strong></span> 
     </span>
    </p>
   </div>
   <div class='ocr_carea' id='block_1_91' title="bbox 522 4735 2088 4810">
    <p class='ocr_par' dir='ltr' id='par_1_91' title="bbox 522 4735 2088 4810">
     <span class='ocr_line' id='line_1_91' title="bbox 522 4735 2088 4810; baseline 0.006 -24"><span class='ocrx_word' id='word_1_732' title='bbox 522 4749 646 4788; x_wconf 88' lang='lat' dir='ltr'><strong>cum</strong></span> <span class='ocrx_word' id='word_1_733' title='bbox 688 4735 848 4788; x_wconf 89' lang='lat' dir='ltr'><strong>modo</strong></span> <span class='ocrx_word' id='word_1_734' title='bbox 904 4749 999 4804; x_wconf 90' lang='lat' dir='ltr'><strong>per</strong></span> <span class='ocrx_word' id='word_1_735' title='bbox 1027 4752 1100 4788; x_wconf 90' lang='lat' dir='ltr'><strong>ov</strong></span> <span class='ocrx_word' id='word_1_736' title='bbox 1121 4774 1135 4798; x_wconf 95' lang='lat'><strong>,</strong></span> <span class='ocrx_word' id='word_1_737' title='bbox 1166 4735 1350 4798; x_wconf 91' lang='lat' dir='ltr'><strong>modo,</strong></span> <span class='ocrx_word' id='word_1_738' title='bbox 1396 4745 1451 4789; x_wconf 92' lang='lat' dir='ltr'><strong>et</strong></span> <span class='ocrx_word' id='word_1_739' title='bbox 1477 4737 1696 4806; x_wconf 92' lang='lat' dir='ltr'><strong>quidem</strong></span> <span class='ocrx_word' id='word_1_740' title='bbox 1728 4736 2088 4810; x_wconf 80' lang='lat' dir='ltr'><strong>frequentius,</strong></span> 
     </span>
    </p>
   </div>
   <div class='ocr_carea' id='block_1_92' title="bbox 521 4825 1499 4896">
    <p class='ocr_par' dir='ltr' id='par_1_92' title="bbox 521 4825 1499 4896">
     <span class='ocr_line' id='line_1_92' title="bbox 521 4825 1499 4896; baseline 0 -16"><span class='ocrx_word' id='word_1_741' title='bbox 521 4841 617 4896; x_wconf 85' lang='lat' dir='ltr'><strong>per</strong></span> <span class='ocrx_word' id='word_1_742' title='bbox 644 4842 688 4878; x_wconf 91' lang='grc' dir='ltr'><em>ω</em></span> <span class='ocrx_word' id='word_1_743' title='bbox 717 4825 995 4893; x_wconf 89' lang='lat' dir='ltr'><strong>redditur;</strong></span> <span class='ocrx_word' id='word_1_744' title='bbox 1028 4843 1134 4895; x_wconf 89' lang='lat' dir='ltr'><strong>qua</strong></span> <span class='ocrx_word' id='word_1_745' title='bbox 1165 4827 1231 4882; x_wconf 89' lang='lat' dir='ltr'><strong>de</strong></span> <span class='ocrx_word' id='word_1_746' title='bbox 1252 4842 1310 4882; x_wconf 87' lang='lat' dir='ltr'><strong>re</strong></span> <span class='ocrx_word' id='word_1_747' title='bbox 1340 4827 1499 4881; x_wconf 80' lang='lat' dir='ltr'><strong>infra.</strong></span> 
     </span>
    </p>
   </div>
   <div class='ocr_carea' id='block_1_93' title="bbox 587 4917 2091 5004">
    <p class='ocr_par' dir='ltr' id='par_1_93' title="bbox 587 4917 2091 5004">
     <span class='ocr_line' id='line_1_93' title="bbox 587 4917 2091 5004; baseline 0.008 -36"><span class='ocrx_word' id='word_1_748' title='bbox 587 4924 661 5004; x_wconf 65' lang='grc' dir='ltr'>ἶιτ</span> <span class='ocrx_word' id='word_1_749' title='bbox 689 4917 843 4970; x_wconf 89' lang='lat' dir='ltr'><strong>Zain.</strong></span> <span class='ocrx_word' id='word_1_750' title='bbox 866 4917 1130 4973; x_wconf 88' lang='lat' dir='ltr'><strong>Eusebius</strong></span> <span class='ocrx_word' id='word_1_751' title='bbox 1153 4927 1207 4973; x_wconf 90' lang='lat' dir='ltr'><strong>et</strong></span> <span class='ocrx_word' id='word_1_752' title='bbox 1239 4921 1358 4976; x_wconf 94' lang='lat' dir='ltr'><strong>cod.</strong></span> <span class='ocrx_word' id='word_1_753' title='bbox 1387 4921 1498 4976; x_wconf 75' lang='lat' dir='ltr'><strong>Jes.</strong></span> <span class='ocrx_word' id='word_1_754' title='bbox 1525 4922 1865 4994; x_wconf 68' lang='lat' dir='ltr'><strong>Zatlegunt,</strong></span> <span class='ocrx_word' id='word_1_755' title='bbox 1887 4927 2091 4981; x_wconf 90' lang='lat' dir='ltr'><strong>omissa</strong></span> 
     </span>
    </p>
   </div>
   <div class='ocr_carea' id='block_1_94' title="bbox 517 5010 2088 5087">
    <p class='ocr_par' dir='ltr' id='par_1_94' title="bbox 517 5010 2088 5087">
     <span class='ocr_line' id='line_1_94' title="bbox 517 5010 2088 5087; baseline 0.005 -23"><span class='ocrx_word' id='word_1_756' title='bbox 517 5018 796 5079; x_wconf 86' lang='lat' dir='ltr'><strong>postrema</strong></span> <span class='ocrx_word' id='word_1_757' title='bbox 845 5010 1084 5066; x_wconf 90' lang='lat' dir='ltr'><strong>nominis</strong></span> <span class='ocrx_word' id='word_1_758' title='bbox 1125 5011 1326 5066; x_wconf 89' lang='lat' dir='ltr'><strong>littera.</strong></span> <span class='ocrx_word' id='word_1_759' title='bbox 1384 5011 1624 5084; x_wconf 88' lang='lat' dir='ltr'><strong>Itemque</strong></span> <span class='ocrx_word' id='word_1_760' title='bbox 1665 5013 1769 5069; x_wconf 84' lang='lat' dir='ltr'><strong>Zai</strong></span> <span class='ocrx_word' id='word_1_761' title='bbox 1808 5017 2003 5087; x_wconf 83' lang='lat' dir='ltr'><strong>legitur</strong></span> <span class='ocrx_word' id='word_1_762' title='bbox 2033 5017 2088 5072; x_wconf 90' lang='lat' dir='ltr'><strong>in</strong></span> 
     </span>
    </p>
   </div>
   <div class='ocr_carea' id='block_1_95' title="bbox 518 5100 2089 5178">
    <p class='ocr_par' dir='ltr' id='par_1_95' title="bbox 518 5100 2089 5178">
     <span class='ocr_line' id='line_1_95' title="bbox 518 5100 2089 5178; baseline 0.005 -24"><span class='ocrx_word' id='word_1_763' title='bbox 518 5101 805 5170; x_wconf 87' lang='lat' dir='ltr'><strong>alphabeto</strong></span> <span class='ocrx_word' id='word_1_764' title='bbox 831 5100 1172 5158; x_wconf 79' lang='lat' dir='ltr'><strong>Murbacensi</strong></span> <span class='ocrx_word' id='word_1_765' title='bbox 1200 5103 1346 5172; x_wconf 91' lang='lat' dir='ltr'><strong>quod</strong></span> <span class='ocrx_word' id='word_1_766' title='bbox 1368 5104 1638 5160; x_wconf 87' lang='lat' dir='ltr'><strong>edidimus</strong></span> <span class='ocrx_word' id='word_1_767' title='bbox 1672 5106 2089 5178; x_wconf 70' lang='lat' dir='ltr'><strong>Pa&#39;azoqrapliiae</strong></span> 
     </span>
    </p>
   </div>
   <div class='ocr_carea' id='block_1_96' title="bbox 520 5192 2090 5265">
    <p class='ocr_par' dir='ltr' id='par_1_96' title="bbox 520 5192 2090 5265">
     <span class='ocr_line' id='line_1_96' title="bbox 520 5192 2090 5265; baseline 0.003 -17"><span class='ocrx_word' id='word_1_768' title='bbox 520 5192 792 5262; x_wconf 71' lang='lat' dir='ltr'><strong>Crcccp.</strong></span> <span class='ocrx_word' id='word_1_769' title='bbox 819 5193 943 5248; x_wconf 76' lang='lat' dir='ltr'><strong>22L</strong></span> <span class='ocrx_word' id='word_1_770' title='bbox 990 5193 1069 5247; x_wconf 78' lang='lat' dir='ltr'><strong>Ex</strong></span> <span class='ocrx_word' id='word_1_771' title='bbox 1110 5196 1494 5265; x_wconf 86' lang='lat' dir='ltr'><strong>manuscriptis</strong></span> <span class='ocrx_word' id='word_1_772' title='bbox 1537 5214 1667 5253; x_wconf 87' lang='lat' dir='ltr'><strong>vero</strong></span> <span class='ocrx_word' id='word_1_773' title='bbox 1706 5200 1910 5255; x_wconf 80' lang='lat' dir='ltr'><strong>nostris</strong></span> <span class='ocrx_word' id='word_1_774' title='bbox 1947 5216 2090 5254; x_wconf 89' lang='lat' dir='ltr'><strong>unus</strong></span> 
     </span>
    </p>
   </div>
   <div class='ocr_carea' id='block_1_97' title="bbox 520 5285 2088 5356">
    <p class='ocr_par' dir='ltr' id='par_1_97' title="bbox 520 5285 2088 5356">
     <span class='ocr_line' id='line_1_97' title="bbox 520 5285 2088 5356; baseline 0.003 -16"><span class='ocrx_word' id='word_1_775' title='bbox 520 5303 572 5340; x_wconf 79' lang='lat' dir='ltr'><strong>rx</strong></span> <span class='ocrx_word' id='word_1_776' title='bbox 602 5285 806 5351; x_wconf 70' lang='lat' dir='ltr'><strong>saacnli,</strong></span> <span class='ocrx_word' id='word_1_777' title='bbox 829 5301 981 5340; x_wconf 90' lang='lat' dir='ltr'><strong>num.</strong></span> <span class='ocrx_word' id='word_1_778' title='bbox 1010 5287 1064 5349; x_wconf 77' lang='lat'><strong>3,</strong></span> <span class='ocrx_word' id='word_1_779' title='bbox 1091 5287 1255 5341; x_wconf 88' lang='lat' dir='ltr'><strong>habet</strong></span> <span class='ocrx_word' id='word_1_780' title='bbox 1283 5287 1420 5354; x_wconf 88' lang='lat' dir='ltr'><strong>Zai;</strong></span> <span class='ocrx_word' id='word_1_781' title='bbox 1447 5291 1604 5356; x_wconf 88' lang='lat' dir='ltr'><strong>alter,</strong></span> <span class='ocrx_word' id='word_1_782' title='bbox 1638 5307 1688 5344; x_wconf 76' lang='grc' dir='ltr'><strong>ιι</strong></span> <span class='ocrx_word' id='word_1_783' title='bbox 1727 5291 1945 5346; x_wconf 81' lang='lat' dir='ltr'><strong>circiter</strong></span> <span class='ocrx_word' id='word_1_784' title='bbox 1984 5306 2088 5345; x_wconf 78' lang='lat' dir='ltr'><strong>sa:-</strong></span> 
     </span>
    </p>
   </div>
   <div class='ocr_carea' id='block_1_98' title="bbox 517 5378 2085 5447">
    <p class='ocr_par' dir='ltr' id='par_1_98' title="bbox 517 5378 2085 5447">
     <span class='ocr_line' id='line_1_98' title="bbox 517 5378 2085 5447; baseline 0.001 -13"><span class='ocrx_word' id='word_1_785' title='bbox 517 5380 647 5447; x_wconf 83' lang='lat' dir='ltr'><strong>euli,</strong></span> <span class='ocrx_word' id='word_1_786' title='bbox 674 5394 828 5434; x_wconf 89' lang='lat' dir='ltr'><strong>num.</strong></span> <span class='ocrx_word' id='word_1_787' title='bbox 856 5379 944 5447; x_wconf 83' lang='lat' dir='ltr'><strong>l2,</strong></span> <span class='ocrx_word' id='word_1_788' title='bbox 968 5378 1095 5435; x_wconf 86' lang='lat' dir='ltr'><strong>item</strong></span> <span class='ocrx_word' id='word_1_789' title='bbox 1120 5379 1253 5445; x_wconf 84' lang='lat' dir='ltr'><strong>Zai;</strong></span> <span class='ocrx_word' id='word_1_790' title='bbox 1285 5383 1498 5445; x_wconf 89' lang='lat' dir='ltr'><strong>tertius,</strong></span> <span class='ocrx_word' id='word_1_791' title='bbox 1524 5399 1599 5438; x_wconf 79' lang='lat' dir='ltr'><strong>xu</strong></span> <span class='ocrx_word' id='word_1_792' title='bbox 1630 5382 1846 5438; x_wconf 90' lang='lat' dir='ltr'><strong>circiter</strong></span> <span class='ocrx_word' id='word_1_793' title='bbox 1879 5382 2085 5447; x_wconf 65' lang='lat' dir='ltr'><strong>seaculi,</strong></span> 
     </span>
    </p>
   </div>
   <div class='ocr_carea' id='block_1_99' title="bbox 586 5536 2087 5606">
    <p class='ocr_par' dir='ltr' id='par_1_99' title="bbox 586 5536 2087 5606">
     <span class='ocr_line' id='line_1_99' title="bbox 586 5536 2087 5606; baseline 0.001 -17"><span class='ocrx_word' id='word_1_794' title='bbox 586 5536 664 5606; x_wconf 88' lang='lat' dir='ltr'><strong>(a)</strong></span> <span class='ocrx_word' id='word_1_795' title='bbox 695 5537 828 5603; x_wconf 73' lang='lat' dir='ltr'><strong>Qua:</strong></span> <span class='ocrx_word' id='word_1_796' title='bbox 856 5537 925 5590; x_wconf 89' lang='lat' dir='ltr'><strong>ab</strong></span> <span class='ocrx_word' id='word_1_797' title='bbox 947 5536 1072 5591; x_wconf 89' lang='lat' dir='ltr'><strong>inde</strong></span> <span class='ocrx_word' id='word_1_798' title='bbox 1103 5547 1408 5606; x_wconf 84' lang='lat' dir='ltr'><strong>sequuntur</strong></span> <span class='ocrx_word' id='word_1_799' title='bbox 1449 5537 1705 5606; x_wconf 76' lang='lat' dir='ltr'><strong>praefatus</strong></span> <span class='ocrx_word' id='word_1_800' title='bbox 1744 5547 1829 5592; x_wconf 90' lang='lat' dir='ltr'><strong>est</strong></span> <span class='ocrx_word' id='word_1_801' title='bbox 1877 5536 2087 5591; x_wconf 78' lang='lat' dir='ltr'><strong>Monte-</strong></span> 
     </span>
    </p>
   </div>
   <div class='ocr_carea' id='block_1_100' title="bbox 516 5606 2088 5676">
    <p class='ocr_par' dir='ltr' id='par_1_100' title="bbox 516 5606 2088 5676">
     <span class='ocr_line' id='line_1_100' title="bbox 516 5606 2088 5676; baseline 0.001 -17"><span class='ocrx_word' id='word_1_802' title='bbox 516 5606 785 5661; x_wconf 80' lang='lat' dir='ltr'><strong>faleOnius</strong></span> <span class='ocrx_word' id='word_1_803' title='bbox 807 5607 861 5660; x_wconf 90' lang='lat' dir='ltr'><strong>in</strong></span> <span class='ocrx_word' id='word_1_804' title='bbox 897 5606 1280 5661; x_wconf 85' lang='lat' dir='ltr'><strong>Dissertatione</strong></span> <span class='ocrx_word' id='word_1_805' title='bbox 1321 5607 1832 5670; x_wconf 84' lang='lat' dir='ltr'><strong>Lexico-llebraicn,</strong></span> <span class='ocrx_word' id='word_1_806' title='bbox 1867 5609 1938 5660; x_wconf 90' lang='lat' dir='ltr'><strong>ab</strong></span> <span class='ocrx_word' id='word_1_807' title='bbox 1969 5609 2088 5676; x_wconf 86' lang='lat' dir='ltr'><strong>ipso</strong></span> 
     </span>
    </p>
   </div>
   <div class='ocr_carea' id='block_1_101' title="bbox 517 5677 2090 5747">
    <p class='ocr_par' dir='ltr' id='par_1_101' title="bbox 517 5677 2090 5747">
     <span class='ocr_line' id='line_1_101' title="bbox 517 5677 2090 5747; baseline 0 -17"><span class='ocrx_word' id='word_1_808' title='bbox 517 5679 801 5741; x_wconf 85' lang='lat' dir='ltr'><strong>adornato,</strong></span> <span class='ocrx_word' id='word_1_809' title='bbox 826 5678 1132 5747; x_wconf 65' lang='lat' dir='ltr'><strong>praemissa,</strong></span> <span class='ocrx_word' id='word_1_810' title='bbox 1159 5679 1305 5747; x_wconf 88' lang='lat' dir='ltr'><strong>quod</strong></span> <span class='ocrx_word' id='word_1_811' title='bbox 1329 5678 1393 5732; x_wconf 91' lang='lat' dir='ltr'><strong>ad</strong></span> <span class='ocrx_word' id='word_1_812' title='bbox 1423 5679 1625 5732; x_wconf 87' lang='lat' dir='ltr'><strong>calcem</strong></span> <span class='ocrx_word' id='word_1_813' title='bbox 1669 5677 1925 5747; x_wconf 88' lang='lat' dir='ltr'><strong>editionis</strong></span> <span class='ocrx_word' id='word_1_814' title='bbox 1968 5693 2090 5747; x_wconf 76' lang='lat' dir='ltr'><strong>suae</strong></span> 
     </span>
    </p>
   </div>
   <div class='ocr_carea' id='block_1_102' title="bbox 519 5746 2087 5819">
    <p class='ocr_par' dir='ltr' id='par_1_102' title="bbox 519 5746 2087 5819">
     <span class='ocr_line' id='line_1_102' title="bbox 519 5746 2087 5819; baseline 0.001 -17"><span class='ocrx_word' id='word_1_815' title='bbox 519 5748 796 5804; x_wconf 70' lang='lat' dir='ltr'><strong>eoronidis</strong></span> <span class='ocrx_word' id='word_1_816' title='bbox 822 5750 938 5803; x_wconf 87' lang='lat' dir='ltr'><strong>vice</strong></span> <span class='ocrx_word' id='word_1_817' title='bbox 963 5746 1354 5819; x_wconf 35' lang='lat' dir='ltr'><strong>posuit.’Quod</strong></span> <span class='ocrx_word' id='word_1_818' title='bbox 1379 5763 1503 5803; x_wconf 89' lang='lat' dir='ltr'><strong>cum</strong></span> <span class='ocrx_word' id='word_1_819' title='bbox 1548 5747 1806 5804; x_wconf 84' lang='lat' dir='ltr'><strong>recndere</strong></span> <span class='ocrx_word' id='word_1_820' title='bbox 1852 5746 2087 5803; x_wconf 85' lang='lat' dir='ltr'><strong>instituti</strong></span> 
     </span>
    </p>
   </div>
   <div class='ocr_carea' id='block_1_103' title="bbox 2200 4545 3773 4619">
    <p class='ocr_par' dir='ltr' id='par_1_103' title="bbox 2200 4545 3773 4619">
     <span class='ocr_line' id='line_1_103' title="bbox 2200 4545 3773 4619; baseline 0.002 -16"><span class='ocrx_word' id='word_1_821' title='bbox 2200 4557 2382 4603; x_wconf 87' lang='lat' dir='ltr'><strong>autem</strong></span> <span class='ocrx_word' id='word_1_822' title='bbox 2415 4562 2604 4602; x_wconf 89' lang='lat' dir='ltr'><strong>vocum</strong></span> <span class='ocrx_word' id='word_1_823' title='bbox 2631 4564 2662 4600; x_wconf 85' lang='grc' dir='ltr'><strong><em>ε</em></strong></span> <span class='ocrx_word' id='word_1_824' title='bbox 2684 4556 2778 4600; x_wconf 90' lang='lat' dir='ltr'><strong>aut</strong></span> <span class='ocrx_word' id='word_1_825' title='bbox 2800 4563 2838 4613; x_wconf 85' lang='grc' dir='ltr'>η</span> <span class='ocrx_word' id='word_1_826' title='bbox 2865 4545 2976 4601; x_wconf 81' lang='lat' dir='ltr'><strong>fere</strong></span> <span class='ocrx_word' id='word_1_827' title='bbox 2997 4547 3343 4616; x_wconf 73' lang='lat' dir='ltr'><strong>exprimitur,</strong></span> <span class='ocrx_word' id='word_1_828' title='bbox 3366 4549 3470 4604; x_wconf 89' lang='lat' dir='ltr'><strong>nisi</strong></span> <span class='ocrx_word' id='word_1_829' title='bbox 3511 4561 3773 4619; x_wconf 88' lang='lat' dir='ltr'><strong>sequatur</strong></span> 
     </span>
    </p>
   </div>
   <div class='ocr_carea' id='block_1_104' title="bbox 2198 4627 3771 4713">
    <p class='ocr_par' dir='ltr' id='par_1_104' title="bbox 2198 4627 3771 4713">
     <span class='ocr_line' id='line_1_104' title="bbox 2198 4627 3771 4713; baseline -0.004 -15"><span class='ocrx_word' id='word_1_830' title='bbox 2198 4649 2236 4698; x_wconf 78' lang='grc' dir='ltr'>Π</span> <span class='ocrx_word' id='word_1_831' title='bbox 2260 4640 2661 4710; x_wconf 89' lang='lat' dir='ltr'><strong>paragogicum.</strong></span> <span class='ocrx_word' id='word_1_832' title='bbox 2689 4637 2780 4694; x_wconf 90' lang='lat' dir='ltr'><strong>Sic</strong></span> <span class='ocrx_word' id='word_1_833' title='bbox 2822 4637 2956 4693; x_wconf 84' lang='lat' dir='ltr'><strong>Gen.</strong></span> <span class='ocrx_word' id='word_1_834' title='bbox 2988 4654 3071 4701; x_wconf 86' lang='grc' dir='ltr'>ιιι,</span> <span class='ocrx_word' id='word_1_835' title='bbox 3101 4639 3134 4692; x_wconf 90' lang='grc'>8</span> <span class='ocrx_word' id='word_1_836' title='bbox 3158 4682 3172 4706; x_wconf 93' lang='grc'>,</span> <span class='ocrx_word' id='word_1_837' title='bbox 3203 4639 3403 4713; x_wconf 74' lang='grc' dir='ltr'><strong>λαρουή</strong></span> <span class='ocrx_word' id='word_1_838' title='bbox 3431 4680 3446 4704; x_wconf 91' lang='grc'>,</span> <span class='ocrx_word' id='word_1_839' title='bbox 3489 4627 3654 4708; x_wconf 74' lang='lat' dir='ltr'><strong>rm&quot;),</strong></span> <span class='ocrx_word' id='word_1_840' title='bbox 3700 4646 3771 4699; x_wconf 80' lang='lat' dir='ltr'><strong>ad</strong></span> 
     </span>
    </p>
   </div>
   <div class='ocr_carea' id='block_1_105' title="bbox 2198 4727 3770 4806">
    <p class='ocr_par' dir='ltr' id='par_1_105' title="bbox 2198 4727 3770 4806">
     <span class='ocr_line' id='line_1_105' title="bbox 2198 4727 3770 4806; baseline -0.001 -19"><span class='ocrx_word' id='word_1_841' title='bbox 2198 4733 2445 4801; x_wconf 80' lang='lat' dir='ltr'><strong>spiritum</strong></span> <span class='ocrx_word' id='word_1_842' title='bbox 2475 4729 2560 4783; x_wconf 89' lang='lat' dir='ltr'><strong>vel</strong></span> <span class='ocrx_word' id='word_1_843' title='bbox 2590 4733 2658 4782; x_wconf 84' lang='lat' dir='ltr'><strong>ad</strong></span> <span class='ocrx_word' id='word_1_844' title='bbox 2686 4747 2894 4784; x_wconf 89' lang='lat' dir='ltr'><strong>auram.</strong></span> <span class='ocrx_word' id='word_1_845' title='bbox 2924 4727 3124 4784; x_wconf 87' lang='lat' dir='ltr'><strong>Psalm.</strong></span> <span class='ocrx_word' id='word_1_846' title='bbox 3167 4747 3262 4785; x_wconf 81' lang='lat' dir='ltr'><strong>vm</strong></span> <span class='ocrx_word' id='word_1_847' title='bbox 3291 4774 3305 4796; x_wconf 95' lang='lat'><strong>,</strong></span> <span class='ocrx_word' id='word_1_848' title='bbox 3334 4732 3393 4797; x_wconf 81' lang='lat' dir='ltr'><strong>l,</strong></span> <span class='ocrx_word' id='word_1_849' title='bbox 3422 4732 3770 4806; x_wconf 79' lang='grc' dir='ltr'><strong>λαμανασσὴ,</strong></span> 
     </span>
    </p>
   </div>
   <div class='ocr_carea' id='block_1_106' title="bbox 2197 4808 3769 4916">
    <p class='ocr_par' dir='ltr' id='par_1_106' title="bbox 2197 4808 3769 4916">
     <span class='ocr_line' id='line_1_106' title="bbox 2197 4808 3769 4916; baseline -0.006 -32"><span class='ocrx_word' id='word_1_850' title='bbox 2197 4808 2414 4890; x_wconf 64' lang='lat' dir='ltr'><strong>nanda,</strong></span> <span class='ocrx_word' id='word_1_851' title='bbox 2463 4823 2677 4877; x_wconf 81' lang='lat' dir='ltr'><strong>Victori.</strong></span> <span class='ocrx_word' id='word_1_852' title='bbox 2714 4823 2802 4877; x_wconf 82' lang='lat' dir='ltr'><strong>l’s.</strong></span> <span class='ocrx_word' id='word_1_853' title='bbox 2863 4839 3051 4890; x_wconf 68' lang='grc' dir='ltr'>χιι-ιιι,</span> <span class='ocrx_word' id='word_1_854' title='bbox 3088 4825 3149 4890; x_wconf 84' lang='grc'><strong>1,</strong></span> <span class='ocrx_word' id='word_1_855' title='bbox 3206 4825 3371 4897; x_wconf 75' lang='grc' dir='ltr'><strong>Κορὲ,</strong></span> <span class='ocrx_word' id='word_1_856' title='bbox 3423 4836 3561 4916; x_wconf 68' lang='grc' dir='ltr'><strong>ΠἾΡ.</strong></span> <span class='ocrx_word' id='word_1_857' title='bbox 3609 4825 3769 4885; x_wconf 80' lang='lat' dir='ltr'><strong>Deut.</strong></span> 
     </span>
    </p>
   </div>
   <div class='ocr_carea' id='block_1_107' title="bbox 2198 4913 3773 4983">
    <p class='ocr_par' dir='ltr' id='par_1_107' title="bbox 2198 4913 3773 4983">
     <span class='ocr_line' id='line_1_107' title="bbox 2198 4913 3773 4983; baseline 0.004 -12"><span class='ocrx_word' id='word_1_858' title='bbox 2198 4933 2310 4982; x_wconf 85' lang='lat' dir='ltr'><strong>xvt,</strong></span> <span class='ocrx_word' id='word_1_859' title='bbox 2337 4917 2388 4968; x_wconf 86' lang='grc'><strong>1.</strong></span> <span class='ocrx_word' id='word_1_860' title='bbox 2417 4916 2509 4978; x_wconf 83' lang='lat' dir='ltr'><strong>A.,</strong></span> <span class='ocrx_word' id='word_1_861' title='bbox 2540 4913 2695 4983; x_wconf 78' lang='grc' dir='ltr'><strong>φεσὲ,</strong></span> <span class='ocrx_word' id='word_1_862' title='bbox 2724 4924 2870 4982; x_wconf 64' lang='lat' dir='ltr'><strong>nos,</strong></span> <span class='ocrx_word' id='word_1_863' title='bbox 2905 4914 3076 4970; x_wconf 79' lang='lat' dir='ltr'><strong>Pliase</strong></span> <span class='ocrx_word' id='word_1_864' title='bbox 3103 4918 3183 4972; x_wconf 85' lang='lat' dir='ltr'><strong>vel</strong></span> <span class='ocrx_word' id='word_1_865' title='bbox 3217 4917 3446 4974; x_wconf 76' lang='lat' dir='ltr'><strong>Pascha.</strong></span> <span class='ocrx_word' id='word_1_866' title='bbox 3493 4913 3773 4978; x_wconf 67' lang='lat' dir='ltr'><strong>Malachite</strong></span> 
     </span>
    </p>
   </div>
   <div class='ocr_carea' id='block_1_108' title="bbox 2199 4994 3769 5097">
    <p class='ocr_par' dir='ltr' id='par_1_108' title="bbox 2199 4994 3769 5097">
     <span class='ocr_line' id='line_1_108' title="bbox 2199 4994 3769 5097; baseline 0.003 -34"><span class='ocrx_word' id='word_1_867' title='bbox 2199 5025 2258 5075; x_wconf 88' lang='grc' dir='ltr'><strong>ιι,</strong></span> <span class='ocrx_word' id='word_1_868' title='bbox 2299 5008 2385 5072; x_wconf 76' lang='grc'><strong>15,</strong></span> <span class='ocrx_word' id='word_1_869' title='bbox 2418 5007 2660 5079; x_wconf 72' lang='grc' dir='ltr'><strong>μασὸηή,</strong></span> <span class='ocrx_word' id='word_1_870' title='bbox 2691 5017 2848 5068; x_wconf 69' lang='lat' dir='ltr'><strong>nam</strong></span> <span class='ocrx_word' id='word_1_871' title='bbox 2880 5007 3070 5075; x_wconf 84' lang='lat' dir='ltr'><strong>altare,</strong></span> <span class='ocrx_word' id='word_1_872' title='bbox 3103 5016 3157 5063; x_wconf 90' lang='lat' dir='ltr'><strong>et</strong></span> <span class='ocrx_word' id='word_1_873' title='bbox 3191 5008 3324 5064; x_wconf 84' lang='lat' dir='ltr'><strong>ibid.</strong></span> <span class='ocrx_word' id='word_1_874' title='bbox 3579 5009 3769 5068; x_wconf 77' lang='grc' dir='ltr'><strong>λακέθ.</strong></span> 
     </span>
    </p>
   </div>
   <div class='ocr_carea' id='block_1_109' title="bbox 2196 5101 3765 5178">
    <p class='ocr_par' dir='ltr' id='par_1_109' title="bbox 2196 5101 3765 5178">
     <span class='ocr_line' id='line_1_109' title="bbox 2196 5101 3765 5178; baseline 0.004 -23"><span class='ocrx_word' id='word_1_875' title='bbox 2196 5101 2504 5170; x_wconf 83' lang='lat' dir='ltr'><strong>Aliquando</strong></span> <span class='ocrx_word' id='word_1_876' title='bbox 2532 5102 2696 5156; x_wconf 83' lang='lat' dir='ltr'><strong>etiam</strong></span> <span class='ocrx_word' id='word_1_877' title='bbox 2728 5103 3063 5172; x_wconf 69' lang='lat' dir='ltr'><strong>praeponitur</strong></span> <span class='ocrx_word' id='word_1_878' title='bbox 3088 5118 3127 5156; x_wconf 86' lang='grc' dir='ltr'><em>α</em></span> <span class='ocrx_word' id='word_1_879' title='bbox 3171 5112 3296 5158; x_wconf 90' lang='lat' dir='ltr'><strong>ante</strong></span> <span class='ocrx_word' id='word_1_880' title='bbox 3339 5121 3388 5170; x_wconf 87' lang='grc' dir='ltr'><strong>ε,</strong></span> <span class='ocrx_word' id='word_1_881' title='bbox 3447 5113 3505 5158; x_wconf 85' lang='grc' dir='ltr'><strong>ιιι</strong></span> <span class='ocrx_word' id='word_1_882' title='bbox 3531 5103 3595 5158; x_wconf 81' lang='grc' dir='ltr'>ιν</span> <span class='ocrx_word' id='word_1_883' title='bbox 3627 5104 3765 5178; x_wconf 77' lang='lat' dir='ltr'><strong>Reg.</strong></span> 
     </span>
    </p>
   </div>
   <div class='ocr_carea' id='block_1_110' title="bbox 2196 5193 2850 5264">
    <p class='ocr_par' dir='ltr' id='par_1_110' title="bbox 2196 5193 2850 5264">
     <span class='ocr_line' id='line_1_110' title="bbox 2196 5193 2850 5264; baseline -0.003 -14"><span class='ocrx_word' id='word_1_884' title='bbox 2196 5209 2273 5258; x_wconf 72' lang='lat' dir='ltr'><strong>XI,</strong></span> <span class='ocrx_word' id='word_1_885' title='bbox 2301 5193 2353 5247; x_wconf 86' lang='lat'><strong>6.</strong></span> <span class='ocrx_word' id='word_1_886' title='bbox 2381 5194 2446 5248; x_wconf 82' lang='lat' dir='ltr'><strong>A.</strong></span> <span class='ocrx_word' id='word_1_887' title='bbox 2477 5194 2672 5264; x_wconf 83' lang='grc' dir='ltr'>μεσαέ,</span> <span class='ocrx_word' id='word_1_888' title='bbox 2701 5205 2850 5256; x_wconf 68' lang='lat' dir='ltr'><strong>mn.</strong></span> 
     </span>
    </p>
   </div>
   <div class='ocr_carea' id='block_1_111' title="bbox 2263 5286 3770 5362">
    <p class='ocr_par' dir='ltr' id='par_1_111' title="bbox 2263 5286 3770 5362">
     <span class='ocr_line' id='line_1_111' title="bbox 2263 5286 3770 5362; baseline 0.001 -16"><span class='ocrx_word' id='word_1_889' title='bbox 2263 5298 2388 5346; x_wconf 66' lang='grc' dir='ltr'><strong>Ὸνιε</strong></span> <span class='ocrx_word' id='word_1_890' title='bbox 2421 5289 2568 5344; x_wconf 73' lang='lat' dir='ltr'><strong>Tetti.</strong></span> <span class='ocrx_word' id='word_1_891' title='bbox 2601 5289 2868 5345; x_wconf 88' lang='lat' dir='ltr'><strong>Eusebius</strong></span> <span class='ocrx_word' id='word_1_892' title='bbox 2892 5298 2945 5343; x_wconf 91' lang='lat' dir='ltr'><strong>et</strong></span> <span class='ocrx_word' id='word_1_893' title='bbox 2977 5289 3095 5344; x_wconf 89' lang='lat' dir='ltr'><strong>cod.</strong></span> <span class='ocrx_word' id='word_1_894' title='bbox 3114 5286 3225 5345; x_wconf 82' lang='lat' dir='ltr'><strong>Jes.</strong></span> <span class='ocrx_word' id='word_1_895' title='bbox 3249 5291 3350 5362; x_wconf 76' lang='grc' dir='ltr'><strong>τήο</strong></span> <span class='ocrx_word' id='word_1_896' title='bbox 3381 5307 3503 5347; x_wconf 90' lang='lat' dir='ltr'><strong>cum</strong></span> <span class='ocrx_word' id='word_1_897' title='bbox 3527 5292 3770 5361; x_wconf 88' lang='lat' dir='ltr'><strong>aspirata</strong></span> 
     </span>
    </p>
   </div>
   <div class='ocr_carea' id='block_1_112' title="bbox 2194 5381 3770 5453">
    <p class='ocr_par' dir='ltr' id='par_1_112' title="bbox 2194 5381 3770 5453">
     <span class='ocr_line' id='line_1_112' title="bbox 2194 5381 3770 5453; baseline 0.004 -19"><span class='ocrx_word' id='word_1_898' title='bbox 2194 5381 2238 5434; x_wconf 86' lang='grc' dir='ltr'>Θ</span> <span class='ocrx_word' id='word_1_899' title='bbox 2268 5382 2320 5435; x_wconf 92' lang='lat' dir='ltr'><strong>in</strong></span> <span class='ocrx_word' id='word_1_900' title='bbox 2354 5381 2483 5447; x_wconf 82' lang='lat' dir='ltr'><strong>line,</strong></span> <span class='ocrx_word' id='word_1_901' title='bbox 2521 5382 2868 5453; x_wconf 86' lang='lat' dir='ltr'><strong>alphabetum</strong></span> <span class='ocrx_word' id='word_1_902' title='bbox 2905 5383 3259 5438; x_wconf 82' lang='lat' dir='ltr'><strong>Murbacense</strong></span> <span class='ocrx_word' id='word_1_903' title='bbox 3287 5400 3429 5438; x_wconf 77' lang='lat' dir='ltr'><strong>TE&#39;ﬂl</strong></span> <span class='ocrx_word' id='word_1_904' title='bbox 3453 5425 3469 5452; x_wconf 89' lang='lat'><strong>,</strong></span> <span class='ocrx_word' id='word_1_905' title='bbox 3498 5383 3625 5440; x_wconf 87' lang='lat' dir='ltr'><strong>licet</strong></span> <span class='ocrx_word' id='word_1_906' title='bbox 3656 5400 3770 5441; x_wconf 89' lang='lat' dir='ltr'><strong>non</strong></span> 
     </span>
    </p>
   </div>
   <div class='ocr_carea' id='block_1_113' title="bbox 2196 5537 3764 5606">
    <p class='ocr_par' dir='ltr' id='par_1_113' title="bbox 2196 5537 3764 5606">
     <span class='ocr_line' id='line_1_113' title="bbox 2196 5537 3764 5606; baseline 0.003 -14"><span class='ocrx_word' id='word_1_907' title='bbox 2196 5537 2370 5592; x_wconf 85' lang='lat' dir='ltr'><strong>nostri</strong></span> <span class='ocrx_word' id='word_1_908' title='bbox 2391 5552 2497 5591; x_wconf 94' lang='lat' dir='ltr'><strong>non</strong></span> <span class='ocrx_word' id='word_1_909' title='bbox 2535 5537 2626 5601; x_wconf 91' lang='lat' dir='ltr'><strong>sit,</strong></span> <span class='ocrx_word' id='word_1_910' title='bbox 2658 5544 2844 5606; x_wconf 91' lang='lat' dir='ltr'><strong>utpote</strong></span> <span class='ocrx_word' id='word_1_911' title='bbox 2873 5537 2966 5606; x_wconf 89' lang='lat' dir='ltr'><strong>qui</strong></span> <span class='ocrx_word' id='word_1_912' title='bbox 3004 5537 3116 5606; x_wconf 89' lang='lat' dir='ltr'><strong>jam</strong></span> <span class='ocrx_word' id='word_1_913' title='bbox 3157 5537 3394 5596; x_wconf 76' lang='lat' dir='ltr'><strong>Lexieon</strong></span> <span class='ocrx_word' id='word_1_914' title='bbox 3435 5538 3764 5597; x_wconf 82' lang='lat' dir='ltr'><strong>Hebraicum</strong></span> 
     </span>
    </p>
   </div>
   <div class='ocr_carea' id='block_1_114' title="bbox 2198 5608 3765 5677">
    <p class='ocr_par' dir='ltr' id='par_1_114' title="bbox 2198 5608 3765 5677">
     <span class='ocr_line' id='line_1_114' title="bbox 2198 5608 3765 5677; baseline 0.003 -17"><span class='ocrx_word' id='word_1_915' title='bbox 2198 5608 2738 5677; x_wconf 19' lang='lat' dir='ltr'><strong>numerisgomnibus</strong></span> <span class='ocrx_word' id='word_1_916' title='bbox 2784 5609 3093 5662; x_wconf 89' lang='lat' dir='ltr'><strong>absolutmn</strong></span> <span class='ocrx_word' id='word_1_917' title='bbox 3141 5611 3493 5675; x_wconf 88' lang='lat' dir='ltr'><strong>ediderimus,</strong></span> <span class='ocrx_word' id='word_1_918' title='bbox 3540 5613 3655 5669; x_wconf 56' lang='lat' dir='ltr'><strong>hare</strong></span> <span class='ocrx_word' id='word_1_919' title='bbox 3697 5629 3765 5677; x_wconf 67' lang='lat' dir='ltr'><strong>ex</strong></span> 
     </span>
    </p>
   </div>
   <div class='ocr_carea' id='block_1_115' title="bbox 2196 5675 3765 5750">
    <p class='ocr_par' dir='ltr' id='par_1_115' title="bbox 2196 5675 3765 5750">
     <span class='ocr_line' id='line_1_115' title="bbox 2196 5675 3765 5750; baseline 0.004 -19"><span class='ocrx_word' id='word_1_920' title='bbox 2196 5678 2415 5750; x_wconf 83' lang='lat' dir='ltr'><strong>laudata</strong></span> <span class='ocrx_word' id='word_1_921' title='bbox 2449 5675 2840 5750; x_wconf 70' lang='lat' dir='ltr'><strong>DisquisitiOne</strong></span> <span class='ocrx_word' id='word_1_922' title='bbox 2874 5677 2930 5730; x_wconf 92' lang='lat' dir='ltr'><strong>in</strong></span> <span class='ocrx_word' id='word_1_923' title='bbox 2963 5680 3197 5750; x_wconf 84' lang='lat' dir='ltr'><strong>gratiam</strong></span> <span class='ocrx_word' id='word_1_924' title='bbox 3234 5681 3452 5737; x_wconf 81' lang='lat' dir='ltr'><strong>lectoris</strong></span> <span class='ocrx_word' id='word_1_925' title='bbox 3482 5682 3590 5737; x_wconf 87' lang='lat' dir='ltr'><strong>huc</strong></span> <span class='ocrx_word' id='word_1_926' title='bbox 3613 5675 3765 5738; x_wconf 81' lang='lat' dir='ltr'><strong>revo-</strong></span> 
     </span>
    </p>
   </div>
   <div class='ocr_carea' id='block_1_116' title="bbox 2198 5743 2858 5820">
    <p class='ocr_par' dir='ltr' id='par_1_116' title="bbox 2198 5743 2858 5820">
     <span class='ocr_line' id='line_1_116' title="bbox 2198 5743 2858 5820; baseline -0.008 -16"><span class='ocrx_word' id='word_1_927' title='bbox 2198 5747 2464 5820; x_wconf 73' lang='lat' dir='ltr'><strong>cavimus.</strong></span> <span class='ocrx_word' id='word_1_928' title='bbox 2496 5745 2655 5801; x_wconf 76' lang='lat' dir='ltr'><strong>Eutr.</strong></span> <span class='ocrx_word' id='word_1_929' title='bbox 2689 5743 2858 5800; x_wconf 74' lang='lat' dir='ltr'><strong>l‘s&#39;ru.</strong></span> 
     </span>
    </p>
   </div>
  </div>
