4052 6388
247 324 291 380 l9

1574 343 1643 401 IN
1681 343 2005 399 HEXAPLA
2042 342 2390 401 ORIGENlS'.

3557 337 3624 392 50

251 446 430 544 agitetur
451 451 650 511 initio
699 460 940 518 vocis
973 505 996 530 ,
1037 465 1155 521 sed
1197 483 1230 522 τ
1271 465 1477 537 legatur
1523 467 1666 537 apud
1699 475 1930 532 veteres,
1961 474 2007 527 Α
2036 464 2236 520 Psalm.
2256 480 2418 530 Lxxv,
2438 462 2686 544 10,ᾁνιθ,
2708 465 2834 526 νυν.
2855 460 3264 524 Psalm.:nrn,
3291 457 3346 522 6,
3363 465 3466 544 Tm.
3487 454 3619 510 ὰών·

249 540 328 642 utin
347 540 417 597 his
438 549 803 618 exemplis
835 558 1232 612 cernimus.
1261 555 1409 612 Unde
1429 555 1680 613 fortassis
1699 557 1939 627 suSpicio

248 644 393 699 oriatur,
419 647 881 706 postremam
931 646 1254 715 litteram,
1287 665 1406 719 quae
1448 649 1503 704 in
1546 650 1724 704 allatis
1763 650 1940 704 omni-

249 723 307 779 bis
340 729 622 799 exemplis
680 736 1130 804 aspiratur,
1192 741 1319 794 olim
1353 741 1518 796 fuisse
1544 751 1586 798 Π
1619 740 1939 809 aspiratum,

247 819 483 889 lectumque
515 822 749 879 fuisse
793 837 967 886 ιντο
1001 846 1133 900 pro
1163 839 1288 889 uti:
1310 831 1568 886 hodierno
1599 832 1692 901 (").
1726 829 1860 885 Nam
1890 843 1940 888 to

249 923 315 962 non
334 914 707 983 aspirabat“.
781 918 920 975 Sic
993 923 1233 991 psalm.
1264 939 1370 988 six,
1398 924 1454 987 -1,
1485 924 1586 977 τὰλ
1606 963 1621 987 ,
1664 907 1769 988 ‘m.
1817 939 1938 987 1’08;

252 1005 382 1070 Ρῖεὶῐῐὶ-
408 1021 546 1070 τηις
586 1010 659 1069 ὃ.
704 1009 891 1078 μάτ,
921 1023 1118 1075 iam:
1141 1054 1157 1076 ,
1194 1030 1419 1083 parum;
1457 1012 1750 1069 Deuteron.
1776 1030 1851 1078 χι,
1883 1014 1936 1068 ὅ.

255 1092 315 1158 Α..
342 1097 550 1165 σεττὶμ..
588 1105 872 1165 D7133;
924 1109 1001 1154 et.
1051 1101 1222 1157 Isaia:
1247 1119 1389 1169 xxvr,
1415 1103 1448 1156 5
1479 1111 1533 1158 et
1562 1103 1616 1171 4,
1651 1103 1812 1174 βατοὺ
1845 1102 1942 1172 βα-

258 1184 354 1250 τωύ,
381 1197 542 1246 mea
562 1199 790 1248 πει.

306 1275 501 1334 ηνιοά.
548 1277 898 1337 Eusebius
935 1282 1111 1352 legit
1161 1283 1264 1338 Ἰόθ
1303 1292 1359 1340 et-
1384 1299 1488 1340 ms.
1535 1282 1646 1340 Jes.
1691 1283 1831 1338 Ἱώθ.
1881 1283 1939 1339 ln

263 1368 502 1434 alphabeto
528 1369 686 1426 item
729 1372 1183 1432 Murbacensi
1205 1376 1400 1447 legitur
1431 1391 1579 1431 ιοτιι.
1604 1376 1783 1431 Codex
1810 1379 1937 1432 item

265 1455 447 1513 Coislin.
487 1459 790 1530 Graecus,
867 1483 1171 1522 numero
1231 1467 1352 1533 l9l,
1407 1467 1570 1521 habet
1633 1465 1771 1521 Ἰώθ.
1835 1467 1938 1534 Qui

265 1549 528 1604 multorum
564 1553 632 1608 in
669 1566 1035 1625 postrema
1074 1558 1269 1614 littera
1295 1572 1598 1615 consensus
1627 1560 1939 1614 subindicat

267 1640 604 1699 elimlectuin
674 1646 892 1704 fuisse
948 1658 1106 1716 ma,
1168 1650 1314 1720 quod
1361 1651 1685 1706 conﬁrmare
1727 1651 1939 1706 videtur

279 1731 408 1786 ‘liim
437 1733 741 1805 Graecum,
779 1741 964 1797 haud
1000 1743 1196 1797 dubie
1219 1758 1285 1797 ex
1317 1740 1582 1799 Hebraieo
1607 1744 1932 1798 derivatum.

274 1821 504 1889 Quotidie
540 1831 750 1885 incido
789 1833 858 1886 in
905 1835 1173 1889 codices
1220 1834 1313 1903 qui
1355 1833 1470 1887 Ἰὼϐ
1501 1835 1735 1902 habent,
1791 1837 1936 1890 unde

279 1920 517 1975 asseritur
543 1923 603 1976 id
635 1925 806 1994 quod
844 1941 1053 1995 supra
1094 1927 1370 1982 diximus.
1421 1925 1492 1982 Ut
1535 1935 1595 1981 ut
1640 1942 1771 1981 vero
1818 1928 1888 1982 sit
1917 1936 1940 1975 t

286 2012 463 2068 mobile
491 2015 760 2070 redditur
798 2033 917 2088 per
962 2037 987 2072 ι
1042 2020 1124 2072 ab
1174 2019 1448 2074 omnibus.
1501 2018 1576 2075 De
1633 2019 1935 2090 quiescenti

290 2101 436 2157 infra.

351 2196 648 2281 aucupi,
681 2203 777 2258 vel
817 2200 1040 2272 Kaph,
1079 2209 1149 2256 ut
1179 2203 1515 2274 grammatici
1560 2202 1810 2260 hodierni
1834 2245 1849 2270 ,
1884 2213 1939 2260 et

294 2288 628 2368 alphabetum
689 2293 1139 2350 Murbacense.
1207 2292 1474 2349 Eusebius
1530 2303 1586 2350 et
1636 2311 1768 2351 mss.
1799 2295 1936 2364 Jes.,

295 2379 426 2448 χεὶᾳ.
458 2382 533 2435 Ah
553 2384 997 2454 interpretibus
1028 2385 1325 2456 aspiratur
1371 2401 1618 2455 semper,
1665 2395 1726 2441 ut
1777 2387 1938 2441 innu-

300 2474 462 2527 meris
480 2478 749 2546 exemplis
784 2493 862 2532 ex
891 2478 1014 2531 hac
1039 2477 1377 2532 collectione
1399 2477 1700 2548 desumptis
1717 2479 1937 2548 probari

301 2573 506 2628 potest;
533 2567 678 2634 quod
723 2567 775 2621 si
812 2567 908 2621 bis
944 2574 1116 2621 terve
1172 2569 1506 2622 contrarium
1559 2577 1846 2634 occurrat,
1882 2569 1935 2623 id

304 2664 482 2722 potest
510 2659 882 2716 librariorum
920 2661 1261 2716 oscitantim
1289 2661 1510 2716 ascribi.

374 2736 736 2811 τώιαηιεά.
796 2753 1098 2809 Eusebius
1136 2762 1194 2806 et
1223 2769 1352 2807 mss.
1401 2751 1512 2809 Jes.
1559 2752 1712 2818 λάὸδ,
1761 2752 1932 2809 Labd.

309 2840 592 2901 Crederem
628 2847 857 2901 librarii
894 2856 1097 2902 errato
1148 2844 1287 2899 λὰὅδ
1335 2862 1434 2916 pro
1478 2845 1622 2917 λάμδ
1669 2846 1936 2916 scriptum

313 2933 516 3003 fuisse,
549 2941 681 3009 quia
717 2957 749 2994 a
777 2957 835 2994 ix
868 2940 960 2994 vel
997 2956 1033 2993 x
1068 2938 1285 2994 saeculo
1323 2939 1370 3003 ,ϐ
1403 2948 1456 2993 et
1493 2957 1539 3009 μ
1571 2941 1626 2994 in
1654 2940 1936 2994 codicibus

317 3026 523 3083 affinem
557 3047 703 3102 saepe
732 3031 982 3086 formam
1013 3031 1255 3095 habent,
1289 3039 1347 3084 ut
1375 3029 1590 3084 dillicile
1609 3031 1937 3100 quandoque

323 3121 398 3174 sit
429 3122 576 3176 aliam
607 3126 678 3177 ab
697 3123 810 3178 alia
836 3124 1030 3177 littera
1063 3120 1428 3190 distinguere,
1454 3121 1690 3175 maxime
1716 3121 1935 3191 quando

325 3227 518 3268 sensus
545 3232 654 3270 non
685 3216 884 3284 juvat,
915 3221 979 3268 ut
1019 3214 1118 3268 hic
1149 3212 1450 3284 contingit;
1488 3212 1582 3267 sed
1610 3228 1732 3266 cum
1765 3213 1934 3268 codex

323 3299 459 3368 λικε..
481 3322 571 3360 vni
589 3307 821 3361 circiter
847 3305 1062 3362 suacqu
1085 3313 1375 3370 exaratus,
1393 3305 1591 3359 unciali
1623 3307 1936 3360 charactere

328 3396 558 3464 scriptus
588 3399 684 3461 sit,
719 3399 834 3451 alia
863 3395 1179 3466 quaerenda
1211 3395 1373 3463 hujus
1396 3395 1523 3449 nodi
1557 3395 1758 3450 solutio
1786 3415 1798 3450 :
1825 3395 1938 3450 for-

328 3487 494 3540 lassis
513 3488 575 3540 ad
601 3489 948 3557 euphoniam
989 3495 1045 3540 et
1079 3485 1388 3539 faciliorem
1432 3487 1934 3556 pronuntiationem

327 3591 426 3642 pro
453 3578 611 3648 usus,
643 3579 785 3632 λὰὅδ
814 3579 1101 3649 scriptum
1138 3575 1266 3631 fuit.
1306 3576 1667 3648 Alphabetum
1719 3577 1937 3633 Murba-

326 3677 494 3718 cense
525 3683 700 3722 ιυιει)
709 3709 726 3723 .

400 3767 501 3818 :23
522 3760 682 3814 Mem.
718 3759 999 3816 Eusebius
1026 3771 1085 3816 et
1112 3760 1243 3816 cod.
1276 3757 1398 3818 les.
1418 3761 1555 3833 Μὴμ
1605 3761 1823 3832 legunt,
1855 3762 1938 3815 al-

330 3850 554 3915 phabet.
587 3851 841 3908 Murbac.
871 3870 1008 3909 neu.
1041 3855 1259 3908 Omnes
1287 3869 1416 3908 vero
1443 3865 1494 3914 τε)
1523 3869 1616 3925 per
1666 3871 1718 3908 τη
1760 3855 1940 3924 expri-

333 3949 515 4004 munt,
540 3952 914 4013 praeterquam
948 3945 1005 3998 in
1041 3943 1158 3998 line
1181 3958 1397 4008 vocum,
1428 3945 1518 3998 ubi
1547 3961 1580 3997 η
1605 3959 1710 4016 pro
1737 3961 1788 3997 m
1827 3945 1938 3998 fre-

333 4033 697 4097 quentissime
724 4042 940 4104 ponunt
973 4033 1186 4098 Graeci,
1216 4035 1340 4104 quia
1376 4051 1570 4105 nempe
1617 4050 1650 4090 a
1681 4036 1941 4090 terminao

333 4123 488 4177 tione
513 4128 564 4177 in
585 4143 635 4195 μ
664 4125 932 4180 abhorret
958 4126 1162 4182 Grmca
1188 4124 1413 4197 Lingua.

398 4222 479 4300 ῃ)
509 4215 559 4270 Ν
567 4235 658 4272 un.
688 4219 969 4276 Eusebius
1021 4229 1086 4274 et-
1118 4218 1289 4273 codex
1319 4218 1536 4283 Jesuit.,
1570 4217 1716 4274 νοῦν.
1764 4217 1867 4276 Per
1905 4237 1941 4275 η

334 4321 550 4365 omnes.
579 4311 954 4382 Alphabetum
983 4310 1349 4368 Murbacense
1374 4327 1500 4367 mm.

401 4410 534 4483 1:20
553 4401 799 4460 Samech.
825 4404 1112 4461 Eusebius
1141 4413 1195 4458 et
1216 4405 1380 4460 codex
1399 4405 1534 4472 Jes.,
1559 4407 1725 4479 σάμχ.
1745 4406 1940 4477 Alpha-

332 4490 522 4548 betum
547 4495 910 4551 llurbacease
929 4512 1178 4552 samem.
1198 4493 1398 4552 Omnes
1420 4513 1546 4553 vero
1566 4499 1747 4567 legunt
1766 4515 1859 4570 per
1873 4514 1937 4556 0'.

398 4597 493 4675 Γῇ
521 4591 642 4644 Ain.
677 4589 883 4646 Euseb.
916 4600 973 4647 et
999 4590 1132 4645 cod.
1175 4588 1308 4657 Jes.,
1343 4591 1450 4645 ἄῖν.
1484 4592 1714 4662 Alphab.
1759 4592 1934 4647 Murb.

333 4696 446 4737 ιιι.
483 4681 618 4737 LXX
666 4683 1015 4754 lnterpretes
1048 4698 1166 4736 non
1222 4699 1343 4739 raro
1395 4701 1489 4754 per
1523 4704 1562 4754 γ
1603 4685 1932 4756 exprimunt.

334 4773 421 4837 3.,
449 4778 601 4843 γιυέ,
620 4787 739 4841 my.
759 4775 911 4830 Alibi
939 4785 998 4829 et
1023 4775 1268 4828 litteram
1293 4785 1346 4829 et
1368 4777 1661 4831 motionem
1685 4778 1940 4849 frequen-

336 4866 446 4920 tius
479 4884 566 4936 per
588 4886 638 4934 ε,
672 4880 1104 4937 nonnunquam
1161 4879 1254 4933 per
1285 4883 1322 4919 α
1360 4868 1609 4921 reddunt.
1663 4869 1754 4922 Sic
1799 4869 1934 4925 Gen.

339 4971 397 5014 ιι,
426 4958 478 5021 8,
506 4969 610 5048 rm,
639 4963 781 5018 ὲδὲν.
822 4961 974 5015 Gen.
1007 4971 1214 5020 xxvui,
1245 4957 1329 5024 19,
1355 4959 1460 5028 cfp,
1485 4967 1614 5024 my;
1645 4958 1810 5016 .losue
1839 4978 1951 5029 vn,

333 5048 601 5144 Eitélléx,
629 5066 764 5144 pm
794 5072 811 5118 ;
856 5051 877 5105 ι
914 5050 1067 5118 Reg.
1091 5063 1232 5144 xvii,
1264 5049 1350 5106 18.
1375 5051 1462 5144 an
1489 5050 1706 5144 ὲρουϐέι,
1739 5062 1934 5119 τηε-ήδη

331 5139 390 5194 in
421 5141 544 5215 Reg.
575 5135 648 5211 iv',
697 5145 794 5209 is,
825 5149 1016 5204 tam
1041 5179 1058 5203 .
1091 5135 1257 5202 LXX.
1283 5138 1513 5211 μεεδέρ;
1551 5138 1617 5191 IV
1643 5137 1773 5210 Rcs-
1807 5155 1846 5201 I.
1882 5139 1937 5206 2,

319 5245 494 5325 rp},
528 5241 735 5313 ἐκρών.
789 5235 1030 5291 l’Salm.
1077 5243 1228 5292 th't,
1265 5231 1297 5297 7
1335 5232 1456 5294 ult.,
1489 5239 1603 5300 :2;
1651 5230 1742 5301 ἐμ,
1788 5247 1932 5294 cum,

308 5320 406 5386 sed
432 5337 646 5402 quando
665 5343 762 5396 βπ
786 5326 1102 5395 signiﬁcat
1128 5321 1376 5392 populus,
1399 5323 1595 5392 legitur
1617 5322 1712 5392 ἄμ.
1735 5320 1936 5378 Psalm.

297 5438 380 5488 lc,
411 5426 456 5492 9,
505 5411 731 5487 Ἥλιόν),
761 5403 958 5508 ἶνιν).
989 5412 1134 5468 Isai.
1170 5426 1312 5475 LXIV,
1339 5411 1391 5465 5.
1416 5409 1740 5474 Tlieodotio,
1764 5411 1937 5482 ἐδδίμ,

463 5520 534 5576 Et
566 5521 657 5576 sic
703 5503 892 5570 alibi.
939 5505 1061 5559 Per
1093 5519 1134 5554 ιι
1164 5513 1343 5556 autem
1376 5503 1510 5558 Gen.
1547 5521 1633 5567 tu,
1665 5507 1718 5568 1,
1753 5505 1939 5575 ἀρὼμ,

269 5623 429 5682 επῖ,
461 5616 678 5670 nudus.
705 5610 922 5666 Josue
958 5613 1074 5658 vn,
1101 5594 1195 5657 24,
1217 5595 1387 5668 ἀχὼρν
1408 5607 1558 5663 "HD‘J.
1593 5597 1791 5654 Psalm.
1817 5615 1939 5664 vni,

261 5711 384 5779 i1,
436 5714 530 5774 ἀλ,
584 5695 694 5776 ες,
760 5695 1020 5755 Psalm.
1075 5702 1276 5779 Lxxiv,
1332 5689 1386 5754 4,
1447 5691 1680 5760 ἀμουδά,
1737 5699 1944 5754 illm?

2045 559 2174 614 ibid.
2223 560 2309 622 te,
2351 557 2476 628 ἁλή.
2523 540 2636 618 s‘iy.
2669 554 2792 610 lsai.
2831 570 2920 619 xv,
2962 555 3013 618 i,
3056 540 3380 613 Tlteodotio,
3413 549 3620 620 ἄρσην.

2042 649 2097 703 1η
2129 648 2426 719 appendice
2453 647 2607 701 Deut.
2652 659 2716 711 ii,
2749 645 2837 699 25.
2866 645 2956 709 A.,
3000 643 3136 709 ἀζὰ,
3172 651 3295 707 ma.
3339 640 3413 710 In;
3443 640 3623 702 medio

2040 749 2223 796 autem
2251 756 2471 804 vocum,
2505 739 2620 796 sive
2647 746 2772 805 post
2793 738 3022 806 primam
3055 737 3314 798 litteram,
3342 733 3506 788 modo
3527 748 3623 802 per

2039 850 2090 896 ε,
2125 834 2289 887 modo
2320 847 2419 903 per
2436 849 2494 893 α,
2519 841 2573 886 et
2601 830 2820 900 quidem
2854 829 3216 898 frequentius,
3247 826 3577 895 exprimitur
3603 843 3620 889 ;

2040 943 2135 997 per
2164 943 2194 980 ε
2227 925 2455 981 Malach.
2487 942 2548 989 ll,
2577 925 2667 989 15,
2695 933 2867 989 man,
2902 921 3083 988 θεσού,
3114 921 3252 978 Osee
3288 938 3366 985 XI,
3396 923 3422 976 1
3447 963 3464 988 ,
3500 921 3618 990 νέρ,

2037 1031 2177 1085 Ἶῖις
2213 1035 2310 1089 per
2335 1021 2410 1087 Ea.
2453 1019 2654 1073 Psalm.
2690 1032 2810 1079 vui,
2855 1016 2908 1083 6,
2941 1016 3070 1086 μὰτ,
3106 1026 3266 1078 iam.
3299 1014 3506 1069 Psalm.
3541 1029 3619 1076 xi,

2042 1114 2095 1178 7,
2124 1113 2369 1183 βααλιάλ,
2395 1096 2576 1175 ἣνῆν).
2607 1109 2674 1163 IV
2699 1109 2831 1179 Reg.
2864 1125 2905 1172 ι,
2935 1109 2991 1172 9.,
3019 1107 3141 1178 βάλ,
3162 1092 3290 1171 της..
3323 1104 3642 1175 ιεειίαχνι,

2038 1203 2094 1267 2,
2130 1203 2387 1275 σααρείμ,
2416 1211 2637 1265 rat-iw.
2673 1201 2728 1256 In
2753 1202 2860 1256 line
2895 1209 3074 1254 autem
3106 1212 3301 1252 vocum
3330 1211 3425 1266 per
3453 1213 3483 1250 ε
3507 1194 3620 1248 fere

2041 1311 2258 1366 semper
2284 1297 2511 1365 legunt,
2553 1294 2661 1349 nisi
2706 1304 2968 1363 sequatur
2998 1303 3037 1350 Π
3075 1291 3463 1362 paragOgicum
3504 1287 3622 1344 sive

2041 1387 2484 1442 heemanticum:
2523 1402 2650 1440 nam
2692 1393 2822 1440 tunc
2864 1400 2962 1454 per
2994 1401 3032 1436 α
3073 1384 3288 1454 legitur.
3325 1385 3348 1436 l
3379 1381 3616 1448 Paralip.

2040 1496 2137 1544 vu,
2160 1479 2264 1546 26,
2310 1479 2515 1550 Ἰησουέ
2538 1518 2552 1541 ,
2590 1487 2783 1542 mni.
2821 1475 2888 1529 lV
2937 1476 3070 1545 Reg.
3104 1492 3182 1538 xi,
3211 1475 3278 1538 4,
3301 1481 3500 1539 ww,
3534 1472 3620 1538 S.,

2038 1569 2204 1632 LXX,
2248 1569 2448 1622 Ἰωδαέ.
2489 1567 2554 1621 lV
2588 1566 2722 1636 Reg.
2754 1583 2907 1629 xvni,
2933 1567 3022 1620 51.
3053 1566 3142 1630 A.,
3173 1565 3268 1618 ἀνέ
3292 1605 3307 1628 ,
3349 1574 3483 1628 Vm;
3516 1562 3620 1615 ali—

2039 1661 2258 1732 quando
2286 1670 2464 1715 tamen
2489 1674 2586 1727 per
2617 1677 2657 1714 a
2681 1658 2834 1712 Deut.
2869 1673 2908 1717 ι,
2934 1657 3024 1712 58.
3045 1653 3129 1710 0"
3173 1654 3617 1725 'l'qcoud.yw‘ni,

2039 1763 2093 1810 et
2120 1752 2285 1808 Josue
2313 1767 2400 1816 xv,
2428 1751 2522 1815 26,
2561 1750 2770 1823 σαμαά,
2800 1759 2960 1814 ππ.

1966 1825 2008 1879 Β
2108 1845 2326 1900 Certum
2350 1853 2530 1898 autem
2558 1852 2644 1898 est
2669 1841 2997 1912 gutturalem
3029 1839 3268 1909 aliquam
3298 1835 3620 1907 pronuntia-

2037 1937 2238 1992 tionem
2272 1936 2531 1991 habuisse
2561 1945 2601 1998 ν
2634 1935 2774 2005 apud
2810 1933 3086 1988 Hebraeos.
3133 1929 3340 2000 Spiritu
3367 1928 3476 1982 leni
3507 1927 3620 1981 alli-

2037 2029 2179 2085 citur
2204 2037 2262 2082 ut
2288 2027 2585 2097 plurimum
2620 2024 2840 2096 quando
2867 2025 3023 2078 initio
3060 2023 3209 2077 vocis
3237 2021 3383 2091 jacet
3419 2019 3475 2073 in
3504 2017 3617 2072 fra-

2037 2119 2269 2191 gmentis
2295 2128 2537 2174 veterum
2585 2119 2943 2188 interpretum
2977 2131 3098 2186 quae
3130 2120 3458 2184 supersunt:
3495 2111 3620 2181 qui-

2036 2215 2140 2270 bus
2169 2223 2349 2268 tamen
2381 2228 2490 2267 non
2523 2212 2680 2282 plena
2711 2211 2844 2266 ﬁdes
2886 2209 3156 2271 habenda,
3190 2216 3252 2262 ut
3281 2207 3520 2261 diximus
3549 2204 3620 2258 ad

2035 2306 2272 2361 litteram
2300 2315 2361 2366 Π.
2394 2302 2760 2374 Hieronymus
2787 2303 2906 2356 sine
2939 2301 3177 2371 aspirata
3229 2299 3430 2369 sapius
3458 2316 3472 2353 :
3509 2297 3631 2351 ali-

2035 2398 2254 2470 quando
2285 2407 2462 2450 tamen
2493 2410 2616 2450 cum
2651 2394 2889 2463 aspirata
2933 2393 3080 2463 legit.
3113 2390 3252 2444 LXX
3287 2389 3619 2460 quandoque

2036 2507 2160 2546 cum
2202 2508 2240 2559 τ
2279 2497 2340 2543 ut
2386 2488 2506 2541 I‘al.
2560 2486 2869 2556 Aliquando
2921 2501 3045 2539 cum
3094 2503 3153 2554 χ,
3204 2493 3267 2538 ut
3301 2482 3467 2536 Amos
3494 2497 3532 2545 i,
3560 2479 3617 2543 5,

2032 2589 2145 2668 rm,
2202 2581 2372 2644 Eden,
2417 2581 2509 2635 ubi
2549 2578 2692 2634 LXX
2738 2579 2922 2648 legunt
2958 2586 3082 2666 γῆν,
3117 2585 3171 2630 et
3213 2583 3429 2629 vertunt
3469 2574 3620 2644 Χαῤ-

2039 2665 2157 2744 ράν.
2190 2670 2294 2727 Ubi
2321 2671 2724 2743 Hieronymus:
2769 2669 2835 2723 In
2865 2686 2922 2724 eo
2973 2669 3161 2738 quippe
3207 2666 3344 2732 loco,
3376 2665 3468 2720 ubi
3524 2680 3630 2718 nos,

2036 2768 2289 2829 diximus,
2311 2776 2416 2820 etc.
2451 2764 2587 2819 Vide
2628 2764 2680 2816 in
2713 2770 2844 2817 nota
2877 2761 3008 2815 ibid.

2106 2865 2184 2919 na
2207 2856 2302 2909 Pe.
2335 2855 2606 2910 Eusebius
2630 2863 2682 2909 et
2707 2870 2810 2908 ms.
2839 2851 2950 2906 Jes.
2982 2853 3078 2920 φῆ,
3107 2848 3450 2920 alphabetum
3480 2846 3619 2900 Mur-

2037 2943 2268 2998 bacense
2324 2958 2407 3000 re.
2462 2941 2684 2996 Veteres
2739 2956 2928 2995 omnes
2976 2940 3298 3008 interpretes
3343 2945 3381 2997 Β
3420 2951 3515 3006 per
3570 2954 3614 3003 φ

2038 3051 2254 3105 semper
2293 3034 2543 3090 ell‘erunt.
2579 3034 2777 3102 Aitque
2825 3032 3190 3102 llieronymus
3234 3029 3525 3083 Comment.
3558 3029 3614 3078 in

2040 3128 2262 3192 Isaiam,
2295 3135 2426 3181 tom.
2461 3125 2559 3181 Ill:
2597 3126 2642 3180 P
2676 3125 2912 3178 litteram
2962 3140 3131 3176 sermo
3177 3121 3474 3174 Hebraicus
3505 3136 3610 3174 non

2037 3221 2223 3288 liabet;
2251 3221 2340 3275 sed
2371 3236 2464 3288 pro
2494 3236 2555 3274 ea
2590 3234 2674 3274 rut
2701 3217 2882 3272 (ἐνωεο
2910 3217 3102 3270 utitur.
3132 3213 3198 3268 Et
3233 3212 3527 3268 Comment.
3559 3213 3614 3264 in

2036 3313 2332 3376 Danielem,
2361 3327 2480 3382 cap.
2533 3327 2608 3375 xi,
2643 3309 2675 3378 ᾖ
2720 3310 2809 3376 55,
2859 3308 2990 3364 dicit
3037 3307 3089 3360 in
3129 3306 3244 3362 sola
3283 3319 3414 3360 voce
3455 3313 3616 3364 πετεκ

2035 3407 2138 3477 legi
2174 3419 2412 3471 APEDNO;
2451 3404 2504 3457 in
2541 3403 2662 3457 aliis
2693 3418 2788 3472 per
2817 3418 2856 3470 φ
2887 3415 3122 3468 semper.
3355 3456 3357 3458 ,

2104 3504 2199 3554 ’11:
2233 3494 2421 3548 Trade.
2467 3491 2666 3550 Euseb.
2701 3501 2754 3545 et
2789 3506 2891 3544 ms.
2927 3487 3038 3544 Jes.
3079 3487 3236 3558 σάδη,
3267 3484 3611 3555 alphabetum

2037 3587 2394 3642 Murbacense
2421 3601 2570 3643 sane.
2606 3583 2809 3637 Omnes
2853 3581 3177 3650 interpretes
3219 3595 3314 3649 per
3346 3595 3378 3631 σ
3407 3578 3612 3648 legunt.

2109 3691 2210 3766 rp?
2234 3679 2440 3748 Quopli.
2483 3676 2753 3731 Eusebius
2784 3682 2839 3746 et
2882 3689 2986 3728 ms.
3028 3671 3140 3727 Jes.
3184 3669 3345 3739 Κὼφ,
3397 3668 3617 3723 Murba-

2039 3759 2201 3827 cense
2231 3771 2574 3840 alphabetum
2603 3783 2761 3824 KOPII.
2798 3765 3022 3820 Veteres
3064 3777 3162 3834 per
3199 3779 3235 3815 κ
3281 3759 3612 3828 exprimunt.

2042 3863 2098 3918 Si
2133 3878 2291 3918 secus
2336 3860 2630 3926 aliquando
2670 3858 2820 3914 reddi
2859 3857 3198 3918 observetur,
3228 3849 3486 3905 videlicet,
3520 3862 3622 3922 per.

2040 3973 2100 4024 κ,
2131 3960 2263 4023 puto
2297 3952 2349 4007 id
2387 3951 2735 4006 librariorum
2760 3946 3047 4004 oscitantia
3080 3942 3367 3998 accidisse.

2108 4053 2224 4104 ιιή
2253 4042 2438 4098 Rescli.
2489 4040 2761 4097 Eusebius
2803 4048 2857 4094 et
2886 4054 2989 4093 ms.
3033 4035 3144 4090 Jes.
3183 4034 3333 4105 Ῥής,
3382 4029 3632 4101 Alpbab.

2039 4133 2283 4190 Ilurbac.
2313 4149 2432 4189 nias.

2107 4235 2203 4313 re:
2225 4224 2405 4280 Sclu’n.
2441 4223 2784 4278 Euscbiuset
2813 4237 2917 4276 ms.
2941 4217 3051 4274 Jes.
3085 4216 3198 4282 σέν,
3227 4213 3464 4313 εἰρΙιςὼκ
3485 4210 3623 4263 Mur-

2041 4303 2164 4372 bac.
2201 4318 2327 4370 item
2359 4325 2476 4370 seu.
2516 4313 2742 4370 Veteres
2772 4327 2985 4382 semper
3010 4326 3053 4363 0'
3080 4311 3264 4380 legunt
3286 4306 3402 4360 sive
3434 4303 3626 4358 dextro

2043 4409 2157 4463 sive
2196 4408 2418 4462 sinistro
2444 4417 2647 4478 puncto
2687 4409 2758 4462 sit
2793 4405 3115 4463 notandum.

1969 4523 2020 4580 ι)
2116 4509 2180 4559 in
2218 4499 2351 4552 Tau.
2387 4499 2621 4568 Alpliab.
2658 4500 2899 4554 Murbac.
2936 4497 3098 4551 habet
3137 4497 3307 4550 eriam
3355 4507 3496 4548 nu:
3534 4489 3633 4542 Sed

2045 4593 2315 4648 Eusebius
2348 4600 2403 4646 et
2435 4607 2534 4645 ms.
2565 4590 2678 4647 Jes.
2708 4590 2842 4655 Θαῡ,
2877 4590 3054 4644 Tliau.
3095 4586 3316 4642 Veteres
3354 4597 3570 4653 semper
3598 4585 3634 4636 0

2044 4684 2297 4749 reddunt,
2329 4699 2433 4737 non
2463 4700 2513 4737 τ.

2398 4775 2487 4828 Vl.
2517 4775 2590 4828 De
2613 4776 2878 4830 vocalibus
2905 4774 3265 4829 Hebrworum.

2115 4864 2271 4941 Quod
2307 4865 2370 4919 ad
2401 4867 2619 4920 vocales
2647 4876 2827 4920 autem
2861 4865 3212 4918 llebrzeorum
3244 4862 3456 4927 attinet,
3486 4861 3624 4914 inter

2043 4962 2234 5017 doctos
2264 4946 2597 5030 disputatum
2629 4971 2711 5016 est
2746 4976 2878 5014 num
2929 4959 3121 5012 litterae
3159 4964 3321 5020 atina
3352 4953 3622 5008 vocalium

2043 5053 2172 5107 olim
2203 5051 2380 5107 ollicio
2420 5051 2795 5122 fungerentur,
2822 5060 2882 5104 ut
2914 5048 3211 5104 credidisse
3254 5047 3468 5100 videtur
3497 5043 3624 5097 llie-

2044 5159 2337 5216 ronymus;
2365 5160 2432 5198 an
2474 5143 2832 5199 consonantis
2877 5142 3050 5196 vicem
3095 5140 3378 5202 haberent,
3428 5147 3489 5190 ut
3533 5135 3626 5189 do-

2047 5249 2171 5292 cent
2201 5235 2445 5305 plerique
2481 5235 2732 5290 hodierni
2765 5234 2886 5288 viri.
2931 5235 3072 5288 Sane
3104 5231 3148 5287 si
3191 5231 3274 5285 hie
3307 5230 3496 5283 litterae
3531 5242 3623 5279 vo-

2046 5328 2243 5384 calium
2271 5343 2429 5382 usum
2465 5326 2774 5390 habuerint,
2801 5340 3025 5379 necesse
3051 5338 3276 5394 prorsus
3302 5321 3462 5376 fuerit
3487 5319 3624 5372 alias

2047 5434 2215 5491 penes
2250 5417 2506 5474 Hebraeos
2545 5415 2715 5472 fuisse
2755 5417 2990 5480 vocales,
3025 5431 3146 5485 quae
3180 5415 3305 5468 licet
3342 5427 3447 5466 non
3476 5420 3625 5463 nota-

2050 5519 2241 5566 rentur
2271 5512 2325 5565 in
2356 5511 2530 5575 libris,
2563 5523 2628 5562 ex
2658 5509 3054 5564 consuetudine
3086 5517 3262 5560 tamen
3293 5517 3624 5572 usurparen-

2050 5612 2158 5656 tur.
2190 5598 2330 5654 Cum
2379 5600 2527 5654 enim
2571 5599 2723 5654 nulla
2761 5614 2889 5659 vox,
2931 5599 3138 5652 nullum
3188 5596 3408 5650 verbum
3451 5598 3622 5659 possit

2051 5693 2170 5746 sine
2199 5691 2374 5746 vocali
2399 5690 2769 5761 pronuntiari,
2795 5698 2847 5746 et
2873 5689 3170 5748 innumerae
3199 5684 3337 5763 apud
3363 5681 3622 5740 Hebraeos

1961 3166 2004 3222 C

313 5801 382 5868 (⁸)
438 5800 680 5862 Hebr-agi
729 5781 1052 5851 moderni
1090 5777 1335 5834 scribunt
1366 5791 1417 5837 et
1446 5781 1727 5852 proferunt
1763 5795 1974 5848 omnes,
2013 5790 2148 5844 nua.
2187 5779 2371 5838 DRACB
