4052 6388
553 277 623 334 55
1915 270 2150 329 PRELI

2191 271 2458 330 llNARlA'
2791 260 2800 264 ’
3719 269 3791 340 se

556 391 873 463 Scripturis,
906 398 1054 462 gesta
1087 398 1232 446 sunt.
1265 390 1389 448 Haec
1421 399 1601 447 autem
1622 391 1958 455 ωνοπτικῶς
1985 408 2114 463 pro-
2144 397 2190 455 Α
2217 390 2422 448 rissimi
2449 388 2823 461 perhibentur.
2851 386 3047 444 Postea
3085 387 3152 442 de
3193 393 3337 443 recta
3365 399 3578 441 morum
3630 383 3792 438 insti-

553 484 802 540 ferimus.
2220 486 2448 548 tutione,
2473 483 2539 538 de
2569 482 2805 536 vanitate
2832 481 3054 538 deorum
3084 480 3398 550 gentilium,
3427 477 3490 531 de
3523 475 3658 545 legis
3679 474 3793 529 Mo-

625 577 932 632 Demetrius
954 575 1270 644 Phalereus,
1300 577 1641 632 bibliothecae
1671 574 1949 631 Ptolemaei
1973 575 2120 630 Phil-
2221 580 2380 634 saicae
2427 575 2741 646 prasstantia
2802 573 3228 639 excellentiaque
3293 569 3460 622 multa
3534 566 3792 622 edisserit

554 669 790 739 adelphi,
823 667 1041 739 ngypti
1078 670 1241 739 regis,
1271 667 1576 738 praefectus,
1605 665 1928 737 conquisitis
1959 667 2120 720 undi-
2221 669 2534 724 Eleazarus.
2571 664 2709 719 Hinc
2743 664 2925 719 oblato
2959 661 3226 719 sacriﬁcio
3255 670 3501 716 oratores
3527 699 3544 724 ,
3591 668 3645 712 et
3682 671 3792 711 una

555 774 660 826 que
687 759 860 824 libris,
900 774 1018 814 eam
1052 775 1226 829 usque
1256 761 1390 814 adeo
1434 768 1679 826 auxerat,
1720 768 1782 813 ut
1829 759 2119 829 plusquam
2224 760 2413 816 LXXII
2443 776 2473 814 a
2503 775 2562 816 se
2593 758 2829 814 delectos
2853 758 2998 810 viros
3027 770 3149 810 cum
3173 753 3366 807 litteris
3395 751 3459 805 ad
3487 765 3669 820 regem
3705 748 3795 803 di-

553 849 789 904 ducenta
835 851 1179 905 voluminum
1233 851 1397 906 millia
1449 851 1915 920 complecteretur.
1966 849 2123 916 Quod
2223 853 2410 908 mittit.
2441 850 2579 916 Rex,
2601 852 2691 922 qui
2725 859 2986 906 venturos
3017 845 3385 916 exspectabat.
3419 842 3638 898 eosdem
3667 854 3795 909 per-

554 955 678 994 cum
707 940 1010 996 sciscitanti
1047 942 1182 1012 regi,
1229 951 1491 1010 praesente
1521 953 1633 996 tum
1655 942 1890 1004 Aristea,
1923 955 2124 994 renun-
2227 944 2538 998 humaniter
2569 943 2798 1013 excepit,
2822 942 3014 997 deinde
3045 938 3315 996 exhibitas
3358 934 3461 990 sibi
3515 932 3760 988 membra
3780 958 3798 970 -

554 1028 736 1095 tiaret,
767 1029 964 1098 adjecit
983 1029 1298 1085 effecturum
1331 1047 1389 1087 se
1422 1041 1480 1086 ut
1518 1030 1666 1086 brevi
1720 1030 1787 1084 ad
1829 1029 2123 1101 quingenta
2226 1053 2326 1091 nas
2356 1037 2448 1090 ubi
2483 1036 2568 1090 lex
2617 1037 2796 1089 aureis
2825 1034 3017 1088 litteris
3069 1031 3339 1098 descripta
3387 1035 3525 1088 erat,
3569 1037 3803 1078 venera-

555 1121 725 1175 millia
745 1121 1006 1176 librorum
1038 1138 1295 1178 numerus
1319 1125 1667 1195 pertingeret,
1715 1123 1895 1191 aitque
1911 1137 1969 1176 se
1995 1137 2125 1176 nar-
2229 1127 2443 1209 bundus
2471 1129 2671 1196 septies
2705 1126 2969 1188 adoravit,
2997 1139 3060 1178 ac
3093 1137 3203 1192 pra:
3235 1119 3429 1190 gaudio
3465 1118 3802 1186 lacrymatus

555 1220 680 1268 ratu
713 1213 1074 1283 quorumdam
1114 1215 1476 1283 comperisse,
1509 1213 1822 1269 Judieorum
1858 1215 2002 1284 leges
2044 1213 2128 1267 di-
2228 1208 2344 1284 est;
2379 1227 2434 1274 et
2459 1219 2586 1288 quia
2621 1220 2809 1274 eodem
2845 1227 3084 1286 tempore
3116 1211 3342 1268 victoria
3374 1209 3548 1263 navali
3599 1208 3800 1262 adver-

555 1320 690 1375 gnas
710 1322 828 1362 esse
850 1322 972 1376 quae
996 1309 1047 1360 in
1066 1307 1183 1376 ejus
1203 1309 1522 1363 bibliotheca
1540 1319 1948 1378 reponerentur,
1970 1308 2128 1362 dum»
2229 1327 2324 1368 sus
2355 1312 2684 1382 Antigonum
2719 1311 2924 1381 potitus
2959 1319 3094 1372 erat,
3149 1321 3271 1361 eum
3325 1304 3425 1359 sibi
3471 1302 3612 1356 diem
3650 1298 3800 1352 sule-

561 1396 726 1452 modo
759 1411 824 1450 ex
856 1394 1078 1466 Syriaca
1114 1397 1292 1467 lingua
1327 1397 1437 1466 (ita
1485 1399 1754 1452 vocabant
1798 1397 1996 1463 multi,
2033 1397 2128 1452 sed
2230 1419 2408 1458 mnem
2435 1413 2486 1458 et
2509 1403 2744 1458 faustum
2776 1401 3067 1473 quotannis
3093 1398 3206 1453 fore
3236 1395 3592 1456 denuntiavit,
3620 1393 3804 1447 viros-

557 1486 626 1541 iis
654 1495 920 1557 repugnat
953 1485 1295 1554 Demetrius)
1329 1503 1432 1556 qua
1469 1488 1774 1557 conscripta
1823 1495 1980 1542 erant
2006 1529 2021 1552 ,
2072 1487 2130 1541 in

2233 1516 2341 1570 que
2392 1499 2582 1554 eodem
2628 1498 2747 1566 ipso
2802 1495 2888 1550 die
2931 1494 2998 1548 ad
3031 1493 3236 1546 lautam
3268 1504 3477 1544 cmnam
3527 1485 3799 1541 invitavit.

558 1577 798 1633 Graecam
831 1587 1295 1636 converterentur.
1315 1578 1422 1636 Nec
1451 1597 1624 1643 mora,
1665 1597 1757 1636 rex
1797 1582 2038 1636 ὁρεῐθνίι
2063 1581 2133 1635 ad
2234 1591 2629 1648 Accumbentes
2665 1603 2848 1644 secum
2881 1599 3038 1640 senes
3078 1581 3246 1636 variis
3294 1579 3362 1634 ad
3411 1578 3576 1632 vitam
3639 1575 3804 1630 inst}-

559 1686 835 1726 summum
896 1671 1206 1742 pontificem
1264 1674 1522 1739 scribere,
1573 1683 1633 1728 ut
1675 1689 1796 1742 quae
1846 1674 1899 1726 in
1931 1673 2132 1743 optatis

2236 1685 2493 1740 tuendam
2562 1694 2899 1751 regnumque
2966 1672 3354 1730 moderandum
3407 1666 3804 1740 quzestionibus

559 1773 716 1819 erant
752 1774 1154 1834 assequeretur.
1182 1764 1318 1820 Tum
1349 1767 1590 1821 Aristeas
1614 1781 1676 1820 ea
1704 1765 1771 1819 de
1796 1765 1998 1836 quibus
2018 1765 2130 1834 jam
2166 1761 2207 1814 Β
2235 1783 2511 1849 provocat,
2541 1787 2773 1844 quarum
2797 1769 3023 1840 singulis
3051 1783 3209 1823 senes
3231 1780 3323 1836 per
3354 1761 3598 1818 ordinem
3632 1759 3807 1813 inter-

560 1855 838 1912 Sosibium
868 1856 1219 1913 Tarentinum
1249 1867 1303 1913 et
1328 1858 1599 1912 Andream
1647 1857 1918 1928 regiorum
1950 1867 2136 1913 custo—
2237 1869 2406 1941 rogali
2449 1864 2852 1936 sapientissime
2904 1860 3338 1930 responderunt,
3373 1857 3446 1910 ita
3481 1861 3542 1907 ut
3593 1857 3810 1941 septem

559 1950 689 2005 dum
723 1949 994 2020 principes
1019 1951 1287 2006 allocutus
1335 1966 1476 2020 saepe
1512 1949 1730 2015 fuerat,
1763 1950 1878 2021 regi
1918 1951 2134 2020 aperit;

2237 1939 2446 2015 dierum
2474 1957 2670 2026 spatio,
2706 1953 2934 2024 repetito
2981 1951 3170 2016 eodem
3199 1962 3370 2004 coena
3403 1959 3572 2010 more,
3610 1939 3809 1995 ιΧχιι

559 2041 820 2096 nimirum
854 2058 952 2112 P3P
984 2058 1104 2098 esse
1133 2052 1191 2097 υἱ
1213 2043 1484 2098 missurus
1517 2043 1582 2096 ad
1606 2057 1883 2096 summum
1908 2043 2132 2112 Ροηῐὶίὶ-
2237 2067 2427 2108 senum
2452 2047 2765 2120 singulatim
2790 2044 3087 2100 sententias
3111 2038 3385 2108 exceperit
3403 2078 3417 2103 ,
3446 2051 3510 2090 ac
3537 2033 3811 2103 cujusque

560 2146 679 2186 cem
703 2133 912 2203 198³⁸03
947 2133 1038 2202 (ιιιῑ
1065 2131 1375 2189 διιάεὲοτυῐη
1410 2135 1581 2188 libros
1603 2133 1880 2201 θίΥεΓΓθηῐν
1917 2132 2137 2189 εἶυάἒὲοε
2238 2145 2442 2198 dictum
2474 2140 2727 2195 laudibus
2756 2135 3067 2201 celebrarit,
3097 2133 3427 2201 domumque
3457 2126 3684 2198 singulis
3718 2134 3812 2179 ta-

562 2237 775 2287 omnes,
800 2223 893 2292 qui
936 2239 966 2278 a
1019 2233 1172 2292 patre
1202 2223 1373 2293 ipsius
1399 2224 1455 2277 in
1494 2224 1863 2293 captivitatem
1921 2221 2138 2276 abducti
2241 2235 2380 2288 lenia
2416 2232 2515 2287 ιι-ίει
2547 2231 2690 2285 dono
2723 2225 2997 2282 obtulerit.

562 2311 821 2380 fuerant,
867 2315 1070 2371 liberos
1118 2316 1361 2371 remittat
1390 2315 1445 2370 in
1478 2316 1734 2385 patriam.
1780 2314 2140 2370 Percontatus
2314 2327 2506 2396 Elapso
2532 2333 2655 2396 post
2680 2320 2925 2377 convivia
2952 2317 3157 2380 triduo,
3193 2328 3353 2370 senes
3381 2327 3412 2366 a
3437 2306 3706 2364 Demetrio
3737 2303 3812 2396 ad

564 2421 661 2460 rex
696 2416 828 2476 quot
853 2407 1164 2463 Iudaeorum
1200 2408 1371 2462 millia
1397 2407 1452 2462 in
1493 2406 1728 2480 IEgypto
1767 2407 2016 2462 servituti
2046 2405 2142 2460 ad-

2242 2395 2548 2489 proximam
2590 2413 2825 2469 insulam
2876 2409 3261 2472 deducuntur,
3311 2411 3368 2458 et
3417 2402 3473 2454 in
3529 2395 3815 2489 splendida

567 2497 710 2553 dicta
743 2508 962 2564 essent.
1016 2500 1140 2570 Plus
1197 2515 1361 2570 quam
1389 2507 1604 2554 εθηῑιιιῐι
1635 2500 1802 2576 millia
1836 2514 1976 2565 €858,
2003 2497 2140 2552 τετε·
2242 2485 2404 2566 domo
2430 2507 2616 2573 locati,
2652 2502 2892 2575 quotidie
2923 2501 2987 2555 ad
3017 2512 3218 2552 nonam
3243 2507 3418 2562 usque
3455 2492 3643 2544 horam
3673 2485 3816 2554 legis

563 2607 720 2648 rente
744 2595 981 2657 Andrea,
1007 2593 1232 2648 audivit.
1268 2592 1406 2647 Hinc
1435 2608 1699 2648 converso
1731 2593 1786 2646 in
1812 2593 2142 2647 hilaritatem
2245 2599 2672 2672 ίηιρι-ρινθιειίοηί
2693 2596 2894 2651 dabam
2915 2606 3156 2662 operam,
3176 2585 3451 2642 Demetrio
3484 2581 3673 2636 scriba
3693 2594 3819 2631 mu-

566 2685 725 2740 vultu
749 2701 846 2741 rex
875 2686 1040 2756 jussit
1067 2685 1265 2740 liberos
1293 2685 1490 2739 dimitti
1541 2683 1758 2740 Iudaeos
1787 2699 1996 2750 omnes,
2030 2692 2161 2738 tum-
2246 2711 2374 2752 nere
2416 2694 2696 2764 fungente.
2749 2692 2926 2757 Atque
2975 2684 3138 2737 etiam
3198 2677 3439 2750 Quotidie
3486 2674 3620 2728 bene
3652 2684 3820 2764 malle

545 2791 670 2832 .eos
693 2778 788 2846 qui
821 2793 850 2832 a
889 2787 1045 2848 patre
1077 2778 1286 2848 ipsius,
1330 2787 1446 2833 tum
1479 2779 1640 2834 etiam
1676 2779 1812 2833 alios
1839 2777 1932 2847 qui
1987 2786 2145 2832 antea

2247 2762 2540 2843 veniebant:
2564 2783 2618 2837 in
2645 2781 2848 2843 aulam,
2875 2786 2928 2832 et
2951 2776 3195 2831 salutato
3225 2784 3352 2841 rege
3382 2767 3630 2822 redibant
3651 2763 3705 2816 in
3734 2762 3820 2815 lo-

566 2869 624 2924 in
648 2869 961 2924 servitutem
992 2869 1210 2924 abducti
1228 2868 1462 2936 fuerant,
1492 2869 1740 2941 tradique
1765 2869 2020 2936 dominis,
2049 2869 2146 2940 qui
2248 2895 2370 2936 cum
2407 2892 2588 2933 suum.
2621 2875 2819 2942 Sicque
2845 2869 3055 2926 collatis
3103 2862 3506 2934 exemplaribus
3535 2899 3549 2925 ,
3597 2867 3824 2923 unaque

568 2960 884 3031 hujusmodi
917 2960 1189 3016 famulitio
1229 2963 1540 3025 utebantur,
1575 2977 1673 3032 pro
1696 2963 1926 3033 singulis
1950 2963 2146 3033 capiti-
2249 2968 2586 3042 congregati,
2617 2963 2956 3035 septuaginta
2995 2959 3229 3014 duorum
3269 2957 3478 3011 dierum
3510 2946 3685 3042 spatio
3727 2946 3819 2998 in-

567 3051 674 3105 bus
705 3051 892 3120 viginti
929 3052 1239 3107 drachmas.
1276 3051 1501 3108 Summa
1525 3069 1688 3124 porro
1716 3053 1852 3123 regii
1901 3055 2144 3110 muneris
2169 3099 2215 3161 ε
2251 3038 2687 3130 ῑειτρῖειέιιὶοηθῐη
2713 3053 3019 3108 absolvunt.
3073 3047 3376 3102 Demetrius
3421 3050 3587 3097 lotam
3647 3038 3822 3090 inter-

568 3140 668 3161 ρης.
701 3141 802 3161 nnn
836 3143 930 3161 .-L
982 3151 1023 3161 ._
1119 3159 1144 3161 η
2427 3155 2437 3161 .
2639 3149 2656 3161 ς
2721 3149 2734 3161 1
2791 3148 2801 3159 .
2881 3160 2886 3161 ,
2939 3143 3117 3161 νέα-η--
3147 3150 3255 3161 .___-
3286 3135 3645 3161 .__.........:I...n
3676 3130 3820 3161 ..ι-ως-

568 3140 669 3195 fuit
700 3141 804 3195 660
835 3143 1177 3198 talentorum.
2169 3130 2215 3161 υ
2247 3155 2605 3225 pretationem
2634 3148 2835 3204 ludatis
2867 3143 3121 3200 omnibus
3147 3150 3260 3195 tum
3286 3135 3648 3210 praesentibus
3676 3130 3821 3186 reci-

645 3232 949 3291 Demetrius
971 3235 1469 3307 Phalereuspostea
1499 3238 1740 3293 libellum
1765 3243 1857 3293 dat
1882 3238 2146 3309 rcgi,qu0
2247 3246 2408 3308 tavit,
2459 3243 2553 3313 qui
2607 3239 2839 3295 summis
2869 3251 2990 3290 eam
3043 3232 3295 3288 laudibus
3344 3225 3617 3300 prosecuti
3667 3231 3818 3278 sunt.

571 3335 766 3382 auctor
798 3337 880 3382 est
909 3336 969 3382 ut
1003 3337 1148 3398 petat
1181 3345 1212 3384 a
1243 3346 1459 3385 summo
1514 3329 1826 3387 Iudaeorum
1862 3333 2144 3387 sacerdote
2249 3337 2388 3392 Tum
2412 3336 2656 3391 omnium
2692 3345 2985 3394 consensu,
3019 3325 3283 3382 suadente
3319 3319 3592 3376 Demetrio
3617 3358 3632 3385 ,
3667 3316 3818 3370 diras

530 3484 544 3508 ε
573 3415 832 3472 Ε¹θ³ῑ³¹⁹⁰
866 3433 960 3474 εει
990 3433 1056 3472 εἰ
1085 3434 1304 3490 quaque
1331 3420 1475 3474 "ibi!
1521 3437 1700 3487 59095,
1735 3421 2019 3475 honestate
2062 3420 2144 3474 Vi'
2251 3429 2528 3500 imprecati
2554 3435 2682 3482 sunt
2709 3426 2777 3480 iis
2805 3425 2898 3495 qui
2932 3423 3060 3477 huic
3098 3417 3334 3473 versioni
3364 3413 3568 3482 aliquid
3597 3409 3819 3508 addere,

573 3516 643 3562 ta:
676 3518 730 3563 et
752 3510 944 3578 peritia
971 3510 1145 3581 legum
1175 3519 1514 3580 praestantes,
1542 3520 1603 3566 ut
1626 3512 1861 3582 plurium
1884 3512 2145 3582 interpre—
2251 3524 2334 3578 vel
2365 3523 2603 3586 demere,
2633 3519 2718 3574 vel
2752 3517 2806 3571 in
2836 3532 2902 3572 ea
2950 3512 3232 3586 quidpiam
3286 3510 3574 3563 immutare
3628 3500 3821 3556 ausuri

577 3601 712 3654 tatio
737 3602 840 3655 fide
870 3602 1085 3672 dignior
1114 3603 1402 3658 habeatur.
1435 3604 1549 3659 Rex
1577 3612 1820 3658 oratores
1848 3604 2012 3658 mittit
2035 3604 2145 3656 An-
2250 3622 2452 3670 essent.

575 3688 763 3744 dream
799 3699 853 3746 et
881 3692 1150 3746 Aristeam
1202 3703 1451 3748 nostrum
1503 3709 1628 3747 cum
1678 3693 2146 3764 praestantissimis
2325 3704 2478 3769 Rex,
2513 3701 2696 3759 fausto
2749 3700 2830 3756 rei
2884 3699 3034 3754 exitu
3066 3697 3245 3756 imtus,
3278 3699 3331 3747 et
3362 3698 3488 3760 post
3534 3684 3818 3740 lectionem

575 3781 920 3848 muneribus,
955 3799 1076 3852 quae
1118 3785 1315 3838 ibidem
1345 3795 1718 3846 recensentur.
1747 3795 1801 3840 et
1827 3787 2024 3841 litteris
2062 3803 2148 3841 re-

2253 3796 2574 3868 legislatoris
2603 3795 2924 3865 sapientiam
2985 3790 3318 3849 admiratus,
3371 3780 3679 3838 sciscitatur
3722 3789 3823 3868 cur

577 3869 701 3937 Elis:
728 3869 820 3923 “bi
849 3873 916 3925 d0
943 3869 1146 3927 JUdiﬁiS
1172 3888 1202 3926 ³
1231 3874 1492 3929 “Nilum
1529 3875 1823 3944 redemptis
1844 3916 1859 3940 ν
1911 3877 1978 3931 de
2020 3877 2148 3930 ῐηίι·
2253 3865 2424 3959 poetae
2454 3899 2507 3943 et
2538 3883 2961 3955 historiographi
2991 3881 3195 3936 nullam
3226 3875 3360 3931 tanti
3383 3871 3562 3944 operis
3596 3865 3826 3922 mentio-

575 3960 756 4016 tendis
778 3962 846 4016 ad
878 3963 1380 4032 interpretationem
1422 3964 1716 4036 Scriptura;
1745 3969 1968 4024 senibus
1991 4011 2005 4034 ,
2049 3969 2146 4023 de-

2254 3997 2376 4036 nem
2412 3979 2660 4036 fecerint.
2702 3977 3013 4048 Respondet
3065 3970 3370 4027 Demetrius
3419 3961 3823 4021 sanctissimam

579 4068 686 4115 que
721 4053 905 4108 missis
940 4057 1262 4110 muneribus
1289 4057 1487 4143 agitur.
1530 4057 1639 4114 llas
1689 4059 1898 4116 litteras
1949 4060 2150 4129 exeipit
2255 4073 2424 4143 legem
2453 4087 2558 4126 ηοη
2589 4071 2833 4141 potuisse
2851 4069 2968 4124 sine
2998 4065 3238 4138 periculo
3269 4062 3321 4114 in
3359 4055 3579 4125 scriptis
3608 4062 3827 4108 εχιειηο-

579 4145 805 4215 epistola
832 4144 1076 4199 Eleazari
1111 4146 1177 4199 ad
1228 4141 1573 4202 Ptolemaaum
1605 4189 1620 4214 ,
1676 4149 1768 4204 ubi
1822 4149 1878 4203 in
1917 4152 2149 4220 gratiam
2254 4141 2374 4217 nim
2403 4162 2680 4231 usurpari,
2720 4159 3126 4228 Theopompum
3156 4153 3300 4206 enim
3335 4157 3391 4203 et
3432 4145 3775 4201 Theodectcn
3803 4182 3822 4207 ,

579 4236 968 4292 beneficiorum
1004 4237 1180 4292 fausta
1216 4240 1326 4310 regi
1354 4239 1694 4311 Arsinoeque
1729 4243 1887 4296 uxori
1932 4251 1986 4298 et
2022 4244 2148 4301 filiis
2255 4254 2347 4325 qui
2380 4254 2432 4308 id
2460 4251 2701 4323 aggressi
2747 4249 2983 4313 fuerant,
3038 4244 3296 4298 divinitus
3328 4237 3588 4294 immissis
3644 4232 3823 4304 poenis

581 4340 922 4401 apprecatur,
947 4340 1002 4386 et
1027 4348 1091 4386 ex
1121 4333 1350 4403 singulis
1381 4334 1628 4390 tribubus
1653 4351 1810 4392 senes
1847 4353 1940 4393 sex
1979 4339 2150 4395 inter-
2257 4346 2526 4401 coercitos
2557 4343 2744 4398 fuisse.
2777 4339 2872 4395 His
2903 4339 3103 4394 auditis
3128 4351 3223 4391 rex
3256 4334 3426 4403 legem
3447 4327 3701 4398 religiosa
3728 4337 3825 4377 ve-

580 4423 859 4490 prctandis
885 4421 1181 4493 Scripturis
1233 4439 1291 4478 se
1344 4424 1559 4478 mittere
1600 4426 1902 4495 prolitetur.
1945 4427 2150 4486 Deinde
2182 4457 2226 4511 ι)
2258 4436 2536 4493 neratione
2557 4441 2878 4505 prosecutus
2906 4439 3009 4495 est,
3033 4441 3262 4496 eamque
3285 4421 3450 4494 jussit
3478 4430 3694 4474 summo
3713 4423 3826 4470 stu-

583 4529 776 4566 senum
807 4514 1072 4582 cujusque
1105 4515 1281 4569 tribus
1306 4516 1528 4569 nomina
1579 4516 1910 4572 referuntur.
1970 4521 2152 4578 Dono—
2253 4532 2344 4586 dio
2391 4525 2683 4589 asservari,
2725 4536 2990 4592 senesque
3019 4518 3226 4589 rogaVil
3262 4525 3322 4570 ιιι
3355 4515 3406 4567 in
3438 4519 3714 4580 Ροδῑεΐυπ)
3761 4521 3824 4560 se

581 4622 707 4659 rum
733 4616 920 4674 postea
951 4605 1123 4660 forma
1164 4609 1587 4678 praestantiaque
1626 4610 1746 4666 fuse
1798 4613 2150 4670 describitur.
2254 4618 2496 4674 crebrius
2524 4615 2894 4674 convenirent,
2921 4611 3176 4679 ipsosque
3199 4622 3322 4662 cum
3348 4602 3506 4658 donis
3528 4609 3580 4654 et
3604 4596 3827 4666 amplis-

586 4696 845 4766 Sequitur
877 4699 1119 4752 narratio
1147 4715 1336 4754 eorum
1369 4716 1490 4770 qua:
1517 4701 1872 4774 Jcrosolymis
1910 4705 2152 4761 Aristeas
2254 4710 2409 4768 simis
2433 4707 2751 4763 muneribus
2776 4705 3034 4758 Eleazaro
3063 4714 3280 4756 summo
3310 4693 3556 4766 pontifici
3584 4691 3826 4746 destina-

582 4790 990 4852 observaverat,
1022 4789 1490 4862 Jerosolymorum
1525 4808 1717 4862 nempe
1749 4795 1938 4860 situm,
1970 4798 2152 4865 templi
2256 4801 2345 4863 tis,
2374 4799 2594 4853 domum
2618 4795 2849 4850 remisit.

578 4880 1024 4952 Jcrosolymitani
1053 4881 1309 4948 formam,
1342 4886 1690 4940 sacerdotum
1733 4886 1858 4940 item
1907 4889 2156 4942 ministe-
2326 4890 2405 4944 En
2433 4899 2602 4943 totam
2628 4887 2854 4941 Aristeas
2873 4892 2926 4940 et
2953 4882 3092 4938 LXX
3136 4882 3489 4950 lnterpretum
3511 4871 3822 4930 historiam.

577 4975 751 5040 rium,
776 4973 1018 5030 Eleazari
1050 4976 1396 5031 sacerdotum
1429 4978 1691 5048 principis
1729 4994 1886 5034 sacra
1915 4989 2157 5035 tractan-
2256 4984 2407 5039 Licet
2437 4990 2615 5037 autem
2658 4980 2785 5033 hinc
2815 4978 3064 5033 hausisse
3103 4983 3360 5046 putentur
3387 4975 3655 5039 quotquot
3684 4965 3735 5021 id
3756 4980 3839 5019 em

577 5068 651 5120 tis
690 5067 920 5133 cultum,
945 5068 1090 5123 arcis
1117 5067 1621 5140 Ilierosolymitanae
1655 5071 1853 5136 situm,
1889 5072 2042 5127 urbis
2075 5081 2158 5127 to-
2257 5083 2635 5146 argumentum
2672 5078 3098 5141 pertractarunt,
3149 5077 3383 5122 attamen
3413 5064 3488 5117 illi
3549 5071 3663 5115 tum
3699 5074 3730 5113 a
3786 5074 3843 5110 se

579 5158 693 5210 tius
729 5159 1017 5224 ambitum,
1050 5160 1164 5231 agri
1208 5169 1263 5215 et
1297 5162 1536 5232 regionis
1567 5161 1986 5229 fecunditatem,
2037 5164 2156 5218 fru-
2258 5174 2469 5230 mutuo,
2496 5174 2609 5218 tum
2639 5163 2707 5216 ab
2734 5161 2948 5216 Aristea
2977 5160 3089 5224 illo,
3125 5173 3286 5228 quem
3324 5155 3488 5210 modo
3515 5152 3730 5208 retulim
3753 5165 3838 5213 us,

583 5256 775 5301 ctuum
810 5250 1020 5319 copiam
1052 5260 1108 5305 et
1137 5252 1477 5308 varietatem.
1503 5253 1791 5308 Iordanem
1821 5255 2045 5310 fluvium
2075 5258 2160 5309 in-
2257 5256 2487 5310 multum
2518 5252 2791 5307 differunt.

588 5350 700 5393 star
731 5338 837 5394 Nili
865 5342 1231 5397 exundantem
1271 5353 1554 5415 terrasque
1587 5347 1900 5417 irrigantem
1941 5348 2160 5404 exhibet

2260 5369 2326 5422 ll.
2363 5368 2502 5433 Quid
2523 5366 2584 5420 de
2610 5366 2708 5418 hac
2732 5363 2972 5433 Historia
2993 5362 3225 5415 dixerint
3245 5358 3578 5414 Aristobulus
3593 5363 3642 5411 et
3669 5354 3823 5409 Philo

587 5431 856 5497 Aristeas,
889 5448 1060 5503 eaque
1087 5435 1141 5488 in
1171 5451 1230 5489 re
1255 5435 1378 5492 falsi
1410 5438 1656 5509 arguitur
1685 5453 1714 5492 a
1739 5438 1941 5494 multis.
2384 5431 2396 5433 ’
2924 5431 3168 5487 JH.de-

661 5519 774 5575 Sub
807 5523 921 5577 haec
952 5524 1018 5578 de
1049 5525 1270 5581 senibus
1297 5527 1364 5581 ab
1385 5526 1644 5584 Eleazaro
1673 5545 1738 5584 ex
1765 5544 1982 5599 quaque
2016 5530 2160 5584 tribu
2333 5526 2436 5594 Qui
2472 5525 2681 5597 primus
2707 5525 2934 5580 Aristeee
2967 5522 3263 5579 Historiam
3296 5519 3635 5577 memoravit.
3661 5517 3826 5572 tacito

590 5613 805 5670 selectis
832 5617 1010 5685 agitur
1040 5635 1054 5670 :
1089 5619 1143 5671 hi
1173 5620 1458 5691 utriusque
1509 5623 1728 5693 linguae,
1768 5621 2047 5676 Hebraica:
2072 5621 2160 5676 ni-
2263 5630 2441 5676 tamen
2467 5618 2693 5673 Aristea:
2713 5617 2951 5681 nomine,
2977 5624 3061 5669 est
3096 5613 3460 5676 Aristobulus,
3497 5612 3564 5665 ab
3593 5607 3826 5664 Eusebio

590 5704 787 5760 mirum
818 5716 870 5762 et
899 5707 1118 5775 Graeca,
1147 5711 1488 5781 peritissimi,
1513 5723 1566 5768 et
1589 5714 1766 5784 legum
1805 5713 2028 5769 scientia
2051 5713 2147 5768 cla.
2264 5709 2585 5767 Caesariensi
2629 5708 2822 5764 allatus
2853 5705 3073 5778 (Priap.
3124 5722 3306 5776 evang.
3348 5719 3404 5779 p.
3439 5702 3544 5764 664
3562 5700 3604 5776 ),
3643 5703 3734 5771 qui
3762 5699 3827 5754 de

774 5797 791 5824 ι
2168 5792 2244 5809 ._.
