4052 6388
53 5452 68 5534 1

258 268 298 322 57

253 480 537 554 Philadelphi,
579 505 931 555 curante
961 480 1292 561 Demetrio
1316 480 1572 564 Phalereo
1602 509 1777 574 facta,
1811 528 1934 566 car-

251 578 331 647 ptim
355 580 641 652 loquitur.
708 589 955 650 Hunc
999 600 1262 667 quidam
1298 603 1397 657 sub
1424 602 1715 660 Ptolemaeo
1748 605 1934 660 Phila-

251 672 389 767 delpho,
423 677 652 746 plures
688 687 848 741 sub
895 687 1354 759 Philometore,
1386 696 1476 749 alii
1517 697 1619 751 sub
1646 699 1934 767 postremis

249 763 629 826 Pnlemeorum
659 777 965 836 vixisse
1005 786 1396 840 arbitrantur.
1452 783 1562 841 Nec
1587 763 1785 842 desunt
1839 789 1934 858 qui

250 861 485 934 fragmenta
523 868 944 930 Aristobuli
989 880 1090 934 ab
1119 878 1360 935 Eusebio
1388 880 1569 945 allata,
1591 896 1657 935 ex
1679 880 1935 948 operibus

251 959 596 1026 supposititiis.
626 974 698 1018 et
721 969 972 1034 prima
999 971 1360 1026 Christiana:
1383 971 1458 1026 rei
1487 980 1641 1026 aetate
1664 971 1930 1038 confictis,

1603 298 1672 354 IN
1709 297 2035 356 HEXAPLA
2073 298 2419 356 ORIGENIS.
3550 309 3618 364 58

257 389 464 496 ξςξξβξιιςᾶξ
489 395 910 496 βεδε-εἰη
945 410 1447 486 interpretatione
1473 419 1630 490 jussu
1657 419 1931 478 Ptolemaei
1961 426 2008 483 Α
2035 431 2117 476 tes
2164 421 2323 492 quasi
2355 421 2570 477 divinos
2609 421 2863 480 homines
2911 426 3232 483 muneribus
3284 429 3618 496 cumulasse,

255 1055 475 1122 desumpta
512 1075 668 1114 esse
717 1073 1017 1132 putent.

299 1145 422 1200 Philo
478 1148 758 1209 Iudaeus
807 1156 883 1209 in
946 1157 1142 1218 Vita.
1174 1160 1356 1224 Mosis,
1403 1159 1496 1215 lib.
1546 1175 1608 1225 It,
1640 1159 1936 1216 Historiam

258 1236 357 1291 LXX
380 1239 799 1312 interpretum
840 1259 1332 1313 commemorat,
1361 1265 1422 1305 ac
1455 1250 1631 1320 primo
1653 1251 1783 1305 dicit
1815 1249 1934 1305 Pto-

258 1330 459 1386 lenrrum
499 1333 1073 1407 Philadelphum,
1115 1357 1287 1411 quem
1311 1343 1538 1396 summis
1566 1343 1814 1398 laudibus
1847 1359 1934 1396 ex-

260 1422 382 1480 tollit.
404 1441 509 1494 pro
557 1428 1134 1498 interpretatione
1188 1433 1588 1502 Scripturarum
1619 1433 1934 1490 adornanda

260 1517 440 1571 misisse
471 1519 547 1572 ad
578 1536 930 1576 summum
959 1525 1338 1580 sacerdotem
1367 1534 1420 1580 et
1465 1541 1640 1594 regem
1687 1525 1886 1580 Iudaea:
1912 1571 1926 1592 ,

259 1609 335 1677 qui
366 1627 507 1665 unus
556 1625 616 1668 et
677 1615 858 1670 idem
924 1625 1086 1670 erat
1120 1660 1138 1682 ,
1189 1617 1493 1688 Ἐξέπεμπε
1533 1618 1668 1687 πρὸς
1709 1617 1800 1671 τὸν
1830 1620 1931 1689 τῆς

271 1701 508 1767 ἰουδαίας
542 1705 855 1778 ἀρχιερέα
896 1709 1023 1762 καὶ
1064 1709 1320 1779 βασιλέα·
1363 1713 1392 1762 ὁ
1415 1710 1522 1780 γὰρ
1543 1711 1702 1774 αὐτὸς
1729 1707 1928 1780 ἦν.ΙΙΙθ

264 1809 376 1847 vero
398 1797 797 1866 peritissimos
846 1815 1156 1869 quosque
1192 1801 1514 1870 dclcgit,qni
1544 1802 1611 1855 de
1635 1801 1926 1856 Chaldaica

270 1885 319 1938 in
346 1885 586 1942 Graecam
607 1889 898 1958 linguam
956 1893 979 1960 (
1000 1892 1098 1946 sic
1148 1891 1280 1950 illc)
1323 1893 1490 1962 legem
1525 1901 1921 1949 converterent.

275 1973 340 2029 De
369 1993 598 2032 numero
629 1989 837 2034 autem
894 1982 1301 2051 interpretum
1331 1983 1462 2036 nihil
1511 1984 1722 2053 uspiam
1763 1983 1927 2038 tradit

281 2065 653 2142 Philo.Pergit
686 2086 836 2126 vero
873 2073 1136 2138 deinde,
1171 2075 1351 2143 aitque
1398 2075 1722 2143 interpretes
1747 2075 1799 2129 in
1830 2088 1925 2129 oc-

281 2163 425 2216 culto
454 2166 804 2234 nemineque
849 2175 1208 2236 praesente,
1263 2166 1567 2220 versionem
1599 2181 1755 2221 suam
1802 2167 1922 2221 edi-

281 2253 444 2308 disse.
469 2255 604 2310 Cum
634 2266 841 2311 autem
877 2259 942 2310 in
986 2255 1193 2310 Pharo
1220 2257 1395 2312 insula
1414 2258 1528 2312 haec
1552 2258 1922 2328 interpretatio

284 2341 428 2395 facta
460 2346 671 2408 fuisset,
703 2347 1082 2402 testificatur
1111 2345 1276 2401 Philo
1292 2347 1358 2402 ad
1383 2363 1542 2402 suum
1573 2364 1748 2418 usque
1782 2359 1919 2404 tem-

285 2449 391 2504 pus
423 2435 650 2507 hujusce
699 2449 889 2494 tanta:
928 2441 1017 2494 rei
1069 2439 1399 2494 memoriam
1441 2442 1730 2510 quotannis
1777 2443 1918 2496 cele-

289 2525 474 2592 brari;
519 2530 592 2584 ita
626 2541 689 2584 ut
725 2547 850 2585 non
897 2531 1083 2586 modo
1116 2529 1319 2596 Judaei,
1366 2532 1459 2588 sed
1491 2534 1652 2588 etiam
1703 2534 1816 2597 alii,
1861 2534 1918 2592 in

289 2632 412 2670 eam
449 2620 676 2675 insulam
710 2632 1188 2688 transmeantes,
1212 2623 1506 2693 gratiarum
1531 2625 1840 2681 actionibus
1864 2635 1919 2682 et

293 2711 557 2766 conviviis
586 2722 812 2768 tantum
854 2715 1210 2768 beneficium
1245 2716 1561 2770 recolerent.

785 2805 887 2858 Ill.
921 2805 1079 2869 Quid
1114 2803 1403 2873 Josephus.

367 2887 633 2962 Iosephus
664 2897 684 2965 (
714 2898 1004 2965 Antiquit.
1035 2895 1186 2949 Jud.
1232 2897 1323 2950 lib.
1347 2913 1445 2962 xu,
1475 2898 1510 2952 2
1531 2899 1570 2969 ),
1613 2901 1708 2970 qui
1764 2917 1824 2956 se
1851 2916 1920 2957 ea

301 2995 424 3046 qua:
461 2986 614 3038 tradit
649 3003 720 3041 ex
769 2987 1002 3042 Aristea
1055 2989 1191 3056 ipso
1238 2998 1540 3044 mutuatum
1587 2993 1911 3060 profitetur,

303 3075 499 3140 stylum
525 3079 761 3132 Aristeas
783 3083 1026 3133 omnino
1053 3080 1317 3146 mutavit,
1347 3082 1418 3136 ita
1440 3091 1500 3137 ut
1524 3083 1686 3138 etiam
1712 3086 1912 3156 episto-
1933 3105 1982 3166 ρ

307 3166 395 3220 las
425 3171 713 3237 variorum,
745 3188 879 3242 quae
912 3174 969 3227 in
1008 3173 1254 3228 historia
1307 3175 1492 3230 eadem
1546 3188 1860 3247 comparent
1889 3219 1906 3245 ,

307 3256 465 3327 longe
477 3263 572 3316 alia
593 3266 905 3319 verborum
927 3266 1075 3320 serie
1089 3265 1388 3321 describat.
1406 3265 1514 3322 Nec
1533 3269 1693 3324 modo
1718 3271 1913 3339 verba,

307 3351 398 3402 sed
433 3364 487 3406 et
511 3371 594 3409 res
625 3357 780 3424 ipsas
814 3357 1130 3426 aliquando
1167 3368 1490 3421 commutat,
1523 3362 1692 3414 multa
1724 3361 1907 3417 detra-

309 3439 405 3502 hit,
430 3461 533 3498 non
559 3462 739 3514 pauca
768 3447 839 3502 de
865 3463 972 3502 suo
1005 3448 1231 3517 adjicit.
1261 3449 1509 3504 Attamen
1552 3450 1741 3505 eodem
1787 3453 1908 3521 ipso

303 3538 617 3604 exemplari,
650 3555 766 3608 quo
820 3539 1140 3594 hodiernus
1184 3539 1423 3596 Aristeas
1469 3542 1535 3596 ad
1586 3559 1684 3597 nos
1732 3559 1906 3613 usque

302 3626 658 3681 transmissus
692 3638 780 3682 est
809 3671 824 3693 ,
868 3645 1006 3684 usus
1061 3626 1242 3683 fuisse
1295 3630 1539 3696 videtur;
1590 3632 1715 3686 licet
1757 3633 1902 3687 enim

302 3715 596 3778 plurimum
625 3720 800 3774 variet
827 3722 884 3775 in
913 3720 1289 3787 recensione;
1322 3723 1373 3776 id
1408 3739 1475 3778 ex
1518 3739 1667 3778 more
1695 3741 1796 3780 suo
1821 3725 1904 3780 fe-

304 3806 397 3863 cit.
425 3806 742 3880 Scripturas
765 3815 914 3867 enim
941 3827 1168 3876 sacras,
1203 3813 1399 3882 quibus
1447 3815 1560 3869 fere
1603 3832 1696 3885 per
1733 3825 1902 3871 totam

303 3893 601 3956 Historiam
629 3904 825 3970 utitur,
871 3906 1108 3974 paribus
1159 3906 1552 3961 mutationibus
1583 3909 1786 3976 passim
1820 3910 1904 3962 vi-

299 3988 479 4042 tiavit.

333 4100 427 4155 IV.
462 4104 632 4170 Quam
663 4110 821 4178 longe
852 4109 918 4160 ab
948 4110 1189 4178 Aristea:
1210 4111 1512 4164 narratione
1539 4085 1860 4166 aberraverit

836 4178 1098 4233 Justinus
1140 4177 1190 4229 Μ
1199 4189 1368 4248 artyr.

368 4263 624 4322 Justinus
648 4268 878 4340 Martyr,
904 4270 1293 4324 Admonitione
1328 4271 1396 4324 ad
1427 4271 1638 4328 ercos
1668 4314 1685 4337 ,
1738 4275 1903 4349 longe

295 4354 406 4410 alia
438 4362 698 4414 narravit.
735 4361 826 4415 Ait
856 4363 1068 4431 quippe
1096 4359 1444 4417 Ptolemaeum
1473 4363 1689 4436 Egypti
1714 4382 1894 4438 regem

2037 511 2372 582 domumque
2407 512 2708 568 remisisse.
2737 516 2794 568 ln
2821 517 2894 571 rei
2939 517 3098 573 fidem
3131 518 3382 575 Justinus
3425 521 3620 576 testifi-

2037 612 2192 658 catur
2229 619 2289 658 se
2314 603 2770 660 domuncularum
2799 607 3108 676 hujusmodi
3135 609 3330 665 rudera
3357 612 3411 666 in
3434 611 3617 666 Pharo

2038 697 2216 752 insula
2243 696 2377 765 ipsis
2405 700 2578 754 oculis
2603 701 2978 768 conspexisse,
3009 713 3060 756 et
3085 703 3154 757 ab
3185 703 3456 774 indigenis
3499 721 3620 775 quae

2038 788 2202 843 refert
2225 790 2518 858 accepisse.
2543 791 2759 845 Claudit
2780 791 3020 858 demum,
3052 803 3105 846 et
3131 794 3389 850 lectorem
3422 797 3615 851 remit-

2039 881 2100 933 tit
2126 879 2192 933 ad
2223 880 2506 935 Philonem
2542 891 2595 936 et
2629 882 2696 936 ad
2728 879 3047 953 Josephum,
3081 885 3173 938 ubi
3223 893 3405 940 tamen
3463 887 3615 940 nulla

2036 970 2357 1024 cellularum
2387 971 2611 1025 mentio.
2648 969 2704 1024 In
2736 973 2976 1026 secunda
3002 988 3132 1026 vero
3167 989 3261 1041 pro
3289 973 3609 1029 Christianis

2035 1061 2316 1132 Apologia,
2354 1063 2429 1116 ait
2451 1061 2803 1118 Ptolemaeum
2829 1079 3033 1134 regem,
3061 1079 3184 1118 cum
3219 1065 3390 1120 libros
3451 1067 3614 1121 undi.

2034 1170 2141 1224 que
2178 1155 2428 1225 paranda:
2469 1156 2809 1211 bibliothecae
2857 1156 3185 1226 comportari
3223 1164 3466 1220 curaret,
3501 1157 3612 1213 He-

2033 1246 2218 1298 rodem
2253 1260 2433 1315 regem
2468 1246 2766 1314 rogavissc,
2818 1246 2986 1300 libros
3045 1247 3148 1301 sibi
3200 1248 3610 1316 prOphetiarum

2035 1335 2467 1390 transmitteret:
2504 1351 2568 1390 ac
2602 1352 2725 1391 cum
2760 1335 3054 1392 llcbraicos
3089 1337 3259 1392 libros
3297 1339 3474 1409 legere
3501 1354 3609 1393 non

2029 1437 2236 1497 posset,
2264 1444 2476 1484 rursum
2501 1428 2571 1483 ab
2587 1429 2777 1482 eodem
2809 1428 3131 1499 interpretes
3162 1431 3490 1500 postulasse,
3514 1431 3609 1500 qui

2032 1518 2295 1574 ilebraica
2325 1520 2511 1575 Graece
2541 1529 2941 1589 converterent,
2993 1529 3096 1575 etc.
3156 1506 3248 1576 Sic
3283 1522 3371 1577 ille
3408 1523 3608 1577 imma-

2031 1626 2153 1663 nem
2180 1609 2386 1679 profert
2424 1612 2909 1666 anacbronismum
2940 1631 2954 1679 ;
3005 1628 3130 1666 nam
3173 1611 3416 1670 Herodes
3445 1615 3607 1671 annis

2028 1701 2250 1756 circiter
2273 1702 2524 1758 ducentis
2555 1703 2995 1772 quinquaquinta
3019 1714 3140 1773 post
3165 1703 3440 1760 Ptolemzei
3470 1704 3604 1760 Phi-

2028 1792 2260 1860 ladelphi
2287 1793 2497 1846 obitum
2521 1807 2748 1863 regnare
2782 1794 2968 1862 cmpit.

2098 1883 2353 1939 Eamdem
2387 1900 2570 1954 porro,
2596 1901 2758 1956 quam
2787 1885 3059 1952 Justinus,
3084 1888 3401 1943 cellularum
3429 1889 3604 1944 histo-

2026 1979 2162 2032 riam
2193 1977 2356 2032 refert
2381 1977 2618 2048 Cyrillus
2652 1976 3201 2051 Hierosolymitanus.
3237 1982 3304 2036 At
3334 1981 3426 2050 qui
3481 1996 3603 2051 pro.

2027 2070 2171 2125 xime
2200 2081 2322 2140 post
2347 2069 2622 2126 Justinum
2656 2071 3015 2141 scripserunt,
3054 2072 3324 2135 Irenzeus,
3385 2072 3603 2128 Tertul-

2023 2162 2202 2217 lianus
2232 2170 2286 2217 et
2307 2162 2556 2217 Clemens
2588 2163 2991 2218 Alexandrinus
3014 2205 3028 2229 ,
3075 2164 3141 2217 de
3189 2162 3429 2218 Historia
3457 2163 3599 2217 LXX

2024 2254 2379 2322 interpretum
2410 2269 2581 2324 pauca
2630 2255 2829 2319 locuti,
2883 2255 3019 2308 nihil
3058 2255 3126 2309 de
3159 2256 3371 2310 cellulis
3407 2255 3602 2325 hujus-

2022 2349 2170 2402 modi
2198 2356 2560 2402 narraverunt
2592 2366 2605 2403 :
2639 2363 2707 2401 ex
2732 2347 2935 2418 quibus
2963 2350 3200 2402 irenzeus
3242 2359 3296 2403 et
3345 2346 3600 2404 Clemens

2017 2438 2420 2493 Alexandrinus
2450 2439 2754 2493 versionem
2781 2455 2972 2494 eorum
3006 2441 3192 2495 divino
3227 2441 3441 2495 amante
3470 2440 3600 2510 Spi-

2019 2530 2126 2584 ritu
2156 2528 2354 2584 factam
2383 2539 2718 2585 asseverant.
2751 2530 3018 2586 Eusebius
3044 2547 3172 2586 vero
3213 2532 3286 2586 De
3321 2548 3598 2602 prwpara-

2019 2621 2159 2675 tione
2181 2622 2496 2692 evangelica,
2527 2622 2620 2676 lib.
2652 2638 2770 2687 vm,
2805 2622 3035 2677 Aristcm
3059 2623 3352 2677 maximam
3379 2635 3593 2693 partem

2019 2711 2204 2776 refert,
2240 2721 2439 2769 etcum
2473 2715 2877 2786 exemplaribus
2907 2715 3184 2770 hodierais
3215 2724 3274 2770 ut
3299 2716 3596 2785 plurimum

2017 2804 2312 2862 consentit.

2018 2912 2084 2966 γ.
2124 2913 2460 2984 Epiphanius
2490 2917 2640 2988 longe
2664 2919 2872 3057 divjfst‘t
2905 2917 2969 2971 ab
3003 2919 3212 2971 Aristea
3245 2927 3296 2971 st
3326 2935 3358 2971 a
3385 2919 3591 2973 ueteris

2706 3005 2758 3041 re
2785 3005 2840 3040 er
2869 3026 2884 3042 .

2706 3005 2884 3042 τειεη.

2086 3076 2311 3131 Demum
2353 3075 2689 3146 Epiphanius
2735 3079 2893 3149 longe
2931 3079 3035 3134 alia
3068 3095 3233 3150 quam
3282 3078 3460 3133 caeteri
3509 3094 3591 3135 re-

2012 3168 2136 3225 fert.
2165 3167 2232 3221 Et
2251 3168 2378 3238 quia
2407 3170 2527 3239 ejus
2549 3172 2790 3225 narratio
2815 3187 2845 3225 a
2883 3173 3068 3226 multis
3093 3186 3191 3240 pro
3217 3171 3503 3226 verissima
3535 3180 3588 3226 et

2011 3260 2387 3314 sincerissima
2423 3261 2668 3316 omnium
2704 3262 2885 3316 habita
2933 3271 3050 3325 est,
3088 3278 3208 3316 eam
3264 3262 3352 3316 hic
3381 3261 3587 3316 referre

2009 3366 2117 3406 non
2149 3351 2516 3421 gravabimur.
2549 3355 2607 3406 In
2639 3353 2778 3407 libro
2811 3352 2887 3406 De
2919 3354 3178 3407 mensuris
3197 3362 3246 3406 et
3271 3353 3587 3422 ponderibus

2007 3445 2110 3501 sub
2162 3445 2410 3508 initium,
2466 3455 2754 3515 postquam
2807 3446 3062 3499 editionis
3094 3444 3200 3498 τῶν
3228 3448 3282 3498 0’
3323 3454 3587 3514 przestan-

2006 3537 2136 3590 tiam
2160 3534 2493 3605 praedicavit,
2527 3549 2759 3604 eamque
2791 3549 2899 3588 non
2949 3535 3066 3589 sine
3120 3534 3296 3589 sancti
3346 3533 3586 3604 Spiritus

2006 3626 2186 3680 afﬂatu
2220 3623 2416 3679 factam
2441 3627 2697 3689 asseruit,
2727 3625 2806 3680 sic
2835 3626 3182 3695 prosequitur
3210 3645 3222 3679 :

2083 3736 2099 3765 ε
2141 3716 2256 3771 Duo
2280 3717 2423 3771 enim
2452 3732 2516 3772 ac
2555 3711 2699 3770 LXX
2740 3717 2844 3770 viri
2894 3716 2950 3770 in
3002 3715 3182 3769 Pharo
3209 3714 3408 3778 insula,
3461 3729 3584 3784 qua:

2005 3808 2176 3863 Terra
2205 3812 2454 3880 superior
2483 3811 2708 3873 dicitur,
2734 3825 2764 3863 e
2803 3809 3025 3880 regione
3074 3808 3228 3863 urbis
3261 3807 3586 3862 Alexandri-

2005 3915 2107 3964 nae,
2141 3900 2196 3953 in
2231 3915 2327 3956 sex
2359 3909 2412 3954 et
2439 3899 2659 3970 triginta
2699 3898 3047 3953 domunculis
3075 3899 3187 3952 sive
3208 3898 3437 3959 cellulis,
3466 3896 3581 3950 bini

2003 3992 2213 4044 scilicet
2240 3991 2294 4044 in
2331 3991 2585 4061 singulis,
2613 4007 2644 4045 a
2679 3991 2859 4061 primo
2898 3989 3141 4044 diluculo
3165 4003 3338 4058 usque
3387 3988 3439 4041 in
3491 4003 3583 4041 ve-

2002 4096 2214 4151 speram
2252 4082 2737 4137 concludebantur.
2764 4079 3002 4151 Vespere
3029 4089 3208 4134 autem
3243 4079 3464 4148 triginta
3486 4092 3582 4131 sex

2001 4173 2219 4244 scaphis
2256 4173 2310 4227 in
2355 4173 2633 4229 Ptolemaei
2687 4172 3027 4242 Philadelphi
3079 4171 3342 4242 palatium
3393 4179 3580 4222 trans-

1999 4266 2173 4329 vecti,
2224 4265 2292 4319 ad
2338 4265 2458 4334 ejus
2489 4265 2680 4334 epulas
2716 4262 3136 4318 adhibebantur.
3188 4259 3327 4314 Tum
3375 4258 3489 4312 bini
3525 4257 3582 4311 in

2001 4355 2217 4424 triginta
2235 4371 2328 4412 sex
2348 4355 2614 4410 cubiculis
2631 4354 2994 4416 dormiebant,
3016 4369 3081 4407 ne
3099 4360 3288 4405 mutuo
3311 4345 3589 4415 colloquia

291 4462 421 4503 cum
450 4451 835 4509 bibliothecam
869 4453 1228 4508 Alexandria:
1252 4465 1484 4523 pararet,
1519 4473 1573 4511 et
1601 4459 1768 4515 libros
1793 4477 1894 4515 un-

2012 4449 2232 4502 miscerc
2263 4457 2506 4518 possent,
2539 4449 2632 4502 sed
2665 4447 2766 4503 sibi
2797 4445 3070 4516 propriam
3109 4458 3209 4497 nec
3240 4439 3310 4495 ab
3343 4439 3466 4492 aliis
3490 4451 3590 4490 ac-

289 4539 464 4609 dique
493 4547 826 4614 comportari
863 4553 1118 4608 curaret,
1148 4545 1415 4601 audivisse
1436 4550 1686 4618 antiquas
1716 4551 1891 4608 histo-

289 4632 403 4684 rias
435 4632 710 4692 Hebraicis
737 4637 945 4692 litteris
980 4635 1324 4704 conscriptas
1353 4652 1657 4706 superesse,
1714 4656 1777 4696 ac
1814 4643 1892 4698 le-

291 4723 452 4786 gendi
483 4727 764 4795 cupidum,
802 4723 1170 4795 septuaginta
1190 4725 1332 4779 viros
1364 4724 1640 4784 Hebraica:
1667 4739 1722 4784 et
1741 4729 1891 4785 Grae-

289 4824 363 4864 ca
396 4804 586 4886 linguae
617 4819 833 4887 peritos
853 4813 1359 4882 accersivisse,qui
1386 4815 1887 4887 interpretationem

294 4897 524 4958 (ἐπιθείη
553 4908 808 4968 ederent,
843 4916 1029 4973 utque
1063 4904 1254 4972 procul
1272 4907 1500 4961 tumultu
1531 4923 1644 4962 rem
1663 4925 1888 4980 perage-

293 5003 426 5058 rent,
463 4997 597 5053 LXX
648 5001 792 5054 viris
840 4997 1091 5052 totidem
1145 4995 1364 5053 cellulas
1396 5015 1491 5053 seu
1531 5001 1890 5058 domunculas

287 5091 508 5141 construi
535 5090 811 5159 jussisse,
845 5101 923 5142 eo
967 5083 1314 5148 consilio,ut
1335 5087 1566 5157 quisque
1593 5091 1882 5158 separatim

281 5175 695 5256 inconsultisque
759 5181 905 5237 aliis
981 5177 1492 5245 interpretationem
1545 5179 1881 5237 adornaret:

268 5275 628 5348 ministrisque
657 5277 733 5331 ad
760 5287 904 5329 eam
939 5284 1067 5324 rem
1091 5268 1375 5326 destinatis
1396 5273 1718 5341 precepissc
1743 5314 1758 5338 ,
1814 5290 1881 5328 ne

255 5365 396 5436 ipsos
416 5384 612 5428 mutuo
652 5364 978 5438 colloquia
1006 5361 1154 5415 inire
1178 5363 1569 5430 permitterent,
1627 5375 1686 5419 ut
1713 5367 1880 5420 colla-

242 5462 303 5518 tis
327 5480 511 5533 postea
543 5454 1198 5534 interpretationibus,
1232 5455 1298 5510 de
1323 5471 1512 5511 eorum
1542 5457 1646 5512 (ide
1665 5459 1880 5528 peritia»

225 5573 325 5627 quc
351 5561 612 5632 judicare
670 5559 936 5629 posset.
975 5545 1128 5601 Cum
1151 5556 1326 5602 autem
1363 5550 1604 5605 eamdem
1644 5567 1832 5608 omnes
1856 5591 1873 5617 ,

217 5667 276 5706 ne
295 5656 528 5712 minimo
557 5649 836 5725 quidem
868 5637 1194 5696 verborum
1230 5636 1563 5708 discrimine,
1611 5639 1875 5712 interpre-

203 5750 456 5807 lationem
492 5742 942 5822 peregissent,
982 5728 1351 5798 stupefactum
1381 5747 1559 5803 regem
1607 5733 1843 5805 interpre

1999 4548 2209 4608 ceptam
2277 4539 2781 4606 interpretationem
2827 4539 3050 4592 ederent
3100 4533 3250 4604 (ἀλλ’
3280 4529 3591 4592 ἁνοθεύτως

1999 4628 2391 4700 ἑρμηνεῦσαι).
2445 4626 2772 4682 Ptolemaeus
2828 4629 2975 4682 enim
3028 4625 3250 4695 triginta
3290 4639 3385 4678 sex
3415 4621 3584 4685 illas,

1996 4737 2133 4790 quas
2173 4720 2308 4786 dixi,
2353 4721 2716 4776 domunculas
2772 4720 2828 4774 in
2882 4721 3059 4774 insula
3114 4717 3344 4787 paravit,
3374 4729 3586 4785 easque

1995 4811 2260 4881 duplices,
2290 4811 2341 4864 in
2371 4811 2570 4880 quibus
2602 4812 2759 4867 binos
2792 4811 3096 4872 conclusit,
3124 4811 3368 4876 duosque
3395 4805 3576 4860 famu-

1993 4905 2096 4965 los,
2127 4903 2220 4973 qui
2250 4903 2400 4958 cibos
2420 4914 2674 4972 pararent
2697 4903 2940 4973 ipsisque
2956 4901 3347 4962 ministrarent,
3382 4901 3577 4954 simul-

1993 5009 2094 5063 que
2142 4993 2539 5064 tacbygraphos
2588 4995 2703 5048 sive
2751 4995 3013 5048 notarios.
3047 4991 3104 5045 In
3138 4992 3242 5046 illis
3277 5006 3440 5060 porro
3475 4993 3576 5045 do-

1991 5085 2286 5149 munculis,
2340 5085 2486 5138 nulla
2543 5085 2840 5153 parietibus
2874 5084 3141 5139 fenestras
3164 5083 3374 5148 effecit;
3408 5083 3498 5137 sed
3540 5099 3572 5137 e

1991 5187 2132 5233 tecto
2164 5192 2395 5247 superne
2421 5178 2542 5231 illas
2577 5180 2788 5247 aperuit
2820 5218 2834 5240 ,
2887 5193 3025 5247 quas
3067 5177 3429 5246 anapbotidas
3469 5161 3570 5230 vo-I

1989 5280 2133 5329 cant.
2163 5268 2278 5327 Hoc
2301 5271 2374 5325 illi
2413 5270 2572 5325 modo
2623 5286 2650 5322 a
2706 5269 2883 5339 primo
2910 5269 3152 5323 diluculo
3189 5269 3256 5322 ad
3287 5283 3572 5336 vesperam,

1989 5363 2259 5419 obseratis
2291 5362 2500 5417 foribus
2537 5362 2673 5430 (ὑπὸ
2710 5361 2929 5432 κλεῖδα)
2963 5360 3160 5415 inclusi
3197 5375 3381 5414 sacras
3424 5358 3563 5410 litte-

1986 5471 2078 5511 ras
2108 5455 2524 5511 transtulerunt.
2553 5451 2857 5522 Unicuique
2891 5469 3020 5508 vero
3058 5454 3412 5521 interpretum
3445 5447 3566 5516 pari

1984 5551 2119 5605 liber
2149 5563 2292 5603 unus
2324 5546 2670 5610 tradebatur;
2696 5545 2927 5614 exempli
2956 5560 3143 5605 causa,
3180 5541 3405 5597 Geticsis
3430 5540 3560 5608 uni;

1985 5642 2204 5697 Exodus
2235 5640 2411 5706 alteri,
2437 5638 2716 5696 Leviticus
2737 5639 2826 5694 alii
2852 5658 2864 5693 :
2895 5648 3057 5708 atque
3117 5639 3186 5690 ita
3235 5633 3430 5688 caueri.
3468 5631 3561 5688 Sic

1979 5750 2146 5809 porro
2189 5734 2376 5807 viginti
2408 5739 2617 5803 septem
2654 5746 2818 5788 sacrm
2846 5729 3138 5800 Scriptura
3164 5725 3302 5791 libri,
3333 5725 3426 5794 qui
3449 5725 3558 5786 duo
