4052 6388
585 380 654 440 89
1929 352 2453 418 ΡηιιωΝΑιιιΑ
3760 332 3829 392 ϐῦ

582 505 640 551 et
674 493 859 564 viginti
892 490 1189 547 secundum
1220 486 1566 558 alphabetum
1608 481 1936 537 Hebraicum
1964 491 2160 533 nume-
2183 477 2235 535 Α
2260 468 2546 564 epistolam
2571 507 2588 533 ,
2622 465 2938 564 'Aristeanis
2953 461 3290 564 dissimilem
3316 502 3333 529 ,
3363 458 3493 516 licet
3515 454 3833 564 Aristeam,
3881 492 3915 561 f-

584 595 799 645 rantur.
823 584 1071 640 Grmcum
1113 582 1166 637 in
1197 593 1503 636 sermonem
1539 574 1789 633 οοηνρῑεί
1817 580 1966 628 Sili“.

659 699 680 730 ¢
721 678 930 731 llabent
955 674 1101 729 enim
1128 670 1335 727 Hebraei
1361 669 1433 724 2‘2
1463 670 1687 731 litteras,
1718 681 1749 720 e
1770 664 1970 733 quibus
1999 661 2162 732 quin-

585 785 692 841 que
718 769 1084 834 duplicantur.
1116 764 1286 833 Capit.
1317 761 1488 823 Mem,
1516 759 1636 814 Nun
1659 799 1674 823 ,
1709 756 1806 810 Phi
1836 797 1851 820 ,
1879 764 1933 809 et
1964 753 2155 821 Aleph.

586 869 669 921 ou
711 859 952 912 tnobrem
984 871 1107 910 eum
1133 855 1255 908 libri
1291 855 1391 907 hac
1431 854 1643 906 ratione
1676 848 1866 917 viginti
1912 846 2023 900 duo
2059 861 2162 897 nuo

587 958 891 1007 merentur,
916 957 1121 1013 septem
1160 960 1223 998 ac
1274 942 1460 1011 viginti
1500 940 1870 1012 reperiuntur,
1910 936 2056 1007 quod
2090 949 2160 990 ex

513 1076 516 1079 λ
587 1039 691 1092 .lTis
721 1039 965 1107 quinque
992 1037 1354 1105 duplicentur,
1387 1045 1490 1088 etc.

661 1149 680 1180 ι
712 1131 878 1194 Igitur
904 1137 1108 1197 septem
1143 1137 1196 1181 et
1227 1126 1420 1192 viginti
1444 1126 1520 1179 illi
1548 1125 1694 1187 libri,
1719 1123 1811 1194 qui
1836 1122 2020 1191 viginti
2051 1122 2160 1176 dun

580 1211 1138 1278 numerandum.......
1168 1234 1234 1272 eo
1256 1234 1416 1288 quem
1452 1217 1569 1271 dixi
1607 1216 1769 1270 modo
1799 1231 1895 1286 per
1913 1214 2159 1268 ordinem

586 1312 881 1377 unicuique
917 1313 1269 1379 interpretum
1304 1310 1418 1379 pari
1452 1309 1637 1363 traditi
1678 1316 1841 1373 sunt,
1896 1307 2102 1363 scilicet
2128 1322 2157 1361 a

586 1404 764 1472 primo
793 1401 992 1472 pariad
1040 1401 1380 1461 secundum,
1435 1414 1467 1453 a
1523 1398 1766 1454 secundo
1819 1395 1886 1451 ad
1939 1397 2158 1452 tertium

584 1493 938 1556 transit-runt,
972 1492 1145 1545 donec
1184 1493 1360 1545 sexies
1388 1504 1452 1544 ac
1483 1488 1728 1544 tricesies
1757 1488 1954 1557 singuli
1976 1486 2163 1542 Gl‘tBCG

582 1582 833 1635 conversi
864 1589 1013 1642 sunt.
1047 1591 1105 1635 ut
1136 1581 1357 1650 quidem
1389 1589 1666 1635 narratur.
1703 1577 1802 1635 llis
1821 1579 2015 1650 viginti
2050 1578 2163 1633 duo

581 1673 812 1729 addendi
844 1683 971 1728 sunt
991 1673 1304 1743 apocryphi.

663 1783 682 1815 ι
732 1764 1016 1819 Postremo
1050 1764 1315 1821 absolutis
1370 1763 1647 1829 omnibus,
1679 1779 1773 1818 rex
1829 1762 1885 1818 in
1939 1761 2162 1818 sublimi

582 1857 724 1912 solio
767 1856 1061 1911 consedit:
1095 1856 1315 1910 aderant
1369 1856 1587 1927 triginta
1637 1872 1729 1911 sex
1767 1855 1997 1911 lectores
2032 1872 2158 1911 cum

581 1946 805 2019 triginta
842 1964 935 2003 sex
982 1949 1385 2019 exemplaribus
1408 1991 1424 2019 ,
1450 1959 1505 2005 et
1535 1951 1670 2004 alter
1702 1950 1796 2021 qui
1832 1948 2160 2005 llebraicum

583 2044 968 2111 antigrapltu'u
1008 2042 1246 2097 tenebat.
1287 2041 1408 2097 Uno
1448 2043 1658 2113 legente
1707 2043 1939 2113 aliisque
1987 2053 2161 2098 atten-

580 2134 859 2203 dentibns,
887 2137 1023 2208 nihil
1052 2147 1325 2207 repertum
1354 2146 1439 2193 est
1466 2137 1820 2193 discriminis.
1854 2137 1957 2192 Sed
1989 2138 2163 2193 admi-

582 2225 818 2280 randum
862 2226 956 2282 Dei
994 2243 1132 2298 opus
1174 2228 1368 2284 accidit
1395 2267 1410 2292 ,
1444 2237 1503 2283 ut
1538 2239 1725 2283 notum
1774 2237 1920 2284 esset
1945 2268 1961 2291 .
2013 2229 2160 2284 viros

580 2315 727 2371 dono
778 2315 1013 2387 Spiritus
1065 2317 1238 2373 sancti
1285 2319 1576 2389 praeditos,
1621 2319 1673 2373 in
1731 2318 1821 2373 illa
1870 2319 2162 2374 solitudine

580 2412 971 2475 Consensisse;
1013 2411 1082 2466 ita
1128 2423 1187 2467 ιιι
1226 2414 1536 2483 ubicunque
1576 2412 1782 2481 aliquid
1824 2412 2158 2478 addebatur,

583 2500 655 2555 ab
686 2502 943 2557 omnibus
973 2504 1133 2557 simul
1161 2505 1492 2570 adderetur;
1523 2514 1578 2559 et
1608 2505 1698 2560 ubi
1724 2504 2062 2568 demehatur,
2094 2507 2162 2558 ab
2228 2554 2229 2557 η

583 2593 843 2646 Omnibus
874 2595 1078 2662 pariter
1101 2597 1433 2652 demeretur.
1466 2595 1532 2650 Et
1557 2596 1818 2667 quidquid
1850 2597 2159 2665 ademptum

581 2696 723 2747 erat,
767 2684 996 2753 inutile;
1029 2688 1292 2757 quidquid
1325 2703 1452 2742 vero
1488 2688 1758 2757 relictum,
1791 2687 2161 2743 necessarium

581 2789 704 2830 esse
733 2777 1259 2846 «ιυρνυιιρηιιιεικιιιη’.
1297 2777 1369 2834 Ut
1397 2789 1577 2834 autem
1609 2794 1908 2848 cognoscas
1933 2793 2029 2832 eos
2063 2777 2164 2830 nti-

582 2880 706 2921 rum
744 2868 795 2922 in
840 2870 1083 2934 modum,
1115 2879 1170 2925 et
1206 2887 1271 2926 ex
1311 2870 1402 2925 Dei
1449 2871 1804 2940 providentia,
1837 2886 2013 2940 exque
2040 2868 2164 2940 Spi-

582 2962 726 3016 ritus
759 2962 929 3017 sancti
971 2978 1243 3019 consensn
1271 2964 1654 3034 interpretatos
1681 2978 1823 3025 esse.
1854 2962 2160 3034 exemplum

583 3052 680 3107 tibi
715 3055 1011 3122 proferam,
1052 3076 1070 3107 ι
1115 3068 1220 3111 etc.

657 3143 771 3199 Sub
800 3147 913 3201 lta-c
940 3158 1119 3200 autem
1152 3147 1488 3218 Epiphanius
1535 3165 1648 3204 rem
1685 3166 1714 3203 a
1760 3150 2030 3220 principio
2073 3164 2160 3205 rc—
2185 3166 2229 3224 ς,

582 3241 774 3301 petens
806 3235 921 3289 ait:
963 3234 1315 3291 Ptolctua'um
1362 3236 1773 3307 Philadelphum
1798 3281 1811 3298 .
1846 3238 2155 3308 φιλόκαλον,

584 3322 681 3376 καὶ
707 3322 1008 3394 φιλόλογον,
1052 3327 1103 3381 in
1130 3342 1193 3382 ea
1226 3328 1376 3382 urbis
1405 3339 1557 3398 parte
1590 3346 1711 3399 qua:
1741 3329 2036 3384 Bruchiunt
2068 3346 2164 3401 ap-

584 3416 926 3485 pellabatur,
976 3420 1358 3475 bibliothecam
1403 3421 1746 3487 instituisse,
1781 3421 1940 3491 eique
1971 3421 2163 3476 Dente-

587 3508 752 3562 trium
793 3509 1112 3566 Phalerenm
1156 3514 1515 3583 prchosuisse
1540 3556 1555 3581 ,
1605 3514 1697 3584 qui
1732 3530 1856 3570 cum
1908 3530 2163 3585 n‘tagnam

587 3598 853 3656 librorum
886 3604 1067 3657 omnis
1101 3605 1315 3674 generis
1349 3606 1735 3676 supellectilem
1770 3615 2162 3675 comparasset,

586 3692 893 3750 sciscitanti
950 3696 1062 3767 regi
1109 3706 1243 3766 quot
1297 3699 1561 3753 librorum
1600 3699 1768 3753 millia
1823 3699 2162 3769 collegisset,

581 3783 697 3854 jam
730 3786 1125 3859 quinquaginta
1170 3799 1404 3859 quatuor
1449 3791 1617 3846 millia
1663 3806 1787 3846 cmn
1835 3790 2164 3861 octingentis

590 3873 779 3929 haberi
811 3877 980 3932 dixit:
1013 3895 1302 3947 superesse
1335 3889 1514 3935 tamen
1548 3882 1706 3948 longe
1736 3882 1920 3951 plures
1950 3883 2000 3936 in
2034 3883 2167 3938 orbe

588 3975 861 4023 terrarum
891 3972 1031 4041 apud
1059 3970 1370 4041 Ethiopas,
1406 3971 1589 4037 Indos,
1623 3972 1838 4039 Persas,
1867 3973 2163 4039 Elamitas,

587 4057 936 4132 Babylonios,
972 4063 1245 4134 Assyrios,
1278 4065 1592 4130 Chaldaeos,
1645 4066 1958 4131 Romanos,
2003 4065 2168 4123 Ριιω-

586 4151 775 4217 nicas,
807 4152 972 4224 Syros
1006 4164 1061 4208 et
1108 4153 1347 4212 Graecos.
1390 4156 1632 4227 Esseque
1676 4166 1936 4227 praeterea
1969 4157 2165 4213 lliero-

589 4239 818 4310 solyntis
836 4251 890 4295 et
914 4243 1055 4311 apud
1083 4240 1300 4299 Iudaeos
1328 4244 1498 4300 libros
1527 4246 1936 4316 prophetarum,
1965 4261 2167 4315 eosque

587 4332 821 4399 divinos,
857 4336 949 4405 qui
982 4336 1048 4391 de
1072 4335 1183 4390 Deo
1208 4347 1262 4392 et
1288 4338 1354 4393 de
1379 4339 1567 4394 mundi
1597 4339 1875 4393 creatione
1901 4338 2165 4394 edissere-

586 4419 740 4489 bant,
767 4439 904 4492 quos
936 4426 1187 4481 hortatus
1219 4435 1303 4493 est
1336 4443 1514 4500 regem
1553 4437 1612 4482 ut
1638 4436 1962 4496 accerseret,
1994 4443 2167 4498 eaque

2258 561 2346 616 vel
2377 561 2652 615 Aristeum
2688 558 2810 630 (sie
2836 556 2972 626 ille)
3014 557 3117 612 sibi
3144 564 3423 611 auctorem
3464 551 3785 623 proﬁteatur
3811 590 3830 618 ,
3881 549 3889 561 ’

2260 651 2350 706 ubi
2377 649 2698 704 Ptolematus
2736 648 3058 718 interpretes
3104 643 3365 700 llebraice
3413 641 3707 712 Gmceque
3735 655 3825 711 pe:

2259 742 2550 796 ritissimos
2602 739 2860 809 postulat.
2903 736 2996 806 qui
3038 736 3206 789 libros
3244 749 3433 790 sacros
3460 734 3526 789 de
3565 730 3828 788 llebraice

2259 832 2316 886 in
2349 830 2598 886 Glaucum
2629 837 2970 885 convertant.
3010 826 3357 883 llebrtcorum
3402 825 3688 896 magistri,
3737 823 3829 879 de,

2263 924 2402 979 lectu
2430 922 2634 982 habito.
2661 919 2998 989 septuaginta
3021 919 3160 973 duos
3183 919 3502 988 interpretes
3522 915 3813 984 designant

2258 1030 2355 1070 sex
2390 1014 2639 1069 videlicet
2664 1027 2729 1065 ex
2757 1011 2987 1080 singulis
3018 1009 3287 1072 tribubus,
3318 1008 3409 1077 qui
3443 1007 3496 1060 in
3529 1004 3709 1059 Pharo
3744 1004 3800 1058 in

2260 1107 2403 1169 sula,
2434 1119 2500 1159 eo
2529 1120 2640 1172 quo
2664 1119 2826 1171 supra
2859 1101 3061 1154 dictum
3087 1110 3171 1153 est
3201 1099 3380 1165 modo,
3404 1113 3591 1153 saeros
3614 1095 3805 1150 codice

2260 1197 2596 1267 interpretati
2629 1206 2776 1251 sunt.
2810 1192 2932 1260 Quo
2968 1203 3205 1262 pet-acto,
3237 1191 3357 1244 libri
3390 1190 3465 1243 illi
3498 1190 3549 1242 itt
3583 1186 3821 1241 Graeculi

2260 1288 2509 1344 translati
2569 1287 2624 1341 in
2676 1286 2856 1356 ptinre
2916 1284 3274 1344 bibliotheca,
3321 1297 3442 1352 qua!
3488 1280 3539 1335 in
3596 1277 3829 1333 Bruchic

2262 1378 2487 1435 fundata
2523 1389 2627 1446 est,
2663 1379 2888 1449 repositi
2918 1387 3064 1433 sunt.
3093 1375 3220 1430 Post
3261 1376 3374 1430 ha-c
3405 1374 3509 1429 alia
3554 1386 3747 1426 rursus
3777 1369 3829 1425 ir.

2264 1470 2493 1541 Serapio
2524 1472 2849 1527 bibliotheca
2884 1470 3178 1524 constituta
3201 1476 3304 1531 est,
3330 1466 3485 1534 longe
3516 1463 3603 1517 illa
3630 1463 3837 1528 minor,

2230 1579 2384 1634 aqua:
2417 1563 2579 1632 hujus
2610 1563 2716 1617 hlia
2747 1561 3029 1614 dicebatur
3052 1597 3068 1622 ,
3116 1559 3169 1611 in
3200 1573 3365 1628 quam
3399 1554 3640 1625 Aquilae,
3672 1551 3835 1622 Synt-

2263 1653 2467 1720 tuachi,
2504 1651 2893 1717 Theodotionis
2917 1661 2971 1704 et
3002 1651 3232 1704 aliorum
3264 1647 3528 1702 editiones
3558 1651 3835 1715 congestae

2264 1756 2392 1804 sunt
2418 1756 2537 1815 post
2561 1759 2734 1800 annos
2763 1742 2889 1797 250-
2924 1741 3198 1798 Hactenus
3230 1738 3586 1808 Epiphanius.

2300 1841 2390 1897 Vl.
2430 1838 2567 1895 Tota
2593 1838 2945 1893 controversia
2971 1838 3027 1890 in
3062 1846 3164 1889 tres
3188 1833 3498 1904 quwslioues
3527 1828 3804 1884 diriditur.

2329 1930 2443 1986 llac
2471 1944 2632 2001 porro
2655 1937 2942 1998 conspecta
2972 1925 3346 1981 narrationum
3369 1920 3643 1984 varietate,
3676 1931 3845 1971 nemo

2260 2021 2545 2076 mirabitur
2573 2020 2702 2074 hinc
2729 2028 2874 2072 tanta
2898 2016 3213 2087 Opinionum
3246 2012 3477 2068 divortia
3514 2010 3655 2064 facta
3693 2022 3838 2064 esse.

2260 2113 2414 2170 Licet
2447 2121 2629 2166 autem
2664 2111 2811 2166 nulla
2848 2109 2960 2165 fcre
2992 2125 3060 2163 ex
3103 2104 3400 2177 prmmissis
3431 2100 3844 2157 narrationibus

2260 2222 2384 2263 eum
2433 2206 2597 2260 altera
2646 2205 2804 2275 plane
2847 2204 3194 2267 consentiat;
3235 2198 3329 2254 sed
3373 2208 3715 2265 unaqmeqne
3756 2190 3845 2246 vel

2260 2301 2316 2355 in
2346 2299 2572 2370 majoris
2595 2297 2853 2352 momenti
2881 2296 3065 2359 rebus,
3094 2294 3177 2347 vel
3205 2293 3257 2347 in
3283 2288 3602 2345 minusculis
3625 2285 3847 2342 diﬂ'erat

2261 2392 2333 2448 ab
2383 2392 2548 2457 aliis;
2597 2400 2838 2444 attamen
2893 2388 2947 2441 in
2995 2396 3105 2441 tres
3155 2384 3455 2454 praecipuas
3508 2376 3849 2450 quzestiones

2262 2494 2441 2557 potest
2464 2494 2575 2538 tota
2602 2481 2974 2538 controversia
3022 2477 3206 2534 reduci
3228 2518 3243 2541 ,
3276 2475 3531 2529 nimirttm
3555 2514 3572 2537 ,
3623 2479 3742 2524 utra
3770 2481 3848 2528 ex

2262 2577 2673 2634 narrationibus
2717 2576 2936 2645 γνήσιος
2988 2571 3102 2626 sive
3149 2566 3469 2639 primigenia
3507 2564 3609 2626 sit;
3658 2576 3727 2615 an
3774 2573 3850 2616 ea

2263 2685 2386 2739 qua:
2408 2668 2632 2721 Aristeas
2658 2666 2877 2720 nomine
2902 2663 3170 2731 hodieque
3186 2656 3589 2723 circumfertur,
3611 2663 3848 2722 qtueque

2263 2776 2423 2815 senes
2457 2775 2563 2812 una
2598 2767 2960 2828 congregatos
3009 2751 3508 2821 interpretationem
3541 2744 3850 2800 adornasse

2263 2851 2533 2921 perhibet,
2574 2849 2721 2902 nulla
2775 2849 2914 2902 facta
2969 2845 3243 2901 mentione
3286 2836 3849 2913 pccuharisSpiritus

2264 2943 2439 2999 sancti
2487 2943 2699 2998 alllatus
2724 2959 2738 3007 ;
2781 2958 2849 2995 an
2880 2955 3007 2993 vero
3034 2954 3096 2993 ca
3125 2954 3246 3007 qua:
3276 2951 3434 2990 senes
3465 2933 3579 2988 sive
3606 2931 3756 2986 solos
3787 2928 3850 2982 in

2265 3037 2606 3107 septuaginta
2634 3035 2847 3092 cellulis
2873 3074 2888 3101 ,
2924 3033 3038 3086 sive
3071 3031 3227 3085 binos
3259 3029 3311 3082 in
3351 3025 3574 3096 triginta
3621 3039 3713 3077 sex
3745 3020 3850 3075 do.-

2266 3130 2543 3184 munculis
2585 3128 2861 3189 inclusos,
2909 3124 3124 3201 stillante
3175 3121 3405 3174 Numine
3454 3118 3855 3185 interpretatus

2264 3237 2386 3277 esse
2416 3227 2831 3275 commemorat.
2872 3215 3055 3270 Altera
3088 3213 3354 3284 quaestio,
3389 3226 3457 3264 an
3494 3205 3632 3262 LXX
3667 3205 3850 3260 luter-

2265 3321 2468 3381 prctes,
2515 3310 2598 3364 vel
2627 3308 2718 3377 qui
2764 3307 2974 3377 priores
3008 3304 3348 3373 Scripturant
3379 3314 3589 3355 sacram
3638 3296 3706 3351 de
3733 3291 3854 3351 lle-

2266 3402 2450 3455 braico
2486 3402 2538 3454 in
2568 3398 2816 3453 Gl'iDCUlll
2852 3401 3260 3458 converterunt,
3288 3390 3460 3445 solam
3493 3385 3686 3458 Legem
3708 3425 3725 3449 ,
3758 3384 3853 3439 vel

2263 3495 2717 3557 Pentateuchum,
2743 3507 2813 3546 an
2843 3492 3006 3545 etiam
3038 3488 3278 3556 reliquos
3306 3486 3474 3538 libros
3504 3478 3855 3549 interpretati

2265 3588 2395 3644 sint.
2435 3588 2616 3642 Tettia
2649 3586 2870 3639 demum
2920 3597 2991 3635 an
3042 3577 3281 3634 llistoria
3316 3576 3544 3635 Aristca':
3568 3612 3584 3637 ,
3618 3571 3733 3625 sive
3782 3578 3855 3625 ut

2265 3683 2443 3751 primo
2496 3676 2699 3748 prodiit
2723 3717 2738 3741 ,
2773 3674 2892 3729 sive
2919 3683 2977 3725 ut
3007 3679 3192 3741 postea
3220 3682 3250 3721 a
3278 3663 3497 3719 Justino
3517 3702 3532 3725 ,
3561 3670 3616 3715 et
3640 3658 3858 3729 aliquot

2265 3781 2390 3842 post
2431 3770 2647 3824 sacculis
2677 3769 2747 3822 ab
2778 3764 3084 3834 Epiphanio
3125 3759 3289 3814 allata
3317 3766 3437 3824 est,
3467 3768 3594 3809 vera
3640 3753 3747 3820 sit,
3773 3766 3856 3806 an

2265 3862 2497 3920 conﬁcta
2522 3871 2577 3916 et
2602 3858 2974 3930 supposititia.

2270 3975 2385 4030 \‘ll.
2426 3974 2689 4028 Probatur
2720 3971 2942 4025 Arium:
2966 3963 3290 4033 exemplaria
3314 3977 3431 4032 qua:
3459 3964 3739 4028 supersunt
3768 3971 3859 4033 ge-

2337 4046 2541 4112 nuina,
2584 4053 2896 4098 ceterorum
2935 4030 3512 4091 antem'additdutenta
3556 4030 3859 4097 respuenda

2336 4126 2468 4171 esse.

2336 4228 2493 4297 Quod
2518 4226 2586 4281 ad
2619 4225 2852 4295 primam
2892 4221 3251 4292 qutestionem
3282 4217 3496 4281 attinet,
3526 4224 3737 4272 certum
3765 4226 3859 4271 est

2267 4313 2591 4374 alterutram
2614 4331 2679 4370 ex
2706 4311 3118 4367 narrationibus
3139 4309 3498 4364 adulteratam
3525 4304 3731 4371 fuisse;
3758 4312 3861 4359 aut

2270 4408 2522 4463 videlicet
2564 4419 2685 4460 eam
2728 4419 2852 4474 quae
2900 4401 3247 4471 septuaginta
3293 4399 3435 4453 duos
3480 4411 3639 4453 senes
3687 4394 3861 4450 simul

587 4514 656 4568 de
706 4530 871 4571 causa
919 4518 986 4572 ad
1035 4519 1288 4576 doctores
1333 4486 1823 4591 Je;oso|y.nil;..,os
1878 4486 2162 4578 εοέίυθιῖοι,
2196 4513 2241 4567 Ῑ)
2269 4508 2649 4571 congregatos,
2680 4505 2982 4564 mutuoque
3012 4492 3283 4562 colloquia
3319 4490 3651 4552 miscentes,
3682 4486 3862 4542 inter-

587 4602 688 4658 Cui
731 4622 823 4659 rex
857 4623 1062 4664 morem
1097 4627 1291 4679 gerens
1312 4654 1327 4677 ,
1358 4613 1641 4683 epistolam
1670 4611 2161 4686 Jerosnlymitanis,

588 4695 659 4750 ab
689 4695 994 4754 Aristeanis
1028 4703 1285 4758 omnibus
1338 4704 1497 4774 longe
1542 4704 1815 4761 diversam
1841 4747 1861 4771 ,
1914 4705 2163 4773 scripsit,

586 4800 711 4855 quae
738 4786 1014 4855 αὐτολεξεὶ
1038 4791 1108 4844 ab
1138 4789 1442 4860 Epiphanio
1473 4791 1717 4847 allertnr.
1748 4793 1809 4846 In
1838 4807 1901 4848 ea
1927 4791 2166 4860 postulat

587 4890 681 4930 rex
716 4878 782 4930 ad
824 4894 883 4934 se
914 4881 1206 4936 transmitti
1243 4883 1627 4953 prophetarum
1664 4884 1853 4943 libros,
1891 4891 1948 4936 ttt
1984 4882 2036 4935 itt
2079 4881 2167 4934 hi-

587 4966 861 5025 bliotheca
902 4987 999 5026 sua
1033 4986 1468 5043 reponerentur:
1505 4976 1558 5028 in
1595 4975 1913 5029 memoriam
1952 4978 2169 5027 revocat

589 5064 864 5130 praeterita
903 5065 1161 5119 beneﬁcia
1183 5105 1198 5127 ,
1251 5083 1360 5137 quo
1391 5075 1548 5136 pacto
1577 5067 1785 5122 scilicet
1838 5066 2040 5119 multos
2072 5061 2170 5115 Ju-

588 5147 833 5202 dteorum
869 5152 1162 5220 populares
1202 5154 1253 5208 in
1288 5155 1426 5208 bello
1465 5166 1653 5222 captos
1692 5164 1747 5208 et
1786 5154 1840 5207 in
1872 5152 2169 5222 antlmm

587 5240 940 5309 (ὶιῚνονιειιοθ,
996 5244 1197 5301 liberos
1246 5262 1371 5301 eum
1426 5249 1628 5303 viatico
1672 5246 1964 5301 dimiserit.
2015 5240 2174 5296 Nunc

588 5339 770 5384 autent
804 5347 1046 5388 mensam
1078 5352 1300 5392 auream
1340 5339 1610 5407 lapidibus
1640 5335 1892 5408 pretiosis
1919 5342 2171 5387 ornatam

590 5419 774 5490 pondo
804 5423 1227 5493 quingentorum
1260 5429 1588 5483 talentorum
1625 5444 1749 5482 cum
1802 5425 1924 5478 aliis
1974 5435 2172 5477 mune-

591 5516 744 5571 ribus
772 5517 1008 5582 mittere,
1047 5530 1105 5573 ut
1133 5521 1243 5574 voti
1280 5536 1508 5590 compos
1541 5521 1864 5573 «illiceretur.

663 5606 861 5663 Missos
892 5620 1075 5678 postca
1105 5612 1274 5668 libros
1298 5610 1560 5666 llebraice
1584 5626 1673 5665 scr
1697 5619 1815 5679 ptos
1843 5622 1968 5661 cum
1998 5604 2178 5675 legere

593 5712 703 5752 non
733 5711 954 5769 posset,
1002 5704 1245 5759 secundo
1279 5704 1522 5760 scribere
1549 5711 1602 5755 et
1635 5701 1956 5769 interpretes
1998 5705 2179 5766 petere

599 5803 819 5842 eoa-ve".
870 5803 973 5848 “st.
1032 5792 1344 5853 Secundam
1398 5800 1584 5863 postca
1636 5790 1790 5848 alicrt
1838 5787 2178 5860 Epiphanius

2265 4591 2625 4663 pretationem
2662 4588 2813 4642 illam
2845 4585 3085 4641 edidisse
3119 4583 3367 4653 perhibet
3392 4623 3408 4648 ,
3439 4590 3535 4635 aut
3560 4595 3682 4635 eam
3730 4595 3865 4651 qua:

2266 4688 2392 4744 illos
2423 4686 2477 4741 in
2515 4684 2862 4755 septuaginta
2894 4682 3105 4739 cellulis
3144 4689 3448 4750 separatos,
3482 4688 3577 4732 aut
3606 4678 3768 4733 binos
3798 4677 3861 4733 in

2268 4779 2485 4849 triginta
2510 4793 2606 4832 sex
2632 4775 2981 4830 domunculis
3017 4774 3277 4833 inclusos.
3306 4782 3365 4825 ut
3398 4778 3585 4825 narrat
3617 4768 3869 4840 Epipha-

2267 4874 2422 4935 nius,
2458 4870 2800 4938 Scriptnram
2828 4866 3045 4920 alllante
3087 4862 3354 4928 Numine,
3389 4870 3451 4917 ut
3499 4877 3568 4915 ex
3615 4860 3862 4914 mirabili

2267 4962 2512 5017 omnium
2532 4974 2801 5015 consensu
2827 4956 3117 5027 probatum
3145 4962 3249 5016 est,
3267 4953 3495 5007 vertisse
3521 4965 3865 5005 commemo—

2268 5063 2373 5108 rat.
2401 5056 2417 5119 (
2446 5052 2519 5105 De
2563 5051 2686 5104 aliis
2714 5062 2878 5118 porro
2915 5061 3081 5116 prope
3118 5043 3424 5099 innumeris
3465 5041 3826 5097 varietatibus
3848 5085 3868 5110 ,

2270 5161 2392 5214 qua:
2420 5144 2560 5196 inter
2592 5140 2936 5194 narrationes
2982 5137 3105 5191 illas
3143 5137 3519 5198 intercedunt,
3575 5133 3868 5189 brevitatis

2273 5250 2437 5291 causa
2466 5232 2714 5287 consulto
2732 5230 3019 5298 tacemus.)
3038 5228 3143 5282 Pro
3172 5228 3271 5281 hac
3297 5236 3572 5297 postrema
3589 5226 3867 5281 sententia

2275 5335 2425 5381 stant
2449 5323 2725 5385 Justinus,
2756 5320 2994 5391 Cyrillus
3023 5318 3550 5390 llierosolymitanus
3569 5354 3585 5379 ,
3616 5314 3868 5386 Epipha-

2276 5417 2424 5480 nius,
2454 5416 2583 5469 licet
2622 5415 2676 5466 in
2706 5427 2936 5465 numero
2958 5410 3275 5466 cellularum
3304 5409 3498 5471 variet,
3527 5408 3869 5478 Chrysoslo—

2277 5505 2821 5572 mus.Augnstiuus:
2848 5502 3049 5572 quibus
3071 5501 3347 5556 accensrri
3372 5509 3600 5569 possunt
3622 5499 3868 5553 irenznus

2278 5611 2333 5657 et
2360 5600 2615 5653 Clemens
2644 5593 3075 5656 Alexandrinus,
3109 5593 3202 5661 qui
3231 5593 3357 5645 licet
3382 5591 3451 5644 de
3484 5586 3629 5643 LXX
3651 5588 3870 5644 cellulis

2280 5688 2417 5748 nihil
2458 5688 2731 5747 llabeant.
2770 5684 3275 5757 interpretationem
3318 5692 3498 5738 tamen
3542 5681 3691 5737 illam
3745 5681 3868 5749 Spi-

2284 5787 2423 5843 ritus
2467 5780 2642 5840 sancti
2687 5776 2869 5836 alllatu
2894 5788 2949 5837 et
2992 5777 3353 5851 inspiratione
3390 5772 3595 5832 factam
3640 5788 3869 5831 asseve-
