4052 6388
218 293 253 350 “
1553 319 1625 375 l-N
1664 315 1991 375 nexam
2030 315 2382 377 ORIGENIS.
3510 311 3586 368 ss

216 411 356 470 mtEx
371 420 913 485 recentioribus
949 439 1193 489 autem
1224 431 1617 498 LeoCastrius,
1644 434 1888 506 Alphon-
1917 438 1959 494 Α
1987 433 2110 502 ejus
2148 433 2478 490 auctoritate
2517 432 2765 504 abrepti,
2790 432 3140 506 explorandae
3178 432 3261 489 rei
3304 446 3380 488 ne
3416 432 3582 489 mini-

213 521 269 563 tl!
297 506 583 580 Salmeron,
654 519 975 591 aliique
1005 565 1028 589 ,
1100 528 1358 583 eamdem
1405 529 1728 583 sententiam
1758 543 1886 583 am-

212 599 456 702 ?‘tflﬂnlnf.
517 608 650 676 qui
682 701 687 702 γ
720 619 1234 674 narrationem
1292 619 1550 684 Aristeas,
1603 620 1783 691 qualis
1832 619 1887 672 in

212 688 390 749 iolieruis
423 701 995 770 exemplaribus
1033 709 1311 777 habetur,
1333 711 1577 767 vitiatam
1598 688 1653 768 et
1680 712 1890 766 adulte-

210 792 344 851 ratam;
382 786 658 846 alteram
723 809 926 852 vero
1006 800 1101 855 de
1164 803 1374 858 cellulis
1427 806 1593 858 etde
1650 803 1887 857 mirabili

210 875 603 945 interpretatione
640 900 913 942 verant
976 906 1447 963 germanamque
1474 908 1598 947 esse
1623 899 1885 962 pugnant.

257 968 349 1025 Huic
390 989 587 1043 porro
646 984 1059 1037 sententia:
1117 984 1429 1056 refragatur
1481 983 1884 1056 Hieronymus,

215 1063 607 1132 quiccllularum
648 1071 1056 1130 historiam
1098 1077 1378 1134 mendacii
1417 1077 1621 1148 arguit.
1656 1085 1712 1131 et
1741 1075 1885 1130 LXX

218 1157 332 1215 Senes
355 1161 586 1219 albante
612 1162 942 1223 Numine
985 1171 1405 1241 interpretatos
1434 1186 1557 1227 esse
1584 1179 1762 1240 negat.
1793 1169 1885 1225 Sic

217 1256 276 1309 ille
309 1256 523 1327 prologo
578 1258 649 1312 in
711 1258 1068 1315 Gcttcsim
1107 1282 1124 1318 :
1187 1262 1258 1317 Et
1305 1264 1477 1317 nescio
1523 1264 1639 1334 quis
1682 1263 1884 1334 primus

216 1358 350 1401 actor
393 1351 792 1418 septuaginta
869 1352 1161 1406 cellulas
1214 1351 1555 1407 Alexandriae
1609 1351 1886 1408 mendacio

221 1447 685 1512 mexstrnxerit,
743 1449 999 1516 quibus
1039 1451 1224 1504 divisi
1264 1450 1442 1504 eadem
1487 1451 1883 1521 scriptitarent,

217 1554 301 1589 an
328 1538 589 1592 Aristius
613 1581 632 1602 ,
663 1539 973 1609 ejusdem
1012 1541 1322 1596 Ptolomaei
1357 1542 1801 1615 ὑπερασπιστὴς,
1834 1553 1887 1597 et

216 1629 344 1681 malta
371 1639 487 1698 post
519 1642 797 1700 tempore
831 1632 1167 1702 Iosephus
1189 1675 1206 1699 ,
1249 1634 1379 1688 nihil
1420 1635 1526 1689 tale
1568 1635 1842 1690 retulerim
1863 1651 1883 1689 :

220 1723 356 1776 ardia
386 1740 491 1778 una
524 1725 789 1780 basilica
836 1736 1253 1797 congregatos
1294 1726 1576 1782 contulisse
1615 1728 1881 1794 scribant,

223 1831 303 1871 ιοι
334 1817 713 1886 prophetasse.
763 1818 972 1872 Aliud
1028 1829 1120 1873 est
1171 1820 1310 1874 enim
1346 1828 1547 1885 vatem,
1593 1820 1744 1873 aliud
1770 1837 1881 1875 esse

224 1909 547 1975 interpretem.
590 1908 685 1964 Ibi
726 1908 1019 1980 Spiritus
1059 1923 1295 1966 ventura
1327 1912 1609 1980 praedicit;
1646 1911 1731 1965 hic
1754 1928 1879 1966 eru-

230 1998 340 2050 ditio
369 2008 417 2051 et
453 2000 755 2054 verborum
804 2002 996 2071 copia
1034 2019 1107 2055 ea
1146 2018 1268 2072 qum
1306 2003 1555 2074 intelligit
1602 2004 1874 2073 transfert.

232 2082 341 2136 Nisi
356 2084 489 2152 forte
508 2089 803 2154 putandus
836 2099 932 2143 est
975 2088 1216 2143 Tullius
1250 2088 1672 2149 (Economicum
1701 2092 1879 2147 Xeno-

228 2173 427 2239 phontis
451 2188 498 2232 et
536 2178 808 2234 Platonis
847 2179 1279 2250 Protagoram,
1304 2192 1353 2236 et
1382 2182 1746 2239 Demosthenis
1776 2200 1881 2255 pro

228 2266 603 2338 Ctesiphonte,
659 2274 902 2343 amatus
956 2275 1251 2328 rhetorico
1280 2276 1469 2343 spiritu
1516 2279 1872 2336 transtulisse.

233 2354 333 2408 Ast
382 2360 533 2414 aliter
581 2362 649 2415 de
693 2364 920 2417 eisdem
956 2362 1134 2416 libris
1178 2378 1271 2431 per
1316 2362 1684 2436 Septuaginta,
1718 2366 1877 2421 aliter

236 2464 321 2512 per
348 2454 611 2519 apostolos
645 2453 915 2525 Spiritus
961 2464 1208 2509 sanctus
1238 2458 1535 2512 testimonia
1571 2461 1737 2513 texuit
1764 2476 1785 2525 ;
1815 2468 1874 2514 ut

236 2542 371 2607 quod
400 2544 482 2597 illi
513 2556 849 2610 tacuerunt,
902 2547 967 2600 hi
1017 2548 1297 2606 scriptum
1343 2565 1455 2603 esse
1500 2552 1707 2604 mentiti
1743 2552 1870 2607 sint.

239 2633 370 2700 Quae
400 2647 673 2707 postrema
719 2640 1078 2713 Hieronymi
1114 2641 1285 2697 verba
1321 2652 1377 2696 ut
1404 2643 1692 2714 intelligas,
1731 2645 1873 2701 scias

242 2740 457 2799 opertet
495 2736 667 2790 multa
716 2736 775 2791 in
812 2735 1154 2805 Scripturis
1203 2750 1323 2791 esse
1360 2751 1481 2806 quae
1524 2735 1667 2791 LXX
1698 2738 1873 2793 luter-

247 2831 426 2885 μεως
458 2826 536 2879 vel
564 2827 1074 2895 printermiscrant
1096 2867 1117 2886 .
1157 2825 1242 2881 vel
1276 2828 1523 2883 consulto
1553 2836 1870 2894 tacueram,

253 2923 373 2975 qua
411 2914 481 2967 ab
505 2916 957 2986 evangelistisct
987 2915 1065 2970 ab
1083 2915 1355 2986 apostolis
1373 2915 1869 2984 aﬂ'ernntur.~Quod

251 3000 442 3055 eodem
487 3002 724 3075 Prologo
772 3006 834 3060 in
870 3005 1157 3061 Genesim
1202 3004 1429 3060 allirmat
1470 3004 1870 3077 Hieronymus,

252 3097 307 3143 et
326 3094 524 3160 passim
541 3096 597 3149 in
614 3096 1104 3162 Commentariis,
1125 3096 1471 3168 maximeque
1488 3098 1542 3151 in
1558 3095 1866 3151 Jerenuam.

257 3175 588 3241 Sententiam
621 3203 800 3257 porro
831 3187 1177 3260 Hieronymi
1203 3189 1607 3258 amplectuntur
1628 3190 1871 3263 plerique

261 3285 456 3330 omnes
490 3278 744 3335 hodierni
789 3281 1001 3335 eruditi
1046 3279 1205 3344 viri;
1236 3289 1288 3335 et
1329 3289 1522 3351 putant
1551 3283 1870 3338 cellularum

262 3361 562 3433 historiam,
596 3371 1049 3442 mirabilemque
1081 3371 1243 3425 illum
1270 3387 1622 3442 consensum,
1654 3390 1719 3430 ac
1749 3374 1872 3445 Spi-

260 3453 396 3509 ritus
454 3461 627 3514 sancti
681 3461 982 3529 amatum,
1050 3460 1287 3516 omnino
1334 3464 1680 3533 supposititia
1724 3478 1867 3533 esse.

262 3544 419 3602 Certe
455 3547 707 3607 Justinus
745 3551 960 3624 Martyr
986 3593 1003 3617 ,
1037 3551 1142 3621 qui
1183 3551 1394 3621 primus
1423 3553 1742 3608 cellularum
1764 3595 1781 3621 ,
1818 3562 1873 3609 et

266 3637 531 3696 mirabilis
556 3640 774 3697 Senum
805 3656 1135 3698 consensus
1165 3641 1449 3697 historiam
1484 3643 1692 3708 texuit,
1722 3645 1775 3698 id
1803 3657 1872 3699 ex

265 3742 487 3786 rumore
504 3734 655 3805 vulgi
682 3744 1006 3805 acceperat,
1042 3742 1111 3789 ut
1142 3734 1258 3804 ipse
1285 3736 1573 3805 profitetur
1596 3736 1651 3790 in
1680 3736 1875 3791 Admo-

264 3822 464 3878 uitiante
488 3828 555 3879 ad
591 3827 811 3882 Gnaeos
836 3842 857 3880 :
889 3827 1063 3880 Αὐτοὶ
1097 3827 1160 3877 ὲν
1194 3828 1259 3897 τῇ
1292 3825 1682 3899 ;Ἀλεξανδρείᾳ
1718 3827 1872 3896 γενό-

264 3926 438 3980 μενοι,
473 3919 564 3969 καὶ
584 3917 653 3970 τὰ
679 3918 806 3990 ἴχνη
842 3917 957 3971 τῶν
999 3916 1272 3970 οἱκίσκων
1311 3917 1370 3970 ἐν
1394 3920 1460 3989 τῇ
1504 3918 1667 3989 Φάρῳ
1699 3919 1874 3991 ἑωρα-

260 4001 419 4070 υὴες
436 4007 516 4060 ἔτι
536 4009 852 4081 σωζόμενα,
884 4011 985 4064 καὶ
1009 4007 1175 4080 παρὰ
1194 4009 1301 4063 τῶν
1320 4012 1455 4074 ἐκεῖ,
1475 4008 1551 4075 ὡς
1575 4012 1645 4064 τὰ
1668 4012 1872 4083 πάτρια.

260 4097 703 4168 παρειληφότων,
743 4100 1058 4172 ἀκηκοότες
1078 4139 1096 4163 ,
1134 4098 1305 4153 ταῦτα
1350 4101 1765 4174 ἀπαγγέλλομεν
1788 4118 1803 4134 ·
1835 4102 1873 4157 ἃ

257 4186 351 4237 ui
380 4190 739 4262 :ap‘étépwv
769 4191 987 4259 ἔξεστιν
1010 4194 1150 4263 ὑμῖν
1168 4193 1477 4261 μανθάνειν,
1513 4194 1607 4248 καὶ
1638 4195 1873 4266 μάλιστα.

259 4280 392 4349 Ἆρ’
426 4283 608 4336 αὐτῶν
650 4285 763 4339 τῶν
808 4286 944 4357 περὶ
990 4283 1210 4337 τούτων
1257 4285 1654 4357 ἱστορησάντων
1692 4287 1872 4356 σοφῶν

258 4372 352 4423 καὶ
380 4373 625 4446 δοκίμων
642 4377 885 4448 ἀνδρῶν,
917 4375 1169 4439 Φίλωνός
1198 4393 1279 4441 τε,
1325 4377 1589 4449 Ἰωσήπου
1623 4379 1718 4433 καὶ
1750 4380 1867 4434 ἑτέ-

1992 542 2145 581 mum
2166 526 2387 597 quidem
2410 540 2646 581 examen
2671 525 2929 582 habuisse
2945 527 3217 581 videntur.
3236 522 3582 597 Epiphanius

1986 634 2122 673 vero
2167 618 2262 689 qui
2314 612 2516 673 Justini
2572 617 2944 672 narrationem
2996 618 3052 672 in
3103 616 3292 672 multis
3345 618 3590 671 mutarit

1987 712 2335 782 plurimaque
2362 710 2584 781 adjecit.
2610 725 2679 765 ex
2710 710 2832 765 aliis
2864 708 3262 765 fabulatoribus
3293 718 3590 765 mutuatus

1986 811 2232 873 putatur.
2263 801 2407 857 Sane
2440 801 2819 871 primigeniam
2858 801 3085 855 Aristea:
3123 800 3411 856 historiam
3453 814 3577 855 eam

1985 911 2111 951 esse
2142 911 2263 965 qua:
2290 895 2449 950 hodie
2475 895 2527 948 in
2554 894 2901 949 bibliothecis
2927 902 3068 948 nosti
3084 893 3131 947 is
3154 903 3353 956 exstat,
3380 892 3578 948 suadet

1985 984 2298 1055 .losephus,
2352 986 2445 1056 qui
2494 986 2622 1041 licet
2667 1000 2821 1046 eain,
2854 999 2953 1054 pro
3004 999 3155 1038 more
3203 999 3340 1051 suo,
3391 983 3574 1055 quoad

1986 1078 2188 1149 stylum
2233 1086 2289 1132 et
2320 1077 2516 1132 seriem
2552 1076 2605 1130 in
2648 1091 2755 1129 non
2788 1076 2982 1143 paucis
3010 1076 3342 1140 mutaverit,
3386 1073 3570 1141 quoad

1984 1187 2207 1228 sensum
2235 1180 2415 1227 tamen
2438 1181 2492 1226 ct
2510 1186 2597 1225 res
2622 1182 2805 1240 gestas
2828 1185 3022 1239 presso
3039 1170 3278 1240 vestigio
3292 1170 3572 1240 sequitur;

1986 1265 2181 1320 suadet
2230 1264 2357 1319 item
2408 1262 2719 1325 Eusebius,
2755 1264 2849 1333 qui
2898 1263 3215 1333 longissima
3268 1263 3577 1319 Aristeanze

1986 1356 2229 1412 hiStoriae
2252 1363 2513 1427 excerpta
2536 1355 2707 1409 edidit
2737 1355 2788 1408 in
2817 1354 3216 1425 Prteparatione
3241 1356 3576 1426 evangelica:

1986 1446 2228 1516 itemque
2251 1445 2637 1517 Hieronymus,
2663 1445 2756 1515 qui
2786 1444 3014 1500 Aristea:
3036 1445 3256 1516 quidem
3284 1439 3575 1501 historiam

1984 1538 2253 1607 agnoscit,
2287 1537 2381 1592 sed
2419 1536 2788 1591 additamenta
2816 1535 3124 1605 posteriora
3158 1536 3434 1606 reprobat.

1987 1649 2125 1705 VIII.
2166 1647 2289 1703 Post
2335 1648 2712 1719 Hieronymum
2748 1650 3007 1702 asseritur
3042 1647 3196 1720 LXX
3238 1652 3319 1702 vel
3361 1664 3449 1703 eos
3477 1646 3577 1720 qui

2058 1720 2476 1775 Pentateuchum
2500 1722 2914 1785 transtulerunt,
2944 1735 3045 1774 non
3074 1719 3278 1790 reliqua
3309 1719 3574 1787 interpre-

1914 1788 1956 1843 B
2055 1801 2194 1846 totos
2230 1807 2361 1845 esse.

2054 1903 2240 1958 Altera
2296 1902 2525 1973 quaestio
2551 1912 2657 1970 est,
2688 1917 2756 1957 an
2784 1899 2927 1956 LXX
2972 1900 3323 1971 interpretes,
3350 1901 3435 1957 vel
3470 1901 3572 1973 qui

1982 1994 2196 2065 priores
2223 1992 2562 2064 Scripturam
2595 2009 2807 2048 sacram
2835 1993 2901 2048 de
2928 1991 3196 2049 llebraico
3223 1993 3278 2049 in
3314 1993 3568 2050 Gratcum

1984 2093 2391 2153 converterunt,
2429 2084 2602 2140 solam
2640 2083 2836 2154 Legem
2874 2099 2970 2139 seu
3012 2082 3463 2149 Pentateucbum,
3492 2097 3572 2137 an

1981 2178 2415 2248 reliques'etiam
2450 2177 2619 2232 libros
2671 2176 3007 2246 interpretati
3047 2178 3174 2232 sint.
3212 2175 3378 2230 Ratio
3403 2174 3571 2229 dubi-

1982 2273 2133 2328 tandi
2165 2273 2293 2327 hinc
2317 2272 2557 2342 primum
2582 2281 2775 2325 exorta
2795 2282 2899 2338 est,
2931 2272 3080 2341 quod
3107 2270 3199 2341 qui
3228 2268 3370 2324 LXX
3398 2268 3569 2323 Inter-

1981 2375 2195 2437 pretum
2225 2364 2512 2419 historiam
2562 2370 2871 2426 texuerunt,
2902 2359 3218 2431 aliichgem
3252 2369 3463 2415 tantum
3491 2358 3572 2414 ab.

1982 2457 2053 2512 iis
2080 2456 2265 2512 Graece
2294 2466 2612 2511 conversam
2640 2454 2847 2518 dicant,
2873 2454 2963 2508 alii
2997 2453 3277 2519 historias,
3311 2452 3403 2507 alii
3432 2450 3572 2507 Pro-

1980 2549 2195 2619 phetas,
2226 2545 2561 2617 Epiphanius
2583 2546 2851 2600 universze
2881 2543 3179 2614 Scriptura:
3202 2546 3395 2600 libros.
3431 2543 3570 2599 llic-

1981 2655 2245 2710 ronymus
2294 2653 2424 2692 vero
2471 2636 2760 2693 Comment.
2809 2637 2864 2689 in
2913 2634 3241 2690 Ezechielem
3289 2651 3412 2707 cap.
3446 2650 3561 2703 xvr,

1980 2731 2015 2800 ᾗ
2059 2730 2147 2797 15,
2184 2730 2261 2784 ait
2297 2728 2635 2784 eruditorum
2681 2726 2765 2782 sui
2794 2726 3052 2795 temporis
3075 2726 3385 2795 opinionem
3414 2739 3558 2793 esse,

1980 2822 2129 2877 solos
2177 2820 2421 2891 quinque
2467 2820 2639 2874 libros
2687 2818 2859 2888 Moysi
2906 2833 2933 2870 a
2967 2815 3110 2869 LXX
3144 2832 3332 2872 versos
3363 2815 3556 2871 fuisse.

1979 2915 2113 2983 Ejus
2156 2914 2319 2968 verba
2367 2919 2541 2966 sunt:
2593 2909 2711 2963 lloc
2751 2911 2805 2962 in
2852 2907 3005 2961 LXX
3038 2924 3138 2961 non
3186 2908 3428 2983 habetur,
3464 2907 3561 2979 qui

1979 3009 2210 3081 forsitan
2250 3004 2591 3060 Alexandria
2622 3006 2672 3057 in
2711 3002 2953 3058 Crtecum
2977 3018 3265 3056 sermonem
3306 3000 3557 3072 Scriptu-

1978 3118 2067 3157 ras
2109 3114 2175 3154 ea:
2223 3095 2486 3151 Hebraica
2538 3096 2755 3151 veritate
2809 3093 3409 3158 rertentes,-timuerunt
3459 3093 3557 3148 hoc

1976 3195 2146 3259 edere,
2178 3206 2241 3244 ne
2269 3203 2439 3259 regem
2472 3185 2695 3257 IEgypti
2727 3185 3030 3239 viderentur
3056 3184 3340 3253 oﬂ‘endere.
3363 3186 3491 3238 dum
3520 3201 3557 3241 ο

1974 3287 2084 3344 Deo
2104 3280 2404 3338 Jerusalem
2425 3279 2661 3333 debitum
2684 3293 2897 3348 regnum
2922 3293 3033 3331 esse
3055 3285 3557 3331 commemorarent:

1972 3389 2275 3449 quanquam
2312 3371 2511 3427 eruditi
2544 3370 2687 3424 solos
2720 3370 2949 3441 quinque
2985 3369 3147 3423 libros
3180 3366 3352 3439 Moysi
3381 3367 3446 3421 ab
3476 3369 3554 3424 eis

1973 3475 2345 3542 interpretatos
2390 3483 2504 3522 esse
2554 3472 2785 3537 putant.
2831 3461 2979 3518 idem
3031 3477 3198 3532 porro
3241 3461 3553 3517 existimant

1972 3566 2173 3622 eruditi
2202 3560 2768 3630 hodiernigquotquot
2790 3556 3045 3611 videlicet
3070 3554 3394 3611 llebraicum
3424 3568 3552 3609 cum

1972 3658 2210 3714 editione
2244 3656 2357 3719 illa,
2384 3668 2509 3723 quae
2547 3648 2904 3720 Septuaginta
2941 3647 3298 3717 lntcrprctum
3328 3646 3550 3709 dicitur,

1972 3748 2272 3804 contulere.
2302 3743 2437 3799 Nam
2470 3743 2563 3813 qui
2606 3739 3034 3796 Pentateucbum
3076 3746 3354 3793 verterunt
3394 3739 3552 3805 longe

1973 3841 2265 3911 peritiores
2295 3838 2465 3893 fuisse
2498 3836 2748 3890 videntur
2779 3833 2846 3888 iis
2878 3832 2973 3902 qui
2996 3839 3219 3886 caeteros
3254 3826 3553 3898 Scriptura

1973 3934 2144 3989 libros
2182 3932 2370 3987 Graece
2406 3937 2535 3985 sunt
2562 3924 2899 3997 interpretati
2933 3942 2947 3979 :
2995 3928 3171 3994 stylus
3212 3921 3438 3975 omnino
3465 3919 3555 3975 di-

1973 4038 2167 4079 versus
2210 4031 2327 4088 est;
2375 4021 2542 4075 verba
2583 4032 2726 4087 saepe
2768 4016 2927 4085 longe
2962 4014 3239 4083 disparata
3268 4010 3552 4065 Hebraicis

1972 4114 2201 4169 vocibus
2257 4119 2529 4181 aptantur.
2579 4106 2869 4162 \‘arictatis
2930 4103 3245 4174 hujusmodi
3302 4102 3552 4172 exempla

1973 4206 2143 4261 multa
2175 4202 2417 4274 proferre
2449 4202 2502 4255 iu
2534 4206 2787 4269 promptu
2817 4205 2962 4251 esset
2988 4212 3002 4249 :
3030 4210 3219 4249 verum
3245 4193 3374 4263 quia
3405 4206 3494 4246 res
3518 4205 3550 4245 a

1972 4297 2147 4352 doctis
2193 4296 2324 4349 viris
2364 4294 2477 4362 jam
2514 4293 2635 4348 fuse
2675 4307 2739 4348 ex
2774 4290 3024 4360 professo
3068 4288 3269 4357 agitata
3295 4283 3419 4350 fuit,
3453 4298 3557 4337 no-

1971 4388 2162 4458 bisque
2188 4387 2254 4441 ad
2289 4387 2396 4440 alia
2447 4384 2872 4454 properantibus
2915 4397 3026 4436 non
3070 4380 3200 4435 licet
3230 4378 3319 4434 his
3346 4374 3558 4432 diutius

257 4478 371 4531 FW
400 4467 682 4525 πλειόνων.
714 4468 772 4524 Id
806 4482 895 4525 est
930 4488 945 4524 :
987 4467 1114 4538 Ipsi
1142 4468 1231 4537 qui
1267 4468 1609 4526 Alexandria!
1644 4470 1865 4541 fuimus,
1898 4484 1944 4539 Ι)
1974 4481 2278 4545 immorari,
2306 4477 2638 4532 destinatum
2671 4477 2949 4545 carpimus
2974 4474 3095 4528 iter.

256 4568 304 4606 α
346 4562 571 4631 mtigia
602 4561 1079 4616 donmnrularum
1125 4560 1180 4613 in
1213 4558 1390 4615 Pharo
1436 4562 1607 4616 adhuc
1652 4563 1868 4617 residua

255 4643 508 4714 uidi-us,
541 4661 591 4704 et
619 4652 686 4706 ab
722 4652 954 4716 incolis,
994 4650 1095 4721 qui
1134 4666 1239 4703 rem
1266 4668 1299 4705 a
1333 4651 1625 4722 majoribus
1654 4670 1868 4723 accepe-

260 4743 376 4787 rint
397 4776 415 4800 ,
463 4741 805 4807 audivimus,
839 4741 963 4796 hare
1013 4740 1399 4796 annuntiamus
1423 4755 1445 4793 :
1490 4758 1609 4813 quae
1647 4758 1711 4797 ea:
1741 4743 1865 4797 aliis

260 4841 460 4896 quoque
495 4836 729 4891 ediscere
762 4835 1010 4907 potestis
1035 4872 1053 4898 ,
1082 4848 1150 4886 ac
1186 4835 1516 4903 potissimum
1546 4853 1611 4891 ex
1639 4838 1707 4893 iis
1730 4880 1746 4905 ,
1775 4840 1866 4909 qui

263 4919 367 4973 hac
384 4938 788 4994 «erraverunt,
815 4927 1086 4990 Philone,
1104 4922 1331 4995 Josepho
1354 4926 1580 4998 aliisque
1602 4929 1861 4998 pluribus.

265 5006 393 5071 llinc
423 5034 543 5076 sane
571 5021 916 5093 conspicias
949 5035 1021 5072 ex
1057 5018 1309 5087 populari
1338 5018 1481 5074 fama
1516 5021 1664 5092 loqui
1693 5021 1864 5077 Justi-

262 5120 378 5163 sum
427 5112 720 5188 Martyrem
751 5157 769 5181 ,
818 5128 964 5168 cum
1024 5110 1097 5164 de
1146 5110 1348 5167 cellulis
1392 5122 1447 5169 et
1483 5114 1550 5169 de
1597 5115 1863 5172 miraculo

257 5206 391 5257 tanta
436 5208 589 5264 verba
640 5206 836 5272 facit;
882 5216 1029 5257 nam
1065 5196 1226 5253 Philo
1276 5208 1331 5254 et
1374 5198 1684 5271 Iosephus,
1723 5218 1863 5273 quos

243 5294 435 5370 allegat,
459 5318 529 5358 ne
555 5301 818 5357 verbum
846 5292 1098 5366 quidem
1125 5290 1191 5345 de
1219 5292 1429 5348 cellulis
1452 5303 1507 5348 et
1532 5294 1598 5349 de
1626 5295 1863 5350 mirabili

228 5388 568 5465 interpretum
605 5402 936 5451 consensu
979 5383 1213 5437 habent.
1251 5381 1538 5440 Probabile
1570 5386 1737 5457 igitur
1777 5395 1864 5442 est

213 5482 477 5545 Iustinum
515 5505 585 5546 ea
632 5498 784 5558 quae
814 5480 906 5535 de
933 5472 1164 5531 cellulis
1194 5475 1375 5541 tradit,
1409 5491 1476 5530 ex
1513 5476 1702 5531 iisdem
1733 5475 1861 5531 fon-

201 5582 335 5641 tibus
359 5585 690 5657 accepisse.
726 5591 810 5632 ex
847 5567 1084 5640 quibus
1110 5576 1391 5635 acceperat
1418 5566 1767 5623 Ptolemaeum
1791 5567 1862 5623 ab

189 5675 388 5738 Herode
414 5680 788 5737 Judagorum
834 5675 996 5733 rege
1038 5657 1363 5727 interpretes
1403 5660 1674 5716 vertendis
1708 5658 1860 5715 Scri-

176 5775 341 5846 μιῆς
374 5773 569 5834 sacris
597 5760 1023 5843 postulasse.
1052 5748 1159 5816 Qui
1195 5747 1467 5810 Iustinum
1499 5753 1669 5812 secuti
1704 5760 1855 5823 sunt,

1968 4583 2059 4638 IX.
2091 4584 2279 4638 Utrum
2324 4583 2546 4636 Aristea:
2581 4582 2897 4651 primigenia
2940 4578 3167 4635 historia
3201 4593 3325 4635 cera
3358 4577 3451 4640 sit,
3478 4591 3559 4651 an

2037 4655 2261 4723 con/icta
2275 4662 2325 4707 et
2340 4646 2703 4723 supposititia,
2721 4646 3024 4722 alieruntur
3046 4658 3359 4721 argumenta
3381 4646 3557 4703 utriu-

2036 4742 2155 4795 que.

2038 4837 2221 4894 Tertia
2262 4835 2481 4892 demum
2511 4836 2767 4905 quzestio,
2802 4836 3003 4906 illaque
3047 4833 3369 4904 gravissima
3399 4843 3484 4890 est
3528 4852 3545 4890 :

1965 4948 2097 4987 num
2145 4931 2370 4987 Aristew
2402 4930 2663 4995 llistoria,
2692 4929 2809 4985 sive
2844 4930 2933 4984 illa
2977 4943 3100 4998 quae
3132 4927 3244 4997 jam
3288 4926 3408 4996 ejus
3448 4941 3552 4981 no-

1965 5026 2112 5079 mine
2138 5022 2542 5087 circumfertur,
2578 5024 2981 5091 doczorumque
3028 5019 3282 5074 manibus
3316 5018 3542 5086 teritur;

1966 5110 2079 5165 sive
2119 5109 2209 5163 illa
2248 5124 2370 5179 qua;
2414 5124 2538 5163 cum
2584 5109 2975 5164 additameulis
3002 5117 3058 5163 et
3086 5108 3479 5163 mutationibus
3506 5122 3541 5163 a

1965 5200 2204 5267 Justino,
2229 5202 2314 5256 vel
2342 5200 2410 5255 ab
2442 5199 2751 5271 Epiphanio
2783 5200 3030 5265 alluitur,
3053 5214 3180 5253 vera
3211 5214 3276 5253 ac
3306 5199 3541 5263 sincera,

1964 5311 2034 5349 an
2077 5306 2209 5349 vero
2258 5294 2490 5348 conﬁcta
2539 5301 2595 5347 et
2644 5293 2985 5362 supposititia
3039 5292 3131 5347 sit.
3175 5290 3312 5345 Cum
3358 5296 3542 5344 autem

1962 5387 2351 5442 additamentis
2373 5385 2480 5441 illis
2513 5383 2675 5440 fidem
2700 5401 2822 5441 esse
2847 5384 3217 5456 denegandam
3237 5383 3349 5451 jam
3376 5396 3541 5449 supra

1962 5478 2398 5534 demonstratum
2423 5478 2516 5541 sit,
2540 5486 2711 5533 restat
2736 5486 2794 5532 ut
2814 5476 2880 5531 de
2896 5474 3230 5545 primigenia:
3244 5474 3541 5526 Aristeana:

1963 5569 2216 5625 Historia:
2244 5570 2348 5624 fide
2371 5584 2516 5623 nunc
2542 5583 2790 5639 agamus.
2827 5566 3115 5623 Historiam
3143 5567 3287 5620 illam
3314 5577 3541 5633 prorsus

1964 5660 2211 5716 lictitiam
2257 5667 2312 5715 et
2344 5660 2780 5715 commentitiam
2815 5674 2939 5715 esse
2980 5664 3221 5729 pugnant
3251 5650 3403 5707 multi
3433 5651 3537 5706 viri

1962 5749 2267 5811 doctissimi
2301 5770 2317 5807 :
2347 5766 2416 5806 ex
2448 5749 2752 5809 Catholicis
2785 5750 3048 5807 Henricus
3083 5744 3349 5808 Valesius,
3373 5758 3538 5808 que-
