4052 6388
564 345 640 406 ας
1023 397 1027 402 ,
1907 343 2434 403 ρηίειῐιιιιιιιιιιλ
3737 354 3820 411 et

563 468 815 541 sequitur
856 467 1092 523 Joannes
1136 465 1285 520 Bona
1343 445 1653 529 cardinalis,
1698 465 1937 534 itemque
1980 465 2134 537 Αῐεῑ-
2167 473 2209 529 Α
2305 465 2585 521 Laudatur
2635 464 2908 521 Ptolemaei
2959 465 3234 538 Evergetis
3272 469 3403 536 (non
3445 467 3807 540 Philadelphi,

567 562 693 616 dius
718 559 994 630 Menagius
1016 566 1068 612 et
1093 557 1220 623 alii;
1247 573 1313 611 ex
1342 556 1689 612 heterodoxis
1716 555 1988 626 Josephus
2012 557 2138 613 Sca-

569 651 724 719 liger,
751 648 1083 704 Humfredus
1111 648 1258 720 IIody
1284 649 1336 702 in
1365 648 1736 703 eruditissimo
1765 664 1926 717 opere
1954 660 2138 704 contra

567 741 871 796 Historiam
900 742 1140 802 Aristea,
1170 750 1224 796 et
1249 742 1544 795 novissime
1574 742 1842 796 Antoninus
1872 741 1984 796 Van
2013 745 2139 799 [)ale

564 835 621 889 in
674 834 1058 888 Dissertatione
1115 850 1271 902 super
1320 833 1562 887 Historia
1621 834 1892 899 Aristea;
1940 836 2146 906 aliique

562 925 986 995 quamplurimi.

637 1015 826 1070 Primo
873 1017 1076 1072 dicitur
1108 1015 1375 1072 Aristcam
1411 1017 1584 1081 illum,
1611 1017 1706 1087 qui
1753 1033 1811 1072 se
1841 1028 1895 1070 et
1919 1025 2041 1071 ortu
2087 1025 2145 1071 et

565 1109 888 1178 parentibus
939 1108 1184 1164 Graecum
1226 1126 1346 1166 esse
1389 1111 1575 1180 lingit,
1619 1125 1740 1164 esse
1788 1110 1934 1164 haud
1979 1111 2142 1165 dubie

562 1200 818 1255 Jndzrnm
865 1201 1236 1264 Hellenistam,
1267 1214 1325 1257 ut
1355 1205 1714 1273 comprobant
1747 1204 1881 1258 bene
1919 1204 2092 1257 multa
2124 1222 2138 1258 :

566 1292 803 1362 exempli
857 1309 1022 1348 causa
1073 1292 1422 1348 Ju’daicarum
1472 1296 1647 1365 legum
1714 1295 1870 1364 plena
1928 1297 2140 1357 notitia,

572 1385 739 1439 unius
781 1385 874 1439 Dei
909 1387 1171 1455 cognitio,
1216 1387 1360 1441 nulla
1386 1387 1617 1442 admista
1657 1387 1954 1456 Serapidis,
1986 1389 2144 1441 Isidis

573 1475 937 1546 aliorumque,
967 1478 1057 1548 qui
1094 1487 1206 1533 tum
1249 1479 1486 1533 maxime
1513 1479 1853 1534 Alexandria:
1895 1479 2145 1534 coleban-

571 1574 683 1632 tur,
726 1568 950 1622 deorum
987 1571 1525 1624 commemoratione.
1563 1569 1618 1624 In
1665 1571 1780 1640 ipsa
1834 1571 2146 1626 narratione

575 1651 880 1712 Iiebraismi
909 1658 1127 1728 plurimi
1153 1671 1479 1715 occurrunt:
1501 1676 1621 1731 qua:
1647 1663 1830 1717 omnia
1864 1672 2154 1717 auctorem.

575 1760 704 1801 vere
728 1745 974 1804 Judaeum
1006 1750 1263 1818 produnt.

2238 569 2298 614 ut
2322 560 2541 628 quidam
2587 557 2790 631 dixere)
2825 557 3144 626 liberalitas,
3177 560 3322 628 quod
3355 558 3662 628 Sophoclis,
3698 559 3816 614 Eu-

2237 651 2428 721 ripidis
2477 661 2532 705 et
2585 648 2828 721 Eschyli
2884 651 3215 719 exemplaria
3260 651 3327 704 ab
3379 651 3825 708 Atheniensibus-

2239 751 2539 807 mutuatus,
2567 749 2627 796 ut
2657 741 2890 795 exscribi
2915 751 3150 806 curaret,
3181 743 3466 797 reservatis
3493 744 3595 797 sibi
3623 759 3812 798 exem-

2239 837 2499 906 plaribus,
2526 837 2834 906 apographa
2879 837 3250 905 pulcherrima
3281 834 3589 900 reddiderit,
3617 837 3813 890 simul-

2241 944 2346 997 que
2375 943 2645 982 summam
2696 928 3006 998 quindecim
3057 928 3409 990 talentorum,
3441 942 3607 996 quam
3641 927 3815 982 Athe-

2241 1021 2522 1074 niensibus
2547 1021 3018 1089 oppigneraverat,
3067 1021 3132 1076 iis
3182 1021 3235 1074 in
3283 1021 3510 1090 gratiam
3562 1019 3813 1073 beneficii

2242 1111 2540 1180 reliqtteril.
2573 1108 2714 1163 Sane
2745 1112 3052 1180 quindecim
3086 1111 3414 1165 talentorum
3445 1125 3656 1165 summa
3685 1120 3817 1164 tunc

2242 1203 2504 1270 temporis
2538 1205 2718 1272 magni
2767 1203 3098 1268 habebatur;
3131 1215 3186 1257 at
3214 1202 3342 1272 quid
3380 1203 3530 1256 dicas
3561 1203 3629 1266 si,
3665 1217 3820 1257 com-

2244 1297 2450 1366 putatis
2483 1299 2738 1351 omnibus
2771 1314 2890 1366 qua:
2919 1312 3016 1366 pro
3045 1296 3412 1365 adipiscendis
3442 1295 3601 1366 Legis
3634 1310 3819 1349 exem-

2245 1386 2485 1454 plaribus
2535 1401 2564 1439 a
2608 1385 2964 1454 Philadelpho
3011 1401 3247 1454 expensa
3295 1397 3442 1449 sunt,
3473 1385 3817 1454 captivorum

2247 1480 2493 1533 videlicet
2548 1479 2741 1548 pretio,
2795 1480 2953 1533 donis
2999 1477 3299 1543 Eleazaro,
3351 1478 3572 1546 templo,
3624 1493 3830 1532 senum.

2245 1569 2468 1624 cuilibet
2500 1568 2716 1631 oblatis,
2747 1569 2869 1637 plus
2895 1583 3058 1637 quam
3088 1567 3235 1621 mille
3260 1569 3620 1621 ducentorum
3645 1566 3822 1620 talem

2245 1669 2425 1715 torum
2451 1676 2719 1715 summam
2755 1660 3033 1728 reperias?
3062 1659 3258 1711 Annon
3293 1657 3610 1712 exhaustam
3660 1657 3824 1727 plane

2248 1767 2433 1822 gazam
2457 1753 2659 1822 regiam
2687 1750 2921 1806 inferas?
2941 1750 3112 1806 Nemo
3142 1750 3414 1821 negaverit
3441 1750 3555 1804 haac
3579 1749 3820 1804 fabulam

652 1839 922 1894 Praeterea
968 1841 1261 1910 obiicitur,
1309 1841 1638 1899 Dentctrium
1687 1843 2016 1902 Phalereum
2062 1846 2149 1902 hic
2179 1838 2222 1893 Β
2254 1858 2464 1913 sapere.

576 1927 762 1984 induci
788 1931 1130 1988 bibliothecae
1156 1937 1317 2007 regite
1346 1935 1618 1992 Ptolemaei
1649 1936 1989 2008 Philadelphi
2020 1955 2163 2010 prae-

578 2015 820 2085 fectum,
873 2036 995 2077 cum
1054 2032 1233 2078 tamen
1288 2023 1612 2095 Ilermippus
1669 2028 1812 2098 apud
1862 2027 2152 2100 Diogenem

578 2111 857 2169 Laertium
885 2126 1085 2180 narret,
1115 2117 1444 2174 Demetrium
1469 2119 1789 2176 Phalereum
1817 2122 2153 2194 transfugam

577 2207 719 2276 apud
753 2206 1103 2263 Ptolemaeum
1141 2209 1386 2266 Soterem
1420 2211 1549 2282 Lagi
1587 2214 1780 2276 lilium,
1818 2229 1942 2268 cum
1968 2213 2153 2269 Ptole-

579 2313 716 2353 ιιιωο
763 2297 1121 2372 Philadelpho
1168 2303 1484 2359 adversatus
1525 2315 1710 2367 esset,
1755 2315 1877 2375 post
1926 2318 2152 2362 mortem

578 2385 798 2459 Lagida:
843 2407 873 2446 a
908 2392 1266 2462 Philadelpho
1317 2397 1611 2465 relegatum
1646 2395 1836 2462 fuisse,
1875 2407 1928 2452 et
1966 2414 2154 2452 morsu

577 2483 784 2551 aspidis
826 2485 1052 2542 obiisse.
1101 2487 1182 2541 Ad
1213 2487 1325 2543 haec
1360 2487 1664 2542 Demetrius
1710 2490 1798 2544 ille
1827 2489 2148 2556 Phalereus,

584 2572 748 2629 homo
777 2573 1225 2642 facundissimus,
1257 2588 1311 2634 et
1342 2595 1441 2635 sua
1487 2588 1642 2633 astate
1671 2580 1863 2635 Attica:
1889 2581 2153 2651 eloquen-

580 2664 671 2720 tia:
717 2666 873 2723 facile
922 2670 1212 2741 princeps;
1261 2671 1412 2742 isque
1455 2673 1678 2727 deorum
1727 2673 1923 2739 cultor,
1975 2673 2160 2741 pravis

580 2759 830 2815 moribus
862 2761 1102 2832 luxuque
1135 2764 1408 2832 perditus;
1444 2765 1534 2819 hic
1564 2765 1632 2818 ab
1671 2765 1884 2820 Aristea
1933 2766 2157 2820 exhibe-

581 2857 670 2904 tur
727 2852 817 2907 vix
873 2853 1058 2909 Graece
1116 2854 1227 2908 imo
1279 2856 1512 2911 barbare
1565 2857 1794 2925 loquens
1830 2857 1882 2909 in
1929 2855 2161 2924 cpistola-

583 2955 745 3011 quam
798 2945 987 3000 scribit
1039 2947 1105 3000 ad
1139 2945 1582 3016 Philadelphum;
1626 2947 1790 3002 unius
1819 2947 1910 3002 Dei
1957 2948 2156 3015 cultor,

581 3044 769 3104 utpote
795 3037 887 3106 qui
926 3035 1275 3094 Hebraeorum
1310 3040 1482 3110 legem
1531 3056 1628 3110 pro
1662 3040 1843 3094 divina
1883 3042 2157 3093 omnium-

582 3141 690 3196 que
711 3129 1056 3183 sanctissima
1089 3131 1302 3196 habeat,
1328 3140 1382 3185 et
1411 3133 1560 3187 diras
1593 3133 1918 3201 imprecetur
1960 3133 2028 3188 iis
2059 3132 2160 3202 qui

2323 1933 2519 1988 Mirum
2554 1934 2714 1988 etiam
2759 1933 3009 1990 videatur
3047 1948 3155 2002 quo
3181 1941 3339 2003 pacto
3386 1931 3679 1987 Eleazarus
3729 1947 3826 1987 sex

2252 2041 2319 2082 ex
2366 2027 2595 2096 singulis
2646 2027 2895 2081 tribubus
2944 2027 3112 2089 viros,
3147 2041 3326 2088 Senes,
3382 2025 3515 2079 bene
3556 2034 3825 2090 moratos,

2253 2120 2462 2182 doctos,
2501 2117 2659 2186 Legis
2704 2117 3084 2187 peritissimos,
3136 2125 3189 2170 et
3217 2125 3505 2185 utramque
3554 2115 3825 2185 linguam,

2255 2210 2534 2265 Hebraaam
2557 2210 2763 2264 scilicet
2789 2218 2842 2264 et
2869 2207 3136 2274 Graecam,
3169 2209 3412 2278 apprime
3442 2208 3725 2271 callentes,
3750 2207 3831 2261 sic

2255 2312 2474 2373 paratos
2509 2309 2565 2355 et
2595 2302 2662 2355 ad
2699 2317 2920 2354 manum
2975 2300 3245 2364 habuerit,
3281 2309 3341 2353 ut
3373 2309 3594 2368 rogatus
3642 2298 3830 2352 statim

2256 2396 2487 2460 miserit,
2527 2409 2649 2448 cum
2684 2403 2862 2447 tamen
2891 2393 3128 2447 Eleazari
3161 2401 3422 2461 tempore,
3454 2391 3537 2444 vel
3569 2391 3718 2444 nulla
3744 2391 3840 2445 vel

2255 2489 2471 2544 modica
2506 2488 2744 2542 tribuum
2780 2487 3060 2540 distinctio
3091 2485 3259 2540 fuisse
3290 2483 3566 2538 credatur.

2326 2582 2406 2636 Ad
2437 2581 2550 2634 haec
2576 2579 2856 2633 victoriam
2896 2578 3041 2630 illam
3073 2577 3140 2630 de
3165 2577 3437 2646 Antigono
3468 2584 3831 2645 reportatam,

2257 2673 2443 2728 eodem
2487 2681 2728 2739 tempore
2757 2687 2866 2738 quo
2897 2668 3087 2722 LXXII
3117 2685 3276 2723 senes
3308 2667 3698 2722 Alexandriam
3731 2667 3834 2720 ad-

2257 2780 2472 2831 venere,
2507 2775 2563 2818 ut
2594 2773 2779 2817 narrat
2815 2763 3082 2826 Aristeas,
3121 2771 3327 2816 certum
3357 2770 3451 2815 est.
3487 2761 3673 2813 multis
3707 2768 3837 2816 ante

2258 2859 2438 2922 annis,
2471 2865 2729 2926 regnante
2756 2856 2999 2910 videlicet
3030 2855 3318 2908 Ptolemzeo
3349 2853 3479 2924 Lagi
3514 2854 3626 2907 lilio
3655 2852 3840 2906 conti-

2259 2952 2422 3020 gisse.
2479 2947 2620 3003 Sunt
2667 2957 2722 3002 et
2762 2949 2864 3002 alia
2914 2948 3081 3000 multa
3131 2962 3253 3016 quae
3293 2959 3484 3000 contra
3532 2945 3838 2998 Aristeante

2261 3041 2502 3097 historia:
2529 3041 2898 3096 sinceritatem
2933 3038 3232 3092 alferuntur
3258 3055 3270 3090 :
3299 3046 3353 3090 at
3381 3045 3668 3105 postquam
3698 3048 3838 3104 prat-

2259 3131 2419 3201 cipua
2467 3131 2520 3184 in
2568 3131 2806 3184 medium
2854 3127 3203 3192 adduximus,
3235 3129 3302 3180 ab
3333 3127 3454 3181 aliis
3482 3125 3836 3180 recensendis

585 3218 640 3272 in
689 3220 1047 3277 translatione
1082 3221 1268 3274 LXXII
1309 3197 1898 3294 Interpretum—aliquid
1934 3197 2154 3289 addere,
2183 3197 2230 3259 (ἶ
2258 3197 2563 3292 compendii
2591 3238 2754 3277 causa
2789 3220 3168 3276 abstinendum
3200 3230 3474 3288 putamus.

585 3307 669 3362 vel
700 3310 935 3374 demere,
974 3314 1058 3368 vel
1089 3315 1381 3369 immutare
1421 3317 1539 3369 ausi
1573 3315 1792 3370 fuerint.
1825 3315 1996 3369 Erunt
2046 3315 2160 3370 for-

590 3409 736 3456 tasse
769 3404 862 3473 qui
899 3405 1028 3460 huic
1071 3418 1392 3477 argumento
1422 3409 1634 3462 occurri
1667 3423 1827 3477 posse
1870 3410 2158 3479 putabunt,

587 3505 654 3546 ex
688 3491 906 3549 Cosmze
932 3495 1167 3568 Egyptii
1208 3515 1379 3568 nuper
1405 3515 1434 3553 a
1478 3500 1634 3555 nobis
1663 3501 1792 3555 editi
1831 3511 2072 3555 narratu.
2109 3499 2160 3557 Is

587 3587 733 3641 enim
785 3587 842 3642 in
891 3587 1260 3660 Topographia
1292 3589 1619 3655 Christiana,
1645 3607 1808 3662 quam
1851 3591 2160 3649 Justiniano

591 3677 891 3747 imperante
936 3682 1124 3746 edidit,
1157 3696 1264 3735 non
1312 3681 1642 3737 Demetrium
1692 3683 2036 3750 Phalereum,
2066 3685 2161 3740 sed

591 3769 937 3843 Tryphonem
968 3771 1290 3828 Phalereum
1338 3774 1441 3829 sub
1488 3774 1779 3831 Ptolemaeo
1807 3776 2161 3848 Philadelpho

589 3862 932 3919 bibliothecae
961 3866 1122 3936 regiae
1156 3868 1436 3922 custodem
1488 3867 1657 3924 fuisse
1702 3868 1833 3924 dicit
1866 3888 1879 3923 :
1909 3887 2015 3940 qua
2062 3872 2162 3925 ad-

591 3953 758 4008 missa
793 3956 1044 4022 lectione,
1081 3958 1283 4013 cadunt
1328 3960 1513 4014 omnia
1539 3959 1629 4013 illa
1675 3970 2012 4031 argumenta,
2043 3978 2163 4032 qua:

589 4053 769 4099 stante
812 4045 1090 4103 Demetrio
1138 4047 1401 4105 Phalereo
1430 4051 1663 4120 alicujus
1692 4054 1951 4107 momenti
1983 4063 2162 4110 erant.

591 4133 662 4188 At
692 4134 823 4203 quid
861 4137 1033 4192 valeat
1060 4138 1162 4192 hac
1186 4139 1241 4194 in
1272 4155 1331 4195 re
1354 4141 1638 4211 scriptoris
1664 4144 1848 4207 unius,
1871 4154 1924 4198 et
1944 4145 2162 4214 quidem

591 4221 870 4282 inferioris
901 4229 1023 4297 aevi,
1058 4231 1450 4298 testimonium,
1482 4235 1701 4304 quando
1735 4249 1926 4290 omnes
1957 4251 1988 4290 a
2024 4237 2166 4306 prin-

591 4315 757 4386 cipio,
796 4319 891 4389 qui
931 4320 1200 4376 Aristeatn
1243 4323 1559 4390 meminere,
1599 4324 1928 4380 Demetrium
1975 4325 2166 4381 Phale-

593 4425 746 4466 reum
769 4413 988 4469 habent.
1005 4416 1162 4471 Certe
1181 4416 1314 4470 nulli
1336 4417 1559 4471 dubium
1585 4434 1708 4474 esse
1729 4428 1903 4488 potest
1926 4421 2164 4489 primum

594 4501 746 4557 illum
790 4505 1098 4573 Aristeam,
1153 4505 1484 4563 Demetrium
1533 4508 1848 4593 Phalereum
1895 4513 2021 4566 item
2062 4513 2161 4568 ha-
2195 4547 2238 4602 Β

593 4594 800 4650 buisse.
859 4595 1038 4663 Quare
1096 4597 1326 4655 Cosmas
1391 4601 1680 4672 Aﬂgyptius
1751 4585 1834 4657 vel
1896 4605 2160 4658 memoria

594 4686 782 4756 lapsus
815 4699 916 4754 est,
951 4690 1034 4743 vel
1061 4692 1280 4747 aliunde
1310 4709 1548 4748 errorem
1575 4706 1659 4750 est
1683 4704 1982 4752 mutuatus.

664 4777 774 4834 Nec
801 4780 963 4834 modo
993 4780 1318 4837 Demetrium
1345 4783 1687 4849 Phalereum,
1725 4787 1817 4841 sed
1843 4788 2002 4840 etiam
2035 4786 2162 4841 Pto—

594 4868 842 4924 Iemaaum
877 4872 1054 4941 ipsum
1098 4873 1531 4946 Philadelphum,
1574 4877 1802 4932 fratrum
1853 4879 2164 4932 interfecto-

592 4974 731 5026 rem,
775 4965 981 5020 sororis
1029 4967 1349 5037 conjugem,
1396 4971 1554 5040 cujus
1601 4971 1878 5035 mollities,
1923 4971 2161 5035 luxuria,

595 5054 821 5121 scelera,
854 5056 921 5110 ab
949 5057 1224 5114 historicis
1249 5061 1610 5128 celebrantur,
1642 5063 1714 5116 ita
1740 5062 1886 5132 pium
1920 5062 2164 5132 legisque

593 5143 846 5202 Mosaicae
890 5149 1150 5206 cultorem
1197 5153 1415 5208 exhibet
1439 5154 1704 5220 Aristeas,
1741 5163 1800 5207 ut
1835 5169 2019 5222 regem
2054 5152 2161 5206 Da-

591 5239 770 5294 videm
829 5241 912 5296 vel
959 5241 1243 5298 Ezechiam
1293 5245 1464 5301 dicas.
1521 5245 1571 5301 Is
1622 5246 1814 5300 allatas
1861 5246 1964 5300 εἱΙυί
2005 5243 2164 5311 Legis

593 5331 960 5398 membranas,
997 5343 1145 5390 tanta
1199 5339 1549 5392 veneratione
1602 5345 1926 5408 prosecutus
1964 5347 2067 5402 est,
2104 5346 2164 5390 ut

589 5425 790 5492 septies
834 5425 1101 5496 adoraret,
1137 5445 1201 5485 ac
1241 5446 1354 5500 pra:
1383 5432 1583 5502 gaudio
1613 5433 2026 5502 Iaerymarctur.
2057 5429 2161 5484 Pa-

593 5529 704 5567 rem
750 5529 877 5586 erga
925 5518 1092 5589 legem
1133 5521 1426 5577 Mosaicam
1468 5523 1674 5576 cultum
1708 5522 1965 5576 exhibent
1991 5520 2160 5577 Graeci

591 5619 804 5673 omnes,
835 5621 1101 5681 quotquot
1122 5613 1175 5667 in
1202 5615 1486 5668 Aristeana
1509 5611 1746 5668 Historia
1772 5622 2161 5680 memorantur,

595 5708 656 5752 ut
688 5702 826 5757 mira
855 5708 1284 5778 metamorphosi
1319 5707 1512 5762 credas
1553 5720 1743 5761 omnes
1788 5707 1882 5776 qui
1914 5705 2042 5760 huic
2069 5721 2164 5760 ne-

598 5791 743 5861 gotio
776 5794 1072 5867 intersunt,
1099 5801 1386 5869 derepente
1418 5798 1716 5867 prnselytos
1747 5797 1917 5854 factos
1951 5812 2093 5854 esse.

2328 3317 2435 3369 Alii
2472 3332 2571 3386 pro
2615 3317 2844 3370 Aristea:
2888 3313 3124 3368 IIistoria
3167 3322 3334 3379 stant,
3364 3312 3592 3381 ejusque
3619 3311 3847 3383 γνησιόοι

2259 3425 2396 3480 τητα
2422 3423 2762 3477 propugnare
2795 3409 3043 3461 nituntur
3070 3425 3082 3459 :
3113 3421 3176 3460 cx
3209 3405 3534 3469 Catholicis,
3563 3402 3836 3469 Serarius,

2261 3500 2582 3563 Gretserus,
2627 3498 2830 3553 Paulus
2882 3497 3215 3562 Pezronius,
3270 3497 3535 3564 multique
3589 3497 3723 3561 alii;
3772 3511 3838 3549 ex

2263 3591 2630 3658 heterodoxis,
2664 3591 2897 3645 Brianus
2926 3589 3238 3654 Waltonus,
3270 3587 3423 3642 Isaac
3457 3585 3705 3650 Vossius,
3727 3587 3839 3641 alii-

2262 3697 2367 3752 que
2397 3683 2637 3753 insignes
2665 3683 2788 3736 viri.
2826 3681 2942 3735 Non
2975 3679 3209 3734 referam
3259 3688 3644 3749 argumentum
3691 3677 3842 3746 quod

2261 3791 2328 3830 ex
2377 3774 2596 3830 Patrum
2636 3775 2949 3830 testimonio
2981 3773 3046 3826 ad
3095 3772 3375 3826 tutandam
3408 3769 3708 3823 Aristeana‘.
3743 3767 3840 3823 ﬂi-

2263 3869 2446 3923 storite
2475 3868 2754 3923 veritatem
2786 3867 3006 3937 quidam
3031 3864 3284 3920 all‘erunt.
3303 3861 3436 3917 Nam
3461 3877 3584 3916 cum
3609 3859 3711 3915 SS.
3737 3859 3841 3914 Pa-

2263 3969 2375 4016 tres
2398 3960 2668 4027 Justinus,
2697 3963 2952 4024 Iremeus,
2989 3958 3262 4020 Clemens,
3290 3957 3524 4026 Cyl-illus
3561 3952 3843 4023 Jerosoly-

2264 4055 2524 4120 mitanus,
2555 4071 2674 4109 eam
2705 4055 2976 4124 praecipue
3004 4052 3166 4121 hujus
3193 4048 3444 4104 Historia:
3477 4058 3686 4117 partem
3721 4059 3855 4116 pro~.

2263 4163 2503 4218 pugnare
2533 4147 2836 4210 videantur,
2861 4161 2982 4216 qua:
3012 4143 3238 4212 respicit
3261 4141 3506 4206 cellulas,
3531 4138 3841 4193 mirabilem

2267 4240 2468 4295 Senum
2511 4239 2565 4293 in
2615 4238 3021 4307 interpretando
3072 4249 3445 4297 consensum,
3496 4239 3550 4286 et
3601 4230 3855 4300 Spiritus.

2265 4332 2440 4386 sancti
2486 4329 2758 4394 albatum;
2791 4343 2954 4397 quam
2986 4334 3164 4379 tamen
3204 4334 3410 4393 partem
3449 4329 3507 4374 ut
3543 4319 3845 4389 suppositi-

2265 4423 2397 4478 tiam
2425 4432 2480 4478 et
2515 4421 2759 4491 spur-iam
2798 4434 2923 4474 cum
2957 4419 3082 4472 divo
3117 4416 3445 4482 Ilieronytno
3472 4412 3706 4480 aliisque
3744 4413 3844 4466 do-

2267 4518 2371 4572 ctis
2404 4515 2712 4583 reiecimus,
2738 4526 2846 4565 non
2874 4517 3053 4580 potest
3086 4508 3173 4562 hic
3201 4524 3298 4577 pro
3333 4507 3634 4559 Aristeanze
3661 4503 3846 4560 Ilisto—

2264 4607 2360 4660 ria:
2382 4603 2699 4658 defensione
2722 4601 2945 4656 Patrum
2975 4601 3192 4653 illorum
3223 4597 3521 4650 auctoritas
3543 4597 3769 4665 opponi.

2336 4695 2536 4750 Verum
2559 4695 2704 4749 aliud
2740 4694 2794 4746 in
2826 4693 3065 4746 medium
3089 4691 3378 4753 adducam,
3413 4686 3561 4757 quod
3597 4702 3732 4741 sane
3755 4703 3850 4741 va-

2263 4788 2588 4842 lidissimum
2617 4793 2838 4855 putatur
2876 4797 2906 4836 a
2942 4783 3148 4836 multis.
3201 4781 3464 4845 Aristeas,
3501 4788 3560 4832 ut
3591 4779 3849 4836 oculatus

2264 4882 2421 4936 testis
2447 4896 2561 4934 rem
2590 4896 2690 4935 suo
2722 4887 2984 4947 tempore,
3018 4890 3185 4945 seque
3244 4881 3507 4944 praesente
3549 4881 3850 4942 parteSque

2263 4989 2392 5028 suas
2423 4980 2633 5042 agente,
2660 4979 2864 5040 gestam
2887 4980 3139 5036 enarrat;
3201 4983 3340 5029 rem,
3391 4967 3636 5034 inquam,
3669 4981 3849 5036 usque

2264 5067 2399 5120 adeo
2429 5066 2692 5135 insignem
2727 5073 2780 5117 et
2807 5062 3160 5132 singularem,
3200 5071 3260 5114 ut
3292 5058 3602 5114 necessario
3639 5057 3850 5112 debue-

2264 5158 2336 5212 rit
2365 5157 2611 5211 omnium
2651 5169 2744 5208 ore
2773 5154 3055 5217 celebrari,
3090 5168 3189 5207 nec
3219 5151 3376 5205 facile
3425 5165 3489 5204 ex
3555 5150 3848 5204 hominum

2263 5252 2524 5305 memoria
2568 5248 2845 5302 obliterari
2882 5246 3134 5314 potuerit.
3167 5243 3298 5296 Pest
3331 5241 3597 5294 Aristeam
3629 5241 3854 5294 Aristo-

2263 5339 2444 5403 bulus,
2488 5339 2571 5391 vir
2597 5336 2952 5405 insignis,vel
2994 5335 3164 5403 ipsius
3189 5331 3464 5386 Ptolemaei
3499 5330 3849 5400 Philadelphi

2265 5439 2524 5499 tempore,
2562 5427 2667 5490 vel,
2717 5437 2775 5482 ut
2827 5427 2918 5480 alii
2946 5427 3280 5486 existimant,
3329 5425 3431 5477 sub
3473 5421 3850 5477 Philoanetore

2264 5522 2600 5576 Alexandria:
2622 5521 2896 5583 scribit,et
2921 5518 3223 5571 Aristeana:
3254 5515 3503 5569 Historia:
3527 5517 3848 5570 testimonio

2265 5629 2366 5669 suo
2393 5613 2782 5682 patrocinatur.
2824 5608 2880 5662 Si
2913 5624 2974 5664 ea
3013 5609 3148 5663 falsa
3180 5623 3512 5678 prorsusque
3544 5609 3848 5678 suppositi-

2265 5708 2337 5759 tia
2377 5704 2590 5768 fuisset,
2625 5717 2690 5755 an
2722 5710 2930 5770 poterat
2964 5701 3280 5756 Aristobulo
3321 5700 3453 5769 ipsis
3489 5697 3708 5771 Egypti
3752 5715 3845 5755 re-

2266 5798 2423 5866 gibus
2452 5806 2581 5852 tunc
2611 5793 2869 5851 familiari
2903 5789 3087 5850 fucum
3121 5793 3318 5857 facere,
3353 5792 3566 5848 etiamsi
3603 5801 3844 5857 ponatur
