4052 6388
212 297 256 355 63
1553 319 1624 377 ΙΝ
1663 310 1992 376 HEXAPLA
2030 308 2384 376 OBICENIS.
3518 324 3589 383 66

213 426 364 481 unitati
382 434 763 498 postremis
800 437 1330 499 Ptolemaeorum
1355 440 1900 499 ﬂoruisse3Alexan—
1928 446 1974 503 Α
2003 439 2352 510 sequentium
2425 439 2593 496 modo
2650 441 2976 497 steculorum
3040 429 3435 511 scriptoribus,
3489 444 3589 501 sed

212 515 364 573 deritem
392 518 835 598 Polyhistor,
936 537 1079 604 qui
1119 534 1427 607 Olympiade
1462 532 1684 589 circiter
1713 542 1897 588 cente-

212 613 292 669 sima
312 622 780 688 septuagesima
885 629 1116 683 tertia
1186 628 1421 699 scripsit,
1456 627 1642 682 laudat
1667 627 1897 682 Ariston:

210 708 399 778 cujusdam
464 710 893 773 Historiam
995 720 1369 790 Judaicam;
1433 722 1581 776 illam
1646 722 1898 776 videlicet

208 819 309 871 quam
329 806 379 860 de
404 806 647 865 LXXII
718 811 1246 887 [interpretibus
1298 818 1535 889 scripsit,
1594 827 1654 873 ut
1701 826 1896 888 putant

209 898 349 955 eruditi.
367 898 509 956 Post
548 920 722 959 eum
803 907 1042 965 Philo
1080 910 1383 967 Historiam
1419 910 1670 966 eamdem
1701 910 1894 980 paucis

212 993 404 1063 tangit,ac
434 995 598 1052 licet
628 1000 716 1054 de
751 1017 1087 1059 numero
1117 1002 1480 1076 lnterpretum
1509 1004 1644 1058 nihil
1674 1004 1891 1070 habeat,

214 1091 296 1160 quia
314 1106 399 1144 rem
432 1094 726 1162 carptim
800 1108 1130 1167 enarrat,
1198 1100 1407 1155 videtur
1447 1106 1630 1154 tamen
1682 1113 1746 1153 ea
1774 1113 1895 1168 qua:

217 1181 376 1237 dixitex
405 1183 663 1241 Aristea
732 1187 1112 1257 hausisse,
1175 1200 1298 1261 post
1340 1206 1462 1246 eum
1510 1188 1800 1261 Josephus,
1830 1204 1894 1246 ac

218 1276 375 1330 denum
425 1275 763 1335 Eusebius
832 1281 1263 1338 Aristeanam
1324 1281 1618 1338 Historiam
1652 1279 1896 1336 referunt

218 1372 329 1439 eique
371 1376 900 1442 patrocinantur.
994 1378 1176 1432 Nihil
1234 1380 1410 1435 dicam
1470 1379 1538 1435 de
1585 1377 1803 1435 Iustino
1840 1387 1894 1434 et

219 1464 321 1528 aliis,
344 1466 432 1535 qui
463 1465 861 1525 adulteratis
900 1472 1362 1541 exemplaribus
1389 1480 1518 1527 sunt
1547 1471 1654 1527 usi.
1693 1471 1749 1526 Si
1783 1486 1893 1541 qua

220 1556 354 1623 possit
380 1556 628 1613 historia
692 1560 1145 1628 sequentium
1213 1569 1516 1630 temporum
1565 1560 1892 1619 testimoniis

219 1647 517 1711 conﬁrmari,
544 1649 703 1703 nihil
737 1665 913 1705 sane
946 1650 1112 1705 huic
1152 1650 1329 1715 deest,
1370 1658 1431 1705 ut
1466 1650 1628 1705 talem
1661 1651 1893 1705 ﬁrmita-

216 1747 305 1791 tem
330 1739 704 1808 adipiscatur.

1998 531 2165 587 etiam
2198 548 2230 587 a
2255 533 2461 589 coaevis
2487 542 2542 588 et
2571 534 2900 604 supparihus
2926 544 3273 592 euarrentur.

2370 624 2439 680 Χ.
2477 625 2868 696 θὶδρηιαιὶοηὶσ
2914 628 3211 683 conclusio.

2065 716 2169 773 His
2232 716 2441 773 diutius
2511 718 2795 773 immorari
2866 721 3341 790 quiestionemque
3401 718 3584 790 fusius

1995 809 2275 881 exagitare
2310 823 2420 863 non
2453 808 2606 863 libet.
2636 808 2893 876 Quaedam
2948 811 3126 865 solum
3158 812 3318 867 nobis
3346 812 3401 865 in
3456 825 3588 866 cou-

1998 903 2145 958 fesso
2180 902 2449 966 habenda,
2470 911 2526 957 et
2555 916 2657 971 pro
2703 901 2846 957 veris
2885 903 3083 957 tuenda
3134 910 3283 969 sunt,
3315 903 3581 958 nimirum

1996 996 2496 1067 interpretationem
2526 1011 2650 1066 quae
2678 995 2787 1050 τῶν
2815 998 2871 1050 0'
2897 1013 2991 1052 seu
3015 996 3155 1051 LXX
3189 1009 3437 1063 vocatur,
3464 999 3585 1054 sive

1996 1087 2091 1141 illa
2124 1105 2154 1142 a
2189 1087 2542 1159 Septuaginta
2581 1089 2741 1153 viris,
2795 1089 2908 1144 sive
2958 1104 2989 1144 a
3046 1089 3400 1159 paucioribus
3433 1089 3581 1148 facta

1994 1178 2181 1246 fuerit,
2210 1196 2333 1236 esse
2359 1184 2543 1237 veram
2567 1192 2622 1238 et
2654 1191 2897 1239 sanctam
2927 1181 3049 1237 lidei
3090 1194 3419 1252 morumque
3444 1196 3580 1236 nor-

1995 1287 2169 1339 mam,
2203 1282 2390 1343 utpote
2419 1289 2542 1345 quae
2570 1277 2644 1330 ab
2677 1276 2944 1347 apostolis
2976 1291 3087 1331 non
3122 1276 3290 1331 semel
3316 1275 3581 1333 adhibea-

1992 1372 2105 1431 tur,
2143 1380 2208 1421 ac
2229 1381 2337 1420 non
2362 1367 2525 1422 modo
2552 1369 2605 1422 in
2628 1367 2873 1424 Ecclesia
2922 1368 3113 1425 Graeca
3145 1383 3247 1439 pro
3273 1383 3401 1424 vera
3428 1366 3581 1424 Seria

1991 1467 2153 1529 ptura
2179 1474 2393 1529 semper
2420 1460 2610 1515 habita
2644 1461 2827 1526 fuerit,
2860 1462 2956 1517 sed
3008 1462 3173 1517 etiam
3232 1462 3287 1516 in
3333 1459 3575 1517 Ecclesia

1987 1550 2187 1605 Latina
2218 1552 2497 1621 prioribus
2524 1554 2742 1609 saeculis
2771 1554 3088 1619 obtinuerit,
3112 1555 3334 1625 quando
3366 1553 3579 1610 scilicet

1990 1651 2149 1697 vetus
2180 1641 2308 1698 Itala
2339 1659 2461 1714 qute
2515 1648 2583 1700 ex"
2628 1645 2819 1701 Graeco
2862 1645 3004 1700 LXX
3045 1645 3403 1716 lnterpretum
3430 1645 3577 1722 facta

1994 1732 2194 1798 fuerat,
2231 1750 2330 1806 pro
2379 1738 2542 1792 unica
2605 1736 2884 1807 Scriptura
2948 1754 3104 1794 sacra
3150 1739 3572 1809 agnoscebatur,

279 1831 560 1902 [tepebunt
592 1834 725 1898 alii,
762 1833 1135 1889 Aristobuli
1171 1843 1227 1888 et
1254 1832 1544 1888 Alexandri
1574 1831 1884 1906 Polyhisto—
1913 1824 1957 1885 Β
1987 1834 2279 1896 antequam
2307 1826 2673 1901 Hieronymus
2702 1830 3019 1885 hodiernam
3075 1828 3363 1903 Vulgatam
3414 1832 3578 1887 adora»

232 1926 295 1979 ris
318 1928 647 1982 auctoritate
684 1927 750 1981 id
793 1944 1007 1981 unum
1052 1927 1225 1996 argui
1263 1936 1314 1982 et
1355 1926 1595 1997 probari,
1632 1928 1884 1983 videlicet

234 2019 438 2074 Aristeas
464 2020 789 2076 Historiam
821 2030 979 2075 ante
1019 2021 1240 2075 borum
1289 2020 1617 2090 scriptorum
1668 2029 1880 2075 aetatem

243 2114 490 2179 prodisse
516 2123 624 2169 :-et
677 2114 1131 2169 Aristobulum
1170 2112 1385 2183 quidem
1414 2112 1506 2166 diu
1535 2120 1657 2181 post
1701 2110 1883 2167 Phila-

236 2204 474 2272 delphum
505 2205 759 2273 vixisse;
787 2222 941 2260 nam
973 2205 1142 2276 quod
1184 2204 1345 2259 modo
1371 2203 1477 2258 sub
1498 2202 1878 2273 Philadelpho,

237 2297 395 2349 nodo
428 2296 525 2351 sub
547 2296 973 2353 Philometore
1006 2295 1320 2366 scripsisse
1348 2296 1567 2352 dicatur
1600 2296 1743 2366 apud
1771 2295 1881 2352 Eu-

240 2387 565 2454 seldomﬁd
590 2388 842 2445 Eusebii
891 2389 1074 2459 lapsu
1116 2388 1370 2460 contigit,
1425 2388 1510 2443 vel
1543 2385 1777 2444 fortasse
1815 2389 1881 2443 li-

241 2481 558 2549 brariorum,
608 2485 709 2554 qui
771 2484 1035 2538 nomina
1078 2491 1540 2538 commutaruut:
1598 2497 1723 2537 nam
1754 2480 1880 2536 Ari-

241 2574 485 2632 stobulus
522 2578 659 2648 ipse,
687 2577 1164 2648 Philadelphum
1194 2575 1335 2646 ejus,
1375 2576 1440 2631 ad
1475 2591 1637 2646 quem
1669 2575 1878 2644 scribit,

240 2663 621 2724 Philometoris
657 2670 953 2741 πρόγονον
1026 2677 1227 2731 vocat,
1262 2683 1367 2738 qua
1398 2669 1573 2739 posita
1624 2668 1876 2734 lectione,

242 2753 575 2829 Philadclphi
606 2776 824 2816 nomen
863 2760 1161 2816 mendose
1205 2759 1489 2828 irrepsisse
1515 2759 1877 2826 convincitur,

254 2851 731 2925 Aristobulumque
768 2863 974 2925 utpote
1008 2853 1278 2909 Judaeum
1306 2851 1878 2920 Hellenistam,histo-

252 2943 393 2996 riam
436 2945 572 2999 illam
597 2962 713 3017 qua
785 2945 1206 3016 interpretatio
1270 2942 1620 3016 Septuaginta
1674 2942 1878 2998 Senum

259 3048 595 3107 summopere
619 3038 1183 3104 commendabatur,
1220 3036 1467 3090 lubenter
1504 3035 1877 3105 amplexatum

254 3139 417 3193 esse;
444 3131 548 3185 etsi
575 3131 806 3185 νοθείαν
846 3130 1175 3202 agnoverit,
1234 3127 1289 3181 in
1331 3138 1543 3198 partem
1584 3138 1764 3183 tamen
1795 3126 1877 3182 fa—
1903 3169 1949 3232 ο

258 3215 403 3273 bula
432 3222 634 3278 venisse
665 3242 683 3278 :
757 3223 1049 3293 siquidem
1088 3235 1291 3275 omnes
1337 3218 1510 3276 Judzei
1562 3217 1874 3275 Hellenistze

260 3308 767 3382 interpretationem
800 3315 958 3369 illam
1023 3326 1259 3369 summo
1306 3311 1360 3366 in
1400 3311 1577 3381 pretio
1602 3311 1874 3367 habebant

266 3400 557 3475 haberique
592 3406 908 3472 volebant;
940 3405 1333 3461 Alexandrum
1374 3403 1794 3473 Polyhistorem,
1824 3404 1873 3460 si

261 3503 441 3551 tamen
474 3514 595 3554 vere
620 3497 690 3554 de
725 3500 837 3554 hac
864 3499 1108 3555 Aristeaa
1147 3497 1392 3553 Historia
1435 3499 1584 3569 loqui
1613 3498 1868 3565 voluerit,

264 3585 441 3641 solum
504 3589 754 3646 indicare
808 3590 964 3646 illam
995 3589 1282 3661 prodiisse
1310 3598 1434 3645 ante
1476 3606 1636 3645 suum
1668 3605 1870 3658 aevum,

267 3687 406 3750 quod
437 3684 548 3741 fere
579 3702 783 3743 omnes
829 3685 1089 3742 fatentur
1153 3704 1175 3740 τ
1207 3684 1513 3753 Philonem,
1570 3685 1869 3757 Joscphum

264 3784 317 3828 et
349 3778 512 3845 alios,
541 3789 601 3834 ut
636 3782 822 3836 solent
844 3795 979 3835 oves
1009 3778 1305 3851 gregatim,
1340 3778 1587 3849 priorum
1630 3778 1870 3850 vestigiis

266 3867 514 3933 hzsisse,
548 3888 652 3928 nec
677 3873 1043 3928 examinasse
1074 3886 1337 3925 veramne
1358 3887 1426 3925 an
1462 3871 1870 3941 supposititiam

272 3966 643 4022 narrationem
670 3967 1047 4038 adoptarem;
1092 3963 1315 4018 demum
1344 3974 1454 4019 tam
1480 3963 1692 4018 validas
1720 3963 1871 4033 obje-

262 4056 483 4113 ctiooes
506 4069 699 4115 contra
751 4060 1114 4114 Aristeanam
1164 4052 1455 4110 Historiam
1513 4055 1762 4125 superius
1795 4054 1869 4113 al.-

264 4144 425 4211 latas,
450 4164 559 4203 non
593 4164 760 4220 posse
785 4150 1131 4219 scriptorum
1165 4145 1504 4215 sequentium
1538 4144 1866 4200 testimoniis

256 4243 532 4309 curvari,
563 4242 1024 4314 quandoquidem
1060 4236 1267 4293 multas
1318 4237 1562 4308 quotidie
1592 4234 1862 4290 narratio-

1986 1929 2176 1987 naret;
2206 1920 2334 1977 licet
2360 1921 2508 1977 enim
2536 1923 2711 1978 multa
2767 1933 2912 1979 esset
2960 1924 3104 1978 inter
3144 1924 3418 1980 editiones
3450 1939 3575 1996 quae

1983 2022 2118 2069 tunc
2148 2014 2201 2068 in
2234 2031 2334 2070 usu
2359 2023 2538 2078 erant,
2570 2017 2828 2083 varietas,
2865 2032 3060 2071 omnes
3086 2025 3266 2071 tamen
3297 2017 3572 2073 editiones

1982 2119 2050 2159 ex
2081 2103 2224 2158 LXX
2255 2095 2645 2173 manaverant;
2681 2107 2791 2162 imo
2841 2109 3005 2162 etiam
3056 2107 3217 2163 hodie
3267 2107 3473 2163 Psalmi
3501 2124 3571 2164 ex

1981 2196 2172 2252 eadem
2208 2200 2377 2254 veteri
2402 2197 2539 2254 Itala
2572 2200 2625 2253 in
2660 2198 2901 2255 Ecclesia
2934 2199 3129 2255 Latina
3180 2200 3235 2254 in
3271 2201 3572 2274 Scriptura:

1981 2308 2155 2348 saera:
2184 2294 2432 2364 catalogo
2462 2294 2643 2349 loeum
2679 2294 2880 2349 habent
2906 2311 2921 2360 ;
2958 2294 3206 2365 nihilque
3240 2293 3453 2349 allicere
3479 2284 3573 2346 au;

1981 2383 2219 2439 ctoritati
2248 2383 2504 2440 editionis
2537 2384 2645 2439 τῶν
2668 2386 2722 2440 0'
2756 2386 2902 2455 quod
2935 2387 3056 2456 ejus
3081 2392 3273 2441 auctor
3292 2387 3377 2441 vel
3404 2386 3568 2456 igno-

1981 2485 2157 2543 retur,
2190 2475 2276 2531 vel
2296 2468 2548 2547 quisnam
2574 2478 2645 2532 sit
2694 2477 2749 2532 in
2779 2478 3003 2533 dubium
3034 2486 3280 2544 vocetur,
3316 2478 3572 2549 quando--

1980 2567 2201 2639 quidem
2271 2567 2409 2623 nihil
2468 2567 2737 2625 alliciebat
2799 2570 3000 2625 veteris
3055 2567 3205 2625 Itala:
3251 2568 3569 2626 auctoritati

1980 2660 2129 2731 quod
2185 2676 2296 2731 quo
2348 2660 2643 2731 interprete
2700 2662 2990 2732 prodiisset
3052 2663 3416 2734 ignoraretur.
3448 2662 3568 2719 Non

1980 2753 2126 2808 enim
2152 2768 2219 2808 ex
2246 2752 2632 2823 interpretibus
2649 2755 2930 2811 versiones
2947 2758 3325 2812 auctoritatem
3350 2768 3570 2813 mutua-

1979 2841 2203 2909 bantur,
2223 2843 2315 2897 sed
2337 2860 2402 2899 ex
2427 2846 2818 2917 approbatione
2846 2855 2901 2901 et
2924 2846 3259 2901 admissione
3287 2846 3564 2908 Ecclesiae.

2050 2935 2209 3004 Quod
2240 2947 2419 2992 autem
2452 2937 2818 3011 Hieronymus
2843 2940 2899 2995 in
2929 2940 3170 2996 editione
3201 2941 3307 2994 τῶν
3333 2942 3389 2995 0'
3420 2943 3565 2998 mul-

1979 3038 2066 3085 tos
2117 3044 2301 3084 naevos
2350 3029 2789 3099 deprehenderit,
2847 3047 2912 3087 ac
2969 3033 3138 3087 multa
3184 3049 3342 3088 secus
3394 3050 3560 3105 quam

1981 3120 2270 3191 oportebat
2298 3120 2365 3176 de
2395 3118 2660 3176 llebraico
2684 3121 2872 3177 Graece
2906 3136 3169 3179 conversa
3199 3125 3559 3195 redarguerit,

1980 3212 2034 3266 id
2062 3212 2182 3281 ejus
2212 3211 2467 3267 editionis
2497 3214 2878 3267 auctoritatem
2910 3214 3223 3284 neutiquam
3254 3215 3452 3271 minuit
3476 3215 3560 3275 vel

1981 3303 2266 3359 inﬁrmat:
2305 3314 2362 3359 ut
2388 3305 2587 3360 alicubi
2622 3305 2821 3359 fatetur
2869 3296 2951 3360 et"
2975 3302 3115 3376 ipse
3145 3305 3510 3380 Hieronymus
3540 3325 3557 3366 :

1980 3395 2101 3451 loca
2134 3397 2278 3451 enim
2308 3397 2399 3451 illa
2426 3413 2548 3468 quae
2597 3388 2964 3469 Hieronymus
2986 3398 3337 3469 reprehendit
3365 3400 3561 3470 hujus-

1979 3488 2125 3544 modi
2156 3497 2305 3554 sunt,
2335 3499 2396 3545 ut
2426 3490 2635 3545 utrovis
2657 3488 2821 3545 modo
2844 3490 3016 3561 legas,
3046 3505 3199 3562 atque
3222 3491 3312 3562 pia
3335 3505 3559 3548 senten-

1975 3579 2050 3635 tia
2079 3588 2379 3635 remaneat.
2548 3577 2554 3584 ’
2808 3594 2842 3637 .’

2050 3667 2159 3726 Pro
2211 3682 2362 3726 certo
2388 3671 2516 3726 item
2558 3670 2827 3727 habemus
2876 3671 3196 3727 cellularum
3247 3671 3557 3741 historiam,

1976 3763 2287 3820 mirabilem
2347 3764 2502 3818 illum
2540 3762 2829 3820 Seniorum
2859 3778 3215 3830 consensum,
3261 3772 3317 3819 et
3344 3780 3408 3821 ea
3434 3782 3558 3836 quae

1974 3852 2101 3908 inde
2127 3865 2541 3925 consequuntur
2562 3856 2788 3913 omnino
2846 3857 3190 3927 supposititia
3220 3871 3364 3921 esse,
3406 3857 3559 3927 jure-

1975 3960 2083 4016 que
2115 3946 2184 4001 ab
2207 3944 2538 4019 Hieronymo
2561 3949 2863 4020 reprobari.
2908 3949 3151 4020 Itemque
3198 3963 3323 4005 cum
3364 3946 3559 4003 Hiero-

1982 4053 2148 4111 nymo
2170 4048 2224 4095 et
2285 4040 2621 4095 eruditorum
2667 4030 2826 4097 turba
2854 4045 3138 4113 ‘putamus
3204 4041 3556 4111 interpretem

1971 4124 2327 4188 Pentateucbi
2354 4131 2601 4189 Graecum
2658 4122 2885 4189 omnino
2927 4134 3203 4190 diversum
3246 4148 3369 4189 esse
3396 4132 3466 4186 ab
3492 4147 3558 4186 eo

1970 4225 2055 4278 vel
2080 4225 2145 4280 iis
2176 4226 2271 4296 qui
2296 4226 2536 4299 reliquos
2563 4226 2856 4299 Scriptura:
2897 4242 3069 4284 sacrae
3094 4226 3264 4282 libros
3288 4225 3555 4294 interpre-

262 4344 358 4387 tes
385 4333 862 4405 deprehendimus
895 4345 1027 4388 esse
1084 4326 1482 4398 supposititias,
1513 4324 1640 4380 licet
1666 4337 1778 4379 non
1831 4336 1861 4376 a
1895 4336 1940 4393 ι)
1969 4317 2066 4373 tati
2088 4327 2233 4374 sunt.

1352 4646 1734 4738 CAPUT
1807 4642 2435 4751 QUARTUM.

988 4804 1093 4864 De
1136 4800 1307 4861 LXX
1337 4799 1769 4875 Interpretum
1807 4792 2130 4877 versione,
2160 4793 2330 4858 utin
2360 4795 2670 4875 Hexaplis
2703 4762 2863 4865 erat.

262 4994 297 5046 1.
315 4995 388 5049 ne
408 5007 527 5054 sum
547 4962 883 5055 editionis“;
901 5009 957 5055 ο·
978 4999 1253 5057 antequam
1270 4991 1514 5057 Origenes
1533 4990 1757 5052 Hexapla
1778 4989 2061 5057 adornaret.
2082 4983 2408 5057 11.0rigeues
2424 4984 2830 5057 editionem'gmo'
2839 4983 3156 5057 emendatam
3169 4981 3547 5057 cum'asterlscls

317 5043 535 5128 Ξίοῖιῖῖῖε
549 5043 1240 5128 ἶῖἥέἑῖρἧὲνρςῖευηιύὲ
1263 5058 1340 5128 .De
1355 5043 1797 5128 Esletisww'ihfl
1816 5051 2081 5128 Place)?!
2094 5043 2552 5128 Ρεὲξὲιῖέἒεξξὲρέἒὲο
2578 5043 3542 5128 1Y;.£EIF"L'1‘§S‘3E£_B{R‘¥Em.l‘.‘“i’;

315 5105 367 5171 it
390 5105 1079 5179 "ebiiiBEiims
1119 5116 1239 5166 LXX
1262 5105 1590 5179 interpretum
1612 5115 1778 5179 multa
1808 5112 2119 5179 e_x_e_dit_ione
2155 5109 2239 5179 illa
2277 5105 2532 5179 hexa‘plart
2574 5107 2850 5179 desumpta_
2872 5105 3328 5179 deprehenduntur.

310 5193 639 5254 {stationibus
676 5206 711 5254 q

716 5166 1205 5242 εἷθ’ἒζὸέῑεεηίε
1245 5166 1538 5242 ιέηιρὸτβίιι
1563 5175 1812 5242 editiones
1835 5173 1959 5242 LXX
1994 5166 2722 5242 Interpretueatlve'eeunt-
2748 5166 2871 5242 fVll-
2915 5166 3268 5242 miselle"!
3305 5169 3544 5242 I99???-

299 5230 659 5317 ’ξι
678 5230 1408 5303 ’ἑῖιᾘὶιῖἶιιόῖιιέςυπυωάᾰω
1430 5241 1706 5289 litterarum
1732 5236 1961 5286 admissas
1983 5242 2112 5285 sunt.
2133 5230 2263 5281 γιιι.
2292 5232 2367 5282 De
2389 5230 2710 5279 distinctione
2736 5231 2950 5292 capitum
2974 5234 3027 5278 et
3055 5230 3414 5278 versiculorum
3453 5240 3544 5275 ³η·

509 5324 785 5381 usurpata.

231 5422 262 5479 Ι.
288 5427 363 5485 De
382 5442 523 5488 καικ
552 5427 848 5489 editionis
887 5419 1032 5475 τῶν
1068 5421 1127 5489 0'
1168 5426 1442 5488 antequam
1471 5414 1720 5487 Origenes
1744 5409 1856 5479 ﬂe-

774 5493 977 5565 ampla
1008 5487 1319 5541 adornaret.

259 5615 472 5677 Certum
511 5616 771 5693 quidem
836 5611 948 5662 est
998 5597 1298 5693 editionem
1343 5596 1452 5693 enim
1478 5597 1535 5652 0'
1564 5594 1683 5693 ﬁdei
1735 5610 1855 5693 mo-

191 5725 398 5784 rumque
420 5686 735 5772 normam,
782 5701 851 5755 in
921 5692 1002 5747 iis
1060 5688 1460 5757 exemplaribus
1491 5703 1613 5758 quae
1663 5687 1717 5741 in
1749 5686 1854 5742 Ec-

373 5807 473 5864 Dci
547 5784 1104 5860 admittebantur.
1159 5778 1358 5835 nuilam
1407 5777 1669 5849 potuisse,
1701 5777 1754 5833 in
1787 5777 1857 5834 iis

1961 5408 2154 5464 saltem
2193 5419 2317 5474 quas
2345 5402 2411 5458 ad
2447 5402 2613 5457 (idem
2637 5409 2689 5456 et
2720 5416 2901 5456 mores
2929 5400 3217 5472 pertinent,
3246 5397 3421 5454 labem
3455 5394 3542 5448 in-

1961 5512 2200 5557 currere.
2231 5495 2290 5551 ln
2325 5495 2536 5550 eteteris
2565 5508 2694 5550 vero
2746 5509 2929 5563 parem
2962 5509 3084 5548 cum
3124 5491 3246 5547 aliis
3285 5486 3540 5544 omnibus

1960 5591 2117 5647 libris
2151 5587 2428 5642 fortunam
2455 5584 2694 5641 subiisse
2728 5585 2886 5662 docet
2925 5598 3057 5639 usus
3103 5592 3157 5636 ct
3184 5575 3537 5649 experientia;

1961 5683 2018 5740 Id
2059 5684 2172 5753 jam
2211 5677 2460 5749 Origenis
2523 5686 2767 5747 tempore
2827 5675 3098 5729 acciderat
3141 5690 3155 5727 :
3208 5665 3537 5735 exemplaria

1961 5776 2158 5848 quippe
2187 5768 2502 5840 Seripturte,
2547 5777 2661 5823 lunt
2691 5779 2901 5839 praptcr
2938 5766 3224 5820 scribarum
3256 5758 3538 5829 indiligen-
