4052 6388
592 348 664 404 67
1947 337 2472 395 PMLIMINARIA
3554 360 3557 361 ν
3783 323 3862 379 68

591 471 750 534 (tam,
772 463 954 536 inquit
976 463 1086 526 ille,
1109 470 1224 516 tum
1249 468 1463 531 propter
1485 459 1835 531 quorumdam
1868 460 2170 525 audaciam,
2200 467 2248 522 Α
2276 460 2335 514 lu
2358 456 2689 514 Ecclesiaste
2713 453 2947 526 plurima
2975 465 3102 508 cum
3133 448 3408 506 asteriscis
3433 446 3646 536 adjecta
3676 442 3863 510 fuere,

589 572 910 628 pronamque
978 552 1268 623 Scriptura:
1311 552 1783 617 emendationem;
1842 561 1953 607 tum
2015 553 2175 607 etiam

591 660 808 724 propter
830 665 915 703 eos
940 648 1053 720 qui,
1090 646 1217 701 dum
1247 646 1589 715 corrigerent,
1624 646 1864 716 qna’dam
1900 661 1995 715 pro
2028 644 2175 699 arbi-

592 746 701 814 trio
731 742 1051 797 addiderunt
1081 739 1158 794 vel
1187 740 1554 805 detraxerunt,
1589 739 1777 794 multis
1814 739 1868 792 in
1904 738 2043 793 locis
2093 738 2174 792 vi-

591 837 721 889 tiata
751 843 926 889 erant.
977 833 1216 902 ldipsum
1268 846 1377 885 non
1441 830 1609 886 semel
1649 831 1972 885 testilicatur
2011 829 2173 883 etiam

594 926 982 998 Hieronymus,
1007 925 1100 995 qui
1156 924 1362 994 adjicit,
1408 933 1605 994 pr:etcr
1637 938 1803 989 supra
1842 930 2174 977 memoratas

589 1018 984 1084 mutationum,
1028 1017 1375 1071 .additionum
1430 1015 1904 1083 omissionumque
1951 1027 2170 1079 causas,

587 1110 759 1166 aliam
783 1124 827 1164 a‘
853 1109 1123 1179 principio
1152 1108 1485 1179 deprehendi
1522 1125 1537 1161 :
1588 1106 1717 1175 quia
1746 1105 1992 1161 videlicet
2030 1102 2173 1158 LXX

590 1201 945 1269 interpretes,
982 1200 1096 1254 sive
1126 1199 1164 1252 ii
1212 1199 1307 1268 qui
1342 1199 1633 1268 prophetas
1685 1197 1939 1267 primitus
1987 1194 2173 1250 Graace

588 1292 947 1359 transtulere,
980 1291 1149 1345 multa
1175 1291 1227 1345 in
1264 1290 1532 1346 chraico
1567 1304 1845 1359 expressa,
1874 1289 1927 1342 in
1959 1302 2057 1342 sua
2084 1286 2173 1340 in-

593 1383 984 1453 terpretatione
1017 1384 1269 1438 consulto
1295 1382 1779 1452 praetermiserunt,
1803 1379 1950 1451 quod
1984 1378 2165 1434 existi-

595 1480 809 1526 marent
840 1469 1156 1526 Graecorum
1187 1471 1528 1540 aliarumque
1578 1470 1841 1541 ἀμυήτων
1890 1468 2171 1523 nationum

594 1562 772 1618 oculis
798 1577 904 1617 non
939 1562 1256 1632 exponenda
1303 1578 1445 1618 esse.
1498 1560 1597 1616 His
1617 1561 1873 1615 omnibus
1916 1570 1975 1614 ut
2002 1560 2174 1615 medi-

594 1670 718 1711 cam
755 1669 975 1710 manum
1035 1656 1349 1710 admoveret
1376 1651 1657 1724 Origenes,
1685 1669 1752 1707 ex
1771 1652 1893 1707 aliis
1917 1650 2174 1706 editioni-

595 1746 703 1803 bus
727 1756 907 1801 errata
942 1762 1063 1817 quae
1108 1746 1161 1799 in
1221 1743 1364 1798 LXX
1421 1744 1787 1814 lnterpretum
1818 1742 2175 1799 translatione

2280 564 2513 620 quorum
2542 562 2670 618 pars
2713 562 2821 602 non
2853 544 3078 599 minima
3101 543 3155 597 in
3178 537 3507 597 editionibus
3533 535 3642 591 τῶν
3672 536 3728 591 O'
3758 535 3867 589 ho-

2279 641 2487 697 diernis
2516 637 2802 703 remansit,
2837 645 2898 689 ut
2928 632 3069 688 infra
3095 630 3292 687 dicturi
3316 642 3529 685 sumus.
3564 625 3624 680 In
3658 623 3823 679 Canti
3844 652 3864 663 -

2279 733 2380 797 cis,
2413 740 2474 786 ut
2501 729 2721 801 quidem
2743 726 3093 788 arbitramur,
3123 737 3234 778 non
3268 722 3437 775 multa
3467 727 3625 773 erant
3677 712 3864 769 obelis

2279 834 2333 879 et
2356 822 2634 879 asteriscis
2663 829 2866 875 notata.
2901 818 2958 872 ιιι
2986 815 3183 871 Hesaia
3224 812 3355 882 quid
3402 807 3667 878 Origenes
3700 804 3867 859 addi-

2278 911 2420 967 derit
2444 925 2567 966 cum
2590 908 2889 975 asteriscis,
2914 906 3045 976 quid
3088 901 3414 959 demendum
3462 894 3868 969 signiﬁcaverit

2280 1018 2406 1059 cum
2438 1010 2567 1056 nota
2598 1001 2765 1064 obeli,
2794 999 3027 1070 quisque
3073 995 3258 1050 videre
3284 998 3463 1063 potest
3507 988 3563 1042 in
3612 986 3864 1041 editione

2277 1094 2531 1166 Procopii
2572 1095 2627 1149 in
2655 1093 2933 1155 Hesaiam,
2961 1106 2991 1144 a
3019 1087 3229 1143 Joanne
3275 1081 3527 1172 Curterio
3556 1079 3825 1133 adornata
3844 1117 3863 1141 ,

2280 1188 2390 1253 ubi,
2424 1185 2638 1243 etiamsi
2666 1187 2803 1240 bene
2850 1183 3020 1238 multa
3070 1175 3443 1249 hujuscemodi
3475 1179 3862 1242 compareant,

2278 1292 2453 1347 pauca
2479 1286 2661 1332 tamen
2690 1273 3170 1331 existimabuntur,
3218 1266 3266 1322 si
3307 1272 3697 1333 comparentur
3726 1272 3861 1314 cum

2279 1368 2348 1424 iis
2374 1385 2496 1438 qua:
2542 1367 2596 1422 in
2625 1366 2859 1421 Jeremia
2896 1372 2951 1418 et
2998 1359 3281 1415 Ezechiele
3334 1354 3697 1411 occurrebant
3732 1368 3747 1406 :
3800 1350 3865 1404 in

2277 1456 2509 1513 Ieremia
2539 1460 2736 1528 quippe
2762 1456 2933 1511 multa
2958 1470 2986 1507 a
3021 1448 3163 1506 LXX
3208 1446 3600 1516 Interprelilrus
3625 1442 3862 1501 omissa,

2278 1566 2402 1605 cum
2428 1550 2703 1606 asteriscis
2727 1565 2795 1604 es
2823 1544 3197 1601 Theodotioue
3241 1539 3423 1596 addita
3461 1537 3653 1592 fuere:
3686 1534 3868 1605 pluri-

2279 1658 2476 1712 maque
2501 1642 2725 1712 insuper
2750 1657 2781 1695 a
2811 1639 2987 1709 capite
3016 1652 3142 1700 xxv,
3166 1647 3338 1703 usque
3368 1632 3436 1686 ad
3469 1630 3652 1695 ﬁnem,
3672 1637 3866 1684 trans-

2280 1735 2456 1804 posita
2505 1742 2559 1787 et
2594 1731 2845 1797 confusa,
2901 1728 3085 1783 nativo
3136 1724 3316 1780 ordini
3380 1722 3629 1777 restituta
3674 1730 3807 1775 sunt
3842 1738 3861 1775 :

595 1838 981 1901 occurrebant,
1013 1837 1344 1900 emendavit,
1369 1813 1588 1892 ouiissa
1610 1837 1829 1906 adjecit,
1867 1835 2177 1891 redundan-
2206 1827 2249 1882 Β
2280 1827 2336 1880 in
2365 1824 2648 1878 Ezechiele
2700 1823 2986 1876 innumera
3037 1834 3068 1873 a
3124 1815 3441 1872 Senioribus
3490 1813 3599 1867 illis
3626 1821 3865 1881 praeter-

593 1928 671 1984 tia
693 1926 1029 1996 amputavit;
1060 1941 1124 1980 ea
1157 1935 1336 1980 tamen
1367 1928 1579 1981 cautela
1618 1937 1782 1996 atque
1813 1925 2071 1995 scrupulo
2096 1933 2172 1991 ut,

594 2017 783 2072 relicta
833 2017 1003 2087 priori
1062 2017 1319 2081 lectione,
1351 2033 1475 2088 quae
1506 2018 1753 2073 addenda
1793 2017 1873 2072 vel
1917 2017 2176 2072 mutanda

588 2112 751 2159 erant
786 2102 1066 2158 asteriscis
1101 2112 1346 2171 notaret;
1381 2122 1502 2177 qua:
1523 2106 1873 2176 amputanda,
1912 2106 2104 2162 obelis.

665 2194 776 2250 Nec
804 2194 873 2249 ab
898 2209 957 2249 re
986 2194 1091 2248 erit
1120 2195 1209 2249 bic
1257 2210 1451 2252 omnes
1508 2196 1805 2268 Scriptura:
1857 2198 2027 2254 libros
2055 2215 2180 2269 per-

592 2300 839 2351 currere,
868 2295 930 2341 ut
956 2286 1088 2357 quid
1118 2287 1175 2343 iu
1222 2289 1452 2361 singulis
1482 2290 1552 2345 ab
1601 2290 1835 2362 Origene
1874 2291 2177 2361 praestitum

594 2372 765 2430 fuerit
792 2392 904 2431 uno
959 2378 1162 2434 intuitu
1192 2381 1369 2450 possit
1422 2381 1703 2435 studiosus
1738 2381 1905 2436 lector
1946 2382 2178 2452 carptim

596 2467 911 2523 observare.
942 2467 999 2522 In
1024 2468 1246 2538 Genesi,
1277 2480 1336 2526 ut
1388 2487 1455 2526 ex
1485 2473 1552 2527 iis
1575 2489 1698 2543 quae
1745 2485 2038 2543 supersunt
2068 2473 2179 2535 fra-

596 2554 833 2624 gmentis
859 2556 1178 2614 existimare
1206 2561 1349 2626 licet,
1393 2576 1499 2614 non
1539 2570 1619 2617 tot
1672 2564 1997 2619 mutationes
2024 2562 2180 2619 factae

600 2655 730 2700 sunt
760 2655 893 2717 quot
925 2648 976 2701 in
1001 2650 1126 2706 aliis
1148 2654 1284 2706 bene
1315 2654 1500 2708 multis
1542 2654 1836 2724 Scriptura:
1875 2655 2047 2722 libris,
2085 2672 2181 2710 ne-

595 2749 707 2805 que
741 2744 946 2790 tantam
972 2741 1364 2797 asteriscorum
1393 2744 1605 2798 turbam
1635 2744 1884 2799 adhibuit
1914 2738 2179 2815 Origenes

594 2836 855 2895 quantam
883 2828 936 2881 in
972 2834 1351 2904 sequentibus.
1380 2833 1438 2888 lu
1475 2834 1662 2891 Exodo
1695 2837 1853 2906 longe
1888 2837 2042 2906 plura
2076 2835 2178 2890 ad-

595 2917 729 2978 didit
760 2931 815 2980 et
837 2925 1100 2980 mutavit:
1128 2940 1254 2980 nam
1283 2936 1640 2997 praeterquam
1664 2930 1808 2997 quod
1833 2944 1953 2998 cap.
1984 2943 2177 2995 xxvm,

600 3029 696 3070 sex
730 3013 974 3084 integros
1008 3031 1222 3080 versus,
1256 3017 1310 3070 in
1336 3015 1475 3070 LXX
1509 3033 1617 3072 non
1666 3029 1919 3075 accurate
1945 3020 2175 3091 positos.

592 3118 725 3160 cum
747 3106 1032 3161 asteriscis
1055 3105 1289 3175 adjecit;
1318 3108 1538 3178 insuper
1564 3125 1594 3164 a
1619 3111 1793 3181 capite
1816 3128 1979 3166 xxxvi
2014 3113 2080 3167 ad
2112 3112 2177 3167 ti—

599 3212 727 3250 nem
756 3212 931 3265 usque
964 3196 1086 3249 libri
1117 3197 1302 3250 omnia
1340 3215 1461 3267 qua:
1509 3199 1561 3252 in
1602 3202 1958 3256 translatione
1982 3201 2089 3256 τῶν
2125 3204 2179 3256 Ο¹

596 3298 700 3339 sus
726 3284 902 3354 deque
941 3299 1093 3338 versa
1135 3294 1312 3350 erant,
1350 3286 1550 3340 additis
1576 3289 1748 3345 obelis
1777 3303 1832 3344 et
1879 3292 2178 3358 asteriscis,

602 3392 706 3434 suo
754 3379 933 3434 ordini
982 3381 1242 3444 restituit,
1304 3389 1365 3435 ut
1421 3379 1600 3436 l'usius
1642 3383 1696 3436 in
1739 3392 1867 3438 nota
1902 3386 1969 3439 ad
2019 3396 2183 3456 caput

602 3485 768 3524 xxxv:
802 3485 867 3525 ex
899 3471 1125 3541 antiquo
1152 3472 1443 3529 Basiliensi
1497 3474 1686 3529 codice
1716 3476 2023 3547 desumpta,
2055 3494 2182 3533 nar-

604 3567 778 3613 ratur.
805 3557 954 3614 Libri
987 3560 1234 3626 chitici,
1263 3562 1621 3619 Numerorum
1648 3581 1713 3622 ac
1751 3568 2177 3636 Deuteronomii,

604 3651 726 3720 pari
759 3665 897 3721 pene
925 3662 1080 3707 erant
1115 3664 1278 3724 atque
1303 3656 1530 3714 Genesis
1557 3660 1889 3716 conditione.
1922 3660 1980 3715 ln
2009 3662 2179 3719 libros

602 3740 771 3799 Iosue
797 3751 851 3798 et
880 3742 1133 3800 Judicum
1162 3746 1460 3804 innumera:
1487 3765 1623 3821 pene
1653 3752 1722 3805 ab
1749 3749 1980 3823 Origene
2002 3762 2182 3808 muta-

604 3832 786 3888 tiones
811 3834 1051 3889 advectaa
1083 3845 1211 3891 sunt
1243 3856 1257 3892 :
1289 3838 1361 3893 ibi
1385 3841 1590 3909 passim
1622 3842 1869 3897 asterisci
1890 3858 1989 3913 pro
2013 3844 2180 3899 omis-

604 3921 708 3988 sis,
736 3931 790 3977 et
836 3924 978 3978 obeli
1027 3941 1129 3996 pro
1183 3927 1409 3996 adjectis
1446 3932 1894 3989 observabuntur.
1926 3934 1987 3988 In
2022 3935 2178 3992 libris

606 4009 817 4083 Regum
846 4013 1476 4103 instaurandisO‘rigenis
1509 4025 1680 4078 nostri
1710 4025 1992 4081 desudavit
2018 4026 2179 4081 indu-

607 4105 743 4159 stria
774 4122 790 4159 :
844 4105 900 4160 in
955 4106 1043 4163 his
1074 4110 1218 4164 enim
1253 4114 1422 4168 multa
1457 4114 1575 4168 loca
1615 4116 1997 4174 emendatione
2039 4135 2177 4190 opus

606 4197 915 4265 habebant;
967 4205 1205 4258 maxime
1265 4215 1445 4260 autem
1480 4207 1621 4262 libro
1667 4224 1752 4273 ιιι,
1811 4210 1903 4265 ubi
1934 4212 2179 4268 historia:

606 4301 718 4341 non
752 4302 937 4357 pauca:
954 4292 1077 4349 suis
1112 4292 1335 4350 sedibus
1372 4295 1558 4365 ejectae
1603 4301 1901 4371 peregrinis
1933 4301 1988 4356 in
2041 4303 2176 4360 locis

605 4381 984 4438 versabantur.
1029 4385 1088 4438 In
1137 4386 1290 4442 libris
1319 4386 1780 4459 Paralipomeut'bn
1810 4393 1939 4462 quid
1967 4394 2033 4448 ab
2055 4395 2179 4449 Ori-

606 4487 743 4541 pene
764 4477 1071 4570 praestitum
1114 4476 1278 4570 fuerit
1307 4494 1417 4534 non
1446 4479 1520 4534 ita
1570 4480 1729 4537 facile
1785 4493 1869 4540 est
1915 4485 2173 4553 iudicare,
2206 4515 2250 4570 υ

604 4566 866 4633 quoniam
902 4567 958 4621 in
987 4570 1087 4624 hac
1112 4569 1412 4641 Scriptura
1463 4582 1616 4642 parte
1642 4576 1971 4644 paucissima
2001 4576 2177 4632 Hexa-

606 4655 821 4725 plorum
851 4670 1147 4728 supersunt
1173 4660 1497 4732 fragmenta.
1520 4665 1577 4719 ln
1594 4665 1732 4721 libro
1751 4665 1855 4722 Job
1883 4669 2176 4738 octingenti

603 4746 826 4802 circiter
865 4751 1123 4808 versiculi
1177 4755 1346 4811 variis
1404 4756 1461 4811 in
1518 4756 1654 4814 locis
1706 4758 2173 4823 desiderabantur,

606 4854 748 4910 quos
770 4855 837 4895 ex
869 4842 1100 4900 aliorum
1155 4846 1509 4918 interpretum
1558 4850 2028 4916 translationibus,
2055 4866 2175 4905 ma-

605 4932 753 4987 xime
776 4949 904 4991 vero
923 4950 990 4991 ex
1012 4934 1403 4996 Theodotionis
1428 4941 1688 5008 editione,
1734 4956 1858 4996 cum
1898 4941 2176 4998 asteriscis

604 5020 802 5091 adjecit
819 5023 1100 5096 Origenes.
1128 5024 1290 5083 Tanti
1342 5043 1474 5084 vero
1515 5029 1760 5086 delectus
1781 5043 1967 5094 causa,
1993 5030 2041 5085 si
2078 5045 2176 5085 au—

604 5111 791 5181 gurari
827 5113 1010 5181 liceat,
1038 5116 1169 5173 hinc
1202 5120 1431 5188 petenda
1469 5128 1574 5186 est,
1603 5121 1751 5187 quod
1794 5129 1904 5176 tam
1954 5121 2174 5178 obscuri

604 5200 734 5256 libri
769 5204 1013 5260 vertendi
1041 5207 1352 5264 dilIicultate
1374 5211 1616 5265 deterriti
1645 5212 1984 5282 interpretes,
2005 5215 2176 5269 multa

606 5297 1069 5365 praetermiserim.
1102 5303 1158 5356 In
1180 5301 1415 5358 Psalmis
1436 5318 1585 5370 vero,
1609 5306 1702 5373 qui
1730 5306 1976 5360 omnium
1999 5308 2177 5362 maui-

605 5385 712 5441 bus
749 5387 1079 5459 terebantur,
1108 5393 1267 5463 longe
1303 5393 1561 5462 pauciora
1602 5410 1767 5464 quam
1797 5397 1851 5450 in
1905 5397 2044 5453 libro
2073 5396 2177 5455 Job

605 5477 787 5533 addita
810 5489 865 5534 et
905 5481 1146 5539 detracta
1193 5491 1359 5538 sunt:
1415 5500 1524 5539 non
1560 5486 1668 5539 rari
1703 5497 1882 5542 tamen
1922 5488 1994 5543 ibi
2021 5500 2177 5545 erant

603 5567 746 5625 obeli
768 5580 822 5625 et
846 5574 1111 5628 astct'isci.
1138 5573 1195 5627 lu
1231 5573 1541 5630 Proverbiis
1566 5593 1675 5630 non
1723 5587 1867 5632 tanta
1897 5577 2069 5635 fuisse
2091 5581 2174 5634 vi-

604 5656 766 5713 detur
794 5663 1184 5717 asteriscorum
1211 5672 1265 5716 et
1289 5663 1567 5718 obelorum
1599 5667 1779 5734 turba,
1808 5668 1915 5722 nisi
1943 5668 2088 5724 circa
2113 5669 2176 5725 li-

608 5763 755 5819 nem,
798 5752 891 5808 ubi
929 5756 1177 5826 quaid-ain
1227 5764 1554 5826 praepostere
1579 5759 1753 5828 posita
1793 5760 2169 5819 occurrebant.

2280 1917 2449 1971 missa
2488 1931 2612 1969 cum
2669 1912 2946 1970 asteriscis
3000 1910 3181 1965 addita
3239 1908 3410 1963 fuere.
3459 1904 3518 1960 Si
3552 1905 3677 1974 quis
3722 1917 3865 1959 vero

2280 2008 2509 2063 formam
2537 2007 2701 2062 trium
2757 2004 3167 2075 prophetarum,
3221 1998 3456 2060 Hesaiat,
3505 1996 3756 2051 leremiaa
3802 2005 3869 2050 et

2280 2098 2583 2155 EzeChielis
2608 2096 2908 2154 secundum
2937 2094 3230 2151 editionem
3271 2090 3380 2144 τῶν
3408 2095 3463 2143 U’
3500 2087 3861 2159 hexaplarem

2279 2191 2599 2261 conspicere
2615 2188 2869 2253 voluerit,
2924 2187 3083 2243 adeat
3121 2183 3553 2240 vetustissimum
3610 2179 3862 2234 codicem

2277 2282 2695 2353 Prophetarum,
2726 2281 2819 2336 ubi
2857 2280 2948 2334 illa
2997 2278 3104 2332 τῶν
3138 2277 3192 2331 0'
3214 2275 3381 2330 editio
3426 2272 3734 2344 hexaplaris
3774 2285 3866 2325 re-

2278 2382 2659 2447 pricscntatur.
2697 2375 2758 2427 In
2785 2371 3020 2427 editione
3045 2368 3154 2423 τῶν
3186 2365 3245 2422 0'
3291 2365 3528 2420 Danielis
3553 2363 3857 2434 prophetas,

2279 2469 2524 2539 quaedam
2577 2464 2855 2521 “addidisse
2904 2478 3028 2518 cum
3063 2459 3361 2522 asteriscis,
3413 2458 3659 2527 quaedam
3694 2455 3862 2510 obelo

2279 2569 2502 2615 notasse
2552 2555 2863 2626 Origenem,
2915 2555 2993 2609 ait
3044 2551 3429 2622 Hieronymus.
3459 2547 3567 2603 Sed
3610 2547 3763 2617 quia,
3796 2555 3863 2601 ut

2281 2652 2616 2709 arbitrantur
2635 2647 2855 2711 eruditi,
2879 2646 2933 2702 in
2964 2645 3201 2702 editione
3228 2644 3319 2698 illa
3362 2642 3569 2696 lacuna:
3599 2640 3865 2709 frequen-

2281 2746 2448 2802 tiores
2477 2742 2733 2807 aderant,
2785 2755 2885 2810 pro
2937 2753 3002 2793 ea
3058 2735 3341 2792 substituit
3396 2731 3855 2798 Theodotionem,

2281 2835 2374 2905 qui
2401 2832 2574 2898 solus,
2612 2840 2672 2884 ut
2702 2828 3025 2885 testiﬁcatur
3071 2825 3453 2896 Hieronymus,
3493 2823 3547 2876 in
3591 2819 3861 2876 Ecclesiis

2280 2935 2466 2997 postea
2495 2923 2792 2994 legebatur.
2840 2920 2900 2974 In
2935 2919 3222 2975 duodecim
3252 2914 3529 2988 prophetis
3552 2912 3863 2969 minoribus

2280 3033 2453 3090 pauca
2486 3015 2765 3071 adnotavit
2783 3012 3064 3083 Origenes.

2283 3132 2347 3187 ll.
2382 3131 2633 3203 Origenes
2651 3124 3084 3203 editionem“th
3129 3130 3185 3203 ρ’
3212 3125 3563 3203 emendatam
3581 3139 3701 3177 cum
3723 3130 3866 3176 aste-

2536 3202 2687 3255 riscis
2737 3209 2786 3253 et
2835 3197 2998 3251 obelis
3027 3198 3085 3250 in
3122 3195 3377 3265 llcxaplis
3412 3195 3608 3264 posuit.

2357 3292 2514 3360 Quod
2540 3302 2719 3347 autem
2748 3290 3043 3344 editionem
3092 3286 3234 3342 LXX
3284 3287 3642 3355 lnterpretum
3682 3283 3858 3348 illam,

2287 3401 2407 3454 qua!
2436 3385 2491 3439 in
2537 3383 2789 3453 llexaplis
2848 3382 3023 3452 posita
3074 3390 3213 3446 erat,
3247 3379 3544 3443 asteriscis,
3590 3376 3683 3431 ubi
3720 3374 3860 3444 quid

2287 3477 2528 3531 additum
2586 3474 2785 3539 fuerat,
2843 3480 2898 3528 et
2953 3473 3123 3528 obelis
3157 3472 3241 3526 .ad
3293 3470 3565 3541 superﬂua
3613 3464 3859 3521 notanda

2285 3567 2593 3621 distinxerit
2619 3563 2899 3637 Origenes,
2930 3567 3077 3620 clare
3124 3564 3284 3620 docet
3326 3561 3711 3632 Hieronymus,
3737 3555 3861 3626 cpi-

2286 3660 2424 3715 stola
2454 3659 2521 3714 ad
2548 3658 2776 3713 Sunium
2832 3670 2887 3713 et
2932 3657 3199 3713 Fretelam
3234 3675 3249 3712 :
3298 3654 3364 3710 In
3403 3671 3528 3725 quo,
3568 3651 3667 3710 ait.
3716 3647 3861 3703 illud

2286 3751 2508 3805 breviter
2545 3751 2823 3815 admoneo,
2871 3761 2928 3804 ut
2969 3752 3151 3805 sciatis
3183 3747 3345 3803 aliam
3375 3764 3485 3802 csse
3543 3745 3855 3805 editionem,

2284 3863 2444 3917 quam
2469 3845 2717 3916 Origenes
2760 3854 2809 3899 et
2848 3842 3195 3898 Caesariensis
3236 3837 3519 3902 Eusebius,
3576 3849 3861 3903 omnesque

2287 3938 2504 3993 Graecia:
2533 3946 2849 3991 tractatores
2877 3933 3108 4001 κοινὴν,
3140 3933 3196 3985 id
3219 3945 3294 3985 est
3332 3943 3655 3983 communem
3696 3934 3859 3994 atque

2283 4031 2573 4100 vulgatam,
2602 4038 2651 4082 et
2684 4045 2715 4081 a
2745 4026 3005 4097 plerisque
3048 4038 3187 4076 nunc
3237 4017 3570 4084 Λουκιανὸς
3614 4017 3854 4080 dicitur;

2284 4121 2446 4175 aliam
2471 4118 2620 4174 LXX
2651 4118 3022 4189 Interpretum,
3049 4131 3167 4187 qut:
3192 4122 3241 4168 et
3270 4114 3324 4167 in
3371 4109 3683 4176 Ἐξαπλοῖς
3712 4109 3861 4162 codi-

2284 4215 2431 4266 cibus
2457 4212 2734 4281 reperitur,
2762 4219 2810 4263 et
2838 4226 2869 4262 α
2896 4209 3042 4262 nobis
3074 4208 3124 4259 in
3166 4204 3417 4259 Latinum
3468 4217 3757 4256 sermonem
3784 4201 3856 4268 [i-

2283 4303 2470 4357 deliter
2496 4318 2644 4356 versa
2670 4310 2767 4366 est,
2798 4311 2848 4354 et
2872 4297 3215 4368 Jerosolyma:
3237 4296 3465 4366 atquein
3498 4292 3729 4348 Orientis
3756 4290 3857 4345 Ec-

2283 4394 2458 4448 clesiis
2489 4392 2802 4447 decantatur
2842 4428 2857 4444 .
2900 4429 2915 4444 .
2961 4428 2976 4442 .
3000 4386 3183 4455 Κοινὴ
3224 4396 3397 4440 autent
3455 4385 3593 4445 ista,
3640 4382 3738 4437 hoc
3772 4390 3856 4436 est

2282 4485 2576 4539 communis
2604 4485 2794 4550 editio,
2825 4483 2943 4551 ipsa
2965 4491 3041 4535 est
3075 4495 3192 4549 qua:
3220 4487 3269 4532 et
3297 4474 3465 4535 LXX.
3493 4474 3597 4530 Sed
3630 4474 3727 4527 hoc
3775 4476 3859 4528 in-

2279 4586 2442 4632 tlerest
2461 4577 2601 4630 inter
2630 4585 2928 4643 utramque,
2959 4572 3096 4643 quod
3124 4571 3296 4638 κοινὴ
3346 4585 3441 4639 pro
3477 4567 3610 4621 locis
3640 4577 3690 4620 et
3724 4574 3857 4618 tem—

2277 4668 2514 4738 poribus,
2545 4676 2595 4721 et
2623 4682 2719 4736 pro
2752 4665 3018 4719 uoluntate
3040 4662 3395 4730 scriptorum,
3429 4668 3573 4712 vetns
3600 4669 3856 4726 corrupta

2276 4757 2437 4811 editio
2461 4765 2570 4821 est;
2603 4771 2665 4809 ea
2705 4764 2881 4808 autem
2926 4767 3042 4823 qua:
3066 4751 3291 4804 habetur
3331 4753 3385 4802 in
3430 4745 3769 4814 Έξαπλοῖς,
3800 4756 3856 4800 et

2277 4863 2438 4919 quam
2462 4863 2556 4902 nos
2595 4844 3001 4912 uertimus,‘ipsa
3029 4853 3106 4897 est
3126 4854 3248 4906 qua:
3269 4843 3323 4893 in
3343 4840 3672 4894 eruditorum
3694 4838 3857 4896 libris

2275 4940 2584 5008 incorrupta
2631 4945 2682 4991 et
2720 4934 3065 4990 immaculata
3109 4932 3264 4987 LXX
3295 4931 3647 5002 Interpretum
3677 4941 3863 4985 trans-

2275 5029 2409 5084 latio
2450 5038 2768 5084 reseroatur.
2825 5027 3097 5097 Quidquid
3137 5043 3259 5097 ergo
3311 5028 3376 5078 ab
3412 5026 3512 5079 hac
3555 5024 3854 5093 discrepat,

2273 5120 2413 5174 nulli
2438 5119 2749 5174 dubiumest
2779 5120 2906 5189 quin
2947 5120 3024 5172 ita
3052 5128 3100 5172 et
3132 5120 3198 5170 ab
3232 5116 3577 5171 Hebrworum
3621 5118 3863 5170 auctori-

2276 5223 2387 5268 tate
2412 5212 2694 5267 discordet.
2728 5209 2898 5281 lgitur
2933 5210 3097 5266 editio
3123 5209 3266 5264 LXX
3293 5209 3653 5279 lnterprctum
3680 5209 3862 5265 hexa-

2275 5304 2442 5375 plaris
2472 5304 2563 5357 illa
2603 5311 2723 5357 erat
2770 5317 2893 5371 quae
2935 5301 3004 5355 ab
3028 5298 3263 5371 Origene
3310 5302 3379 5355 ad
3419 5301 3701 5370 exemplar
3749 5300 3858 5357 He-

2276 5395 2519 5450 braicum
2550 5393 2836 5448 emendata
2866 5393 3062 5458 fuerat,
3091 5404 3143 5448 ct
3179 5410 3314 5464 pura
3357 5405 3520 5464 atque
3578 5395 3856 5449 immacu-

2274 5488 2404 5549 lata,
2438 5486 2507 5540 ab
2535 5483 2882 5538 Hebraeorum
2915 5485 3242 5540 auctoritate
3287 5502 3394 5542 non
3447 5486 3801 5541 discordabat
3832 5505 3853 5542 :

2275 5579 2475 5648 illaque
2517 5576 2797 5632 asteriscis
2831 5585 2885 5630 et
2913 5576 3085 5632 obelis
3117 5579 3373 5635 distincta
3430 5590 3547 5635 erat
3590 5599 3606 5635 :
3646 5596 3852 5652 quam-

2276 5669 2461 5723 obrem
2486 5667 2538 5721 in
2565 5667 2632 5720 iis
2662 5666 2957 5735 Scriptura'
2983 5669 3251 5737 partibus,
3298 5671 3366 5723 ab
3400 5668 3734 5742 Hieronymo
3774 5672 3849 5727 ad

2276 5762 2435 5818 tidem
2468 5758 2721 5817 editionis
2749 5757 2896 5817 illius
2950 5758 3260 5831 hexaplaris
3304 5761 3494 5820 Latino
3538 5764 3849 5834 coueersis,
