4052 6388
526 355 592 411 ἸΙ
1868 345 2392 403 ΡΒΕΗΜΙΝΔΒΙΑ
3717 341 3787 398 ’72

535 469 902 534 serebantur,
945 465 1241 538 aliquando
1295 465 1363 520 ad
1397 479 1590 522 sensus
1641 463 2007 534 integritatem
2060 471 2114 517 et

2227 466 2321 516 lata
2347 501 2362 525 ,
2399 459 2622 515 alteram
2658 459 2930 530 adjecerat
2970 459 3050 514 sic
3087 473 3148 515 σιμ
3185 461 3440 528 ὲνεγκατε
3488 457 3564 529 τῷ
3596 460 3789 530 Κυρίῳ

533 561 928 620 accuratiorem
959 559 1376 629 explicationem
1422 563 1728 626 opportuna
1769 564 1970 615 erant;
2015 553 2112 608 sed

535 665 594 712 ut
618 653 914 726 plurimum
953 650 1186 714 inutilia,
1216 659 1267 704 et
1294 648 1463 702 nimia
1516 647 1942 718 scrupulositate
1977 662 2111 702 con-

534 745 846 808 sarcinata,
903 742 976 796 ila
1035 749 1095 795 ut
1143 740 1267 810 plus
1320 737 1596 793 otIicerent
1635 754 1797 808 quam
1835 740 2109 809 juvarent.

519 834 841 892 ﬂebraismi
874 833 1072 903 quippe
1096 846 1288 886 omnes
1311 845 1472 900 quos,
1502 839 1687 899 utpote
1718 846 1748 885 a
1779 830 1965 886 Grmca
2003 833 2112 887 lin-

527 944 630 1000 gua
669 936 724 981 et
761 926 998 980 dictione
1037 939 1262 994 prorsus
1296 923 1673 988 abhorrentes,
1698 922 1949 978 consulto
1977 935 2114 989 pra:-

527 1018 884 1088 termiscrant
909 1014 1050 1070 LXX
1076 1014 1400 1084 lntcrpretcs
1427 1054 1442 1077 ,
1481 1013 1685 1084 ubique
1735 1013 2115 1083 exprimeban~

528 1125 618 1166 tur
652 1125 666 1162 :
699 1125 822 1180 qua:
849 1117 1109 1182 quantam
1155 1106 1505 1176 κακοφωνίαν
1560 1105 1787 1160 editioni
1836 1104 2114 1173 hexaplari

531 1201 820 1267 inferrent,
847 1201 949 1255 hoc
979 1199 1226 1268 exemplo
1255 1197 1580 1252 declaratur.
1623 1196 1822 1252 Jerem.
1861 1213 1991 1250 xuu
2017 1236 2030 1259 ,
2059 1195 2112 1262 ϐ,

459 1287 462 1290 ’
531 1294 596 1360 >κ
637 1292 734 1344 σὺν
776 1289 928 1357 ζτὰς
979 1291 1284 1357 γυναῖκας,
1331 1286 1426 1339 καὶ
1471 1286 1536 1354 Χ
1582 1285 1678 1338 σὺν
1726 1285 1748 1354 ζ
1803 1283 1873 1337 τὰ
1911 1285 2112 1354 νήπια,

532 1381 625 1435 καὶ
683 1385 750 1450 >κ
801 1381 957 1448 σὺνζ
1008 1379 1108 1442 τὰς
1150 1377 1369 1448 ψυχὰς,
1435 1378 1521 1431 ubi
1574 1375 1898 1431 llebraicum
1954 1377 2118 1430 habet

536 1461 938 1534 tamn-Ernst
1178 1480 1447 1555 qia-mut
1493 1476 1836 1528 ultam-nn:
1871 1467 1946 1522 ibi
1986 1467 2118 1521 illud

537 1565 635 1616 σὺν
667 1562 734 1616 ad
767 1560 1178 1631 exprimendam
1217 1559 1538 1629 particulam
1578 1569 1684 1624 nu,
1735 1568 1920 1612 notam
1955 1573 2119 1614 accu-

535 1654 694 1708 sativi
727 1668 887 1707 casus
918 1651 1063 1720 apud
1092 1650 1369 1716 Hebraeos,
1401 1666 1468 1704 ex
1494 1649 1705 1719 Aquila:
1723 1649 1962 1704 editione
1993 1665 2114 1704 cum

536 1746 802 1801 asterisco
842 1745 1100 1799 inseritur
1127 1761 1140 1796 :
1171 1742 1328 1813 quasi
1357 1758 1486 1797 vero
1528 1742 1572 1797 si
1604 1741 1866 1796 articulus
1891 1753 1975 1801 me
2000 1757 2118 1795 om-

2214 553 2320 606 υἱοὶ
2353 550 2488 605 Θεοῦ
2537 555 2603 619 >ε<
2632 551 2887 619 ἐνέγκατε
2926 549 3004 619 τῷ
3049 548 3239 620 Κυρίῳ
3280 549 3430 611 υἱοὺς
3476 548 3680 620 κριῶνο
3735 548 3790 602 id

2215 655 2337 698 est:
2371 657 2433 699 -ι-
2472 641 2670 711 Alferte
2698 642 2945 708 Domino,
2974 641 3075 711 ﬁlii
3111 640 3206 694 Dei
3236 644 3301 708 )a(
3334 641 3518 708 afferte
3563 639 3791 693 Domino

2214 736 2356 806 ﬁlios
2411 737 2637 789 arietum
2661 749 2680 788 :
2729 750 2850 805 quae
2884 735 3056 787 amba:
3086 733 3137 786 in
3169 731 3307 786 LXX
3343 741 3396 786 et
3443 731 3497 785 in
3537 732 3792 785 versione

2216 827 2410 882 Latina
2437 833 2838 881 remanserunt.
2881 825 2972 879 Sic
3003 835 3056 878 et
3081 822 3258 878 llcsai.
3300 838 3390 884 xv,
3416 822 3470 888 5,
3509 829 3795 880 run-4mm

2215 918 2304 982 A.,
2336 919 2419 979 Σ.,
2450 916 2539 981 Θ.,
2576 917 2668 970 καὶ
2695 917 2752 970 ὲν
2774 918 2893 978 ταῖς
2921 914 3202 977 πλατείαις
3242 913 3433 981 αὐτῆς.
3468 915 3523 964 0'
3544 952 3557 976 ,
3594 911 3688 966 καὶ
3736 913 3795 964 ὲν

2213 1011 2333 1073 ταῖς
2361 1008 2560 1080 ῥύμαις
2596 1009 2856 1079 αὑτῆς....
2908 1007 3011 1061 Sed
3044 1017 3272 1076 utraque
3317 1005 3478 1059 lectio
3509 1009 3578 1059 ab
3617 1004 3791 1058 hexa-

2217 1099 2357 1168 plari
2384 1099 2624 1153 editione
2650 1099 2934 1168 desumpta
2969 1097 3022 1150 in
3050 1095 3329 1150 hodiernis
3361 1093 3549 1148 Bibliis
3577 1109 3798 1147 reman-

2217 1190 2308 1254 sit,
2341 1193 2434 1246 καὶ
2458 1192 2516 1244 ὲν
2543 1194 2662 1254 ταῖς
2691 1190 2969 1254 πλατείαις
2999 1189 3191 1257 αὐτῆς,
3214 1187 3308 1240 xui
3339 1187 3397 1238 ὲν
3427 1187 3548 1249 ταῖς
3590 1183 3798 1256 ῥύμαις

2216 1282 2439 1354 αὐτῆςε
2495 1283 2678 1353 itaque
2730 1283 2905 1354 prima
2958 1283 3139 1337 versio
3189 1279 3489 1345 asterisco,
3551 1277 3799 1333 secunda

2217 1376 2374 1432 obelo
2404 1377 2485 1431 vel
2518 1376 2698 1446 potius
2737 1375 3022 1437 lemnisco,
3054 1383 3241 1428 notata
3272 1372 3486 1436 fuerat,
3521 1370 3614 1426 sed
3657 1380 3800 1424 nota:

2218 1481 2408 1522 omnes
2453 1484 2483 1521 a
2531 1467 2763 1537 vulgatis
2808 1465 3212 1536 exemplaribus
3259 1463 3598 1518 exciderunt.
3659 1459 3800 1514 Rem

2218 1560 2452 1616 similem
2483 1561 2604 1616 vide
2627 1559 2827 1614 Ezech.
2862 1559 3070 1624 xxn,5,
3103 1567 3157 1613 et
3179 1573 3340 1624 χχιιι,
3375 1555 3459 1621 l9,
3496 1554 3801 1622 multisque

2220 1651 2341 1706 aliis
2371 1651 2426 1706 in
2459 1650 2596 1706 locis
2621 1666 2743 1720 qua:
2770 1650 2990 1720 longum
3012 1657 3158 1704 esset
3179 1662 3483 1703 recensere.
3515 1644 3716 1699 Verum
3743 1644 3797 1698 in

2222 1744 2308 1799 his
2338 1744 2600 1814 exemplis
2648 1760 2754 1797 non
2789 1743 3010 1808 obelos,
3055 1742 3147 1796 sed
3187 1741 3478 1795 lemniscos
3524 1738 3802 1792 adhibitos

536 1838 670 1891 nino
692 1835 1079 1906 exprimendus
1107 1841 1244 1896 erat,
1280 1849 1388 1889 non
1421 1842 1506 1888 sat
1527 1841 1652 1902 apte
1679 1833 1998 1886 redderetur
2025 1845 2121 1902 per
2151 1805 2192 1860 Β
2224 1832 2392 1889 fuisse
2421 1805 2574 1904 pn-t‘o,
2605 1847 2665 1888 ut
2689 1833 2920 1888 articulo
2956 1805 3202 1902 sequenti
3233 1831 3511 1901 probatur.

539 1927 802 1983 articulos
837 1926 1056 1982 Graecos
1087 1925 1186 1989 τὰς
1214 1935 1268 1980 et
1297 1925 1385 1979 τά.
1433 1923 1759 1993 llujusmodi
1793 1937 2122 1992 supervaca-

537 2037 698 2076 neam
744 2020 1078 2091 diligentiam
1108 2060 1123 2084 ,
1167 2029 1262 2073 aut
1298 2028 1353 2072 ut
1395 2017 1591 2071 melius
1628 2017 1843 2071 dicatur
1885 2013 2124 2085 κακοζη-

537 2114 681 2179 λίαν,
711 2113 1015 2168 sexcenties
1047 2112 1386 2168 observabis.
1421 2109 1512 2166 Sic
1542 2119 1598 2164 et
1627 2108 1802 2163 Levit.
1844 2125 1903 2173 ιι,
1934 2108 1998 2168 2.
2029 2107 2124 2161 καὶ

537 2204 877 2278 δραξάμενος
921 2204 1101 2276 πλήρη
1145 2205 1244 2275 τὴν
1283 2203 1459 2276 δράκα
1496 2205 1562 2270 >κ
1606 2201 1768 2256 αὑτοῦ
1804 2202 1825 2270 ζ
1873 2198 1981 2256 ἀπὸ
2027 2201 2124 2270 τῆς

541 2295 876 2368 σεμιδάλεως
919 2301 986 2365 Β(
1031 2295 1202 2365 αὐτῆς
1239 2295 1262 2364 ζ
1316 2297 1410 2349 σὺν
1464 2294 1542 2366 τῷ
1577 2293 1739 2362 ἐλαίῳ
1783 2296 1850 2363 >κ
1895 2291 2120 2363 αὑτῆςζ

541 2387 636 2442 ubi
663 2387 1044 2457 pronominum
1065 2387 1210 2441 illam
1238 2387 1637 2457 repetitionem,
1660 2402 1824 2454 quam
1852 2385 2126 2440 llebraica:

541 2477 746 2548 lingua:
787 2477 1096 2547 propriam,
1145 2485 1203 2530 ut
1237 2475 1591 2547 inelegantem
1639 2475 1998 2543 inutilemque
2038 2488 2124 2526 re-

544 2576 808 2638 spuerant
835 2565 975 2620 LXX
1002 2570 1327 2638 lnterpretes
1349 2611 1364 2635 ,
1401 2583 1525 2622 cum
1560 2567 1839 2622 asteriscis
1887 2566 2127 2621 restituit

541 2657 827 2730 Origenes.
863 2658 1153 2714 lnnumera
1198 2660 1285 2714 his
1336 2659 1538 2714 similia
1572 2659 1624 2713 in
1655 2658 1892 2714 decursu
1943 2659 2126 2730 operis

541 2751 710 2820 hujus
736 2749 1134 2804 animadvertet
1166 2750 1414 2806 eruditus
1443 2749 1634 2806 lector.

611 2841 730 2896 Alia
755 2857 976 2912 quoque
1005 2843 1174 2896 multa
1205 2842 1257 2895 in
1292 2841 1544 2896 versione
1586 2857 1687 2896 sua
1735 2841 2128 2911 prastermisere

543 2927 709 2994 LXX,
745 2945 888 2999 quae,
923 2929 1048 2983 licet
1071 2929 1343 2985 enuntiari
1372 2939 1616 2998 possent,
1644 2930 1780 2984 nihil
1807 2931 1876 2984 ad
1905 2945 2126 2985 sensum

541 3029 667 3089 apte
693 3021 1110 3090 exprimendum
1154 3020 1440 3089 juvabant.
1495 3020 1586 3076 Sic
1637 3020 1750 3076 Jer.
1803 3038 1858 3086 ι,
1891 3021 1988 3086 18,
2016 3022 2129 3076 haec

2503 1925 2590 1980 IV.
2627 1925 2702 1980 De
2732 1925 2998 1980 lemniscis
3025 1933 3074 1977 et
3104 1922 3528 1993 hypolenmiscis.

2296 2017 2620 2074 Lemniscus
2653 2017 2837 2072 Grzece
2863 2017 3160 2088 λημνίσκος
3205 2030 3300 2070 seu
3341 2015 3625 2084 λιμνίσκος
3664 2011 3807 2067 dici-

2225 2120 2332 2174 tur,
2360 2110 2452 2164 sed
2480 2119 2758 2178 postrema
2793 2107 2950 2162 lectio
2985 2105 3172 2162 Graeca
3205 2106 3459 2160 mendose
3489 2122 3556 2160 ex
3590 2103 3806 2173 vulgari

2227 2201 2315 2254 illa
2342 2200 2644 2254 mutatione
2675 2197 2768 2251 τοῦ
2797 2213 2835 2264 η
2865 2196 2918 2249 in
2953 2213 2972 2247 ι
2999 2195 3220 2249 inducta
3271 2205 3512 2264 putatur.
3559 2193 3640 2247 Ab
3676 2191 3808 2262 Ερῐά

2225 2291 2428 2361 phanio
2461 2298 2642 2344 autem
2686 2287 2849 2358 hujus
2891 2287 3042 2342 vocis
3086 2286 3367 2357 λιμνὶσκος
3408 2294 3626 2357 ctymon
3677 2285 3809 2339 inde

2227 2382 2460 2452 petitur,
2505 2380 2593 2434 διὰ
2625 2381 2686 2433 τὸ
2723 2377 3004 2450 λιμνάζειν
3046 2377 3373 2448 κλυζόμενω
3402 2378 3491 2430 τὸν
3540 2378 3702 2448 μότον
3744 2378 3808 2430 ὲν

2227 2477 2338 2538 τοῖς
2366 2473 2552 2536 τόποις
2585 2473 2792 2543 ὑγροῖς,
2830 2473 2883 2527 id
2909 2481 3010 2538 est,
3039 2471 3183 2542 quod
3206 2471 3333 2523 vitta
3361 2469 3471 2536 illa,
3499 2485 3662 2548 quam
3690 2485 3813 2525 me-

2227 2567 2334 2621 dici
2367 2565 2682 2620 vulneribus
2707 2565 2963 2619 curandis
2991 2572 3289 2634 apponunt,
3326 2562 3380 2615 in
3404 2561 3538 2616 locis
3564 2561 3812 2618 humidis

2227 2657 2517 2712 humorum
2549 2656 2708 2727 copia
2732 2656 3013 2712 redundet.
3043 2654 3147 2709 Sed
3178 2654 3292 2707 haec
3325 2653 3476 2706 vocis
3500 2653 3653 2721 origo
3679 2651 3813 2721 jure

2227 2749 2502 2818 respuitur
2557 2765 2588 2804 a
2622 2749 2758 2804 viris
2797 2748 2994 2804 doctis.
3041 2745 3177 2800 Nam
3219 2745 3503 2816 λιμνίσκος
3556 2745 3810 2799 vitiatum

2227 2851 2329 2906 cst,
2355 2851 2409 2897 et
2435 2841 2733 2912 λημνίσκος
2761 2841 3039 2897 scribitur.
3073 2837 3150 2894 De
3173 2838 3331 2907 cujus
3355 2837 3592 2892 nominis
3623 2847 3814 2908 ctymo

2228 2933 2359 3003 quid
2403 2933 2604 2988 sentiat
2648 2932 2729 2986 vir
2780 2931 3186 2986 eruditissimus
3237 2929 3548 2984 Bernardus
3590 2927 3813 2984 Moneta

2229 3025 2437 3095 paucis,
2467 3033 2526 3079 ut
2557 3024 2626 3079 ab
2650 3039 2714 3078 eo
2738 3022 2962 3094 accepi,
3013 3036 3331 3092 expromam
3359 3037 3372 3072 :
3421 3039 3438 3072 ι
3486 3020 3812 3085 Athenaeus,

543 3108 809 3216 llenbraica
843 3111 1006 3165 verba
1035 3120 1210 3190 1mm
1235 3124 1340 3172 run
1376 3121 1491 3172 um
1513 3111 1654 3166 LXX
1684 3122 1976 3178 verterant,
2018 3113 2124 3168 ἰδοὺ
2153 3157 2198 3216 C
2231 3133 2352 3188 pag.
2392 3117 2498 3171 200
2535 3117 2792 3172 editionis
2823 3114 3204 3186 Lugdunensis
3234 3114 3340 3181 ,,in
3376 3113 3589 3182 prolixo
3635 3112 3813 3169 Calli-

542 3201 768 3256 τέθεικά
798 3217 881 3265 σε,
913 3217 1027 3254 ecce
1049 3204 1202 3271 posui
1247 3213 1316 3269 te,
1350 3203 1598 3273 nihilque
1634 3204 1701 3258 ad
1730 3220 1951 3259 sensum
1976 3203 2124 3260 desi-

545 3292 872 3361 derabatur;
915 3291 1178 3365 Origenes
1210 3309 1374 3360 vero,
1425 3297 1848 3364 praitermissam
1894 3305 2006 3358 tam
2031 3312 2125 3353 vo-

543 3399 666 3440 cem
695 3385 1036 3451 existimans,
1073 3400 1198 3440 cum
1224 3386 1493 3441 asterisco
1526 3401 1594 3441 ex
1617 3384 1947 3459 Symmacho
1980 3387 2126 3444 defe-

545 3484 699 3530 ctum
733 3477 1004 3546 supplevit
1028 3479 1092 3545 ῖς(
1117 3477 1175 3530 Σ.
1209 3474 1320 3543 ἐγὼ
1351 3476 1407 3529 δὲ
1445 3477 1468 3546 ζ
1502 3479 1660 3534 utsic
1692 3482 2126 3548 exprimerentnr

545 3568 736 3624 omnia
763 3568 866 3624 hoc
891 3569 1054 3625 modo
1087 3587 1102 3625 :
1137 3567 1248 3638 Ego
1269 3577 1445 3623 autem
1466 3586 1579 3624 ecce
1599 3572 1750 3640 posui
1775 3582 1842 3626 te.

619 3657 821 3713 Obelos
849 3659 1100 3714 similiter
1131 3674 1272 3730 saepe
1299 3663 1483 3730 posuit
1511 3677 1609 3731 pro
1636 3663 1888 3719 notandis
1917 3664 1986 3718 iis
2008 3680 2127 3733 qurc

547 3765 674 3807 cum
704 3750 758 3805 in
792 3749 1058 3808 Hebraico
1095 3769 1204 3808 non
1232 3761 1550 3820 exstarent,
1592 3755 1649 3810 in
1681 3756 1972 3814 editionem
2017 3757 2126 3810 τῶν

551 3844 607 3896 0'
637 3843 848 3896 invecta
881 3841 1096 3897 fuerant
1123 3859 1138 3908 ;
1170 3859 1356 3898 verum
1406 3845 1707 3914 saepissime
1750 3861 1813 3901 ea
1847 3856 1906 3901 ut
1934 3863 2128 3918 ampu-

549 3932 714 3987 tanda
741 3933 916 3987 obelis
945 3933 1174 4000 notavit,
1206 3949 1328 4004 qua:
1354 3949 1385 3988 a
1419 3933 1565 3988 LXX
1607 3933 2000 4007 lnterpretibus
2041 3937 2126 3990 vel

549 4024 814 4079 claritatis
836 4025 919 4079 vel
949 4024 1229 4096 elegantiae
1267 4041 1433 4081 causa
1467 4027 1641 4096 posita
1685 4028 1937 4094 fuerant,
1973 4045 2126 4098 qua:-

550 4130 658 4186 que
686 4116 813 4171 licet
845 4116 902 4170 in
931 4114 1196 4172 Hebraico
1248 4117 1314 4172 ad
1351 4119 1578 4173 verbum
1612 4134 1720 4176 non
1750 4121 2126 4191 exprimeren-

548 4215 662 4274 tur,
695 4208 880 4262 sensui
914 4215 1094 4262 tamen
1118 4207 1444 4262 illustrando
1476 4209 1763 4264 commoda
1792 4219 1967 4265 erant.
1996 4209 2130 4276 Quae

551 4313 718 4369 porro
751 4307 1012 4354 notantur
1048 4300 1236 4365 obelo,
1277 4301 1574 4371 aliquando
1621 4302 1913 4369 dicuntur,
1955 4303 2126 4372 ἀμφι-

552 4388 746 4454 ϐόλως,
783 4390 838 4444 id
863 4399 948 4446 est
975 4390 1153 4458 dubie,
1186 4391 1387 4460 jacere.
1422 4391 1513 4446 Sic
1534 4393 1705 4448 codex
1731 4391 2043 4459 Vaticanus,
2074 4394 2127 4447 in

2233 3210 2354 3263 xeni
2388 3207 2585 3263 Rhodii
2614 3208 2753 3272 loco,
2786 3223 2972 3262 vocem
2999 3207 3319 3278 λιμνήσκοις
3344 3205 3542 3269 habet,
3597 3221 3720 3275 qua:
3753 3206 3813 3260 in

2232 3299 2476 3370 margine
2510 3299 2592 3354 sic
2619 3300 2981 3364 emendatur,
3021 3297 3302 3363 λινίσκοις,
3337 3307 3500 3367 atque
3547 3298 3622 3353 ita
3680 3299 3817 3370 legit

2232 3387 2550 3444 Eustathius
2576 3389 2629 3443 in
2661 3404 2877 3444 versum
2909 3388 3015 3443 570
3045 3389 3240 3445 decimi
3288 3390 3465 3445 octavi
3499 3389 3622 3444 libri
3667 3388 3816 3444 Ilia-

2231 3480 2348 3546 dos,
2383 3479 2474 3533 ubi
2529 3480 2676 3534 hunc
2709 3480 2885 3548 ipsum
2937 3480 3006 3534 ab
3058 3480 3317 3535 Athenaeo
3363 3479 3584 3534 allatum
3625 3479 3814 3535 locum

2233 3573 2419 3628 refert.
2456 3571 2675 3628 lsaacus
2700 3586 2828 3626 vero
2852 3570 3214 3626 Casaubonus
3231 3570 3285 3624 in
3315 3571 3482 3634 notis,
3506 3581 3602 3624 aut
3625 3570 3818 3640 λημνί-

2235 3680 2404 3728 σκοις,
2436 3672 2530 3717 aut
2561 3663 2820 3727 λινίσκοις
2852 3663 3138 3734 legendum
3183 3677 3303 3716 esse
3335 3663 3499 3728 dicit,
3533 3663 3626 3718 sed
3673 3678 3817 3718 neu-

2233 3764 2370 3810 trarn
2395 3756 2548 3810 alteri
2578 3755 2860 3811 lectionem
2883 3753 3136 3826 praeferre
3165 3754 3347 3808 audet.
3372 3753 3594 3808 Certum
3625 3764 3812 3808 autem

2233 3853 2335 3908 est,
2367 3860 2553 3899 vocem
2600 3843 2922 3915 λημνίσκος,
2965 3861 3088 3913 qua:
3120 3843 3374 3913 primitus
3414 3853 3693 3914 arigustum
3724 3843 3816 3913 fa-

2231 3938 2396 3992 sciam
2427 3936 2792 4005 significabat,
2817 3954 2883 3991 ex
2909 3953 3040 3992 voce
3068 3936 3227 4007 λῆνος
3252 3977 3266 4000 ,
3299 3937 3427 3990 lana
3445 3978 3460 4002 ,
3511 3936 3816 3992 derivatam

2232 4045 2372 4096 esse,
2406 4030 2534 4100 qpia
2561 4029 2630 4083 ab
2663 4029 2774 4098 ipsa
2807 4029 3014 4099 origine
3040 4027 3226 4084 fascia
3274 4027 3592 4098 hujusmodi
3641 4029 3817 4084 lanea:

2232 4129 2406 4175 erant.
2435 4088 2574 4175 ﬁinc
2605 4133 2734 4174 vero
2772 4118 3098 4188 Syracusani
3147 4118 3410 4189 singulari
3453 4118 3806 4183 formatione,

2234 4214 2354 4268 loco
2381 4211 2471 4266 τοῦ
2499 4211 2795 4280 ληνίσκος
2819 4251 2834 4276 ,
2865 4211 3072 4266 inserto
3090 4229 3156 4280 μ,
3183 4209 3481 4280 λημνίσκοις
3510 4209 3758 4265 fecerunt
3794 4225 3812 4262 :

2234 4322 2357 4378 qua:
2402 4321 2566 4380 causa
2589 4304 2693 4359 fuit
2721 4314 2780 4359 ut
2821 4307 2936 4358 haec
2959 4318 3060 4358 vox
3113 4318 3213 4372 pro
3263 4301 3605 4374 Syracusana
3646 4301 3820 4356 habe-

2234 4407 2404 4452 retur.
2443 4378 2764 4468 liesychius,
2791 4395 3121 4467 λημνίσκους
3173 4393 3270 4458 τὰς
3303 4391 3491 4456 στενὰς
3535 4387 3818 4464 Συρακοὺ-

553 4481 686 4536 illud
722 4481 917 4550 psalmi
965 4498 1022 4546 Χ,
1061 4483 1116 4546 4,
1161 4481 1316 4537 Oculi
1361 4483 1476 4552 ejus
1516 4484 1572 4537 in
1623 4501 1903 4554 pauperem
1961 4485 2124 4554 respi-

2237 4507 2344 4542 σιοι
2370 4489 2604 4552 ταινίας,
2635 4487 2982 4555 subintellige
3013 4484 3256 4552 λέγουσι.
3304 4481 3442 4536 Hinc
3478 4481 3547 4536 ad
3581 4480 3687 4535 alia
3732 4481 3819 4536 si-

553 4573 724 4635 ciunt,
756 4572 848 4626 ubi
876 4572 1040 4637 illud,
1078 4575 1135 4626 in
1175 4589 1478 4644 pauperem,
1510 4591 1619 4630 non
1651 4587 1734 4632 est
1788 4577 1842 4630 in
1883 4575 2131 4641 Hebraeo,

556 4663 676 4719 haec
700 4664 883 4731 habet,
916 4664 990 4718 Τὸ
1019 4668 1107 4732 εὶς
1142 4667 1250 4720 τὸν
1284 4668 1515 4735 πένητα
1545 4669 1602 4720 ὲν
1631 4669 1696 4738 τῇ
1729 4667 1894 4720 σελίδι
1937 4665 2045 4720 τῶν
2078 4671 2133 4720 0'

555 4753 734 4809 ἔκειτο
765 4756 922 4827 μόνον
955 4757 1302 4828 ἀμφιϐόλως·
1333 4759 1506 4824 idest,
1534 4757 1703 4822 Illud,
1737 4759 1791 4812 in
1820 4774 2133 4828 pauperem,

549 4846 604 4898 in
635 4843 753 4902 sola
792 4845 945 4900 LXX
986 4846 1346 4918 luterpretum
1392 4847 1639 4902 columna
1690 4849 1847 4902 dubie
1893 4848 2134 4917 jacebat.

555 4933 729 4990 Dnbie
764 4936 994 5004 scilicet,
1024 4938 1154 5008 quia
1185 4939 1311 4993 licet
1338 4938 1393 4992 in
1439 4936 1666 4994 Hebraeo
1699 4936 1950 5007 Origenis
1991 4949 2137 4994 tem~

558 5040 695 5095 pore
725 5043 835 5083 non
866 5028 1093 5098 jaceret,
1127 5028 1200 5084 ibi
1234 5037 1452 5084 exstare
1495 5037 1746 5100 potuerat
1784 5029 1928 5084 LXX
1963 5030 2138 5085 Inter-

554 5126 776 5186 pretum
799 5133 936 5173 aevo.

632 5206 752 5262 Non
780 5210 943 5264 modo
972 5219 1152 5264 autem
1182 5225 1246 5264 ea
1275 5225 1398 5279 quae
1420 5225 1485 5264 ex
1516 5210 1754 5265 editione
1777 5210 1885 5265 τῶν
1914 5213 1968 5268 0'
1997 5215 2139 5268 exci-

559 5297 774 5367 derant,
790 5315 916 5356 cum
940 5301 1222 5356 asteriscis
1249 5298 1826 5372 supplevitOrigenes;
1859 5305 1952 5359 sed
1970 5306 2135 5362 etiam

561 5393 609 5448 si
625 5393 844 5464 quando
860 5393 1026 5449 editio
1043 5393 1153 5447 τῶν
1169 5399 1223 5447 0'
1243 5410 1350 5450 non
1375 5394 1645 5448 videretur
1663 5393 1980 5452 Hebraicam
2000 5399 2139 5453 veri-

561 5494 727 5542 tatem
740 5495 991 5541 accurate
1003 5487 1325 5556 exprimere,
1338 5485 1493 5540 obelo
1507 5495 1688 5542 notata
1707 5488 1873 5556 priori
1885 5488 2136 5557 lectione,

563 5576 789 5632 alteram
811 5577 1074 5633 asterisco
1095 5577 1364 5647 signatam
1381 5591 1448 5630 ex
1469 5576 1590 5631 aliis
1608 5577 1990 5648 interpretibus
2010 5581 2140 5651 adji-

561 5666 758 5723 ciebat.
789 5665 878 5722 Sic
906 5667 974 5720 ad
1002 5666 1129 5720 illud
1156 5681 1240 5736 ps.
1265 5682 1456 5734 xxvm,
1489 5652 1705 5731 enim
1731 5679 1818 5731 un
1843 5655 1997 5732 ms
2016 5682 2136 5739 un,

563 5753 735 5831 ριίρτί
781 5757 1012 5814 lectione
1044 5756 1222 5827 obelo,
1276 5758 1391 5816 sive
1427 5759 1624 5816 melius
1661 5761 1924 5821 lemnisco
1971 5764 2139 5836 jugu-

2237 4580 2542 4652 gniﬁcanda
2591 4587 2853 4650 usurpata
2910 4591 3013 4630 vox
3050 4575 3174 4639 fuit,
3234 4587 3429 4642 nempe
3479 4587 3579 4642 pro
3622 4571 3816 4627 fasciis

2235 4673 2437 4743 quibus
2467 4685 2686 4727 coronae
2722 4667 3314 4738 circumplicabantur;
3349 4678 3448 4734 pro
3476 4663 3814 4718 lineamenta

2235 4765 2526 4820 convoluto
2586 4760 2902 4816 vulneribus
2953 4757 3285 4822 inserendo;
3338 4755 3667 4824 domumque
3713 4768 3815 4823 pro

2237 4865 2363 4912 nota
2395 4855 2683 4919 librorum,
2711 4853 2776 4906 de
2805 4865 2914 4921 qua
2936 4847 3176 4904 Isidorus
3204 4863 3216 4900 :
3245 4847 3541 4901 Limniscus
3567 4883 3582 4907 ,
3628 4843 3682 4925 id
3733 4854 3813 4897 est

2237 4947 2443 5017 virgula
2470 4947 2608 5000 inter
2638 4943 2869 5014 geminos
2902 4950 3120 5012 punctos
3148 4941 3336 5010 jacens
3361 4980 3374 5006 ,
3421 4935 3706 5008 apponitur
3753 4937 3814 4989 in

2237 5040 2304 5094 iis
2359 5039 2488 5092 locis
2534 5052 2651 5108 qua:
2711 5051 2879 5089 sacrtz
2925 5032 3218 5103 Scriptum
3279 5032 3583 5099 interpretes
3632 5027 3813 5081 eodem

2237 5147 2414 5198 sensu,
2460 5131 2551 5185 sed
2586 5128 2808 5183 diversis
2866 5127 3190 5182 sermonibus
3240 5125 3646 5179 transtulerunt.
3696 5119 3814 5175 Hac

2238 5223 2440 5294 triplici
2471 5220 2867 5293 significatione
2895 5235 3001 5274 vox
3049 5219 3347 5289 λημνισκος
3393 5224 3651 5284 usurpata
3683 5212 3809 5277 fuit,

2239 5331 2434 5386 nempe
2458 5314 2525 5368 ad
2555 5328 2640 5368 res
2672 5311 3056 5382 signiticandas
3084 5309 3328 5380 angustis
3363 5307 3550 5363 fasciis
3575 5307 3809 5370 similes,

2239 5419 2378 5478 quas
2413 5401 2738 5474 Syracusani
2761 5399 3091 5470 λημνίσκους
3114 5398 3402 5454 vocabant.
3439 5415 3459 5448 ι

2307 5493 2440 5548 Inde
2459 5501 2684 5548 vocatus
2706 5490 3020 5555 lemniscus,
3055 5489 3170 5544 sive
3198 5489 3343 5544 linea
3377 5488 3524 5542 vittae
3539 5501 3690 5542 more
3715 5486 3811 5541 de-

2238 5586 2383 5657 picta
2409 5599 2530 5638 eum
2557 5583 2771 5638 duobus
2799 5582 3016 5652 punctis
3042 5621 3057 5646 ,
3098 5581 3269 5636 altero
3317 5594 3581 5649 superne,
3633 5579 3810 5634 altero

2229 5675 2452 5753 inferne
2482 5673 2672 5744 positis
2699 5674 2781 5729 sic
2810 5685 2872 5726 οι-
2906 5671 3031 5728 Ideo
3050 5681 3232 5728 autem
3272 5671 3567 5728 lemniscos
3591 5671 3660 5726 ab
3685 5667 3812 5736 Orig

2241 5784 2377 5840 gene
2427 5775 2714 5838 usurpatos
2764 5762 2934 5822 fuisse
2965 5765 3044 5822 ait
3083 5765 3456 5838 Epiphaniusj,
3487 5775 3550 5820 ut
3594 5777 3721 5820 cum
3753 5761 3808 5818 iu
