  <div class='ocr_page' id='page_1' title='image "/cluster/home/n/w/nwhite01/storage/ocr_20150623/15/hvd.32044019207653/044.png"; bbox 0 0 4052 6388; ppageno 0'>
   <div class='ocr_carea' id='block_1_1' title="bbox 205 349 1844 429">
    <p class='ocr_par' dir='ltr' id='par_1_1' title="bbox 205 349 1844 428">
     <span class='ocr_line' id='line_1_1' title="bbox 205 349 1844 428; baseline 0.001 -1"><span class='ocrx_word' id='word_1_1' title='bbox 205 349 243 408; x_wconf 73' lang='grc' dir='ltr'><strong>πυ</strong></span> <span class='ocrx_word' id='word_1_2' title='bbox 1518 372 1584 427; x_wconf 75' lang='lat' dir='ltr'><strong>IN</strong></span> <span class='ocrx_word' id='word_1_3' title='bbox 1617 372 1844 428; x_wconf 66' lang='lat' dir='ltr'><strong>neme</strong></span> 
     </span>
    </p>
   </div>
   <div class='ocr_carea' id='block_1_2' title="bbox 1945 349 2316 429">
    <p class='ocr_par' dir='ltr' id='par_1_2' title="bbox 1971 371 2316 429">
     <span class='ocr_line' id='line_1_2' title="bbox 1971 371 2316 429; baseline -0.006 0"><span class='ocrx_word' id='word_1_4' title='bbox 1971 371 2316 429; x_wconf 77' lang='lat' dir='ltr'><strong>ORIGENIS.</strong></span> 
     </span>
    </p>
   </div>
   <div class='ocr_carea' id='block_1_3' title="bbox 3472 372 3538 424">
    <p class='ocr_par' dir='ltr' id='par_1_3' title="bbox 3472 372 3538 424">
     <span class='ocr_line' id='line_1_3' title="bbox 3472 372 3538 424; baseline 0.015 -1"><span class='ocrx_word' id='word_1_5' title='bbox 3472 372 3538 424; x_wconf 68' lang='grc' dir='ltr'><strong>τι</strong></span> 
     </span>
    </p>
   </div>
   <div class='ocr_carea' id='block_1_4' title="bbox 202 470 3538 558">
    <p class='ocr_par' dir='ltr' id='par_1_4' title="bbox 202 470 3538 558">
     <span class='ocr_line' id='line_1_4' title="bbox 202 470 3538 558; baseline 0.004 -32"><span class='ocrx_word' id='word_1_6' title='bbox 202 470 338 526; x_wconf 68' lang='lat' dir='ltr'><strong>ditium</strong></span> <span class='ocrx_word' id='word_1_7' title='bbox 352 473 458 527; x_wconf 78' lang='grc' dir='ltr'><strong>τῶν</strong></span> <span class='ocrx_word' id='word_1_8' title='bbox 493 477 567 530; x_wconf 84' lang='lat'><strong>0&#39;</strong></span> <span class='ocrx_word' id='word_1_9' title='bbox 607 483 1025 550; x_wconf 81' lang='lat' dir='ltr'><strong>reperitur</strong></span> <span class='ocrx_word' id='word_1_10' title='bbox 1074 487 1267 558; x_wconf 78' lang='lat' dir='ltr'><strong>aliqua</strong></span> <span class='ocrx_word' id='word_1_11' title='bbox 1293 503 1393 543; x_wconf 83' lang='lat' dir='ltr'><strong>vox</strong></span> <span class='ocrx_word' id='word_1_12' title='bbox 1424 502 1531 541; x_wconf 88' lang='lat' dir='ltr'><strong>non</strong></span> <span class='ocrx_word' id='word_1_13' title='bbox 1581 490 1862 543; x_wconf 66' lang='lat' dir='ltr'><strong>cohaerens</strong></span> <span class='ocrx_word' id='word_1_14' title='bbox 1892 489 1934 546; x_wconf 82' lang='grc' dir='ltr'><strong>Α</strong></span> <span class='ocrx_word' id='word_1_15' title='bbox 1965 483 2194 540; x_wconf 88' lang='lat' dir='ltr'><strong>seorsim</strong></span> <span class='ocrx_word' id='word_1_16' title='bbox 2235 492 2290 538; x_wconf 92' lang='lat' dir='ltr'><strong>et</strong></span> <span class='ocrx_word' id='word_1_17' title='bbox 2321 482 2443 537; x_wconf 90' lang='lat' dir='ltr'><strong>aliis</strong></span> <span class='ocrx_word' id='word_1_18' title='bbox 2475 481 2801 538; x_wconf 71' lang='lat' dir='ltr'><strong>inconsultis</strong></span> <span class='ocrx_word' id='word_1_19' title='bbox 2847 483 3379 552; x_wconf 75' lang='lat' dir='ltr'><strong>interpretabantur,</strong></span> <span class='ocrx_word' id='word_1_20' title='bbox 3430 494 3538 539; x_wconf 86' lang='lat' dir='ltr'><strong>tam</strong></span> 
     </span>
    </p>
   </div>
   <div class='ocr_carea' id='block_1_5' title="bbox 201 568 1867 656">
    <p class='ocr_par' dir='ltr' id='par_1_5' title="bbox 201 568 1867 656">
     <span class='ocr_line' id='line_1_5' title="bbox 201 568 1867 656; baseline 0.008 -35"><span class='ocrx_word' id='word_1_21' title='bbox 201 580 301 632; x_wconf 71' lang='lat' dir='ltr'><strong>Mue</strong></span> <span class='ocrx_word' id='word_1_22' title='bbox 324 568 430 624; x_wconf 85' lang='lat' dir='ltr'><strong>aliis</strong></span> <span class='ocrx_word' id='word_1_23' title='bbox 460 587 849 649; x_wconf 75' lang='lat' dir='ltr'><strong>connexa,</strong></span> <span class='ocrx_word' id='word_1_24' title='bbox 907 585 1064 640; x_wconf 78' lang='lat' dir='ltr'><strong>hoc</strong></span> <span class='ocrx_word' id='word_1_25' title='bbox 1099 587 1263 656; x_wconf 85' lang='lat' dir='ltr'><strong>signo</strong></span> <span class='ocrx_word' id='word_1_26' title='bbox 1289 594 1498 648; x_wconf 89' lang='lat' dir='ltr'><strong>notata,</strong></span> <span class='ocrx_word' id='word_1_27' title='bbox 1537 583 1752 636; x_wconf 78' lang='lat' dir='ltr'><strong>noveris</strong></span> <span class='ocrx_word' id='word_1_28' title='bbox 1798 579 1867 634; x_wconf 87' lang='lat' dir='ltr'><strong>ab</strong></span> 
     </span>
    </p>
   </div>
   <div class='ocr_carea' id='block_1_6' title="bbox 201 662 1865 747">
    <p class='ocr_par' dir='ltr' id='par_1_6' title="bbox 201 662 1865 747">
     <span class='ocr_line' id='line_1_6' title="bbox 201 662 1865 747; baseline 0.011 -33"><span class='ocrx_word' id='word_1_29' title='bbox 201 662 337 715; x_wconf 74' lang='lat' dir='ltr'><strong>mort-.1</strong></span> <span class='ocrx_word' id='word_1_30' title='bbox 377 665 638 725; x_wconf 83' lang='lat' dir='ltr'><strong>duobus</strong></span> <span class='ocrx_word' id='word_1_31' title='bbox 715 672 1204 746; x_wconf 83' lang='lat' dir='ltr'><strong>interpretum</strong></span> <span class='ocrx_word' id='word_1_32' title='bbox 1264 677 1481 747; x_wconf 90' lang='lat' dir='ltr'><strong>paribus</strong></span> <span class='ocrx_word' id='word_1_33' title='bbox 1529 677 1599 730; x_wconf 83' lang='lat' dir='ltr'><strong>ita</strong></span> <span class='ocrx_word' id='word_1_34' title='bbox 1647 689 1865 730; x_wconf 82' lang='lat' dir='ltr'><strong>versum</strong></span> 
     </span>
    </p>
   </div>
   <div class='ocr_carea' id='block_1_7' title="bbox 201 749 1866 837">
    <p class='ocr_par' dir='ltr' id='par_1_7' title="bbox 201 749 1866 837">
     <span class='ocr_line' id='line_1_7' title="bbox 201 749 1866 837; baseline 0.007 -29"><span class='ocrx_word' id='word_1_35' title='bbox 201 749 403 810; x_wconf 77' lang='lat' dir='ltr'><strong>fuissezab</strong></span> <span class='ocrx_word' id='word_1_36' title='bbox 422 775 555 815; x_wconf 88' lang='lat' dir='ltr'><strong>uno</strong></span> <span class='ocrx_word' id='word_1_37' title='bbox 591 763 930 833; x_wconf 79' lang='lat' dir='ltr'><strong>scilicet,</strong></span> <span class='ocrx_word' id='word_1_38' title='bbox 982 785 1142 824; x_wconf 88' lang='lat' dir='ltr'><strong>cum</strong></span> <span class='ocrx_word' id='word_1_39' title='bbox 1180 787 1288 826; x_wconf 90' lang='lat' dir='ltr'><strong>uno</strong></span> <span class='ocrx_word' id='word_1_40' title='bbox 1309 769 1481 825; x_wconf 91' lang='lat' dir='ltr'><strong>solum</strong></span> <span class='ocrx_word' id='word_1_41' title='bbox 1505 774 1704 837; x_wconf 87' lang='lat' dir='ltr'><strong>puncto</strong></span> <span class='ocrx_word' id='word_1_42' title='bbox 1724 766 1866 820; x_wconf 90' lang='lat' dir='ltr'><strong>linea</strong></span> 
     </span>
    </p>
   </div>
   <div class='ocr_carea' id='block_1_8' title="bbox 201 848 1865 933">
    <p class='ocr_par' dir='ltr' id='par_1_8' title="bbox 201 848 1865 933">
     <span class='ocr_line' id='line_1_8' title="bbox 201 848 1865 933; baseline -0.002 -17"><span class='ocrx_word' id='word_1_43' title='bbox 201 848 491 918; x_wconf 62' lang='grc' dir='ltr'><strong>δῖὲπθιυττ,</strong></span> <span class='ocrx_word' id='word_1_44' title='bbox 547 863 894 927; x_wconf 79' lang='lat' dir='ltr'><strong>tuncque</strong></span> <span class='ocrx_word' id='word_1_45' title='bbox 987 871 1251 918; x_wconf 60' lang='lat' dir='ltr'><strong>uocatur</strong></span> <span class='ocrx_word' id='word_1_46' title='bbox 1311 861 1785 933; x_wconf 84' lang='lat' dir='ltr'><strong>hypolemniscus;</strong></span> <span class='ocrx_word' id='word_1_47' title='bbox 1833 873 1865 913; x_wconf 89' lang='lat' dir='ltr'><strong>a</strong></span> 
     </span>
    </p>
   </div>
   <div class='ocr_carea' id='block_1_9' title="bbox 203 939 1867 1024">
    <p class='ocr_par' dir='ltr' id='par_1_9' title="bbox 203 939 1867 1024">
     <span class='ocr_line' id='line_1_9' title="bbox 203 939 1867 1024; baseline 0.007 -30"><span class='ocrx_word' id='word_1_48' title='bbox 203 939 337 996; x_wconf 73' lang='lat' dir='ltr'><strong>duobus</strong></span> <span class='ocrx_word' id='word_1_49' title='bbox 357 958 490 998; x_wconf 85' lang='lat' dir='ltr'><strong>vero</strong></span> <span class='ocrx_word' id='word_1_50' title='bbox 527 952 836 1017; x_wconf 82' lang='lat' dir='ltr'><strong>quando</strong></span> <span class='ocrx_word' id='word_1_51' title='bbox 879 964 1212 1023; x_wconf 83' lang='lat' dir='ltr'><strong>punctum</strong></span> <span class='ocrx_word' id='word_1_52' title='bbox 1249 955 1496 1024; x_wconf 87' lang='lat' dir='ltr'><strong>utrinque</strong></span> <span class='ocrx_word' id='word_1_53' title='bbox 1539 952 1760 1023; x_wconf 84' lang='lat' dir='ltr'><strong>ponitur</strong></span> <span class='ocrx_word' id='word_1_54' title='bbox 1786 952 1867 1007; x_wconf 91' lang='lat' dir='ltr'><strong>sic</strong></span> 
     </span>
    </p>
   </div>
   <div class='ocr_carea' id='block_1_10' title="bbox 206 1032 1862 1112">
    <p class='ocr_par' dir='ltr' id='par_1_10' title="bbox 206 1032 1862 1112">
     <span class='ocr_line' id='line_1_10' title="bbox 206 1032 1862 1112; baseline 0.005 -24"><span class='ocrx_word' id='word_1_55' title='bbox 206 1040 448 1095; x_wconf 79' lang='lat' dir='ltr'><strong>+,ettunc</strong></span> <span class='ocrx_word' id='word_1_56' title='bbox 492 1032 902 1097; x_wconf 86' lang='lat' dir='ltr'><strong>lemniscns</strong></span> <span class='ocrx_word' id='word_1_57' title='bbox 950 1044 1221 1099; x_wconf 88' lang='lat' dir='ltr'><strong>dicitur.</strong></span> <span class='ocrx_word' id='word_1_58' title='bbox 1273 1043 1425 1108; x_wconf 85' lang='lat' dir='ltr'><strong>Quod</strong></span> <span class='ocrx_word' id='word_1_59' title='bbox 1469 1049 1526 1096; x_wconf 91' lang='lat' dir='ltr'><strong>ut</strong></span> <span class='ocrx_word' id='word_1_60' title='bbox 1572 1041 1862 1112; x_wconf 78' lang='lat' dir='ltr'><strong>intelligas,</strong></span> 
     </span>
    </p>
   </div>
   <div class='ocr_carea' id='block_1_11' title="bbox 207 1119 1861 1202">
    <p class='ocr_par' dir='ltr' id='par_1_11' title="bbox 207 1119 1861 1202">
     <span class='ocr_line' id='line_1_11' title="bbox 207 1119 1861 1202; baseline 0.007 -28"><span class='ocrx_word' id='word_1_61' title='bbox 207 1119 410 1176; x_wconf 80' lang='lat' dir='ltr'><strong>historiam</strong></span> <span class='ocrx_word' id='word_1_62' title='bbox 445 1125 869 1184; x_wconf 82' lang='lat' dir='ltr'><strong>cellularum</strong></span> <span class='ocrx_word' id='word_1_63' title='bbox 911 1133 1196 1202; x_wconf 74' lang='lat' dir='ltr'><strong>triginta</strong></span> <span class='ocrx_word' id='word_1_64' title='bbox 1231 1148 1322 1187; x_wconf 79' lang='lat' dir='ltr'><strong>sex</strong></span> <span class='ocrx_word' id='word_1_65' title='bbox 1365 1140 1576 1201; x_wconf 78' lang='lat' dir='ltr'><strong>repetas</strong></span> <span class='ocrx_word' id='word_1_66' title='bbox 1600 1139 1814 1200; x_wconf 85' lang='lat' dir='ltr'><strong>oportet</strong></span> <span class='ocrx_word' id='word_1_67' title='bbox 1846 1149 1861 1186; x_wconf 88' lang='lat'><strong>:</strong></span> 
     </span>
    </p>
   </div>
   <div class='ocr_carea' id='block_1_12' title="bbox 208 1210 1862 1292">
    <p class='ocr_par' dir='ltr' id='par_1_12' title="bbox 208 1210 1862 1292">
     <span class='ocr_line' id='line_1_12' title="bbox 208 1210 1862 1292; baseline 0.007 -29"><span class='ocrx_word' id='word_1_68' title='bbox 208 1211 282 1273; x_wconf 81' lang='lat' dir='ltr'><strong>ubi,</strong></span> <span class='ocrx_word' id='word_1_69' title='bbox 298 1210 596 1281; x_wconf 85' lang='lat' dir='ltr'><strong>Epiphanio</strong></span> <span class='ocrx_word' id='word_1_70' title='bbox 635 1230 1010 1286; x_wconf 78' lang='lat' dir='ltr'><strong>narrante,</strong></span> <span class='ocrx_word' id='word_1_71' title='bbox 1041 1223 1201 1277; x_wconf 85' lang='lat' dir='ltr'><strong>libro</strong></span> <span class='ocrx_word' id='word_1_72' title='bbox 1223 1223 1293 1276; x_wconf 91' lang='lat' dir='ltr'><strong>De</strong></span> <span class='ocrx_word' id='word_1_73' title='bbox 1315 1223 1648 1292; x_wconf 76' lang='lat' dir='ltr'><strong>ponderibus,</strong></span> <span class='ocrx_word' id='word_1_74' title='bbox 1673 1220 1862 1275; x_wconf 84' lang='lat' dir='ltr'><strong>LXXII</strong></span> 
     </span>
    </p>
   </div>
   <div class='ocr_carea' id='block_1_13' title="bbox 212 1306 1862 1388">
    <p class='ocr_par' dir='ltr' id='par_1_13' title="bbox 212 1306 1862 1388">
     <span class='ocr_line' id='line_1_13' title="bbox 212 1306 1862 1388; baseline 0.01 -30"><span class='ocrx_word' id='word_1_75' title='bbox 212 1306 460 1375; x_wconf 71' lang='lat' dir='ltr'><strong>interpretes</strong></span> <span class='ocrx_word' id='word_1_76' title='bbox 489 1311 657 1380; x_wconf 82' lang='lat' dir='ltr'><strong>bini,</strong></span> <span class='ocrx_word' id='word_1_77' title='bbox 700 1314 853 1370; x_wconf 84' lang='lat' dir='ltr'><strong>sive</strong></span> <span class='ocrx_word' id='word_1_78' title='bbox 887 1333 1019 1387; x_wconf 86' lang='lat' dir='ltr'><strong>per</strong></span> <span class='ocrx_word' id='word_1_79' title='bbox 1053 1318 1219 1388; x_wconf 89' lang='lat' dir='ltr'><strong>paria</strong></span> <span class='ocrx_word' id='word_1_80' title='bbox 1250 1318 1537 1382; x_wconf 89' lang='lat' dir='ltr'><strong>distributi,</strong></span> <span class='ocrx_word' id='word_1_81' title='bbox 1565 1317 1862 1388; x_wconf 88' lang='lat' dir='ltr'><strong>Seripturis</strong></span> 
     </span>
    </p>
   </div>
   <div class='ocr_carea' id='block_1_14' title="bbox 210 1399 1862 1479">
    <p class='ocr_par' dir='ltr' id='par_1_14' title="bbox 210 1399 1862 1479">
     <span class='ocr_line' id='line_1_14' title="bbox 210 1399 1862 1479; baseline 0.008 -28"><span class='ocrx_word' id='word_1_82' title='bbox 210 1399 582 1469; x_wconf 73' lang='lat' dir='ltr'><strong>interpretandis</strong></span> <span class='ocrx_word' id='word_1_83' title='bbox 615 1418 996 1464; x_wconf 82' lang='lat' dir='ltr'><strong>vacarunt.</strong></span> <span class='ocrx_word' id='word_1_84' title='bbox 1065 1407 1193 1465; x_wconf 81' lang='lat' dir='ltr'><strong>Huc</strong></span> <span class='ocrx_word' id='word_1_85' title='bbox 1235 1410 1414 1479; x_wconf 84' lang='lat' dir='ltr'><strong>itaque</strong></span> <span class='ocrx_word' id='word_1_86' title='bbox 1447 1409 1550 1464; x_wconf 87' lang='lat' dir='ltr'><strong>sibi</strong></span> <span class='ocrx_word' id='word_1_87' title='bbox 1577 1409 1694 1462; x_wconf 73' lang='lat' dir='ltr'><strong>vult</strong></span> <span class='ocrx_word' id='word_1_88' title='bbox 1737 1408 1862 1478; x_wconf 88' lang='lat' dir='ltr'><strong>Epi-</strong></span> 
     </span>
    </p>
   </div>
   <div class='ocr_carea' id='block_1_15' title="bbox 210 1489 1859 1568">
    <p class='ocr_par' dir='ltr' id='par_1_15' title="bbox 210 1489 1859 1568">
     <span class='ocr_line' id='line_1_15' title="bbox 210 1489 1859 1568; baseline 0.01 -29"><span class='ocrx_word' id='word_1_89' title='bbox 210 1489 407 1556; x_wconf 77' lang='lat' dir='ltr'><strong>phanius,</strong></span> <span class='ocrx_word' id='word_1_90' title='bbox 464 1492 607 1548; x_wconf 88' lang='lat' dir='ltr'><strong>illas</strong></span> <span class='ocrx_word' id='word_1_91' title='bbox 691 1496 1088 1551; x_wconf 84' lang='lat' dir='ltr'><strong>lectionum</strong></span> <span class='ocrx_word' id='word_1_92' title='bbox 1159 1500 1588 1568; x_wconf 88' lang='lat' dir='ltr'><strong>discrepantias,</strong></span> <span class='ocrx_word' id='word_1_93' title='bbox 1638 1514 1759 1568; x_wconf 71' lang='lat' dir='ltr'><strong>quae</strong></span> <span class='ocrx_word' id='word_1_94' title='bbox 1805 1500 1859 1553; x_wconf 90' lang='lat' dir='ltr'><strong>in</strong></span> 
     </span>
    </p>
   </div>
   <div class='ocr_carea' id='block_1_16' title="bbox 212 1575 1862 1658">
    <p class='ocr_par' dir='ltr' id='par_1_16' title="bbox 212 1575 1862 1658">
     <span class='ocr_line' id='line_1_16' title="bbox 212 1575 1862 1658; baseline 0.007 -28"><span class='ocrx_word' id='word_1_95' title='bbox 212 1575 486 1645; x_wconf 75' lang='lat' dir='ltr'><strong>Origeniaua</strong></span> <span class='ocrx_word' id='word_1_96' title='bbox 525 1583 816 1640; x_wconf 84' lang='lat' dir='ltr'><strong>editione</strong></span> <span class='ocrx_word' id='word_1_97' title='bbox 853 1586 1182 1642; x_wconf 87' lang='lat' dir='ltr'><strong>lernnisco</strong></span> <span class='ocrx_word' id='word_1_98' title='bbox 1208 1587 1292 1642; x_wconf 93' lang='lat' dir='ltr'><strong>vel</strong></span> <span class='ocrx_word' id='word_1_99' title='bbox 1337 1588 1740 1658; x_wconf 85' lang='lat' dir='ltr'><strong>bypolemnisco</strong></span> <span class='ocrx_word' id='word_1_100' title='bbox 1785 1588 1862 1642; x_wconf 91' lang='lat' dir='ltr'><strong>si-</strong></span> 
     </span>
    </p>
   </div>
   <div class='ocr_carea' id='block_1_17' title="bbox 211 1670 1858 1749">
    <p class='ocr_par' dir='ltr' id='par_1_17' title="bbox 211 1670 1858 1749">
     <span class='ocr_line' id='line_1_17' title="bbox 211 1670 1858 1749; baseline 0.007 -26"><span class='ocrx_word' id='word_1_101' title='bbox 211 1670 488 1738; x_wconf 66' lang='lat' dir='ltr'><strong>gnabantur,</strong></span> <span class='ocrx_word' id='word_1_102' title='bbox 520 1689 662 1730; x_wconf 87' lang='lat' dir='ltr'><strong>esse</strong></span> <span class='ocrx_word' id='word_1_103' title='bbox 706 1677 942 1732; x_wconf 83' lang='lat' dir='ltr'><strong>varias</strong></span> <span class='ocrx_word' id='word_1_104' title='bbox 977 1679 1429 1741; x_wconf 82' lang='lat' dir='ltr'><strong>translationes,</strong></span> <span class='ocrx_word' id='word_1_105' title='bbox 1471 1694 1593 1749; x_wconf 70' lang='lat' dir='ltr'><strong>qua:</strong></span> <span class='ocrx_word' id='word_1_106' title='bbox 1635 1680 1703 1733; x_wconf 90' lang='lat' dir='ltr'><strong>ab</strong></span> <span class='ocrx_word' id='word_1_107' title='bbox 1750 1695 1858 1735; x_wconf 90' lang='lat' dir='ltr'><strong>uno</strong></span> 
     </span>
    </p>
   </div>
   <div class='ocr_carea' id='block_1_18' title="bbox 214 1763 1853 1841">
    <p class='ocr_par' dir='ltr' id='par_1_18' title="bbox 214 1763 1853 1841">
     <span class='ocr_line' id='line_1_18' title="bbox 214 1763 1853 1841; baseline 0.008 -28"><span class='ocrx_word' id='word_1_108' title='bbox 214 1763 407 1818; x_wconf 73' lang='lat' dir='ltr'><strong>alterove</strong></span> <span class='ocrx_word' id='word_1_109' title='bbox 427 1765 832 1836; x_wconf 86' lang='lat' dir='ltr'><strong>interpretum</strong></span> <span class='ocrx_word' id='word_1_110' title='bbox 877 1771 1026 1839; x_wconf 87' lang='lat' dir='ltr'><strong>pari</strong></span> <span class='ocrx_word' id='word_1_111' title='bbox 1067 1770 1242 1825; x_wconf 71' lang='lat' dir='ltr'><strong>edita:</strong></span> <span class='ocrx_word' id='word_1_112' title='bbox 1274 1779 1473 1825; x_wconf 88' lang='lat' dir='ltr'><strong>essent.</strong></span> <span class='ocrx_word' id='word_1_113' title='bbox 1517 1769 1756 1841; x_wconf 82' lang='lat' dir='ltr'><strong>Hujusce</strong></span> <span class='ocrx_word' id='word_1_114' title='bbox 1781 1771 1853 1826; x_wconf 89' lang='lat' dir='ltr'><strong>rei</strong></span> 
     </span>
    </p>
   </div>
   <div class='ocr_carea' id='block_1_19' title="bbox 215 1852 1847 1931">
    <p class='ocr_par' dir='ltr' id='par_1_19' title="bbox 215 1852 1847 1931">
     <span class='ocr_line' id='line_1_19' title="bbox 215 1852 1847 1931; baseline 0.008 -27"><span class='ocrx_word' id='word_1_115' title='bbox 215 1852 297 1906; x_wconf 78' lang='lat' dir='ltr'><strong>duo</strong></span> <span class='ocrx_word' id='word_1_116' title='bbox 323 1858 561 1924; x_wconf 75' lang='lat' dir='ltr'><strong>exempla</strong></span> <span class='ocrx_word' id='word_1_117' title='bbox 590 1858 773 1913; x_wconf 79' lang='lat' dir='ltr'><strong>aﬂ‘ert</strong></span> <span class='ocrx_word' id='word_1_118' title='bbox 804 1878 824 1926; x_wconf 88' lang='lat'><strong>;</strong></span> <span class='ocrx_word' id='word_1_119' title='bbox 865 1862 1124 1916; x_wconf 89' lang='lat' dir='ltr'><strong>scilicet</strong></span> <span class='ocrx_word' id='word_1_120' title='bbox 1147 1876 1216 1916; x_wconf 81' lang='lat' dir='ltr'><strong>ex</strong></span> <span class='ocrx_word' id='word_1_121' title='bbox 1242 1862 1448 1931; x_wconf 84' lang='lat' dir='ltr'><strong>psalmo</strong></span> <span class='ocrx_word' id='word_1_122' title='bbox 1477 1878 1603 1924; x_wconf 74' lang='lat' dir='ltr'><strong>Lxx,</strong></span> <span class='ocrx_word' id='word_1_123' title='bbox 1638 1863 1724 1929; x_wconf 73' lang='grc'><strong>15,</strong></span> <span class='ocrx_word' id='word_1_124' title='bbox 1751 1865 1847 1918; x_wconf 73' lang='grc' dir='ltr'><strong>καὶ</strong></span> 
     </span>
    </p>
   </div>
   <div class='ocr_carea' id='block_1_20' title="bbox 219 1944 1848 2024">
    <p class='ocr_par' dir='ltr' id='par_1_20' title="bbox 219 1944 1848 2024">
     <span class='ocr_line' id='line_1_20' title="bbox 219 1944 1848 2024; baseline 0.007 -27"><span class='ocrx_word' id='word_1_125' title='bbox 219 1944 363 2013; x_wconf 64' lang='grc' dir='ltr'>πάρα</span> <span class='ocrx_word' id='word_1_126' title='bbox 383 1963 478 2014; x_wconf 75' lang='grc' dir='ltr'><strong>μου</strong></span> <span class='ocrx_word' id='word_1_127' title='bbox 502 1949 828 2018; x_wconf 61' lang='grc' dir='ltr'>ἀπαγγελεῖ</span> <span class='ocrx_word' id='word_1_128' title='bbox 853 1952 976 2021; x_wconf 75' lang='grc' dir='ltr'><strong>τὴν</strong></span> <span class='ocrx_word' id='word_1_129' title='bbox 1011 1951 1378 2024; x_wconf 75' lang='grc' dir='ltr'><strong>δικαιοσύνην</strong></span> <span class='ocrx_word' id='word_1_130' title='bbox 1403 1969 1516 2019; x_wconf 84' lang='grc' dir='ltr'>σου,</span> <span class='ocrx_word' id='word_1_131' title='bbox 1539 1954 1629 2008; x_wconf 88' lang='lat' dir='ltr'><strong>ubi</strong></span> <span class='ocrx_word' id='word_1_132' title='bbox 1658 1955 1848 2023; x_wconf 81' lang='lat' dir='ltr'><strong>adjun-</strong></span> 
     </span>
    </p>
   </div>
   <div class='ocr_carea' id='block_1_21' title="bbox 224 2037 1844 2117">
    <p class='ocr_par' dir='ltr' id='par_1_21' title="bbox 224 2037 1844 2117">
     <span class='ocr_line' id='line_1_21' title="bbox 224 2037 1844 2117; baseline 0.009 -28"><span class='ocrx_word' id='word_1_133' title='bbox 224 2037 438 2106; x_wconf 70' lang='lat' dir='ltr'><strong>gebatur,</strong></span> <span class='ocrx_word' id='word_1_134' title='bbox 473 2041 789 2111; x_wconf 75' lang='grc' dir='ltr'>ἀναγγελεί</span> <span class='ocrx_word' id='word_1_135' title='bbox 827 2044 950 2108; x_wconf 69' lang='grc' dir='ltr'><strong>τὰς</strong></span> <span class='ocrx_word' id='word_1_136' title='bbox 979 2045 1352 2109; x_wconf 79' lang='grc' dir='ltr'><strong>δικαιοσύνας</strong></span> <span class='ocrx_word' id='word_1_137' title='bbox 1390 2065 1514 2100; x_wconf 85' lang='grc' dir='ltr'>σου·</span> <span class='ocrx_word' id='word_1_138' title='bbox 1563 2057 1616 2102; x_wconf 86' lang='lat' dir='ltr'><strong>et</strong></span> <span class='ocrx_word' id='word_1_139' title='bbox 1653 2050 1844 2117; x_wconf 82' lang='lat' dir='ltr'><strong>psalm.</strong></span> 
     </span>
    </p>
   </div>
   <div class='ocr_carea' id='block_1_22' title="bbox 224 2131 1845 2207">
    <p class='ocr_par' dir='ltr' id='par_1_22' title="bbox 224 2131 1845 2207">
     <span class='ocr_line' id='line_1_22' title="bbox 224 2131 1845 2207; baseline 0.009 -29"><span class='ocrx_word' id='word_1_140' title='bbox 224 2140 350 2190; x_wconf 80' lang='lat' dir='ltr'><strong>un,</strong></span> <span class='ocrx_word' id='word_1_141' title='bbox 385 2131 466 2192; x_wconf 69' lang='grc' dir='ltr'><strong>ιι,</strong></span> <span class='ocrx_word' id='word_1_142' title='bbox 490 2133 583 2184; x_wconf 73' lang='grc' dir='ltr'><strong>καὶ</strong></span> <span class='ocrx_word' id='word_1_143' title='bbox 609 2133 860 2204; x_wconf 79' lang='grc' dir='ltr'>ἔντιμον</span> <span class='ocrx_word' id='word_1_144' title='bbox 900 2134 974 2186; x_wconf 83' lang='grc' dir='ltr'><strong>τὸ</strong></span> <span class='ocrx_word' id='word_1_145' title='bbox 1001 2134 1196 2205; x_wconf 71' lang='grc' dir='ltr'>ὄνομα</span> <span class='ocrx_word' id='word_1_146' title='bbox 1244 2153 1341 2205; x_wconf 86' lang='grc' dir='ltr'><strong>μου</strong></span> <span class='ocrx_word' id='word_1_147' title='bbox 1391 2136 1619 2190; x_wconf 74' lang='grc' dir='ltr'>ἐνώπιον</span> <span class='ocrx_word' id='word_1_148' title='bbox 1662 2138 1845 2207; x_wconf 78' lang='grc' dir='ltr'>αὐτοῦ,</span> 
     </span>
    </p>
   </div>
   <div class='ocr_carea' id='block_1_23' title="bbox 226 2216 1848 2298">
    <p class='ocr_par' dir='ltr' id='par_1_23' title="bbox 226 2216 1848 2298">
     <span class='ocr_line' id='line_1_23' title="bbox 226 2216 1848 2298; baseline 0.007 -28"><span class='ocrx_word' id='word_1_149' title='bbox 226 2216 328 2280; x_wconf 77' lang='lat' dir='ltr'><strong>ubi,</strong></span> <span class='ocrx_word' id='word_1_150' title='bbox 349 2220 426 2273; x_wconf 86' lang='lat' dir='ltr'><strong>ait</strong></span> <span class='ocrx_word' id='word_1_151' title='bbox 450 2220 834 2291; x_wconf 82' lang='lat' dir='ltr'><strong>Epiphanius,</strong></span> <span class='ocrx_word' id='word_1_152' title='bbox 877 2226 1060 2294; x_wconf 83' lang='lat' dir='ltr'><strong>prius</strong></span> <span class='ocrx_word' id='word_1_153' title='bbox 1096 2224 1397 2294; x_wconf 78' lang='lat' dir='ltr'><strong>legebatur,</strong></span> <span class='ocrx_word' id='word_1_154' title='bbox 1427 2227 1520 2280; x_wconf 78' lang='grc' dir='ltr'><strong>καὶ</strong></span> <span class='ocrx_word' id='word_1_155' title='bbox 1551 2227 1763 2298; x_wconf 73' lang='grc' dir='ltr'><strong>ἔντιμον</strong></span> <span class='ocrx_word' id='word_1_156' title='bbox 1788 2229 1848 2282; x_wconf 74' lang='grc' dir='ltr'>τὸ</span> 
     </span>
    </p>
   </div>
   <div class='ocr_carea' id='block_1_24' title="bbox 224 2307 1848 2386">
    <p class='ocr_par' dir='ltr' id='par_1_24' title="bbox 224 2307 1848 2386">
     <span class='ocr_line' id='line_1_24' title="bbox 224 2307 1848 2386; baseline 0.008 -26"><span class='ocrx_word' id='word_1_157' title='bbox 224 2307 384 2379; x_wconf 59' lang='grc' dir='ltr'>ἕνα)μὰ</span> <span class='ocrx_word' id='word_1_158' title='bbox 431 2330 522 2382; x_wconf 80' lang='grc' dir='ltr'><strong>μου</strong></span> <span class='ocrx_word' id='word_1_159' title='bbox 579 2316 640 2366; x_wconf 76' lang='grc' dir='ltr'>ὲν</span> <span class='ocrx_word' id='word_1_160' title='bbox 684 2315 1041 2386; x_wconf 78' lang='grc' dir='ltr'><strong>ὀφθαλμοῖς</strong></span> <span class='ocrx_word' id='word_1_161' title='bbox 1096 2316 1292 2370; x_wconf 78' lang='grc' dir='ltr'>αὐτοῦ.</span> <span class='ocrx_word' id='word_1_162' title='bbox 1323 2317 1388 2370; x_wconf 88' lang='lat' dir='ltr'><strong>Et</strong></span> <span class='ocrx_word' id='word_1_163' title='bbox 1444 2318 1632 2372; x_wconf 89' lang='lat' dir='ltr'><strong>eodem</strong></span> <span class='ocrx_word' id='word_1_164' title='bbox 1685 2318 1848 2384; x_wconf 88' lang='lat' dir='ltr'><strong>libro,</strong></span> 
     </span>
    </p>
   </div>
   <div class='ocr_carea' id='block_1_25' title="bbox 231 2403 1849 2479">
    <p class='ocr_par' dir='ltr' id='par_1_25' title="bbox 231 2403 1849 2479">
     <span class='ocr_line' id='line_1_25' title="bbox 231 2403 1849 2479; baseline 0.009 -26"><span class='ocrx_word' id='word_1_165' title='bbox 231 2403 412 2458; x_wconf 78' lang='lat' dir='ltr'><strong>multis</strong></span> <span class='ocrx_word' id='word_1_166' title='bbox 439 2406 813 2476; x_wconf 84' lang='lat' dir='ltr'><strong>interpositis,</strong></span> <span class='ocrx_word' id='word_1_167' title='bbox 851 2411 942 2463; x_wconf 86' lang='lat' dir='ltr'><strong>ait</strong></span> <span class='ocrx_word' id='word_1_168' title='bbox 970 2409 1272 2466; x_wconf 88' lang='lat' dir='ltr'><strong>lemniscis</strong></span> <span class='ocrx_word' id='word_1_169' title='bbox 1300 2409 1544 2479; x_wconf 79' lang='lat' dir='ltr'><strong>insigniri</strong></span> <span class='ocrx_word' id='word_1_170' title='bbox 1565 2426 1659 2466; x_wconf 89' lang='lat' dir='ltr'><strong>eas</strong></span> <span class='ocrx_word' id='word_1_171' title='bbox 1693 2426 1849 2467; x_wconf 86' lang='lat' dir='ltr'><strong>voces</strong></span> 
     </span>
    </p>
   </div>
   <div class='ocr_carea' id='block_1_26' title="bbox 231 2495 1848 2570">
    <p class='ocr_par' dir='ltr' id='par_1_26' title="bbox 231 2495 1848 2570">
     <span class='ocr_line' id='line_1_26' title="bbox 231 2495 1848 2570; baseline 0.008 -25"><span class='ocrx_word' id='word_1_172' title='bbox 231 2507 346 2561; x_wconf 64' lang='lat' dir='ltr'><strong>qua</strong></span> <span class='ocrx_word' id='word_1_173' title='bbox 393 2495 450 2549; x_wconf 89' lang='lat' dir='ltr'><strong>in</strong></span> <span class='ocrx_word' id='word_1_174' title='bbox 491 2498 704 2567; x_wconf 79' lang='lat' dir='ltr'><strong>aliquot</strong></span> <span class='ocrx_word' id='word_1_175' title='bbox 754 2499 976 2554; x_wconf 78' lang='lat' dir='ltr'><strong>LXXII</strong></span> <span class='ocrx_word' id='word_1_176' title='bbox 1048 2501 1412 2570; x_wconf 88' lang='lat' dir='ltr'><strong>interpretum</strong></span> <span class='ocrx_word' id='word_1_177' title='bbox 1464 2517 1596 2556; x_wconf 86' lang='lat' dir='ltr'><strong>voce</strong></span> <span class='ocrx_word' id='word_1_178' title='bbox 1640 2512 1848 2558; x_wconf 90' lang='lat' dir='ltr'><strong>tantum</strong></span> 
     </span>
    </p>
   </div>
   <div class='ocr_carea' id='block_1_27' title="bbox 235 2591 1849 2663">
    <p class='ocr_par' dir='ltr' id='par_1_27' title="bbox 235 2591 1849 2663">
     <span class='ocr_line' id='line_1_27' title="bbox 235 2591 1849 2663; baseline 0.008 -27"><span class='ocrx_word' id='word_1_179' title='bbox 235 2597 334 2636; x_wconf 80' lang='lat' dir='ltr'><strong>non</strong></span> <span class='ocrx_word' id='word_1_180' title='bbox 391 2601 547 2641; x_wconf 82' lang='lat' dir='ltr'><strong>sensu</strong></span> <span class='ocrx_word' id='word_1_181' title='bbox 603 2591 864 2654; x_wconf 86' lang='lat' dir='ltr'><strong>variant,</strong></span> <span class='ocrx_word' id='word_1_182' title='bbox 936 2599 1005 2644; x_wconf 92' lang='lat' dir='ltr'><strong>ut</strong></span> <span class='ocrx_word' id='word_1_183' title='bbox 1044 2592 1096 2644; x_wconf 90' lang='lat' dir='ltr'><strong>si</strong></span> <span class='ocrx_word' id='word_1_184' title='bbox 1140 2591 1285 2660; x_wconf 86' lang='lat' dir='ltr'><strong>quis,</strong></span> <span class='ocrx_word' id='word_1_185' title='bbox 1322 2593 1470 2646; x_wconf 86' lang='lat' dir='ltr'><strong>verbi</strong></span> <span class='ocrx_word' id='word_1_186' title='bbox 1499 2595 1708 2663; x_wconf 87' lang='lat' dir='ltr'><strong>gratia,</strong></span> <span class='ocrx_word' id='word_1_187' title='bbox 1749 2608 1849 2663; x_wconf 88' lang='lat' dir='ltr'><strong>pro</strong></span> 
     </span>
    </p>
   </div>
   <div class='ocr_carea' id='block_1_28' title="bbox 233 2673 1846 2756">
    <p class='ocr_par' dir='ltr' id='par_1_28' title="bbox 233 2673 1846 2756">
     <span class='ocr_line' id='line_1_28' title="bbox 233 2673 1846 2756; baseline 0.01 -31"><span class='ocrx_word' id='word_1_188' title='bbox 233 2673 485 2745; x_wconf 64' lang='grc' dir='ltr'><strong>ἐλάλησεν</strong></span> <span class='ocrx_word' id='word_1_189' title='bbox 510 2719 524 2742; x_wconf 91' lang='grc'>,</span> <span class='ocrx_word' id='word_1_190' title='bbox 557 2679 710 2736; x_wconf 87' lang='lat' dir='ltr'><strong>dicat</strong></span> <span class='ocrx_word' id='word_1_191' title='bbox 737 2725 753 2749; x_wconf 89' lang='lat'><strong>,</strong></span> <span class='ocrx_word' id='word_1_192' title='bbox 794 2682 1158 2753; x_wconf 76' lang='grc' dir='ltr'><strong>ἐφθέγξατο,</strong></span> <span class='ocrx_word' id='word_1_193' title='bbox 1189 2690 1243 2735; x_wconf 89' lang='lat' dir='ltr'><strong>et</strong></span> <span class='ocrx_word' id='word_1_194' title='bbox 1266 2697 1362 2752; x_wconf 90' lang='lat' dir='ltr'><strong>pro</strong></span> <span class='ocrx_word' id='word_1_195' title='bbox 1390 2680 1572 2753; x_wconf 81' lang='grc' dir='ltr'>ἦλθεν,</span> <span class='ocrx_word' id='word_1_196' title='bbox 1602 2684 1846 2756; x_wconf 76' lang='grc' dir='ltr'><strong>ἐλήλυθε.</strong></span> 
     </span>
    </p>
   </div>
   <div class='ocr_carea' id='block_1_29' title="bbox 239 2764 1848 2848">
    <p class='ocr_par' dir='ltr' id='par_1_29' title="bbox 239 2764 1848 2848">
     <span class='ocr_line' id='line_1_29' title="bbox 239 2764 1848 2848; baseline 0.006 -25"><span class='ocrx_word' id='word_1_197' title='bbox 239 2764 529 2838; x_wconf 74' lang='lat' dir='ltr'><strong>Epiphanio</strong></span> <span class='ocrx_word' id='word_1_198' title='bbox 555 2776 767 2830; x_wconf 87' lang='lat' dir='ltr'><strong>similia</strong></span> <span class='ocrx_word' id='word_1_199' title='bbox 817 2786 1027 2831; x_wconf 89' lang='lat' dir='ltr'><strong>narrat</strong></span> <span class='ocrx_word' id='word_1_200' title='bbox 1056 2775 1372 2846; x_wconf 80' lang='lat' dir='ltr'><strong>Hesychius</strong></span> <span class='ocrx_word' id='word_1_201' title='bbox 1408 2778 1460 2831; x_wconf 91' lang='lat' dir='ltr'><strong>in</strong></span> <span class='ocrx_word' id='word_1_202' title='bbox 1495 2779 1690 2848; x_wconf 88' lang='lat' dir='ltr'><strong>psalm.</strong></span> <span class='ocrx_word' id='word_1_203' title='bbox 1744 2795 1848 2843; x_wconf 68' lang='grc' dir='ltr'><strong>κη,</strong></span> 
     </span>
    </p>
   </div>
   <div class='ocr_carea' id='block_1_30' title="bbox 243 2851 1846 2936">
    <p class='ocr_par' dir='ltr' id='par_1_30' title="bbox 243 2851 1846 2936">
     <span class='ocr_line' id='line_1_30' title="bbox 243 2851 1846 2936; baseline 0.012 -25"><span class='ocrx_word' id='word_1_204' title='bbox 243 2856 295 2920; x_wconf 79' lang='lat'><strong>6,</strong></span> <span class='ocrx_word' id='word_1_205' title='bbox 325 2862 418 2914; x_wconf 89' lang='lat' dir='ltr'><strong>ubi</strong></span> <span class='ocrx_word' id='word_1_206' title='bbox 441 2864 489 2916; x_wconf 87' lang='lat' dir='ltr'><strong>in</strong></span> <span class='ocrx_word' id='word_1_207' title='bbox 506 2863 616 2920; x_wconf 78' lang='lat' dir='ltr'><strong>inec</strong></span> <span class='ocrx_word' id='word_1_208' title='bbox 638 2865 934 2922; x_wconf 82' lang='lat' dir='ltr'><strong>Hebraica</strong></span> <span class='ocrx_word' id='word_1_209' title='bbox 948 2868 1131 2923; x_wconf 88' lang='lat' dir='ltr'><strong>verba</strong></span> <span class='ocrx_word' id='word_1_210' title='bbox 1158 2851 1249 2930; x_wconf 57' lang='lat'><strong>3&#39;73?</strong></span> <span class='ocrx_word' id='word_1_211' title='bbox 1265 2851 1372 2929; x_wconf 63' lang='grc' dir='ltr'>Βω</span> <span class='ocrx_word' id='word_1_212' title='bbox 1390 2876 1443 2927; x_wconf 66' lang='grc' dir='ltr'><strong>ν)</strong></span> <span class='ocrx_word' id='word_1_213' title='bbox 1460 2853 1613 2929; x_wconf 67' lang='grc' dir='ltr'><strong>ΓηἿῆ</strong></span> <span class='ocrx_word' id='word_1_214' title='bbox 1634 2878 1846 2936; x_wconf 63' lang='lat' dir='ltr'><strong>mura,</strong></span> 
     </span>
    </p>
   </div>
   <div class='ocr_carea' id='block_1_31' title="bbox 249 2949 1851 3034">
    <p class='ocr_par' dir='ltr' id='par_1_31' title="bbox 249 2949 1851 3034">
     <span class='ocr_line' id='line_1_31' title="bbox 249 2949 1851 3034; baseline 0.01 -30"><span class='ocrx_word' id='word_1_215' title='bbox 249 2949 352 3005; x_wconf 65' lang='lat' dir='ltr'><strong>hac</strong></span> <span class='ocrx_word' id='word_1_216' title='bbox 385 2953 762 3025; x_wconf 84' lang='lat' dir='ltr'><strong>interpretatio</strong></span> <span class='ocrx_word' id='word_1_217' title='bbox 793 2960 1060 3014; x_wconf 84' lang='lat' dir='ltr'><strong>occurrit</strong></span> <span class='ocrx_word' id='word_1_218' title='bbox 1103 2960 1165 3014; x_wconf 90' lang='lat' dir='ltr'><strong>in</strong></span> <span class='ocrx_word' id='word_1_219' title='bbox 1197 2959 1358 3024; x_wconf 82' lang='lat' dir='ltr'><strong>LXX,</strong></span> <span class='ocrx_word' id='word_1_220' title='bbox 1392 2961 1542 3032; x_wconf 77' lang='grc' dir='ltr'><strong>’ᾼσω</strong></span> <span class='ocrx_word' id='word_1_221' title='bbox 1561 2961 1637 3032; x_wconf 81' lang='grc' dir='ltr'><strong>τῷ</strong></span> <span class='ocrx_word' id='word_1_222' title='bbox 1663 2963 1851 3034; x_wconf 84' lang='grc' dir='ltr'>Κυρίῳ</span> 
     </span>
    </p>
   </div>
   <div class='ocr_carea' id='block_1_32' title="bbox 246 3043 1846 3124">
    <p class='ocr_par' dir='ltr' id='par_1_32' title="bbox 246 3043 1846 3124">
     <span class='ocr_line' id='line_1_32' title="bbox 246 3043 1846 3124; baseline 0.006 -27"><span class='ocrx_word' id='word_1_223' title='bbox 246 3043 318 3112; x_wconf 73' lang='grc' dir='ltr'><strong>τῷ</strong></span> <span class='ocrx_word' id='word_1_224' title='bbox 345 3047 764 3122; x_wconf 65' lang='grc' dir='ltr'>εὖερτετήσαντί</span> <span class='ocrx_word' id='word_1_225' title='bbox 808 3070 903 3123; x_wconf 82' lang='grc' dir='ltr'><strong>με,</strong></span> <span class='ocrx_word' id='word_1_226' title='bbox 938 3054 1039 3107; x_wconf 77' lang='grc' dir='ltr'><strong>καὶ</strong></span> <span class='ocrx_word' id='word_1_227' title='bbox 1061 3050 1230 3122; x_wconf 73' lang='grc' dir='ltr'>ψαλῶ</span> <span class='ocrx_word' id='word_1_228' title='bbox 1259 3051 1333 3122; x_wconf 82' lang='grc' dir='ltr'>τῷ</span> <span class='ocrx_word' id='word_1_229' title='bbox 1368 3052 1594 3122; x_wconf 79' lang='grc' dir='ltr'>ὀνόματι</span> <span class='ocrx_word' id='word_1_230' title='bbox 1642 3053 1846 3124; x_wconf 79' lang='grc' dir='ltr'><strong>Κυρίου</strong></span> 
     </span>
    </p>
   </div>
   <div class='ocr_carea' id='block_1_33' title="bbox 1970 575 3539 644">
    <p class='ocr_par' dir='ltr' id='par_1_33' title="bbox 1970 575 3539 644">
     <span class='ocr_line' id='line_1_33' title="bbox 1970 575 3539 644; baseline 0.001 -14"><span class='ocrx_word' id='word_1_231' title='bbox 1970 575 2206 634; x_wconf 82' lang='lat' dir='ltr'><strong>mirabili</strong></span> <span class='ocrx_word' id='word_1_232' title='bbox 2228 589 2500 630; x_wconf 86' lang='lat' dir='ltr'><strong>consensu</strong></span> <span class='ocrx_word' id='word_1_233' title='bbox 2527 575 2866 644; x_wconf 86' lang='lat' dir='ltr'><strong>interpretati</strong></span> <span class='ocrx_word' id='word_1_234' title='bbox 2894 585 3041 640; x_wconf 89' lang='lat' dir='ltr'><strong>sunt,</strong></span> <span class='ocrx_word' id='word_1_235' title='bbox 3067 585 3128 630; x_wconf 93' lang='lat' dir='ltr'><strong>ut</strong></span> <span class='ocrx_word' id='word_1_236' title='bbox 3157 592 3224 629; x_wconf 89' lang='lat' dir='ltr'><strong>ne</strong></span> <span class='ocrx_word' id='word_1_237' title='bbox 3252 576 3539 632; x_wconf 82' lang='lat' dir='ltr'><strong>minimum</strong></span> 
     </span>
    </p>
   </div>
   <div class='ocr_carea' id='block_1_34' title="bbox 1967 656 3539 736">
    <p class='ocr_par' dir='ltr' id='par_1_34' title="bbox 1967 656 3539 736">
     <span class='ocr_line' id='line_1_34' title="bbox 1967 656 3539 736; baseline 0.001 -16"><span class='ocrx_word' id='word_1_238' title='bbox 1967 667 2185 735; x_wconf 85' lang='lat' dir='ltr'><strong>quidem</strong></span> <span class='ocrx_word' id='word_1_239' title='bbox 2206 666 2492 720; x_wconf 74' lang='lat' dir='ltr'><strong>interesset</strong></span> <span class='ocrx_word' id='word_1_240' title='bbox 2521 665 2879 729; x_wconf 79' lang='lat' dir='ltr'><strong>discriminis,</strong></span> <span class='ocrx_word' id='word_1_241' title='bbox 2909 665 2977 720; x_wconf 90' lang='lat' dir='ltr'><strong>ad</strong></span> <span class='ocrx_word' id='word_1_242' title='bbox 3004 667 3132 736; x_wconf 90' lang='lat' dir='ltr'><strong>quid</strong></span> <span class='ocrx_word' id='word_1_243' title='bbox 3167 666 3273 722; x_wconf 63' lang='lat' dir='ltr'><strong>illa:</strong></span> <span class='ocrx_word' id='word_1_244' title='bbox 3301 656 3443 728; x_wconf 62' lang='lat' dir='ltr'><strong>utimr</strong></span> <span class='ocrx_word' id='word_1_245' title='bbox 3472 671 3539 724; x_wconf 86' lang='lat' dir='ltr'><strong>ad</strong></span> 
     </span>
    </p>
   </div>
   <div class='ocr_carea' id='block_1_35' title="bbox 1969 753 3631 833">
    <p class='ocr_par' dir='ltr' id='par_1_35' title="bbox 1969 753 3631 833">
     <span class='ocr_line' id='line_1_35' title="bbox 1969 753 3631 833; baseline 0 -24"><span class='ocrx_word' id='word_1_246' title='bbox 1969 755 2260 810; x_wconf 88' lang='lat' dir='ltr'><strong>indicanda</strong></span> <span class='ocrx_word' id='word_1_247' title='bbox 2281 753 2644 810; x_wconf 86' lang='lat' dir='ltr'><strong>discrimina?</strong></span> <span class='ocrx_word' id='word_1_248' title='bbox 2680 753 2736 808; x_wconf 87' lang='lat' dir='ltr'><strong>Si</strong></span> <span class='ocrx_word' id='word_1_249' title='bbox 2768 769 2919 817; x_wconf 89' lang='lat' dir='ltr'><strong>vero,</strong></span> <span class='ocrx_word' id='word_1_250' title='bbox 2957 762 3017 807; x_wconf 92' lang='lat' dir='ltr'><strong>ut</strong></span> <span class='ocrx_word' id='word_1_251' title='bbox 3060 754 3138 810; x_wconf 78' lang='lat' dir='ltr'><strong>ait</strong></span> <span class='ocrx_word' id='word_1_252' title='bbox 3180 753 3540 824; x_wconf 85' lang='lat' dir='ltr'><strong>Epiphanius,-</strong></span> <span class='ocrx_word' id='word_1_253' title='bbox 3605 764 3631 833; x_wconf 63' lang='grc'><strong>⁸,</strong></span> 
     </span>
    </p>
   </div>
   <div class='ocr_carea' id='block_1_36' title="bbox 1968 844 3543 915">
    <p class='ocr_par' dir='ltr' id='par_1_36' title="bbox 1968 844 3543 915">
     <span class='ocr_line' id='line_1_36' title="bbox 1968 844 3543 915; baseline -0.001 -15"><span class='ocrx_word' id='word_1_254' title='bbox 1968 847 2288 908; x_wconf 90' lang='lat' dir='ltr'><strong>lemniscus,</strong></span> <span class='ocrx_word' id='word_1_255' title='bbox 2318 845 2412 915; x_wconf 79' lang='lat' dir='ltr'><strong>qui</strong></span> <span class='ocrx_word' id='word_1_256' title='bbox 2443 844 2661 899; x_wconf 90' lang='lat' dir='ltr'><strong>duobus</strong></span> <span class='ocrx_word' id='word_1_257' title='bbox 2685 844 2902 913; x_wconf 87' lang='lat' dir='ltr'><strong>punctis</strong></span> <span class='ocrx_word' id='word_1_258' title='bbox 2933 853 3174 909; x_wconf 89' lang='lat' dir='ltr'><strong>notatur,</strong></span> <span class='ocrx_word' id='word_1_259' title='bbox 3199 845 3543 915; x_wconf 78' lang='lat' dir='ltr'><strong>signiﬁcabat</strong></span> 
     </span>
    </p>
   </div>
   <div class='ocr_carea' id='block_1_37' title="bbox 1965 934 3543 1006">
    <p class='ocr_par' dir='ltr' id='par_1_37' title="bbox 1965 934 3543 1006">
     <span class='ocr_line' id='line_1_37' title="bbox 1965 934 3543 1006; baseline -0.001 -15"><span class='ocrx_word' id='word_1_260' title='bbox 1965 937 2076 991; x_wconf 88' lang='lat' dir='ltr'><strong>duo</strong></span> <span class='ocrx_word' id='word_1_261' title='bbox 2106 937 2458 1006; x_wconf 90' lang='lat' dir='ltr'><strong>interpretum</strong></span> <span class='ocrx_word' id='word_1_262' title='bbox 2482 935 2635 1004; x_wconf 87' lang='lat' dir='ltr'><strong>paria</strong></span> <span class='ocrx_word' id='word_1_263' title='bbox 2671 950 2853 988; x_wconf 89' lang='lat' dir='ltr'><strong>secum</strong></span> <span class='ocrx_word' id='word_1_264' title='bbox 2887 934 3176 990; x_wconf 91' lang='lat' dir='ltr'><strong>convenire</strong></span> <span class='ocrx_word' id='word_1_265' title='bbox 3205 935 3275 990; x_wconf 89' lang='lat' dir='ltr'><strong>ab</strong></span> <span class='ocrx_word' id='word_1_266' title='bbox 3309 935 3543 1004; x_wconf 83' lang='lat' dir='ltr'><strong>aliisque</strong></span> 
     </span>
    </p>
   </div>
   <div class='ocr_carea' id='block_1_38' title="bbox 1966 1026 3539 1099">
    <p class='ocr_par' dir='ltr' id='par_1_38' title="bbox 1966 1026 3539 1099">
     <span class='ocr_line' id='line_1_38' title="bbox 1966 1026 3539 1099; baseline -0.002 -16"><span class='ocrx_word' id='word_1_267' title='bbox 1966 1028 2310 1098; x_wconf 83' lang='lat' dir='ltr'><strong>discrepare;</strong></span> <span class='ocrx_word' id='word_1_268' title='bbox 2356 1028 2798 1099; x_wconf 79' lang='lat' dir='ltr'><strong>bypolemniscos</strong></span> <span class='ocrx_word' id='word_1_269' title='bbox 2843 1043 3009 1093; x_wconf 88' lang='lat' dir='ltr'><strong>vero,</strong></span> <span class='ocrx_word' id='word_1_270' title='bbox 3051 1026 3142 1096; x_wconf 85' lang='lat' dir='ltr'><strong>qui</strong></span> <span class='ocrx_word' id='word_1_271' title='bbox 3201 1042 3313 1080; x_wconf 90' lang='lat' dir='ltr'><strong>uno</strong></span> <span class='ocrx_word' id='word_1_272' title='bbox 3361 1027 3539 1081; x_wconf 85' lang='lat' dir='ltr'><strong>solum</strong></span> 
     </span>
    </p>
   </div>
   <div class='ocr_carea' id='block_1_39' title="bbox 1965 1115 3540 1187">
    <p class='ocr_par' dir='ltr' id='par_1_39' title="bbox 1965 1115 3540 1187">
     <span class='ocr_line' id='line_1_39' title="bbox 1965 1115 3540 1187; baseline 0.001 -18"><span class='ocrx_word' id='word_1_273' title='bbox 1965 1126 2167 1187; x_wconf 86' lang='lat' dir='ltr'><strong>puncto</strong></span> <span class='ocrx_word' id='word_1_274' title='bbox 2191 1126 2430 1180; x_wconf 89' lang='lat' dir='ltr'><strong>notatur,</strong></span> <span class='ocrx_word' id='word_1_275' title='bbox 2459 1133 2629 1171; x_wconf 89' lang='lat' dir='ltr'><strong>unum</strong></span> <span class='ocrx_word' id='word_1_276' title='bbox 2656 1133 2751 1187; x_wconf 87' lang='lat' dir='ltr'><strong>par</strong></span> <span class='ocrx_word' id='word_1_277' title='bbox 2788 1117 3141 1185; x_wconf 90' lang='lat' dir='ltr'><strong>interpretum</strong></span> <span class='ocrx_word' id='word_1_278' title='bbox 3178 1115 3246 1170; x_wconf 90' lang='lat' dir='ltr'><strong>ab</strong></span> <span class='ocrx_word' id='word_1_279' title='bbox 3276 1116 3398 1171; x_wconf 90' lang='lat' dir='ltr'><strong>aliis</strong></span> <span class='ocrx_word' id='word_1_280' title='bbox 3421 1129 3540 1170; x_wconf 87' lang='lat' dir='ltr'><strong>om-</strong></span> 
     </span>
    </p>
   </div>
   <div class='ocr_carea' id='block_1_40' title="bbox 1964 1206 3541 1276">
    <p class='ocr_par' dir='ltr' id='par_1_40' title="bbox 1964 1206 3541 1276">
     <span class='ocr_line' id='line_1_40' title="bbox 1964 1206 3541 1276; baseline -0.001 -14"><span class='ocrx_word' id='word_1_281' title='bbox 1964 1209 2128 1263; x_wconf 80' lang='lat' dir='ltr'><strong>nibus</strong></span> <span class='ocrx_word' id='word_1_282' title='bbox 2154 1207 2368 1262; x_wconf 80' lang='lat' dir='ltr'><strong>diﬂ‘erre</strong></span> <span class='ocrx_word' id='word_1_283' title='bbox 2398 1225 2412 1262; x_wconf 87' lang='lat'><strong>:</strong></span> <span class='ocrx_word' id='word_1_284' title='bbox 2439 1207 2658 1276; x_wconf 85' lang='lat' dir='ltr'><strong>quando</strong></span> <span class='ocrx_word' id='word_1_285' title='bbox 2689 1223 2752 1262; x_wconf 81' lang='lat' dir='ltr'><strong>ex</strong></span> <span class='ocrx_word' id='word_1_286' title='bbox 2779 1207 2996 1276; x_wconf 79' lang='lat' dir='ltr'><strong>triginta</strong></span> <span class='ocrx_word' id='word_1_287' title='bbox 3030 1221 3126 1261; x_wconf 79' lang='lat' dir='ltr'><strong>sex</strong></span> <span class='ocrx_word' id='word_1_288' title='bbox 3158 1206 3402 1275; x_wconf 88' lang='lat' dir='ltr'><strong>paribus,</strong></span> <span class='ocrx_word' id='word_1_289' title='bbox 3436 1207 3541 1261; x_wconf 82' lang='lat' dir='ltr'><strong>tria</strong></span> 
     </span>
    </p>
   </div>
   <div class='ocr_carea' id='block_1_41' title="bbox 1961 1299 3542 1370">
    <p class='ocr_par' dir='ltr' id='par_1_41' title="bbox 1961 1299 3542 1370">
     <span class='ocr_line' id='line_1_41' title="bbox 1961 1299 3542 1370; baseline -0.001 -16"><span class='ocrx_word' id='word_1_290' title='bbox 1961 1301 2046 1354; x_wconf 87' lang='lat' dir='ltr'><strong>vel</strong></span> <span class='ocrx_word' id='word_1_291' title='bbox 2079 1307 2316 1370; x_wconf 83' lang='lat' dir='ltr'><strong>quatuor</strong></span> <span class='ocrx_word' id='word_1_292' title='bbox 2338 1300 2421 1354; x_wconf 91' lang='lat' dir='ltr'><strong>vel</strong></span> <span class='ocrx_word' id='word_1_293' title='bbox 2445 1302 2654 1359; x_wconf 83' lang='lat' dir='ltr'><strong>decem.</strong></span> <span class='ocrx_word' id='word_1_294' title='bbox 2685 1300 2767 1354; x_wconf 90' lang='lat' dir='ltr'><strong>vel</strong></span> <span class='ocrx_word' id='word_1_295' title='bbox 2801 1299 3090 1355; x_wconf 90' lang='lat' dir='ltr'><strong>duodecim</strong></span> <span class='ocrx_word' id='word_1_296' title='bbox 3118 1299 3202 1354; x_wconf 89' lang='lat' dir='ltr'><strong>vel</strong></span> <span class='ocrx_word' id='word_1_297' title='bbox 3227 1299 3383 1369; x_wconf 86' lang='lat' dir='ltr'><strong>plura</strong></span> <span class='ocrx_word' id='word_1_298' title='bbox 3436 1299 3542 1354; x_wconf 83' lang='lat' dir='ltr'><strong>dif-</strong></span> 
     </span>
    </p>
   </div>
   <div class='ocr_carea' id='block_1_42' title="bbox 1964 1390 3541 1463">
    <p class='ocr_par' dir='ltr' id='par_1_42' title="bbox 1964 1390 3541 1463">
     <span class='ocr_line' id='line_1_42' title="bbox 1964 1390 3541 1463; baseline 0.001 -17"><span class='ocrx_word' id='word_1_299' title='bbox 1964 1392 2228 1458; x_wconf 78' lang='lat' dir='ltr'><strong>ferebant,</strong></span> <span class='ocrx_word' id='word_1_300' title='bbox 2260 1410 2381 1463; x_wconf 83' lang='lat' dir='ltr'><strong>quae</strong></span> <span class='ocrx_word' id='word_1_301' title='bbox 2418 1402 2547 1449; x_wconf 91' lang='lat' dir='ltr'><strong>tunc</strong></span> <span class='ocrx_word' id='word_1_302' title='bbox 2592 1401 2719 1446; x_wconf 92' lang='lat' dir='ltr'><strong>nota</strong></span> <span class='ocrx_word' id='word_1_303' title='bbox 2744 1392 3138 1448; x_wconf 80' lang='lat' dir='ltr'><strong>adhibebatur?</strong></span> <span class='ocrx_word' id='word_1_304' title='bbox 3176 1390 3310 1446; x_wconf 86' lang='lat' dir='ltr'><strong>Nam</strong></span> <span class='ocrx_word' id='word_1_305' title='bbox 3351 1393 3396 1448; x_wconf 90' lang='lat' dir='ltr'><strong>si</strong></span> <span class='ocrx_word' id='word_1_306' title='bbox 3429 1393 3541 1448; x_wconf 90' lang='lat' dir='ltr'><strong>duo</strong></span> 
     </span>
    </p>
   </div>
   <div class='ocr_carea' id='block_1_43' title="bbox 1962 1481 3542 1553">
    <p class='ocr_par' dir='ltr' id='par_1_43' title="bbox 1962 1481 3542 1553">
     <span class='ocr_line' id='line_1_43' title="bbox 1962 1481 3542 1553; baseline -0.001 -17"><span class='ocrx_word' id='word_1_307' title='bbox 1962 1482 2178 1537; x_wconf 70' lang='lat' dir='ltr'><strong>ditl‘erre</strong></span> <span class='ocrx_word' id='word_1_308' title='bbox 2199 1493 2464 1553; x_wconf 87' lang='lat' dir='ltr'><strong>poterant,</strong></span> <span class='ocrx_word' id='word_1_309' title='bbox 2495 1484 2614 1538; x_wconf 90' lang='lat' dir='ltr'><strong>sine</strong></span> <span class='ocrx_word' id='word_1_310' title='bbox 2641 1482 2805 1537; x_wconf 87' lang='lat' dir='ltr'><strong>dubio</strong></span> <span class='ocrx_word' id='word_1_311' title='bbox 2826 1490 3074 1552; x_wconf 89' lang='lat' dir='ltr'><strong>poterant</strong></span> <span class='ocrx_word' id='word_1_312' title='bbox 3094 1490 3148 1536; x_wconf 90' lang='lat' dir='ltr'><strong>et</strong></span> <span class='ocrx_word' id='word_1_313' title='bbox 3181 1481 3282 1536; x_wconf 91' lang='lat' dir='ltr'><strong>tria</strong></span> <span class='ocrx_word' id='word_1_314' title='bbox 3307 1489 3359 1536; x_wconf 90' lang='lat' dir='ltr'><strong>et</strong></span> <span class='ocrx_word' id='word_1_315' title='bbox 3379 1481 3542 1552; x_wconf 87' lang='lat' dir='ltr'><strong>quin-</strong></span> 
     </span>
    </p>
   </div>
   <div class='ocr_carea' id='block_1_44' title="bbox 1960 1570 2683 1639">
    <p class='ocr_par' dir='ltr' id='par_1_44' title="bbox 1960 1570 2683 1639">
     <span class='ocr_line' id='line_1_44' title="bbox 1960 1570 2683 1639; baseline 0.004 -18"><span class='ocrx_word' id='word_1_316' title='bbox 1960 1583 2066 1639; x_wconf 91' lang='lat' dir='ltr'><strong>que</strong></span> <span class='ocrx_word' id='word_1_317' title='bbox 2096 1579 2149 1622; x_wconf 87' lang='lat' dir='ltr'><strong>et</strong></span> <span class='ocrx_word' id='word_1_318' title='bbox 2176 1570 2329 1639; x_wconf 83' lang='lat' dir='ltr'><strong>plura</strong></span> <span class='ocrx_word' id='word_1_319' title='bbox 2354 1570 2683 1639; x_wconf 86' lang='lat' dir='ltr'><strong>discrepare.</strong></span> 
     </span>
    </p>
   </div>
   <div class='ocr_carea' id='block_1_45' title="bbox 2031 1658 3537 1730">
    <p class='ocr_par' dir='ltr' id='par_1_45' title="bbox 2031 1658 3537 1730">
     <span class='ocr_line' id='line_1_45' title="bbox 2031 1658 3537 1730; baseline 0.001 -18"><span class='ocrx_word' id='word_1_320' title='bbox 2031 1658 2209 1725; x_wconf 88' lang='lat' dir='ltr'><strong>Quare</strong></span> <span class='ocrx_word' id='word_1_321' title='bbox 2240 1661 2344 1714; x_wconf 90' lang='lat' dir='ltr'><strong>hoc</strong></span> <span class='ocrx_word' id='word_1_322' title='bbox 2371 1699 2386 1724; x_wconf 90' lang='lat'><strong>,</strong></span> <span class='ocrx_word' id='word_1_323' title='bbox 2437 1669 2622 1730; x_wconf 90' lang='lat' dir='ltr'><strong>utpote</strong></span> <span class='ocrx_word' id='word_1_324' title='bbox 2673 1659 2924 1715; x_wconf 82' lang='lat' dir='ltr'><strong>tabuloso</strong></span> <span class='ocrx_word' id='word_1_325' title='bbox 2948 1698 2964 1722; x_wconf 93' lang='lat'><strong>,</strong></span> <span class='ocrx_word' id='word_1_326' title='bbox 3002 1659 3391 1718; x_wconf 88' lang='lat' dir='ltr'><strong>lemniscorum</strong></span> <span class='ocrx_word' id='word_1_327' title='bbox 3433 1675 3537 1716; x_wconf 90' lang='lat' dir='ltr'><strong>usu</strong></span> 
     </span>
    </p>
   </div>
   <div class='ocr_carea' id='block_1_46' title="bbox 1960 1752 3533 1824">
    <p class='ocr_par' dir='ltr' id='par_1_46' title="bbox 1960 1752 3533 1824">
     <span class='ocr_line' id='line_1_46' title="bbox 1960 1752 3533 1824; baseline 0.002 -19"><span class='ocrx_word' id='word_1_328' title='bbox 1960 1752 2185 1821; x_wconf 85' lang='lat' dir='ltr'><strong>rejecto,</strong></span> <span class='ocrx_word' id='word_1_329' title='bbox 2221 1753 2362 1808; x_wconf 90' lang='lat' dir='ltr'><strong>alius</strong></span> <span class='ocrx_word' id='word_1_330' title='bbox 2390 1754 2570 1809; x_wconf 89' lang='lat' dir='ltr'><strong>verior</strong></span> <span class='ocrx_word' id='word_1_331' title='bbox 2613 1754 2992 1824; x_wconf 85' lang='lat' dir='ltr'><strong>sinceriorque</strong></span> <span class='ocrx_word' id='word_1_332' title='bbox 3031 1753 3400 1824; x_wconf 85' lang='lat' dir='ltr'><strong>exquirendus</strong></span> <span class='ocrx_word' id='word_1_333' title='bbox 3429 1762 3533 1808; x_wconf 90' lang='lat' dir='ltr'><strong>est.</strong></span> 
     </span>
    </p>
   </div>
   <div class='ocr_carea' id='block_1_47' title="bbox 1892 1829 3539 1914">
    <p class='ocr_par' dir='ltr' id='par_1_47' title="bbox 1892 1829 3539 1914">
     <span class='ocr_line' id='line_1_47' title="bbox 1892 1829 3539 1914; baseline 0.001 -18"><span class='ocrx_word' id='word_1_334' title='bbox 1892 1829 1934 1885; x_wconf 75' lang='grc' dir='ltr'><strong>Β</strong></span> <span class='ocrx_word' id='word_1_335' title='bbox 1961 1841 2202 1898; x_wconf 80' lang='lat' dir='ltr'><strong>Joannes</strong></span> <span class='ocrx_word' id='word_1_336' title='bbox 2234 1842 2516 1898; x_wconf 87' lang='lat' dir='ltr'><strong>Curterius</strong></span> <span class='ocrx_word' id='word_1_337' title='bbox 2545 1840 2871 1898; x_wconf 75' lang='lat' dir='ltr'><strong>Prazlatione</strong></span> <span class='ocrx_word' id='word_1_338' title='bbox 2891 1844 2944 1897; x_wconf 91' lang='lat' dir='ltr'><strong>in</strong></span> <span class='ocrx_word' id='word_1_339' title='bbox 2968 1842 3222 1914; x_wconf 89' lang='lat' dir='ltr'><strong>Procopii</strong></span> <span class='ocrx_word' id='word_1_340' title='bbox 3259 1843 3539 1898; x_wconf 81' lang='lat' dir='ltr'><strong>Commen-</strong></span> 
     </span>
    </p>
   </div>
   <div class='ocr_carea' id='block_1_48' title="bbox 1951 1934 3525 2005">
    <p class='ocr_par' dir='ltr' id='par_1_48' title="bbox 1951 1934 3525 2005">
     <span class='ocr_line' id='line_1_48' title="bbox 1951 1934 3525 2005; baseline 0.001 -17"><span class='ocrx_word' id='word_1_341' title='bbox 1951 1935 2146 1988; x_wconf 86' lang='lat' dir='ltr'><strong>tarium</strong></span> <span class='ocrx_word' id='word_1_342' title='bbox 2169 1935 2223 1989; x_wconf 79' lang='lat' dir='ltr'><strong>in</strong></span> <span class='ocrx_word' id='word_1_343' title='bbox 2251 1934 2529 2000; x_wconf 80' lang='lat' dir='ltr'><strong>Hesaiam,</strong></span> <span class='ocrx_word' id='word_1_344' title='bbox 2564 1943 2718 2004; x_wconf 87' lang='lat' dir='ltr'><strong>putat</strong></span> <span class='ocrx_word' id='word_1_345' title='bbox 2749 1935 3048 1990; x_wconf 90' lang='lat' dir='ltr'><strong>lemniscos</strong></span> <span class='ocrx_word' id='word_1_346' title='bbox 3084 1935 3393 2005; x_wconf 79' lang='lat' dir='ltr'><strong>signiﬁcare</strong></span> <span class='ocrx_word' id='word_1_347' title='bbox 3441 1937 3525 1990; x_wconf 84' lang='lat' dir='ltr'><strong>in-</strong></span> 
     </span>
    </p>
   </div>
   <div class='ocr_carea' id='block_1_49' title="bbox 1949 2025 3531 2098">
    <p class='ocr_par' dir='ltr' id='par_1_49' title="bbox 1949 2025 3531 2098">
     <span class='ocr_line' id='line_1_49' title="bbox 1949 2025 3531 2098; baseline 0.004 -20"><span class='ocrx_word' id='word_1_348' title='bbox 1949 2033 2212 2094; x_wconf 88' lang='lat' dir='ltr'><strong>terpretes</strong></span> <span class='ocrx_word' id='word_1_349' title='bbox 2272 2025 2486 2096; x_wconf 89' lang='lat' dir='ltr'><strong>aliquos</strong></span> <span class='ocrx_word' id='word_1_350' title='bbox 2553 2025 2734 2080; x_wconf 88' lang='lat' dir='ltr'><strong>verbis</strong></span> <span class='ocrx_word' id='word_1_351' title='bbox 2797 2027 3136 2089; x_wconf 87' lang='lat' dir='ltr'><strong>convenire.</strong></span> <span class='ocrx_word' id='word_1_352' title='bbox 3218 2028 3531 2098; x_wconf 85' lang='lat' dir='ltr'><strong>discrepare</strong></span> 
     </span>
    </p>
   </div>
   <div class='ocr_carea' id='block_1_50' title="bbox 1949 2117 3534 2189">
    <p class='ocr_par' dir='ltr' id='par_1_50' title="bbox 1949 2117 3534 2189">
     <span class='ocr_line' id='line_1_50' title="bbox 1949 2117 3534 2189; baseline 0.002 -17"><span class='ocrx_word' id='word_1_353' title='bbox 1949 2129 2114 2172; x_wconf 88' lang='lat' dir='ltr'><strong>sensu</strong></span> <span class='ocrx_word' id='word_1_354' title='bbox 2145 2136 2158 2181; x_wconf 90' lang='lat'>;</span> <span class='ocrx_word' id='word_1_355' title='bbox 2217 2117 2658 2189; x_wconf 89' lang='lat' dir='ltr'><strong>bypolemniscos</strong></span> <span class='ocrx_word' id='word_1_356' title='bbox 2688 2125 2869 2172; x_wconf 85' lang='lat' dir='ltr'><strong>autem</strong></span> <span class='ocrx_word' id='word_1_357' title='bbox 2894 2157 2910 2183; x_wconf 93' lang='lat'><strong>,</strong></span> <span class='ocrx_word' id='word_1_358' title='bbox 2956 2128 3012 2176; x_wconf 85' lang='lat' dir='ltr'><strong>et</strong></span> <span class='ocrx_word' id='word_1_359' title='bbox 3044 2121 3227 2175; x_wconf 87' lang='lat' dir='ltr'><strong>verbis</strong></span> <span class='ocrx_word' id='word_1_360' title='bbox 3267 2131 3321 2176; x_wconf 90' lang='lat' dir='ltr'><strong>et</strong></span> <span class='ocrx_word' id='word_1_361' title='bbox 3367 2137 3534 2176; x_wconf 87' lang='lat' dir='ltr'><strong>sensu</strong></span> 
     </span>
    </p>
   </div>
   <div class='ocr_carea' id='block_1_51' title="bbox 1948 2209 3535 2282">
    <p class='ocr_par' dir='ltr' id='par_1_51' title="bbox 1948 2209 3535 2282">
     <span class='ocr_line' id='line_1_51' title="bbox 1948 2209 3535 2282; baseline 0.002 -18"><span class='ocrx_word' id='word_1_362' title='bbox 1948 2209 2280 2279; x_wconf 89' lang='lat' dir='ltr'><strong>discrepare.</strong></span> <span class='ocrx_word' id='word_1_363' title='bbox 2310 2209 2414 2265; x_wconf 82' lang='lat' dir='ltr'><strong>Sed</strong></span> <span class='ocrx_word' id='word_1_364' title='bbox 2445 2211 2496 2266; x_wconf 90' lang='lat' dir='ltr'><strong>id</strong></span> <span class='ocrx_word' id='word_1_365' title='bbox 2523 2213 2692 2282; x_wconf 80' lang='lat' dir='ltr'><strong>gratis</strong></span> <span class='ocrx_word' id='word_1_366' title='bbox 2725 2221 2780 2268; x_wconf 91' lang='lat' dir='ltr'><strong>et</strong></span> <span class='ocrx_word' id='word_1_367' title='bbox 2806 2213 2927 2268; x_wconf 88' lang='lat' dir='ltr'><strong>sine</strong></span> <span class='ocrx_word' id='word_1_368' title='bbox 2957 2214 3288 2269; x_wconf 90' lang='lat' dir='ltr'><strong>auctoritate</strong></span> <span class='ocrx_word' id='word_1_369' title='bbox 3315 2213 3420 2267; x_wconf 91' lang='lat' dir='ltr'><strong>ulla</strong></span> <span class='ocrx_word' id='word_1_370' title='bbox 3452 2214 3535 2267; x_wconf 81' lang='lat' dir='ltr'><strong>di-</strong></span> 
     </span>
    </p>
   </div>
   <div class='ocr_carea' id='block_1_52' title="bbox 1950 2299 3530 2372">
    <p class='ocr_par' dir='ltr' id='par_1_52' title="bbox 1950 2299 3530 2372">
     <span class='ocr_line' id='line_1_52' title="bbox 1950 2299 3530 2372; baseline 0.001 -18"><span class='ocrx_word' id='word_1_371' title='bbox 1950 2299 2114 2365; x_wconf 89' lang='lat' dir='ltr'><strong>citur,</strong></span> <span class='ocrx_word' id='word_1_372' title='bbox 2140 2315 2238 2354; x_wconf 91' lang='lat' dir='ltr'><strong>nec</strong></span> <span class='ocrx_word' id='word_1_373' title='bbox 2266 2299 2492 2368; x_wconf 74' lang='lat' dir='ltr'><strong>intelligi</strong></span> <span class='ocrx_word' id='word_1_374' title='bbox 2522 2309 2702 2370; x_wconf 88' lang='lat' dir='ltr'><strong>potest</strong></span> <span class='ocrx_word' id='word_1_375' title='bbox 2725 2315 2835 2370; x_wconf 91' lang='lat' dir='ltr'><strong>quo</strong></span> <span class='ocrx_word' id='word_1_376' title='bbox 2866 2311 3024 2370; x_wconf 88' lang='lat' dir='ltr'><strong>pacto</strong></span> <span class='ocrx_word' id='word_1_377' title='bbox 3050 2299 3311 2372; x_wconf 83' lang='lat' dir='ltr'><strong>Origenes</strong></span> <span class='ocrx_word' id='word_1_378' title='bbox 3334 2302 3530 2357; x_wconf 86' lang='lat' dir='ltr'><strong>lemni-</strong></span> 
     </span>
    </p>
   </div>
   <div class='ocr_carea' id='block_1_53' title="bbox 1951 2389 3526 2462">
    <p class='ocr_par' dir='ltr' id='par_1_53' title="bbox 1951 2389 3526 2462">
     <span class='ocr_line' id='line_1_53' title="bbox 1951 2389 3526 2462; baseline 0 -18"><span class='ocrx_word' id='word_1_379' title='bbox 1951 2405 2076 2444; x_wconf 84' lang='lat' dir='ltr'><strong>scos</strong></span> <span class='ocrx_word' id='word_1_380' title='bbox 2106 2398 2160 2444; x_wconf 89' lang='lat' dir='ltr'><strong>et</strong></span> <span class='ocrx_word' id='word_1_381' title='bbox 2181 2389 2622 2462; x_wconf 88' lang='lat' dir='ltr'><strong>bypolemniscos</strong></span> <span class='ocrx_word' id='word_1_382' title='bbox 2656 2390 2721 2445; x_wconf 90' lang='lat' dir='ltr'><strong>ad</strong></span> <span class='ocrx_word' id='word_1_383' title='bbox 2751 2389 2911 2443; x_wconf 88' lang='lat' dir='ltr'><strong>talem</strong></span> <span class='ocrx_word' id='word_1_384' title='bbox 2937 2405 3098 2445; x_wconf 89' lang='lat' dir='ltr'><strong>usum</strong></span> <span class='ocrx_word' id='word_1_385' title='bbox 3149 2391 3526 2447; x_wconf 86' lang='lat' dir='ltr'><strong>destinaverit.</strong></span> 
     </span>
    </p>
   </div>
   <div class='ocr_carea' id='block_1_54' title="bbox 1952 2484 3530 2556">
    <p class='ocr_par' dir='ltr' id='par_1_54' title="bbox 1952 2484 3530 2556">
     <span class='ocr_line' id='line_1_54' title="bbox 1952 2484 3530 2556; baseline 0.001 -18"><span class='ocrx_word' id='word_1_386' title='bbox 1952 2484 2158 2540; x_wconf 84' lang='lat' dir='ltr'><strong>Masius</strong></span> <span class='ocrx_word' id='word_1_387' title='bbox 2191 2501 2321 2541; x_wconf 89' lang='lat' dir='ltr'><strong>vero</strong></span> <span class='ocrx_word' id='word_1_388' title='bbox 2356 2495 2509 2556; x_wconf 90' lang='lat' dir='ltr'><strong>putat</strong></span> <span class='ocrx_word' id='word_1_389' title='bbox 2537 2494 2664 2540; x_wconf 90' lang='lat' dir='ltr'><strong>tunc</strong></span> <span class='ocrx_word' id='word_1_390' title='bbox 2696 2486 2977 2555; x_wconf 80' lang='lat' dir='ltr'><strong>appositas</strong></span> <span class='ocrx_word' id='word_1_391' title='bbox 3027 2484 3200 2541; x_wconf 82' lang='lat' dir='ltr'><strong>fuisse</strong></span> <span class='ocrx_word' id='word_1_392' title='bbox 3235 2486 3530 2541; x_wconf 86' lang='lat' dir='ltr'><strong>lemniscos</strong></span> 
     </span>
    </p>
   </div>
   <div class='ocr_carea' id='block_1_55' title="bbox 1950 2573 3529 2646">
    <p class='ocr_par' dir='ltr' id='par_1_55' title="bbox 1950 2573 3529 2646">
     <span class='ocr_line' id='line_1_55' title="bbox 1950 2573 3529 2646; baseline -0.001 -18"><span class='ocrx_word' id='word_1_393' title='bbox 1950 2584 2005 2628; x_wconf 87' lang='lat' dir='ltr'><strong>et</strong></span> <span class='ocrx_word' id='word_1_394' title='bbox 2035 2575 2488 2646; x_wconf 81' lang='lat' dir='ltr'><strong>bypolemniscos,</strong></span> <span class='ocrx_word' id='word_1_395' title='bbox 2515 2589 2640 2628; x_wconf 91' lang='lat' dir='ltr'><strong>cum</strong></span> <span class='ocrx_word' id='word_1_396' title='bbox 2671 2573 2854 2628; x_wconf 87' lang='lat' dir='ltr'><strong>varias</strong></span> <span class='ocrx_word' id='word_1_397' title='bbox 2878 2573 3142 2628; x_wconf 89' lang='lat' dir='ltr'><strong>lectiones</strong></span> <span class='ocrx_word' id='word_1_398' title='bbox 3180 2573 3366 2642; x_wconf 90' lang='lat' dir='ltr'><strong>plures</strong></span> <span class='ocrx_word' id='word_1_399' title='bbox 3393 2588 3529 2642; x_wconf 87' lang='lat' dir='ltr'><strong>pau-</strong></span> 
     </span>
    </p>
   </div>
   <div class='ocr_carea' id='block_1_56' title="bbox 1951 2663 3530 2722">
    <p class='ocr_par' dir='ltr' id='par_1_56' title="bbox 1951 2663 3530 2722">
     <span class='ocr_line' id='line_1_56' title="bbox 1951 2663 3530 2722; baseline -0.002 -1"><span class='ocrx_word' id='word_1_400' title='bbox 1951 2666 2195 2722; x_wconf 84' lang='lat' dir='ltr'><strong>cioresve</strong></span> <span class='ocrx_word' id='word_1_401' title='bbox 2240 2668 2457 2721; x_wconf 88' lang='lat' dir='ltr'><strong>codices</strong></span> <span class='ocrx_word' id='word_1_402' title='bbox 2493 2675 2819 2722; x_wconf 85' lang='lat' dir='ltr'><strong>assererem.</strong></span> <span class='ocrx_word' id='word_1_403' title='bbox 2857 2667 2938 2719; x_wconf 81' lang='lat' dir='ltr'><strong>An</strong></span> <span class='ocrx_word' id='word_1_404' title='bbox 2994 2679 3124 2720; x_wconf 91' lang='lat' dir='ltr'><strong>vero</strong></span> <span class='ocrx_word' id='word_1_405' title='bbox 3155 2663 3416 2720; x_wconf 82' lang='lat' dir='ltr'><strong>credibile</strong></span> <span class='ocrx_word' id='word_1_406' title='bbox 3445 2672 3530 2719; x_wconf 87' lang='lat' dir='ltr'><strong>est</strong></span> 
     </span>
    </p>
   </div>
   <div class='ocr_carea' id='block_1_57' title="bbox 1952 2755 3527 2828">
    <p class='ocr_par' dir='ltr' id='par_1_57' title="bbox 1952 2755 3527 2828">
     <span class='ocr_line' id='line_1_57' title="bbox 1952 2755 3527 2828; baseline -0.001 -15"><span class='ocrx_word' id='word_1_407' title='bbox 1952 2758 2235 2828; x_wconf 88' lang='lat' dir='ltr'><strong>Origenem</strong></span> <span class='ocrx_word' id='word_1_408' title='bbox 2267 2758 2420 2813; x_wconf 89' lang='lat' dir='ltr'><strong>hisce</strong></span> <span class='ocrx_word' id='word_1_409' title='bbox 2457 2760 2601 2812; x_wconf 86' lang='lat' dir='ltr'><strong>notis</strong></span> <span class='ocrx_word' id='word_1_410' title='bbox 2626 2757 2691 2812; x_wconf 89' lang='lat' dir='ltr'><strong>ad</strong></span> <span class='ocrx_word' id='word_1_411' title='bbox 2737 2756 3072 2827; x_wconf 79' lang='lat' dir='ltr'><strong>exemplaria</strong></span> <span class='ocrx_word' id='word_1_412' title='bbox 3118 2755 3227 2810; x_wconf 83' lang='grc' dir='ltr'>τῶν</span> <span class='ocrx_word' id='word_1_413' title='bbox 3273 2762 3328 2810; x_wconf 85' lang='lat' dir='ltr'><strong>U&#39;</strong></span> <span class='ocrx_word' id='word_1_414' title='bbox 3373 2756 3527 2812; x_wconf 88' lang='lat' dir='ltr'><strong>varia</strong></span> 
     </span>
    </p>
   </div>
   <div class='ocr_carea' id='block_1_58' title="bbox 1951 2847 3527 2918">
    <p class='ocr_par' dir='ltr' id='par_1_58' title="bbox 1951 2847 3527 2918">
     <span class='ocr_line' id='line_1_58' title="bbox 1951 2847 3527 2918; baseline 0.002 -16"><span class='ocrx_word' id='word_1_415' title='bbox 1951 2849 2250 2913; x_wconf 88' lang='lat' dir='ltr'><strong>remisisse,</strong></span> <span class='ocrx_word' id='word_1_416' title='bbox 2281 2857 2374 2903; x_wconf 89' lang='lat' dir='ltr'><strong>aut</strong></span> <span class='ocrx_word' id='word_1_417' title='bbox 2399 2848 2790 2917; x_wconf 82' lang='lat' dir='ltr'><strong>exemplarium</strong></span> <span class='ocrx_word' id='word_1_418' title='bbox 2821 2847 3084 2902; x_wconf 90' lang='lat' dir='ltr'><strong>lectiones</strong></span> <span class='ocrx_word' id='word_1_419' title='bbox 3115 2849 3295 2904; x_wconf 88' lang='lat' dir='ltr'><strong>varias</strong></span> <span class='ocrx_word' id='word_1_420' title='bbox 3323 2848 3376 2904; x_wconf 91' lang='lat' dir='ltr'><strong>in</strong></span> <span class='ocrx_word' id='word_1_421' title='bbox 3405 2848 3527 2918; x_wconf 86' lang='lat' dir='ltr'><strong>ipso</strong></span> 
     </span>
    </p>
   </div>
   <div class='ocr_carea' id='block_1_59' title="bbox 1953 2937 3520 3012">
    <p class='ocr_par' dir='ltr' id='par_1_59' title="bbox 1953 2937 3520 3012">
     <span class='ocr_line' id='line_1_59' title="bbox 1953 2937 3520 3012; baseline -0.001 -16"><span class='ocrx_word' id='word_1_422' title='bbox 1953 2950 2100 2996; x_wconf 85' lang='lat' dir='ltr'><strong>textu</strong></span> <span class='ocrx_word' id='word_1_423' title='bbox 2143 2955 2266 2995; x_wconf 92' lang='lat' dir='ltr'><strong>cum</strong></span> <span class='ocrx_word' id='word_1_424' title='bbox 2303 2940 2451 2996; x_wconf 91' lang='lat' dir='ltr'><strong>hisce</strong></span> <span class='ocrx_word' id='word_1_425' title='bbox 2482 2941 2624 2996; x_wconf 78' lang='lat' dir='ltr'><strong>umis</strong></span> <span class='ocrx_word' id='word_1_426' title='bbox 2654 2938 2994 3010; x_wconf 87' lang='lat' dir='ltr'><strong>apposuisse,</strong></span> <span class='ocrx_word' id='word_1_427' title='bbox 3036 2955 3136 2994; x_wconf 90' lang='lat' dir='ltr'><strong>nec</strong></span> <span class='ocrx_word' id='word_1_428' title='bbox 3174 2940 3288 3009; x_wconf 90' lang='lat' dir='ltr'><strong>ipse</strong></span> <span class='ocrx_word' id='word_1_429' title='bbox 3327 2937 3520 3012; x_wconf 84' lang='lat' dir='ltr'><strong>Orige-</strong></span> 
     </span>
    </p>
   </div>
   <div class='ocr_carea' id='block_1_60' title="bbox 1954 3030 3520 3103">
    <p class='ocr_par' dir='ltr' id='par_1_60' title="bbox 1954 3030 3520 3103">
     <span class='ocr_line' id='line_1_60' title="bbox 1954 3030 3520 3103; baseline -0.002 -14"><span class='ocrx_word' id='word_1_430' title='bbox 1954 3049 2070 3097; x_wconf 88' lang='lat' dir='ltr'><strong>nes,</strong></span> <span class='ocrx_word' id='word_1_431' title='bbox 2098 3049 2198 3088; x_wconf 87' lang='lat' dir='ltr'><strong>nec</strong></span> <span class='ocrx_word' id='word_1_432' title='bbox 2223 3033 2362 3089; x_wconf 90' lang='lat' dir='ltr'><strong>alius</strong></span> <span class='ocrx_word' id='word_1_433' title='bbox 2383 3033 2651 3103; x_wconf 82' lang='lat' dir='ltr'><strong>quispiam</strong></span> <span class='ocrx_word' id='word_1_434' title='bbox 2679 3034 2784 3087; x_wconf 92' lang='lat' dir='ltr'><strong>hoc</strong></span> <span class='ocrx_word' id='word_1_435' title='bbox 2800 3049 3040 3103; x_wconf 87' lang='lat' dir='ltr'><strong>unquam</strong></span> <span class='ocrx_word' id='word_1_436' title='bbox 3069 3032 3222 3087; x_wconf 85' lang='lat' dir='ltr'><strong>dixit.</strong></span> <span class='ocrx_word' id='word_1_437' title='bbox 3251 3030 3520 3087; x_wconf 84' lang='lat' dir='ltr'><strong>Existimo</strong></span> 
     </span>
    </p>
   </div>
   <div class='ocr_carea' id='block_1_61' title="bbox 247 3125 1844 3223">
    <p class='ocr_par' dir='ltr' id='par_1_61' title="bbox 247 3133 1844 3214">
     <span class='ocr_line' id='line_1_61' title="bbox 247 3133 1844 3214; baseline 0.002 -21"><span class='ocrx_word' id='word_1_438' title='bbox 247 3133 336 3186; x_wconf 61' lang='grc' dir='ltr'><strong>πῖ*</strong></span> <span class='ocrx_word' id='word_1_439' title='bbox 367 3137 597 3204; x_wconf 56' lang='grc' dir='ltr'><strong>ὑψίστου.</strong></span> <span class='ocrx_word' id='word_1_440' title='bbox 634 3141 770 3196; x_wconf 76' lang='lat' dir='ltr'><strong>Haec</strong></span> <span class='ocrx_word' id='word_1_441' title='bbox 799 3158 973 3213; x_wconf 87' lang='lat' dir='ltr'><strong>porro</strong></span> <span class='ocrx_word' id='word_1_442' title='bbox 1002 3142 1204 3205; x_wconf 86' lang='lat' dir='ltr'><strong>verba,</strong></span> <span class='ocrx_word' id='word_1_443' title='bbox 1243 3141 1390 3212; x_wconf 76' lang='grc' dir='ltr'><strong>’ᾼσω</strong></span> <span class='ocrx_word' id='word_1_444' title='bbox 1426 3142 1503 3212; x_wconf 84' lang='grc' dir='ltr'><strong>τῷ</strong></span> <span class='ocrx_word' id='word_1_445' title='bbox 1539 3142 1728 3214; x_wconf 80' lang='grc' dir='ltr'>Κυρίῳ</span> <span class='ocrx_word' id='word_1_446' title='bbox 1771 3143 1844 3214; x_wconf 83' lang='grc' dir='ltr'><strong>τῷ</strong></span> 
     </span>
    </p>
   </div>
   <div class='ocr_carea' id='block_1_62' title="bbox 1945 3125 3522 3223">
    <p class='ocr_par' dir='ltr' id='par_1_62' title="bbox 1960 3125 3522 3198">
     <span class='ocr_line' id='line_1_62' title="bbox 1960 3125 3522 3198; baseline -0.001 -16"><span class='ocrx_word' id='word_1_447' title='bbox 1960 3128 2160 3198; x_wconf 86' lang='lat' dir='ltr'><strong>igitur,</strong></span> <span class='ocrx_word' id='word_1_448' title='bbox 2193 3126 2647 3197; x_wconf 86' lang='lat' dir='ltr'><strong>quemadmodum</strong></span> <span class='ocrx_word' id='word_1_449' title='bbox 2693 3127 2989 3182; x_wconf 82' lang='lat' dir='ltr'><strong>asteriscus</strong></span> <span class='ocrx_word' id='word_1_450' title='bbox 3037 3125 3104 3180; x_wconf 92' lang='lat' dir='ltr'><strong>ad</strong></span> <span class='ocrx_word' id='word_1_451' title='bbox 3142 3126 3344 3182; x_wconf 84' lang='lat' dir='ltr'><strong>omissa</strong></span> <span class='ocrx_word' id='word_1_452' title='bbox 3399 3140 3522 3196; x_wconf 67' lang='lat' dir='ltr'><strong>quas</strong></span> 
     </span>
    </p>
   </div>
   <div class='ocr_carea' id='block_1_63' title="bbox 247 3224 1846 3304">
    <p class='ocr_par' dir='ltr' id='par_1_63' title="bbox 247 3224 1846 3304">
     <span class='ocr_line' id='line_1_63' title="bbox 247 3224 1846 3304; baseline 0.02 -48"><span class='ocrx_word' id='word_1_453' title='bbox 247 3224 657 3300; x_wconf 56' lang='grc' dir='ltr'><strong>εὐεργετήσαντι</strong></span> <span class='ocrx_word' id='word_1_454' title='bbox 695 3251 807 3304; x_wconf 57' lang='grc' dir='ltr'><strong>με,</strong></span> <span class='ocrx_word' id='word_1_455' title='bbox 871 3232 1132 3288; x_wconf 69' lang='lat' dir='ltr'><strong>cantabo</strong></span> <span class='ocrx_word' id='word_1_456' title='bbox 1187 3232 1402 3286; x_wconf 86' lang='lat' dir='ltr'><strong>Domino</strong></span> <span class='ocrx_word' id='word_1_457' title='bbox 1453 3235 1541 3304; x_wconf 88' lang='lat' dir='ltr'><strong>qui</strong></span> <span class='ocrx_word' id='word_1_458' title='bbox 1597 3234 1846 3304; x_wconf 76' lang='lat' dir='ltr'><strong>bcnefecit</strong></span> 
     </span>
    </p>
   </div>
   <div class='ocr_carea' id='block_1_64' title="bbox 251 3317 1846 3395">
    <p class='ocr_par' dir='ltr' id='par_1_64' title="bbox 251 3317 1846 3395">
     <span class='ocr_line' id='line_1_64' title="bbox 251 3317 1846 3395; baseline 0.005 -22"><span class='ocrx_word' id='word_1_459' title='bbox 251 3317 395 3380; x_wconf 61' lang='lat' dir='ltr'><strong>mihi,</strong></span> <span class='ocrx_word' id='word_1_460' title='bbox 423 3331 583 3377; x_wconf 85' lang='lat' dir='ltr'><strong>totum</strong></span> <span class='ocrx_word' id='word_1_461' title='bbox 619 3326 969 3395; x_wconf 76' lang='lat' dir='ltr'><strong>versiculum</strong></span> <span class='ocrx_word' id='word_1_462' title='bbox 1002 3323 1344 3380; x_wconf 81' lang='lat' dir='ltr'><strong>Hebraicum</strong></span> <span class='ocrx_word' id='word_1_463' title='bbox 1371 3326 1706 3395; x_wconf 79' lang='lat' dir='ltr'><strong>exprimunt,</strong></span> <span class='ocrx_word' id='word_1_464' title='bbox 1737 3341 1846 3381; x_wconf 74' lang='lat' dir='ltr'><strong>ca:-</strong></span> 
     </span>
    </p>
   </div>
   <div class='ocr_carea' id='block_1_65' title="bbox 253 3418 1842 3490">
    <p class='ocr_par' dir='ltr' id='par_1_65' title="bbox 253 3418 1842 3490">
     <span class='ocr_line' id='line_1_65' title="bbox 253 3418 1842 3490; baseline 0.007 -24"><span class='ocrx_word' id='word_1_465' title='bbox 253 3419 359 3466; x_wconf 72' lang='lat' dir='ltr'><strong>Iera</strong></span> <span class='ocrx_word' id='word_1_466' title='bbox 394 3418 734 3486; x_wconf 88' lang='lat' dir='ltr'><strong>redundant;</strong></span> <span class='ocrx_word' id='word_1_467' title='bbox 763 3436 942 3490; x_wconf 87' lang='lat' dir='ltr'><strong>quare</strong></span> <span class='ocrx_word' id='word_1_468' title='bbox 970 3419 1283 3474; x_wconf 82' lang='lat' dir='ltr'><strong>Vaticanus</strong></span> <span class='ocrx_word' id='word_1_469' title='bbox 1311 3420 1478 3476; x_wconf 84' lang='lat' dir='ltr'><strong>codex</strong></span> <span class='ocrx_word' id='word_1_470' title='bbox 1525 3421 1612 3476; x_wconf 88' lang='lat' dir='ltr'><strong>hic</strong></span> <span class='ocrx_word' id='word_1_471' title='bbox 1655 3431 1842 3478; x_wconf 90' lang='lat' dir='ltr'><strong>notat:</strong></span> 
     </span>
    </p>
   </div>
   <div class='ocr_carea' id='block_1_66' title="bbox 255 3499 1842 3579">
    <p class='ocr_par' dir='ltr' id='par_1_66' title="bbox 255 3499 1842 3579">
     <span class='ocr_line' id='line_1_66' title="bbox 255 3499 1842 3579; baseline 0.007 -25"><span class='ocrx_word' id='word_1_472' title='bbox 255 3499 321 3554; x_wconf 71' lang='grc' dir='ltr'><strong>Τὸ</strong></span> <span class='ocrx_word' id='word_1_473' title='bbox 366 3506 470 3559; x_wconf 69' lang='grc' dir='ltr'><strong>καὶ</strong></span> <span class='ocrx_word' id='word_1_474' title='bbox 499 3510 675 3577; x_wconf 58' lang='grc' dir='ltr'><strong>ψαλῶ</strong></span> <span class='ocrx_word' id='word_1_475' title='bbox 718 3510 803 3576; x_wconf 84' lang='grc' dir='ltr'><strong>τῷ</strong></span> <span class='ocrx_word' id='word_1_476' title='bbox 849 3511 1108 3579; x_wconf 71' lang='grc' dir='ltr'><strong>ὀνόματι</strong></span> <span class='ocrx_word' id='word_1_477' title='bbox 1151 3509 1370 3577; x_wconf 78' lang='grc' dir='ltr'>Κυρίου</span> <span class='ocrx_word' id='word_1_478' title='bbox 1414 3509 1520 3564; x_wconf 86' lang='grc' dir='ltr'><strong>τοῦ</strong></span> <span class='ocrx_word' id='word_1_479' title='bbox 1554 3511 1842 3578; x_wconf 74' lang='grc' dir='ltr'><strong>ὑψίστου,</strong></span> 
     </span>
    </p>
   </div>
   <div class='ocr_carea' id='block_1_67' title="bbox 251 3595 1844 3674">
    <p class='ocr_par' dir='ltr' id='par_1_67' title="bbox 251 3595 1844 3674">
     <span class='ocr_line' id='line_1_67' title="bbox 251 3595 1844 3674; baseline 0.006 -27"><span class='ocrx_word' id='word_1_480' title='bbox 251 3595 344 3646; x_wconf 73' lang='grc' dir='ltr'><strong>σέικ</strong></span> <span class='ocrx_word' id='word_1_481' title='bbox 373 3597 545 3652; x_wconf 75' lang='grc' dir='ltr'><strong>ἔκειτο</strong></span> <span class='ocrx_word' id='word_1_482' title='bbox 567 3603 900 3672; x_wconf 54' lang='lat' dir='ltr'><strong>natio-363v!</strong></span> <span class='ocrx_word' id='word_1_483' title='bbox 930 3606 991 3656; x_wconf 81' lang='grc' dir='ltr'>ὲν</span> <span class='ocrx_word' id='word_1_484' title='bbox 1012 3601 1099 3672; x_wconf 82' lang='grc' dir='ltr'><strong>τῷ</strong></span> <span class='ocrx_word' id='word_1_485' title='bbox 1123 3602 1498 3674; x_wconf 81' lang='grc' dir='ltr'>τετρασελίδῳ,</span> <span class='ocrx_word' id='word_1_486' title='bbox 1531 3601 1652 3655; x_wconf 67' lang='grc' dir='ltr'>οὔτε</span> <span class='ocrx_word' id='word_1_487' title='bbox 1685 3604 1743 3656; x_wconf 80' lang='grc' dir='ltr'>ὲν</span> <span class='ocrx_word' id='word_1_488' title='bbox 1767 3602 1844 3673; x_wconf 81' lang='grc' dir='ltr'><strong>τῷ</strong></span> 
     </span>
    </p>
   </div>
   <div class='ocr_carea' id='block_1_68' title="bbox 251 3683 1842 3766">
    <p class='ocr_par' dir='ltr' id='par_1_68' title="bbox 251 3683 1842 3766">
     <span class='ocr_line' id='line_1_68' title="bbox 251 3683 1842 3766; baseline 0.008 -28"><span class='ocrx_word' id='word_1_489' title='bbox 251 3683 506 3744; x_wconf 61' lang='grc' dir='ltr'><strong>Εὐπείου</strong></span> <span class='ocrx_word' id='word_1_490' title='bbox 535 3693 631 3746; x_wconf 72' lang='grc' dir='ltr'><strong>τοῦ</strong></span> <span class='ocrx_word' id='word_1_491' title='bbox 671 3695 1010 3765; x_wconf 75' lang='grc' dir='ltr'><strong>Παμφίλου,</strong></span> <span class='ocrx_word' id='word_1_492' title='bbox 1057 3692 1193 3746; x_wconf 72' lang='grc' dir='ltr'>οὔτε</span> <span class='ocrx_word' id='word_1_493' title='bbox 1225 3693 1281 3746; x_wconf 82' lang='grc' dir='ltr'>ἐν</span> <span class='ocrx_word' id='word_1_494' title='bbox 1320 3693 1396 3764; x_wconf 81' lang='grc' dir='ltr'><strong>τῷ</strong></span> <span class='ocrx_word' id='word_1_495' title='bbox 1439 3693 1744 3766; x_wconf 72' lang='grc' dir='ltr'><strong>Ἐὁραῖκῷο</strong></span> <span class='ocrx_word' id='word_1_496' title='bbox 1789 3695 1842 3752; x_wconf 89' lang='lat' dir='ltr'><strong>id</strong></span> 
     </span>
    </p>
   </div>
   <div class='ocr_carea' id='block_1_69' title="bbox 249 3781 1841 3856">
    <p class='ocr_par' dir='ltr' id='par_1_69' title="bbox 249 3781 1841 3856">
     <span class='ocr_line' id='line_1_69' title="bbox 249 3781 1841 3856; baseline 0.004 -23"><span class='ocrx_word' id='word_1_497' title='bbox 249 3789 365 3834; x_wconf 80' lang='lat' dir='ltr'><strong>est:</strong></span> <span class='ocrx_word' id='word_1_498' title='bbox 398 3781 562 3847; x_wconf 77' lang='lat' dir='ltr'><strong>Illud,</strong></span> <span class='ocrx_word' id='word_1_499' title='bbox 590 3783 837 3840; x_wconf 87' lang='lat' dir='ltr'><strong>Psallam</strong></span> <span class='ocrx_word' id='word_1_500' title='bbox 872 3784 1090 3838; x_wconf 88' lang='lat' dir='ltr'><strong>nomini</strong></span> <span class='ocrx_word' id='word_1_501' title='bbox 1119 3782 1329 3837; x_wconf 89' lang='lat' dir='ltr'><strong>Domini</strong></span> <span class='ocrx_word' id='word_1_502' title='bbox 1366 3785 1612 3839; x_wconf 88' lang='lat' dir='ltr'><strong>altissimi</strong></span> <span class='ocrx_word' id='word_1_503' title='bbox 1640 3824 1655 3850; x_wconf 97' lang='lat'><strong>,</strong></span> <span class='ocrx_word' id='word_1_504' title='bbox 1701 3785 1841 3856; x_wconf 80' lang='lat' dir='ltr'><strong>apud</strong></span> 
     </span>
    </p>
   </div>
   <div class='ocr_carea' id='block_1_70' title="bbox 252 3875 1840 3947">
    <p class='ocr_par' dir='ltr' id='par_1_70' title="bbox 252 3875 1840 3947">
     <span class='ocr_line' id='line_1_70' title="bbox 252 3875 1840 3947; baseline 0.005 -25"><span class='ocrx_word' id='word_1_505' title='bbox 252 3875 503 3928; x_wconf 73' lang='lat' dir='ltr'><strong>Icarium</strong></span> <span class='ocrx_word' id='word_1_506' title='bbox 533 3878 587 3929; x_wconf 87' lang='lat' dir='ltr'><strong>in</strong></span> <span class='ocrx_word' id='word_1_507' title='bbox 608 3877 958 3947; x_wconf 80' lang='lat' dir='ltr'><strong>quadruplici</strong></span> <span class='ocrx_word' id='word_1_508' title='bbox 995 3878 1255 3930; x_wconf 84' lang='lat' dir='ltr'><strong>columna</strong></span> <span class='ocrx_word' id='word_1_509' title='bbox 1288 3875 1543 3944; x_wconf 83' lang='lat' dir='ltr'><strong>jacebat;</strong></span> <span class='ocrx_word' id='word_1_510' title='bbox 1595 3893 1757 3947; x_wconf 85' lang='lat' dir='ltr'><strong>neque</strong></span> <span class='ocrx_word' id='word_1_511' title='bbox 1784 3879 1840 3930; x_wconf 84' lang='lat' dir='ltr'><strong>in</strong></span> 
     </span>
    </p>
   </div>
   <div class='ocr_carea' id='block_1_71' title="bbox 253 3963 1840 4038">
    <p class='ocr_par' dir='ltr' id='par_1_71' title="bbox 253 3963 1840 4038">
     <span class='ocr_line' id='line_1_71' title="bbox 253 3963 1840 4038; baseline 0.007 -25"><span class='ocrx_word' id='word_1_512' title='bbox 253 3963 478 4018; x_wconf 67' lang='lat' dir='ltr'><strong>Baebio</strong></span> <span class='ocrx_word' id='word_1_513' title='bbox 506 3966 800 4037; x_wconf 78' lang='lat' dir='ltr'><strong>Pamphili,</strong></span> <span class='ocrx_word' id='word_1_514' title='bbox 833 3984 1000 4038; x_wconf 74' lang='lat' dir='ltr'><strong>neque</strong></span> <span class='ocrx_word' id='word_1_515' title='bbox 1030 3967 1089 4020; x_wconf 78' lang='lat' dir='ltr'><strong>in</strong></span> <span class='ocrx_word' id='word_1_516' title='bbox 1115 3967 1396 4022; x_wconf 83' lang='lat' dir='ltr'><strong>Hebraico.</strong></span> <span class='ocrx_word' id='word_1_517' title='bbox 1425 3969 1506 4024; x_wconf 88' lang='lat' dir='ltr'><strong>Ibi</strong></span> <span class='ocrx_word' id='word_1_518' title='bbox 1530 3983 1660 4023; x_wconf 88' lang='lat' dir='ltr'><strong>vero</strong></span> <span class='ocrx_word' id='word_1_519' title='bbox 1689 3977 1840 4025; x_wconf 88' lang='lat' dir='ltr'><strong>notat</strong></span> 
     </span>
    </p>
   </div>
   <div class='ocr_carea' id='block_1_72' title="bbox 251 4049 1837 4128">
    <p class='ocr_par' dir='ltr' id='par_1_72' title="bbox 251 4049 1837 4128">
     <span class='ocr_line' id='line_1_72' title="bbox 251 4049 1837 4128; baseline 0.002 -19"><span class='ocrx_word' id='word_1_520' title='bbox 251 4049 588 4123; x_wconf 71' lang='lat' dir='ltr'><strong>Hesychius:</strong></span> <span class='ocrx_word' id='word_1_521' title='bbox 643 4058 850 4113; x_wconf 82' lang='grc' dir='ltr'><strong>Τοῦτον</strong></span> <span class='ocrx_word' id='word_1_522' title='bbox 894 4059 988 4111; x_wconf 81' lang='grc' dir='ltr'>τὸν</span> <span class='ocrx_word' id='word_1_523' title='bbox 1042 4057 1230 4127; x_wconf 82' lang='grc' dir='ltr'>στίχον</span> <span class='ocrx_word' id='word_1_524' title='bbox 1275 4057 1367 4112; x_wconf 81' lang='grc' dir='ltr'><strong>δύο</strong></span> <span class='ocrx_word' id='word_1_525' title='bbox 1409 4057 1582 4128; x_wconf 78' lang='grc' dir='ltr'>ζυγὰς</span> <span class='ocrx_word' id='word_1_526' title='bbox 1623 4059 1730 4112; x_wconf 86' lang='grc' dir='ltr'><strong>τῶν</strong></span> <span class='ocrx_word' id='word_1_527' title='bbox 1762 4060 1837 4112; x_wconf 82' lang='lat'><strong>06&#39;</strong></span> 
     </span>
    </p>
   </div>
   <div class='ocr_carea' id='block_1_73' title="bbox 249 4143 1838 4222">
    <p class='ocr_par' dir='ltr' id='par_1_73' title="bbox 249 4143 1838 4222">
     <span class='ocr_line' id='line_1_73' title="bbox 249 4143 1838 4222; baseline 0.003 -21"><span class='ocrx_word' id='word_1_528' title='bbox 249 4143 590 4218; x_wconf 69' lang='grc' dir='ltr'><strong>ἔρμηνευτῶν</strong></span> <span class='ocrx_word' id='word_1_529' title='bbox 621 4148 810 4205; x_wconf 72' lang='grc' dir='ltr'><strong>εἷπονο</strong></span> <span class='ocrx_word' id='word_1_530' title='bbox 843 4151 979 4204; x_wconf 82' lang='grc' dir='ltr'>διότι</span> <span class='ocrx_word' id='word_1_531' title='bbox 1005 4149 1342 4220; x_wconf 77' lang='grc' dir='ltr'>παράκειται</span> <span class='ocrx_word' id='word_1_532' title='bbox 1391 4153 1616 4222; x_wconf 81' lang='grc' dir='ltr'>σημεῖον</span> <span class='ocrx_word' id='word_1_533' title='bbox 1657 4151 1719 4204; x_wconf 79' lang='grc' dir='ltr'>τὸ</span> <span class='ocrx_word' id='word_1_534' title='bbox 1751 4151 1838 4206; x_wconf 70' lang='grc' dir='ltr'>διὰ</span> 
     </span>
    </p>
   </div>
   <div class='ocr_carea' id='block_1_74' title="bbox 245 4237 1839 4312">
    <p class='ocr_par' dir='ltr' id='par_1_74' title="bbox 245 4237 1839 4312">
     <span class='ocr_line' id='line_1_74' title="bbox 245 4237 1839 4312; baseline 0.004 -24"><span class='ocrx_word' id='word_1_535' title='bbox 245 4237 335 4289; x_wconf 61' lang='grc' dir='ltr'><strong>πε]</strong></span> <span class='ocrx_word' id='word_1_536' title='bbox 374 4240 624 4309; x_wconf 76' lang='grc' dir='ltr'><strong>μέλανος.</strong></span> <span class='ocrx_word' id='word_1_537' title='bbox 653 4242 929 4310; x_wconf 76' lang='grc' dir='ltr'><strong>ὃλέγεται</strong></span> <span class='ocrx_word' id='word_1_538' title='bbox 964 4239 1304 4311; x_wconf 82' lang='grc' dir='ltr'><strong>λημνίσκος,</strong></span> <span class='ocrx_word' id='word_1_539' title='bbox 1337 4240 1426 4294; x_wconf 83' lang='grc' dir='ltr'>διὰ</span> <span class='ocrx_word' id='word_1_540' title='bbox 1465 4240 1565 4312; x_wconf 84' lang='grc' dir='ltr'><strong>μὲν</strong></span> <span class='ocrx_word' id='word_1_541' title='bbox 1607 4241 1706 4311; x_wconf 78' lang='grc' dir='ltr'><strong>τῆς</strong></span> <span class='ocrx_word' id='word_1_542' title='bbox 1750 4258 1839 4295; x_wconf 86' lang='grc' dir='ltr'><strong>κε-</strong></span> 
     </span>
    </p>
   </div>
   <div class='ocr_carea' id='block_1_75' title="bbox 249 4331 1837 4406">
    <p class='ocr_par' dir='ltr' id='par_1_75' title="bbox 249 4331 1837 4406">
     <span class='ocr_line' id='line_1_75' title="bbox 249 4331 1837 4406; baseline 0 -20"><span class='ocrx_word' id='word_1_543' title='bbox 249 4331 401 4398; x_wconf 62' lang='grc' dir='ltr'>ραίας</span> <span class='ocrx_word' id='word_1_544' title='bbox 429 4335 528 4404; x_wconf 70' lang='grc' dir='ltr'><strong>τῆς</strong></span> <span class='ocrx_word' id='word_1_545' title='bbox 556 4337 736 4406; x_wconf 70' lang='grc' dir='ltr'><strong>μέσης</strong></span> <span class='ocrx_word' id='word_1_546' title='bbox 760 4333 1027 4404; x_wconf 80' lang='grc' dir='ltr'><strong>σημαίνει</strong></span> <span class='ocrx_word' id='word_1_547' title='bbox 1054 4333 1153 4386; x_wconf 83' lang='grc' dir='ltr'>τὸν</span> <span class='ocrx_word' id='word_1_548' title='bbox 1175 4333 1377 4403; x_wconf 81' lang='grc' dir='ltr'>στίχον,</span> <span class='ocrx_word' id='word_1_549' title='bbox 1409 4333 1495 4387; x_wconf 78' lang='grc' dir='ltr'><strong>διὰ</strong></span> <span class='ocrx_word' id='word_1_550' title='bbox 1517 4333 1574 4386; x_wconf 81' lang='grc' dir='ltr'><strong>δὲ</strong></span> <span class='ocrx_word' id='word_1_551' title='bbox 1607 4333 1714 4387; x_wconf 80' lang='grc' dir='ltr'><strong>τῶν</strong></span> <span class='ocrx_word' id='word_1_552' title='bbox 1743 4333 1837 4386; x_wconf 77' lang='grc' dir='ltr'><strong>δύο</strong></span> 
     </span>
    </p>
   </div>
   <div class='ocr_carea' id='block_1_76' title="bbox 249 4421 1834 4496">
    <p class='ocr_par' dir='ltr' id='par_1_76' title="bbox 249 4421 1834 4496">
     <span class='ocr_line' id='line_1_76' title="bbox 249 4421 1834 4496; baseline 0 -20"><span class='ocrx_word' id='word_1_553' title='bbox 249 4423 512 4493; x_wconf 72' lang='grc' dir='ltr'><strong>στιγμῶν,</strong></span> <span class='ocrx_word' id='word_1_554' title='bbox 533 4427 631 4496; x_wconf 74' lang='grc' dir='ltr'><strong>τῆς</strong></span> <span class='ocrx_word' id='word_1_555' title='bbox 667 4425 978 4486; x_wconf 77' lang='grc' dir='ltr'>ὲπάνωθεν,</span> <span class='ocrx_word' id='word_1_556' title='bbox 1015 4423 1119 4476; x_wconf 74' lang='grc' dir='ltr'><strong>καὶ</strong></span> <span class='ocrx_word' id='word_1_557' title='bbox 1157 4421 1252 4491; x_wconf 81' lang='grc' dir='ltr'><strong>τῆς</strong></span> <span class='ocrx_word' id='word_1_558' title='bbox 1281 4424 1570 4485; x_wconf 82' lang='grc' dir='ltr'><strong>ὑποκάτω,</strong></span> <span class='ocrx_word' id='word_1_559' title='bbox 1605 4422 1704 4488; x_wconf 84' lang='grc' dir='ltr'><strong>τὰς</strong></span> <span class='ocrx_word' id='word_1_560' title='bbox 1741 4423 1834 4476; x_wconf 81' lang='grc' dir='ltr'><strong>δύο</strong></span> 
     </span>
    </p>
   </div>
   <div class='ocr_carea' id='block_1_77' title="bbox 1951 3219 3520 3289">
    <p class='ocr_par' dir='ltr' id='par_1_77' title="bbox 1951 3219 3520 3289">
     <span class='ocr_line' id='line_1_77' title="bbox 1951 3219 3520 3289; baseline -0.001 -16"><span class='ocrx_word' id='word_1_561' title='bbox 1951 3219 2348 3284; x_wconf 88' lang='lat' dir='ltr'><strong>inserebantur,</strong></span> <span class='ocrx_word' id='word_1_562' title='bbox 2382 3219 2711 3284; x_wconf 88' lang='lat' dir='ltr'><strong>adnotanda,</strong></span> <span class='ocrx_word' id='word_1_563' title='bbox 2745 3227 2799 3275; x_wconf 87' lang='lat' dir='ltr'><strong>et</strong></span> <span class='ocrx_word' id='word_1_564' title='bbox 2821 3221 3012 3277; x_wconf 90' lang='lat' dir='ltr'><strong>obelus</strong></span> <span class='ocrx_word' id='word_1_565' title='bbox 3037 3219 3104 3274; x_wconf 89' lang='lat' dir='ltr'><strong>ad</strong></span> <span class='ocrx_word' id='word_1_566' title='bbox 3152 3235 3216 3276; x_wconf 86' lang='lat' dir='ltr'><strong>ea</strong></span> <span class='ocrx_word' id='word_1_567' title='bbox 3267 3233 3391 3289; x_wconf 73' lang='lat' dir='ltr'><strong>quae</strong></span> <span class='ocrx_word' id='word_1_568' title='bbox 3433 3232 3520 3272; x_wconf 88' lang='lat' dir='ltr'><strong>re-</strong></span> 
     </span>
    </p>
   </div>
   <div class='ocr_carea' id='block_1_78' title="bbox 1948 3311 3518 3385">
    <p class='ocr_par' dir='ltr' id='par_1_78' title="bbox 1948 3311 3518 3385">
     <span class='ocr_line' id='line_1_78' title="bbox 1948 3311 3518 3385; baseline -0.003 -16"><span class='ocrx_word' id='word_1_569' title='bbox 1948 3314 2286 3381; x_wconf 87' lang='lat' dir='ltr'><strong>dundabant,</strong></span> <span class='ocrx_word' id='word_1_570' title='bbox 2311 3313 2632 3383; x_wconf 82' lang='lat' dir='ltr'><strong>jugulanda,</strong></span> <span class='ocrx_word' id='word_1_571' title='bbox 2667 3323 2727 3368; x_wconf 92' lang='lat' dir='ltr'><strong>ut</strong></span> <span class='ocrx_word' id='word_1_572' title='bbox 2748 3313 2824 3367; x_wconf 91' lang='lat' dir='ltr'><strong>ait</strong></span> <span class='ocrx_word' id='word_1_573' title='bbox 2858 3311 3241 3385; x_wconf 82' lang='lat' dir='ltr'><strong>Hieronymus,</strong></span> <span class='ocrx_word' id='word_1_574' title='bbox 3285 3312 3518 3383; x_wconf 80' lang='lat' dir='ltr'><strong>appositi</strong></span> 
     </span>
    </p>
   </div>
   <div class='ocr_carea' id='block_1_79' title="bbox 1947 3403 3518 3479">
    <p class='ocr_par' dir='ltr' id='par_1_79' title="bbox 1947 3403 3518 3479">
     <span class='ocr_line' id='line_1_79' title="bbox 1947 3403 3518 3479; baseline -0.002 -18"><span class='ocrx_word' id='word_1_575' title='bbox 1947 3415 2109 3472; x_wconf 88' lang='lat' dir='ltr'><strong>sunt;</strong></span> <span class='ocrx_word' id='word_1_576' title='bbox 2160 3405 2232 3460; x_wconf 91' lang='lat' dir='ltr'><strong>ita</strong></span> <span class='ocrx_word' id='word_1_577' title='bbox 2278 3405 2600 3462; x_wconf 89' lang='lat' dir='ltr'><strong>lemniscum</strong></span> <span class='ocrx_word' id='word_1_578' title='bbox 2651 3405 2954 3462; x_wconf 89' lang='lat' dir='ltr'><strong>adhibitum</strong></span> <span class='ocrx_word' id='word_1_579' title='bbox 2983 3405 3172 3469; x_wconf 80' lang='lat' dir='ltr'><strong>fuisse,</strong></span> <span class='ocrx_word' id='word_1_580' title='bbox 3233 3406 3324 3462; x_wconf 86' lang='lat' dir='ltr'><strong>ubi</strong></span> <span class='ocrx_word' id='word_1_581' title='bbox 3375 3403 3518 3479; x_wconf 71' lang='lat' dir='ltr'><strong>LXX</strong></span> 
     </span>
    </p>
   </div>
   <div class='ocr_carea' id='block_1_80' title="bbox 1948 3498 3518 3571">
    <p class='ocr_par' dir='ltr' id='par_1_80' title="bbox 1948 3498 3518 3571">
     <span class='ocr_line' id='line_1_80' title="bbox 1948 3498 3518 3571; baseline -0.001 -17"><span class='ocrx_word' id='word_1_582' title='bbox 1948 3500 2268 3571; x_wconf 88' lang='lat' dir='ltr'><strong>interpretes</strong></span> <span class='ocrx_word' id='word_1_583' title='bbox 2301 3499 2585 3555; x_wconf 89' lang='lat' dir='ltr'><strong>lectionem</strong></span> <span class='ocrx_word' id='word_1_584' title='bbox 2608 3498 2827 3570; x_wconf 89' lang='lat' dir='ltr'><strong>quidem</strong></span> <span class='ocrx_word' id='word_1_585' title='bbox 2876 3498 3198 3556; x_wconf 80' lang='lat' dir='ltr'><strong>Hebraicam</strong></span> <span class='ocrx_word' id='word_1_586' title='bbox 3245 3499 3518 3569; x_wconf 81' lang='lat' dir='ltr'><strong>exprime-</strong></span> 
     </span>
    </p>
   </div>
   <div class='ocr_carea' id='block_1_81' title="bbox 1945 3591 3518 3662">
    <p class='ocr_par' dir='ltr' id='par_1_81' title="bbox 1945 3591 3518 3662">
     <span class='ocr_line' id='line_1_81' title="bbox 1945 3591 3518 3662; baseline -0.002 -15"><span class='ocrx_word' id='word_1_587' title='bbox 1945 3593 2106 3658; x_wconf 86' lang='lat' dir='ltr'><strong>bant;</strong></span> <span class='ocrx_word' id='word_1_588' title='bbox 2139 3592 2232 3648; x_wconf 87' lang='lat' dir='ltr'><strong>sed</strong></span> <span class='ocrx_word' id='word_1_589' title='bbox 2281 3607 2390 3646; x_wconf 92' lang='lat' dir='ltr'><strong>non</strong></span> <span class='ocrx_word' id='word_1_590' title='bbox 2427 3592 2500 3646; x_wconf 89' lang='lat' dir='ltr'><strong>ita</strong></span> <span class='ocrx_word' id='word_1_591' title='bbox 2549 3601 2802 3647; x_wconf 86' lang='lat' dir='ltr'><strong>accurate</strong></span> <span class='ocrx_word' id='word_1_592' title='bbox 2839 3601 3003 3662; x_wconf 89' lang='lat' dir='ltr'><strong>atque</strong></span> <span class='ocrx_word' id='word_1_593' title='bbox 3040 3591 3296 3649; x_wconf 87' lang='lat' dir='ltr'><strong>distincte</strong></span> <span class='ocrx_word' id='word_1_594' title='bbox 3329 3609 3342 3645; x_wconf 92' lang='lat'>:</span> <span class='ocrx_word' id='word_1_595' title='bbox 3396 3606 3518 3661; x_wconf 69' lang='lat' dir='ltr'><strong>qua:</strong></span> 
     </span>
    </p>
   </div>
   <div class='ocr_carea' id='block_1_82' title="bbox 1946 3681 3517 3754">
    <p class='ocr_par' dir='ltr' id='par_1_82' title="bbox 1946 3681 3517 3754">
     <span class='ocr_line' id='line_1_82' title="bbox 1946 3681 3517 3754; baseline -0.003 -15"><span class='ocrx_word' id='word_1_596' title='bbox 1946 3699 2110 3740; x_wconf 85' lang='lat' dir='ltr'><strong>causa</strong></span> <span class='ocrx_word' id='word_1_597' title='bbox 2143 3691 2258 3738; x_wconf 89' lang='lat' dir='ltr'><strong>erat</strong></span> <span class='ocrx_word' id='word_1_598' title='bbox 2292 3683 2459 3738; x_wconf 85' lang='lat' dir='ltr'><strong>utilia</strong></span> <span class='ocrx_word' id='word_1_599' title='bbox 2484 3681 2538 3738; x_wconf 92' lang='lat' dir='ltr'><strong>in</strong></span> <span class='ocrx_word' id='word_1_600' title='bbox 2563 3692 2708 3738; x_wconf 79' lang='lat' dir='ltr'><strong>textu</strong></span> <span class='ocrx_word' id='word_1_601' title='bbox 2740 3683 2948 3747; x_wconf 89' lang='lat' dir='ltr'><strong>relicta,</strong></span> <span class='ocrx_word' id='word_1_602' title='bbox 2980 3683 3148 3739; x_wconf 88' lang='lat' dir='ltr'><strong>altera</strong></span> <span class='ocrx_word' id='word_1_603' title='bbox 3176 3696 3298 3754; x_wconf 61' lang='lat' dir='ltr'><strong>quae</strong></span> <span class='ocrx_word' id='word_1_604' title='bbox 3324 3681 3517 3737; x_wconf 86' lang='lat' dir='ltr'><strong>melior</strong></span> 
     </span>
    </p>
   </div>
   <div class='ocr_carea' id='block_1_83' title="bbox 1943 3771 3514 3844">
    <p class='ocr_par' dir='ltr' id='par_1_83' title="bbox 1943 3771 3514 3844">
     <span class='ocr_line' id='line_1_83' title="bbox 1943 3771 3514 3844; baseline -0.002 -17"><span class='ocrx_word' id='word_1_605' title='bbox 1943 3773 2248 3839; x_wconf 78' lang='lat' dir='ltr'><strong>videbatur,</strong></span> <span class='ocrx_word' id='word_1_606' title='bbox 2282 3788 2348 3827; x_wconf 79' lang='lat' dir='ltr'><strong>ex</strong></span> <span class='ocrx_word' id='word_1_607' title='bbox 2381 3772 2502 3828; x_wconf 88' lang='lat' dir='ltr'><strong>aliis</strong></span> <span class='ocrx_word' id='word_1_608' title='bbox 2524 3773 2912 3843; x_wconf 86' lang='lat' dir='ltr'><strong>interpretibus</strong></span> <span class='ocrx_word' id='word_1_609' title='bbox 2953 3773 3156 3844; x_wconf 89' lang='lat' dir='ltr'><strong>petita,</strong></span> <span class='ocrx_word' id='word_1_610' title='bbox 3205 3772 3334 3828; x_wconf 89' lang='lat' dir='ltr'><strong>huic</strong></span> <span class='ocrx_word' id='word_1_611' title='bbox 3379 3771 3514 3826; x_wconf 84' lang='lat' dir='ltr'><strong>sub-</strong></span> 
     </span>
    </p>
   </div>
   <div class='ocr_carea' id='block_1_84' title="bbox 1940 3864 3512 3936">
    <p class='ocr_par' dir='ltr' id='par_1_84' title="bbox 1940 3864 3512 3936">
     <span class='ocr_line' id='line_1_84' title="bbox 1940 3864 3512 3936; baseline 0.003 -17"><span class='ocrx_word' id='word_1_612' title='bbox 1940 3865 2276 3936; x_wconf 85' lang='lat' dir='ltr'><strong>jungcretur.</strong></span> <span class='ocrx_word' id='word_1_613' title='bbox 2304 3864 2492 3935; x_wconf 89' lang='lat' dir='ltr'><strong>Neque</strong></span> <span class='ocrx_word' id='word_1_614' title='bbox 2513 3864 2656 3920; x_wconf 89' lang='lat' dir='ltr'><strong>enim</strong></span> <span class='ocrx_word' id='word_1_615' title='bbox 2687 3865 2988 3935; x_wconf 89' lang='lat' dir='ltr'><strong>putandum</strong></span> <span class='ocrx_word' id='word_1_616' title='bbox 3040 3874 3158 3930; x_wconf 85' lang='lat' dir='ltr'><strong>est,</strong></span> <span class='ocrx_word' id='word_1_617' title='bbox 3201 3864 3512 3934; x_wconf 84' lang='lat' dir='ltr'><strong>Origenem.</strong></span> 
     </span>
    </p>
   </div>
   <div class='ocr_carea' id='block_1_85' title="bbox 1941 3955 3512 4027">
    <p class='ocr_par' dir='ltr' id='par_1_85' title="bbox 1941 3955 3512 4027">
     <span class='ocr_line' id='line_1_85' title="bbox 1941 3955 3512 4027; baseline -0.001 -16"><span class='ocrx_word' id='word_1_618' title='bbox 1941 3959 2119 4013; x_wconf 86' lang='lat' dir='ltr'><strong>virum</strong></span> <span class='ocrx_word' id='word_1_619' title='bbox 2155 3957 2447 4013; x_wconf 88' lang='lat' dir='ltr'><strong>admodum</strong></span> <span class='ocrx_word' id='word_1_620' title='bbox 2478 3966 2814 4022; x_wconf 83' lang='lat' dir='ltr'><strong>accuratum,</strong></span> <span class='ocrx_word' id='word_1_621' title='bbox 2840 3957 2934 4027; x_wconf 88' lang='lat' dir='ltr'><strong>qui</strong></span> <span class='ocrx_word' id='word_1_622' title='bbox 2957 3967 3069 4012; x_wconf 88' lang='lat' dir='ltr'><strong>tam</strong></span> <span class='ocrx_word' id='word_1_623' title='bbox 3104 3957 3393 4027; x_wconf 77' lang='lat' dir='ltr'><strong>diligenter</strong></span> <span class='ocrx_word' id='word_1_624' title='bbox 3427 3955 3512 4010; x_wconf 88' lang='lat' dir='ltr'><strong>vel</strong></span> 
     </span>
    </p>
   </div>
   <div class='ocr_carea' id='block_1_86' title="bbox 1941 4047 3513 4119">
    <p class='ocr_par' dir='ltr' id='par_1_86' title="bbox 1941 4047 3513 4119">
     <span class='ocr_line' id='line_1_86' title="bbox 1941 4047 3513 4119; baseline -0.003 -15"><span class='ocrx_word' id='word_1_625' title='bbox 1941 4049 2214 4106; x_wconf 90' lang='lat' dir='ltr'><strong>levissima</strong></span> <span class='ocrx_word' id='word_1_626' title='bbox 2237 4065 2356 4119; x_wconf 71' lang='lat' dir='ltr'><strong>qua:</strong></span> <span class='ocrx_word' id='word_1_627' title='bbox 2372 4049 2706 4104; x_wconf 88' lang='lat' dir='ltr'><strong>addebantur</strong></span> <span class='ocrx_word' id='word_1_628' title='bbox 2726 4049 3009 4115; x_wconf 81' lang='lat' dir='ltr'><strong>asterisco,</strong></span> <span class='ocrx_word' id='word_1_629' title='bbox 3024 4056 3080 4102; x_wconf 85' lang='lat' dir='ltr'><strong>et</strong></span> <span class='ocrx_word' id='word_1_630' title='bbox 3108 4064 3230 4117; x_wconf 68' lang='lat' dir='ltr'><strong>qua:</strong></span> <span class='ocrx_word' id='word_1_631' title='bbox 3247 4047 3513 4102; x_wconf 87' lang='lat' dir='ltr'><strong>demenda</strong></span> 
     </span>
    </p>
   </div>
   <div class='ocr_carea' id='block_1_87' title="bbox 1940 4124 3513 4212">
    <p class='ocr_par' dir='ltr' id='par_1_87' title="bbox 1940 4124 3513 4212">
     <span class='ocr_line' id='line_1_87' title="bbox 1940 4124 3513 4212; baseline -0.004 -14"><span class='ocrx_word' id='word_1_632' title='bbox 1940 4152 2096 4199; x_wconf 87' lang='lat' dir='ltr'><strong>erant</strong></span> <span class='ocrx_word' id='word_1_633' title='bbox 2129 4143 2287 4198; x_wconf 90' lang='lat' dir='ltr'><strong>obelo</strong></span> <span class='ocrx_word' id='word_1_634' title='bbox 2315 4143 2558 4206; x_wconf 87' lang='lat' dir='ltr'><strong>notabat,</strong></span> <span class='ocrx_word' id='word_1_635' title='bbox 2599 4142 2804 4197; x_wconf 89' lang='lat' dir='ltr'><strong>nullam</strong></span> <span class='ocrx_word' id='word_1_636' title='bbox 2851 4124 3172 4212; x_wconf 66' lang='lat' dir='ltr'><strong>apposuisse</strong></span> <span class='ocrx_word' id='word_1_637' title='bbox 3206 4151 3396 4195; x_wconf 87' lang='lat' dir='ltr'><strong>notam</strong></span> <span class='ocrx_word' id='word_1_638' title='bbox 3441 4139 3513 4192; x_wconf 87' lang='lat' dir='ltr'><strong>iis</strong></span> 
     </span>
    </p>
   </div>
   <div class='ocr_carea' id='block_1_88' title="bbox 1941 4228 3514 4304">
    <p class='ocr_par' dir='ltr' id='par_1_88' title="bbox 1941 4228 3514 4304">
     <span class='ocr_line' id='line_1_88' title="bbox 1941 4228 3514 4304; baseline -0.004 -16"><span class='ocrx_word' id='word_1_639' title='bbox 1941 4235 1995 4288; x_wconf 94' lang='lat' dir='ltr'><strong>in</strong></span> <span class='ocrx_word' id='word_1_640' title='bbox 2028 4234 2166 4289; x_wconf 90' lang='lat' dir='ltr'><strong>locis</strong></span> <span class='ocrx_word' id='word_1_641' title='bbox 2192 4274 2208 4299; x_wconf 93' lang='lat'><strong>,</strong></span> <span class='ocrx_word' id='word_1_642' title='bbox 2247 4249 2380 4288; x_wconf 89' lang='lat' dir='ltr'><strong>sane</strong></span> <span class='ocrx_word' id='word_1_643' title='bbox 2406 4232 2820 4304; x_wconf 81' lang='lat' dir='ltr'><strong>frequentibus,</strong></span> <span class='ocrx_word' id='word_1_644' title='bbox 2856 4233 2948 4286; x_wconf 89' lang='lat' dir='ltr'><strong>ubi</strong></span> <span class='ocrx_word' id='word_1_645' title='bbox 2989 4231 3176 4290; x_wconf 86' lang='lat' dir='ltr'><strong>relicta</strong></span> <span class='ocrx_word' id='word_1_646' title='bbox 3228 4228 3396 4300; x_wconf 69' lang='lat' dir='ltr'><strong>priori</strong></span> <span class='ocrx_word' id='word_1_647' title='bbox 3435 4228 3514 4282; x_wconf 62' lang='lat' dir='ltr'><strong>leo</strong></span> 
     </span>
    </p>
   </div>
   <div class='ocr_carea' id='block_1_89' title="bbox 1939 4321 3514 4394">
    <p class='ocr_par' dir='ltr' id='par_1_89' title="bbox 1939 4321 3514 4394">
     <span class='ocr_line' id='line_1_89' title="bbox 1939 4321 3514 4394; baseline -0.006 -14"><span class='ocrx_word' id='word_1_648' title='bbox 1939 4325 2120 4380; x_wconf 87' lang='lat' dir='ltr'><strong>ctione</strong></span> <span class='ocrx_word' id='word_1_649' title='bbox 2144 4340 2337 4380; x_wconf 87' lang='lat' dir='ltr'><strong>novam</strong></span> <span class='ocrx_word' id='word_1_650' title='bbox 2377 4333 2558 4379; x_wconf 87' lang='lat' dir='ltr'><strong>tamen</strong></span> <span class='ocrx_word' id='word_1_651' title='bbox 2586 4323 2820 4379; x_wconf 89' lang='lat' dir='ltr'><strong>addebat</strong></span> <span class='ocrx_word' id='word_1_652' title='bbox 2847 4339 2912 4382; x_wconf 78' lang='lat' dir='ltr'><strong>ex</strong></span> <span class='ocrx_word' id='word_1_653' title='bbox 2944 4323 3133 4394; x_wconf 81' lang='lat' dir='ltr'><strong>aliquo</strong></span> <span class='ocrx_word' id='word_1_654' title='bbox 3153 4321 3514 4389; x_wconf 85' lang='lat' dir='ltr'><strong>interpretum</strong></span> 
     </span>
    </p>
   </div>
   <div class='ocr_carea' id='block_1_90' title="bbox 1937 4409 3515 4487">
    <p class='ocr_par' dir='ltr' id='par_1_90' title="bbox 1937 4409 3515 4487">
     <span class='ocr_line' id='line_1_90' title="bbox 1937 4409 3515 4487; baseline 0.001 -17"><span class='ocrx_word' id='word_1_655' title='bbox 1937 4415 2302 4486; x_wconf 88' lang='lat' dir='ltr'><strong>desumptam.</strong></span> <span class='ocrx_word' id='word_1_656' title='bbox 2339 4414 2601 4485; x_wconf 80' lang='lat' dir='ltr'><strong>Exempla</strong></span> <span class='ocrx_word' id='word_1_657' title='bbox 2631 4433 2760 4474; x_wconf 89' lang='lat' dir='ltr'><strong>vero</strong></span> <span class='ocrx_word' id='word_1_658' title='bbox 2795 4432 2916 4487; x_wconf 65' lang='lat' dir='ltr'><strong>quae</strong></span> <span class='ocrx_word' id='word_1_659' title='bbox 2948 4413 3290 4486; x_wconf 78' lang='lat' dir='ltr'><strong>Epiphanius</strong></span> <span class='ocrx_word' id='word_1_660' title='bbox 3336 4409 3515 4472; x_wconf 63' lang='grc' dir='ltr'><strong>δίτθιτο</strong></span> 
     </span>
    </p>
   </div>
   <div class='ocr_carea' id='block_1_91' title="bbox 247 4500 1844 4590">
    <p class='ocr_par' dir='ltr' id='par_1_91' title="bbox 247 4509 1831 4590">
     <span class='ocr_line' id='line_1_91' title="bbox 247 4509 1831 4590; baseline -0.004 -16"><span class='ocrx_word' id='word_1_661' title='bbox 247 4509 410 4581; x_wconf 41' lang='lat' dir='ltr'><strong>(vi;</strong></span> <span class='ocrx_word' id='word_1_662' title='bbox 440 4519 542 4571; x_wconf 73' lang='grc' dir='ltr'>τῶν</span> <span class='ocrx_word' id='word_1_663' title='bbox 574 4518 930 4590; x_wconf 78' lang='grc' dir='ltr'>ὲρμηνευτῶν</span> <span class='ocrx_word' id='word_1_664' title='bbox 953 4515 1204 4587; x_wconf 76' lang='grc' dir='ltr'><strong>ᾐνίξατο.</strong></span> <span class='ocrx_word' id='word_1_665' title='bbox 1231 4513 1284 4567; x_wconf 69' lang='grc' dir='ltr'><strong>ΙιΙ</strong></span> <span class='ocrx_word' id='word_1_666' title='bbox 1305 4524 1422 4570; x_wconf 90' lang='lat' dir='ltr'><strong>est:</strong></span> <span class='ocrx_word' id='word_1_667' title='bbox 1471 4514 1624 4568; x_wconf 80' lang='lat' dir='ltr'><strong>Hunc</strong></span> <span class='ocrx_word' id='word_1_668' title='bbox 1667 4516 1831 4569; x_wconf 79' lang='lat' dir='ltr'><strong>uersi-</strong></span> 
     </span>
    </p>
   </div>
   <div class='ocr_carea' id='block_1_92' title="bbox 1945 4500 3517 4590">
    <p class='ocr_par' dir='ltr' id='par_1_92' title="bbox 1945 4501 3517 4576">
     <span class='ocr_line' id='line_1_92' title="bbox 1945 4501 3517 4576; baseline -0.006 -15"><span class='ocrx_word' id='word_1_669' title='bbox 1945 4507 2230 4562; x_wconf 80' lang='lat' dir='ltr'><strong>admodum</strong></span> <span class='ocrx_word' id='word_1_670' title='bbox 2255 4507 2507 4576; x_wconf 82' lang='lat' dir='ltr'><strong>perplexa</strong></span> <span class='ocrx_word' id='word_1_671' title='bbox 2541 4517 2691 4574; x_wconf 84' lang='lat' dir='ltr'><strong>sunt,</strong></span> <span class='ocrx_word' id='word_1_672' title='bbox 2728 4509 2801 4563; x_wconf 86' lang='lat' dir='ltr'><strong>ita</strong></span> <span class='ocrx_word' id='word_1_673' title='bbox 2851 4517 2910 4562; x_wconf 93' lang='lat' dir='ltr'><strong>ut</strong></span> <span class='ocrx_word' id='word_1_674' title='bbox 2936 4507 3030 4560; x_wconf 74' lang='lat' dir='ltr'><strong>vix</strong></span> <span class='ocrx_word' id='word_1_675' title='bbox 3063 4504 3190 4561; x_wconf 88' lang='lat' dir='ltr'><strong>inde</strong></span> <span class='ocrx_word' id='word_1_676' title='bbox 3231 4501 3517 4572; x_wconf 91' lang='lat' dir='ltr'><strong>quidpiam</strong></span> 
     </span>
    </p>
   </div>
   <div class='ocr_carea' id='block_1_93' title="bbox 245 4605 1832 4679">
    <p class='ocr_par' dir='ltr' id='par_1_93' title="bbox 245 4605 1832 4679">
     <span class='ocr_line' id='line_1_93' title="bbox 245 4605 1832 4679; baseline 0.002 -24"><span class='ocrx_word' id='word_1_677' title='bbox 245 4605 416 4659; x_wconf 66' lang='lat' dir='ltr'><strong>calam</strong></span> <span class='ocrx_word' id='word_1_678' title='bbox 434 4611 533 4663; x_wconf 71' lang='lat' dir='ltr'><strong>duo</strong></span> <span class='ocrx_word' id='word_1_679' title='bbox 545 4612 702 4679; x_wconf 82' lang='lat' dir='ltr'><strong>paria</strong></span> <span class='ocrx_word' id='word_1_680' title='bbox 714 4624 872 4664; x_wconf 78' lang='lat' dir='ltr'><strong>um</strong></span> <span class='ocrx_word' id='word_1_681' title='bbox 889 4609 1250 4672; x_wconf 73' lang='lat' dir='ltr'><strong>interpretum</strong></span> <span class='ocrx_word' id='word_1_682' title='bbox 1271 4616 1652 4675; x_wconf 71' lang='lat' dir='ltr'><strong>expresserunt,</strong></span> <span class='ocrx_word' id='word_1_683' title='bbox 1669 4620 1832 4676; x_wconf 80' lang='lat' dir='ltr'><strong>quare</strong></span> 
     </span>
    </p>
   </div>
   <div class='ocr_carea' id='block_1_94' title="bbox 247 4698 1830 4774">
    <p class='ocr_par' dir='ltr' id='par_1_94' title="bbox 247 4698 1830 4774">
     <span class='ocr_line' id='line_1_94' title="bbox 247 4698 1830 4774; baseline -0.001 -21"><span class='ocrx_word' id='word_1_684' title='bbox 247 4703 531 4764; x_wconf 63' lang='lat' dir='ltr'><strong>minus</strong></span> <span class='ocrx_word' id='word_1_685' title='bbox 577 4716 652 4760; x_wconf 74' lang='lat' dir='ltr'><strong>cal</strong></span> <span class='ocrx_word' id='word_1_686' title='bbox 679 4708 902 4774; x_wconf 81' lang='lat' dir='ltr'><strong>signum</strong></span> <span class='ocrx_word' id='word_1_687' title='bbox 954 4708 1262 4756; x_wconf 81' lang='lat' dir='ltr'><strong>atramento</strong></span> <span class='ocrx_word' id='word_1_688' title='bbox 1319 4699 1658 4764; x_wconf 74' lang='lat' dir='ltr'><strong>delineatum,</strong></span> <span class='ocrx_word' id='word_1_689' title='bbox 1689 4698 1830 4769; x_wconf 85' lang='lat' dir='ltr'><strong>quod</strong></span> 
     </span>
    </p>
   </div>
   <div class='ocr_carea' id='block_1_95' title="bbox 247 4790 1830 4860">
    <p class='ocr_par' dir='ltr' id='par_1_95' title="bbox 247 4790 1830 4860">
     <span class='ocr_line' id='line_1_95' title="bbox 247 4790 1830 4860; baseline -0.001 -16"><span class='ocrx_word' id='word_1_690' title='bbox 247 4790 438 4846; x_wconf 68' lang='lat' dir='ltr'><strong>dicitur</strong></span> <span class='ocrx_word' id='word_1_691' title='bbox 459 4797 756 4851; x_wconf 72' lang='lat' dir='ltr'><strong>lemniscus.</strong></span> <span class='ocrx_word' id='word_1_692' title='bbox 790 4795 904 4850; x_wconf 87' lang='lat' dir='ltr'><strong>Per</strong></span> <span class='ocrx_word' id='word_1_693' title='bbox 935 4791 1178 4846; x_wconf 79' lang='lat' dir='ltr'><strong>mediam</strong></span> <span class='ocrx_word' id='word_1_694' title='bbox 1207 4790 1415 4859; x_wconf 84' lang='lat' dir='ltr'><strong>quidem</strong></span> <span class='ocrx_word' id='word_1_695' title='bbox 1452 4791 1640 4844; x_wconf 84' lang='lat' dir='ltr'><strong>lineam</strong></span> <span class='ocrx_word' id='word_1_696' title='bbox 1665 4791 1830 4860; x_wconf 77' lang='lat' dir='ltr'><strong>signi-</strong></span> 
     </span>
    </p>
   </div>
   <div class='ocr_carea' id='block_1_96' title="bbox 251 4878 1829 4956">
    <p class='ocr_par' dir='ltr' id='par_1_96' title="bbox 251 4878 1829 4956">
     <span class='ocr_line' id='line_1_96' title="bbox 251 4878 1829 4956; baseline 0 -22"><span class='ocrx_word' id='word_1_697' title='bbox 251 4878 367 4945; x_wconf 69' lang='grc' dir='ltr'><strong>ρτιι</strong></span> <span class='ocrx_word' id='word_1_698' title='bbox 407 4888 713 4942; x_wconf 71' lang='lat' dir='ltr'><strong>versiculum</strong></span> <span class='ocrx_word' id='word_1_699' title='bbox 749 4905 769 4942; x_wconf 89' lang='lat'><strong><em>:</em></strong></span> <span class='ocrx_word' id='word_1_700' title='bbox 806 4902 908 4956; x_wconf 83' lang='lat' dir='ltr'><strong>per</strong></span> <span class='ocrx_word' id='word_1_701' title='bbox 949 4884 1066 4935; x_wconf 88' lang='lat' dir='ltr'><strong>duo</strong></span> <span class='ocrx_word' id='word_1_702' title='bbox 1109 4888 1552 4951; x_wconf 61' lang='lat' dir='ltr'><strong>autempuncta,</strong></span> <span class='ocrx_word' id='word_1_703' title='bbox 1601 4879 1829 4934; x_wconf 82' lang='lat' dir='ltr'><strong>alterum</strong></span> 
     </span>
    </p>
   </div>
   <div class='ocr_carea' id='block_1_97' title="bbox 253 4971 1829 5047">
    <p class='ocr_par' dir='ltr' id='par_1_97' title="bbox 253 4971 1829 5047">
     <span class='ocr_line' id='line_1_97' title="bbox 253 4971 1829 5047; baseline -0.004 -18"><span class='ocrx_word' id='word_1_704' title='bbox 253 4987 399 5040; x_wconf 68' lang='lat' dir='ltr'><strong>Ityn</strong></span> <span class='ocrx_word' id='word_1_705' title='bbox 417 4987 467 5030; x_wconf 78' lang='lat' dir='ltr'><strong>et</strong></span> <span class='ocrx_word' id='word_1_706' title='bbox 485 4980 707 5035; x_wconf 71' lang='lat' dir='ltr'><strong>alterum</strong></span> <span class='ocrx_word' id='word_1_707' title='bbox 730 4978 914 5047; x_wconf 76' lang='lat' dir='ltr'><strong>infra,</strong></span> <span class='ocrx_word' id='word_1_708' title='bbox 948 4973 1065 5027; x_wconf 85' lang='lat' dir='ltr'><strong>duo</strong></span> <span class='ocrx_word' id='word_1_709' title='bbox 1093 4971 1434 5039; x_wconf 78' lang='lat' dir='ltr'><strong>interpretum</strong></span> <span class='ocrx_word' id='word_1_710' title='bbox 1466 4971 1618 5038; x_wconf 84' lang='lat' dir='ltr'><strong>paria</strong></span> <span class='ocrx_word' id='word_1_711' title='bbox 1648 4971 1829 5024; x_wconf 83' lang='lat' dir='ltr'><strong>subin-</strong></span> 
     </span>
    </p>
   </div>
   <div class='ocr_carea' id='block_1_98' title="bbox 252 5061 1828 5143">
    <p class='ocr_par' dir='ltr' id='par_1_98' title="bbox 252 5061 1828 5143">
     <span class='ocr_line' id='line_1_98' title="bbox 252 5061 1828 5143; baseline -0.004 -22"><span class='ocrx_word' id='word_1_712' title='bbox 252 5063 442 5123; x_wconf 68' lang='lat' dir='ltr'><strong>licuit.</strong></span> <span class='ocrx_word' id='word_1_713' title='bbox 467 5069 536 5126; x_wconf 76' lang='lat' dir='ltr'><strong>Ex</strong></span> <span class='ocrx_word' id='word_1_714' title='bbox 564 5069 894 5143; x_wconf 82' lang='lat' dir='ltr'><strong>Epiphanio</strong></span> <span class='ocrx_word' id='word_1_715' title='bbox 922 5066 1124 5133; x_wconf 86' lang='lat' dir='ltr'><strong>itaque</strong></span> <span class='ocrx_word' id='word_1_716' title='bbox 1149 5070 1202 5115; x_wconf 84' lang='lat' dir='ltr'><strong>et</strong></span> <span class='ocrx_word' id='word_1_717' title='bbox 1236 5077 1300 5116; x_wconf 76' lang='lat' dir='ltr'><strong>ex</strong></span> <span class='ocrx_word' id='word_1_718' title='bbox 1352 5061 1620 5132; x_wconf 83' lang='lat' dir='ltr'><strong>llesychio</strong></span> <span class='ocrx_word' id='word_1_719' title='bbox 1664 5061 1828 5116; x_wconf 82' lang='lat' dir='ltr'><strong>disci—</strong></span> 
     </span>
    </p>
   </div>
   <div class='ocr_carea' id='block_1_99' title="bbox 251 5153 1824 5230">
    <p class='ocr_par' dir='ltr' id='par_1_99' title="bbox 251 5153 1824 5230">
     <span class='ocr_line' id='line_1_99' title="bbox 251 5153 1824 5230; baseline -0.003 -19"><span class='ocrx_word' id='word_1_720' title='bbox 251 5170 368 5225; x_wconf 74' lang='lat' dir='ltr'><strong>Ius,</strong></span> <span class='ocrx_word' id='word_1_721' title='bbox 391 5162 702 5222; x_wconf 82' lang='lat' dir='ltr'><strong>lemniscum</strong></span> <span class='ocrx_word' id='word_1_722' title='bbox 732 5168 1097 5230; x_wconf 85' lang='lat' dir='ltr'><strong>usurpatum</strong></span> <span class='ocrx_word' id='word_1_723' title='bbox 1121 5153 1307 5221; x_wconf 75' lang='lat' dir='ltr'><strong>fuisse,</strong></span> <span class='ocrx_word' id='word_1_724' title='bbox 1333 5153 1550 5224; x_wconf 89' lang='lat' dir='ltr'><strong>quando</strong></span> <span class='ocrx_word' id='word_1_725' title='bbox 1580 5153 1824 5222; x_wconf 79' lang='lat' dir='ltr'><strong>ejusdem</strong></span> 
     </span>
    </p>
   </div>
   <div class='ocr_carea' id='block_1_100' title="bbox 245 5243 1827 5312">
    <p class='ocr_par' dir='ltr' id='par_1_100' title="bbox 245 5243 1827 5312">
     <span class='ocr_line' id='line_1_100' title="bbox 245 5243 1827 5312; baseline -0.002 -10"><span class='ocrx_word' id='word_1_726' title='bbox 245 5251 362 5307; x_wconf 71' lang='lat' dir='ltr'><strong>Iocis</strong></span> <span class='ocrx_word' id='word_1_727' title='bbox 391 5264 478 5311; x_wconf 80' lang='lat' dir='ltr'><strong>aut</strong></span> <span class='ocrx_word' id='word_1_728' title='bbox 505 5256 610 5312; x_wconf 89' lang='lat' dir='ltr'><strong>loci</strong></span> <span class='ocrx_word' id='word_1_729' title='bbox 633 5254 770 5310; x_wconf 70' lang='lat' dir='ltr'><strong>duae</strong></span> <span class='ocrx_word' id='word_1_730' title='bbox 805 5243 1233 5306; x_wconf 83' lang='lat' dir='ltr'><strong>translationes</strong></span> <span class='ocrx_word' id='word_1_731' title='bbox 1267 5243 1713 5312; x_wconf 88' lang='lat' dir='ltr'><strong>apponebantur,</strong></span> <span class='ocrx_word' id='word_1_732' title='bbox 1767 5252 1827 5299; x_wconf 90' lang='lat' dir='ltr'><strong>ut</strong></span> 
     </span>
    </p>
   </div>
   <div class='ocr_carea' id='block_1_101' title="bbox 227 5333 1822 5412">
    <p class='ocr_par' dir='ltr' id='par_1_101' title="bbox 227 5333 1822 5412">
     <span class='ocr_line' id='line_1_101' title="bbox 227 5333 1822 5412; baseline -0.005 -18"><span class='ocrx_word' id='word_1_733' title='bbox 227 5353 276 5394; x_wconf 74' lang='lat' dir='ltr'><strong>ex</strong></span> <span class='ocrx_word' id='word_1_734' title='bbox 305 5343 388 5401; x_wconf 80' lang='lat' dir='ltr'><strong>illa</strong></span> <span class='ocrx_word' id='word_1_735' title='bbox 429 5358 556 5404; x_wconf 76' lang='lat' dir='ltr'><strong>nota</strong></span> <span class='ocrx_word' id='word_1_736' title='bbox 601 5340 1138 5412; x_wconf 83' lang='lat' dir='ltr'><strong>distinguerentur</strong></span> <span class='ocrx_word' id='word_1_737' title='bbox 1169 5350 1182 5386; x_wconf 90' lang='lat'>:</span> <span class='ocrx_word' id='word_1_738' title='bbox 1209 5333 1353 5403; x_wconf 91' lang='lat' dir='ltr'><strong>quod</strong></span> <span class='ocrx_word' id='word_1_739' title='bbox 1393 5341 1570 5388; x_wconf 88' lang='lat' dir='ltr'><strong>autem</strong></span> <span class='ocrx_word' id='word_1_740' title='bbox 1603 5333 1669 5387; x_wconf 85' lang='lat' dir='ltr'><strong>de</strong></span> <span class='ocrx_word' id='word_1_741' title='bbox 1725 5333 1822 5387; x_wconf 90' lang='lat' dir='ltr'><strong>tri-</strong></span> 
     </span>
    </p>
   </div>
   <div class='ocr_carea' id='block_1_102' title="bbox 210 5425 1824 5512">
    <p class='ocr_par' dir='ltr' id='par_1_102' title="bbox 210 5425 1824 5512">
     <span class='ocr_line' id='line_1_102' title="bbox 210 5425 1824 5512; baseline -0.009 -18"><span class='ocrx_word' id='word_1_742' title='bbox 210 5435 333 5503; x_wconf 64' lang='lat' dir='ltr'><strong>ginta</strong></span> <span class='ocrx_word' id='word_1_743' title='bbox 361 5457 446 5498; x_wconf 78' lang='lat' dir='ltr'><strong>sex</strong></span> <span class='ocrx_word' id='word_1_744' title='bbox 475 5443 884 5512; x_wconf 85' lang='lat' dir='ltr'><strong>interpretum</strong></span> <span class='ocrx_word' id='word_1_745' title='bbox 919 5425 1164 5500; x_wconf 88' lang='lat' dir='ltr'><strong>paribus</strong></span> <span class='ocrx_word' id='word_1_746' title='bbox 1187 5433 1237 5478; x_wconf 89' lang='lat' dir='ltr'><strong>et</strong></span> <span class='ocrx_word' id='word_1_747' title='bbox 1264 5425 1329 5479; x_wconf 91' lang='lat' dir='ltr'><strong>de</strong></span> <span class='ocrx_word' id='word_1_748' title='bbox 1361 5425 1584 5480; x_wconf 90' lang='lat' dir='ltr'><strong>totidem</strong></span> <span class='ocrx_word' id='word_1_749' title='bbox 1616 5425 1824 5480; x_wconf 91' lang='lat' dir='ltr'><strong>cellulis</strong></span> 
     </span>
    </p>
   </div>
   <div class='ocr_carea' id='block_1_103' title="bbox 197 5514 1820 5600">
    <p class='ocr_par' dir='ltr' id='par_1_103' title="bbox 197 5514 1820 5600">
     <span class='ocr_line' id='line_1_103' title="bbox 197 5514 1820 5600; baseline -0.019 -10"><span class='ocrx_word' id='word_1_750' title='bbox 197 5526 441 5600; x_wconf 56' lang='lat' dir='ltr'><strong>‘jicitnr,</strong></span> <span class='ocrx_word' id='word_1_751' title='bbox 469 5535 544 5591; x_wconf 87' lang='lat' dir='ltr'><strong>ab</strong></span> <span class='ocrx_word' id='word_1_752' title='bbox 570 5533 973 5598; x_wconf 80' lang='lat' dir='ltr'><strong>Hieronymo</strong></span> <span class='ocrx_word' id='word_1_753' title='bbox 1002 5526 1065 5571; x_wconf 90' lang='lat' dir='ltr'><strong>et</strong></span> <span class='ocrx_word' id='word_1_754' title='bbox 1089 5531 1120 5568; x_wconf 91' lang='lat' dir='ltr'><strong>a</strong></span> <span class='ocrx_word' id='word_1_755' title='bbox 1154 5514 1282 5568; x_wconf 84' lang='lat' dir='ltr'><strong>viris</strong></span> <span class='ocrx_word' id='word_1_756' title='bbox 1317 5516 1490 5570; x_wconf 86' lang='lat' dir='ltr'><strong>doctis</strong></span> <span class='ocrx_word' id='word_1_757' title='bbox 1541 5531 1676 5586; x_wconf 88' lang='lat' dir='ltr'><strong>pene</strong></span> <span class='ocrx_word' id='word_1_758' title='bbox 1698 5533 1820 5571; x_wconf 88' lang='lat' dir='ltr'><strong>om-</strong></span> 
     </span>
    </p>
   </div>
   <div class='ocr_carea' id='block_1_104' title="bbox 185 5614 1362 5701">
    <p class='ocr_par' dir='ltr' id='par_1_104' title="bbox 185 5614 1362 5701">
     <span class='ocr_line' id='line_1_104' title="bbox 185 5614 1362 5701; baseline -0.021 -14"><span class='ocrx_word' id='word_1_759' title='bbox 185 5621 321 5682; x_wconf 61' lang='lat' dir='ltr'><strong>libus</strong></span> <span class='ocrx_word' id='word_1_760' title='bbox 339 5629 670 5701; x_wconf 79' lang='lat' dir='ltr'><strong>exploditur</strong></span> <span class='ocrx_word' id='word_1_761' title='bbox 705 5614 917 5676; x_wconf 87' lang='lat' dir='ltr'><strong>veluti</strong></span> <span class='ocrx_word' id='word_1_762' title='bbox 955 5615 1362 5701; x_wconf 80' lang='lat' dir='ltr'><strong>commentum.</strong></span> 
     </span>
    </p>
   </div>
   <div class='ocr_carea' id='block_1_105' title="bbox 217 5698 1813 5790">
    <p class='ocr_par' dir='ltr' id='par_1_105' title="bbox 217 5698 1813 5790">
     <span class='ocr_line' id='line_1_105' title="bbox 217 5698 1813 5790; baseline -0.018 -9"><span class='ocrx_word' id='word_1_763' title='bbox 217 5723 297 5778; x_wconf 68' lang='lat' dir='ltr'><strong>Ad</strong></span> <span class='ocrx_word' id='word_1_764' title='bbox 344 5698 487 5790; x_wconf 58' lang='lat' dir='ltr'><strong>haec,</strong></span> <span class='ocrx_word' id='word_1_765' title='bbox 549 5719 817 5777; x_wconf 68' lang='lat' dir='ltr'><strong>videtur</strong></span> <span class='ocrx_word' id='word_1_766' title='bbox 889 5698 1258 5773; x_wconf 83' lang='lat' dir='ltr'><strong>Epiphanius</strong></span> <span class='ocrx_word' id='word_1_767' title='bbox 1296 5715 1480 5756; x_wconf 87' lang='lat' dir='ltr'><strong>secum</strong></span> <span class='ocrx_word' id='word_1_768' title='bbox 1532 5716 1813 5772; x_wconf 83' lang='lat' dir='ltr'><strong>pugnare:</strong></span> 
     </span>
    </p>
   </div>
   <div class='ocr_carea' id='block_1_106' title="bbox 161 5789 1816 5886">
    <p class='ocr_par' dir='ltr' id='par_1_106' title="bbox 161 5789 1816 5886">
     <span class='ocr_line' id='line_1_106' title="bbox 161 5789 1816 5886; baseline -0.019 -10"><span class='ocrx_word' id='word_1_769' title='bbox 161 5824 262 5867; x_wconf 64' lang='lat' dir='ltr'><strong>um</strong></span> <span class='ocrx_word' id='word_1_770' title='bbox 314 5819 360 5874; x_wconf 82' lang='lat' dir='ltr'><strong>si</strong></span> <span class='ocrx_word' id='word_1_771' title='bbox 399 5817 649 5886; x_wconf 74' lang='lat' dir='ltr'><strong>triginta</strong></span> <span class='ocrx_word' id='word_1_772' title='bbox 693 5820 818 5863; x_wconf 78' lang='lat' dir='ltr'><strong>sex</strong></span> <span class='ocrx_word' id='word_1_773' title='bbox 892 5794 1006 5850; x_wconf 88' lang='lat' dir='ltr'><strong>illa</strong></span> <span class='ocrx_word' id='word_1_774' title='bbox 1061 5789 1222 5886; x_wconf 55' lang='lat' dir='ltr'><strong>paria</strong></span> <span class='ocrx_word' id='word_1_775' title='bbox 1268 5791 1619 5863; x_wconf 87' lang='lat' dir='ltr'><strong>interpretum</strong></span> <span class='ocrx_word' id='word_1_776' title='bbox 1647 5831 1662 5857; x_wconf 93' lang='lat'><strong>,</strong></span> <span class='ocrx_word' id='word_1_777' title='bbox 1719 5791 1816 5862; x_wconf 89' lang='lat' dir='ltr'><strong>qui</strong></span> 
     </span>
    </p>
   </div>
   <div class='ocr_carea' id='block_1_107' title="bbox 450 5881 1172 5974">
    <p class='ocr_par' dir='ltr' id='par_1_107' title="bbox 450 5881 1172 5974">
     <span class='ocr_line' id='line_1_107' title="bbox 450 5881 1172 5974; baseline -0.036 -5"><span class='ocrx_word' id='word_1_778' title='bbox 450 5881 785 5974; x_wconf 63' lang='grc' dir='ltr'><strong>ιῖλτιιοι..</strong></span> <span class='ocrx_word' id='word_1_779' title='bbox 829 5892 980 5953; x_wconf 74' lang='lat' dir='ltr'><strong>Gn.</strong></span> <span class='ocrx_word' id='word_1_780' title='bbox 1025 5881 1172 5944; x_wconf 82' lang='lat' dir='ltr'><strong>XV.</strong></span> 
     </span>
    </p>
   </div>
   <div class='ocr_carea' id='block_1_108' title="bbox 1934 4589 3520 4670">
    <p class='ocr_par' dir='ltr' id='par_1_108' title="bbox 1934 4589 3520 4670">
     <span class='ocr_line' id='line_1_108' title="bbox 1934 4589 3520 4670; baseline -0.005 -16"><span class='ocrx_word' id='word_1_781' title='bbox 1934 4599 2202 4669; x_wconf 79' lang='lat' dir='ltr'><strong>expiscari</strong></span> <span class='ocrx_word' id='word_1_782' title='bbox 2229 4599 2432 4654; x_wconf 85' lang='lat' dir='ltr'><strong>valeas.</strong></span> <span class='ocrx_word' id='word_1_783' title='bbox 2459 4597 2661 4668; x_wconf 86' lang='lat' dir='ltr'><strong>Quare,</strong></span> <span class='ocrx_word' id='word_1_784' title='bbox 2686 4599 2754 4655; x_wconf 88' lang='lat' dir='ltr'><strong>iis</strong></span> <span class='ocrx_word' id='word_1_785' title='bbox 2782 4596 3189 4670; x_wconf 60' lang='lat' dir='ltr'><strong>praetermissis,</strong></span> <span class='ocrx_word' id='word_1_786' title='bbox 3214 4594 3364 4652; x_wconf 86' lang='lat' dir='ltr'><strong>aliud</strong></span> <span class='ocrx_word' id='word_1_787' title='bbox 3390 4589 3520 4650; x_wconf 73' lang='lat' dir='ltr'><strong>affe-</strong></span> 
     </span>
    </p>
   </div>
   <div class='ocr_carea' id='block_1_109' title="bbox 1934 4685 3512 4758">
    <p class='ocr_par' dir='ltr' id='par_1_109' title="bbox 1934 4685 3512 4758">
     <span class='ocr_line' id='line_1_109' title="bbox 1934 4685 3512 4758; baseline -0.004 -15"><span class='ocrx_word' id='word_1_788' title='bbox 1934 4705 2053 4743; x_wconf 90' lang='lat' dir='ltr'><strong>ram</strong></span> <span class='ocrx_word' id='word_1_789' title='bbox 2093 4687 2234 4743; x_wconf 85' lang='lat' dir='ltr'><strong>unde</strong></span> <span class='ocrx_word' id='word_1_790' title='bbox 2285 4687 2466 4758; x_wconf 88' lang='lat' dir='ltr'><strong>possis</strong></span> <span class='ocrx_word' id='word_1_791' title='bbox 2523 4688 2915 4744; x_wconf 91' lang='lat' dir='ltr'><strong>lemniscorum</strong></span> <span class='ocrx_word' id='word_1_792' title='bbox 2970 4702 3156 4748; x_wconf 85' lang='lat' dir='ltr'><strong>usum,</strong></span> <span class='ocrx_word' id='word_1_793' title='bbox 3206 4685 3512 4741; x_wconf 89' lang='lat' dir='ltr'><strong>secundum</strong></span> 
     </span>
    </p>
   </div>
   <div class='ocr_carea' id='block_1_110' title="bbox 1932 4776 3504 4850">
    <p class='ocr_par' dir='ltr' id='par_1_110' title="bbox 1932 4776 3504 4850">
     <span class='ocr_line' id='line_1_110' title="bbox 1932 4776 3504 4850; baseline -0.003 -18"><span class='ocrx_word' id='word_1_794' title='bbox 1932 4794 2108 4833; x_wconf 89' lang='lat' dir='ltr'><strong>meam</strong></span> <span class='ocrx_word' id='word_1_795' title='bbox 2137 4777 2356 4848; x_wconf 87' lang='lat' dir='ltr'><strong>quidem</strong></span> <span class='ocrx_word' id='word_1_796' title='bbox 2388 4781 2738 4843; x_wconf 86' lang='lat' dir='ltr'><strong>sententiam,</strong></span> <span class='ocrx_word' id='word_1_797' title='bbox 2757 4783 3058 4850; x_wconf 90' lang='lat' dir='ltr'><strong>percipere.</strong></span> <span class='ocrx_word' id='word_1_798' title='bbox 3081 4776 3284 4833; x_wconf 89' lang='lat' dir='ltr'><strong>Psalm.</strong></span> <span class='ocrx_word' id='word_1_799' title='bbox 3317 4791 3504 4840; x_wconf 81' lang='lat' dir='ltr'><strong>xxvm,</strong></span> 
     </span>
    </p>
   </div>
   <div class='ocr_carea' id='block_1_111' title="bbox 1931 4853 3504 4941">
    <p class='ocr_par' dir='ltr' id='par_1_111' title="bbox 1931 4853 3504 4941">
     <span class='ocr_line' id='line_1_111' title="bbox 1931 4853 3504 4941; baseline 0.002 -17"><span class='ocrx_word' id='word_1_800' title='bbox 1931 4871 1984 4937; x_wconf 72' lang='grc'><strong>1,</strong></span> <span class='ocrx_word' id='word_1_801' title='bbox 2008 4871 2061 4924; x_wconf 91' lang='lat' dir='ltr'><strong>in</strong></span> <span class='ocrx_word' id='word_1_802' title='bbox 2099 4869 2325 4927; x_wconf 62' lang='lat' dir='ltr'><strong>Hebraeo</strong></span> <span class='ocrx_word' id='word_1_803' title='bbox 2353 4871 2548 4941; x_wconf 80' lang='lat' dir='ltr'><strong>legitur</strong></span> <span class='ocrx_word' id='word_1_804' title='bbox 2579 4855 2721 4933; x_wconf 60' lang='lat' dir='ltr'><strong>Dt&#39;m</strong></span> <span class='ocrx_word' id='word_1_805' title='bbox 2753 4879 2840 4932; x_wconf 64' lang='lat'><strong>’33</strong></span> <span class='ocrx_word' id='word_1_806' title='bbox 2877 4853 3030 4932; x_wconf 60' lang='lat' dir='ltr'><strong>mn&quot;?</strong></span> <span class='ocrx_word' id='word_1_807' title='bbox 3067 4879 3196 4934; x_wconf 70' lang='lat' dir='ltr'><strong>un.</strong></span> <span class='ocrx_word' id='word_1_808' title='bbox 3243 4867 3334 4923; x_wconf 84' lang='lat' dir='ltr'><strong>ubi</strong></span> <span class='ocrx_word' id='word_1_809' title='bbox 3365 4866 3504 4924; x_wconf 74' lang='lat' dir='ltr'><strong>LXX</strong></span> 
     </span>
    </p>
   </div>
   <div class='ocr_carea' id='block_1_112' title="bbox 1928 4960 3504 5038">
    <p class='ocr_par' dir='ltr' id='par_1_112' title="bbox 1928 4960 3504 5038">
     <span class='ocr_line' id='line_1_112' title="bbox 1928 4960 3504 5038; baseline -0.003 -20"><span class='ocrx_word' id='word_1_810' title='bbox 1928 4973 2224 5030; x_wconf 85' lang='lat' dir='ltr'><strong>verterant,</strong></span> <span class='ocrx_word' id='word_1_811' title='bbox 2261 4965 2550 5034; x_wconf 82' lang='grc' dir='ltr'><strong>Ἐνέγκατε</strong></span> <span class='ocrx_word' id='word_1_812' title='bbox 2581 4966 2662 5038; x_wconf 81' lang='grc' dir='ltr'><strong>τῷ</strong></span> <span class='ocrx_word' id='word_1_813' title='bbox 2698 4966 2909 5038; x_wconf 84' lang='grc' dir='ltr'>Κυρίῳ,</span> <span class='ocrx_word' id='word_1_814' title='bbox 2945 4963 3049 5017; x_wconf 77' lang='grc' dir='ltr'><strong>υἱοὶ</strong></span> <span class='ocrx_word' id='word_1_815' title='bbox 3079 4961 3238 5018; x_wconf 84' lang='grc' dir='ltr'><strong>Θεοῦ.</strong></span> <span class='ocrx_word' id='word_1_816' title='bbox 3289 4960 3504 5030; x_wconf 79' lang='lat' dir='ltr'><strong>Reliqui</strong></span> 
     </span>
    </p>
   </div>
   <div class='ocr_carea' id='block_1_113' title="bbox 1928 5053 3499 5128">
    <p class='ocr_par' dir='ltr' id='par_1_113' title="bbox 1928 5053 3499 5128">
     <span class='ocr_line' id='line_1_113' title="bbox 1928 5053 3499 5128; baseline 0.001 -21"><span class='ocrx_word' id='word_1_817' title='bbox 1928 5070 2056 5110; x_wconf 80' lang='lat' dir='ltr'><strong>vero</strong></span> <span class='ocrx_word' id='word_1_818' title='bbox 2086 5055 2431 5126; x_wconf 87' lang='lat' dir='ltr'><strong>interpretes,</strong></span> <span class='ocrx_word' id='word_1_819' title='bbox 2473 5057 2766 5125; x_wconf 77' lang='grc' dir='ltr'><strong>Ἐνέγκατε</strong></span> <span class='ocrx_word' id='word_1_820' title='bbox 2800 5057 2878 5128; x_wconf 82' lang='grc' dir='ltr'><strong>τῷ</strong></span> <span class='ocrx_word' id='word_1_821' title='bbox 2908 5055 3098 5128; x_wconf 80' lang='grc' dir='ltr'>Κυρίῳ</span> <span class='ocrx_word' id='word_1_822' title='bbox 3129 5055 3278 5118; x_wconf 82' lang='grc' dir='ltr'><strong>υἱοὺς</strong></span> <span class='ocrx_word' id='word_1_823' title='bbox 3305 5053 3499 5127; x_wconf 82' lang='grc' dir='ltr'><strong>κριῶν.</strong></span> 
     </span>
    </p>
   </div>
   <div class='ocr_carea' id='block_1_114' title="bbox 1928 5143 3498 5218">
    <p class='ocr_par' dir='ltr' id='par_1_114' title="bbox 1928 5143 3498 5218">
     <span class='ocr_line' id='line_1_114' title="bbox 1928 5143 3498 5218; baseline 0 -19"><span class='ocrx_word' id='word_1_824' title='bbox 1928 5143 2005 5200; x_wconf 82' lang='lat' dir='ltr'><strong>lbi</strong></span> <span class='ocrx_word' id='word_1_825' title='bbox 2046 5146 2308 5218; x_wconf 88' lang='lat' dir='ltr'><strong>Origenes</strong></span> <span class='ocrx_word' id='word_1_826' title='bbox 2361 5148 2648 5203; x_wconf 85' lang='lat' dir='ltr'><strong>lectionem</strong></span> <span class='ocrx_word' id='word_1_827' title='bbox 2696 5146 2804 5200; x_wconf 81' lang='grc' dir='ltr'>τῶν</span> <span class='ocrx_word' id='word_1_828' title='bbox 2859 5148 2913 5200; x_wconf 82' lang='lat'><strong>0&#39;</strong></span> <span class='ocrx_word' id='word_1_829' title='bbox 2942 5146 3182 5217; x_wconf 86' lang='lat' dir='ltr'><strong>reliquit,</strong></span> <span class='ocrx_word' id='word_1_830' title='bbox 3216 5145 3498 5216; x_wconf 77' lang='lat' dir='ltr'><strong>praemissa</strong></span> 
     </span>
    </p>
   </div>
   <div class='ocr_carea' id='block_1_115' title="bbox 1927 5236 3500 5308">
    <p class='ocr_par' dir='ltr' id='par_1_115' title="bbox 1927 5236 3500 5308">
     <span class='ocr_line' id='line_1_115' title="bbox 1927 5236 3500 5308; baseline -0.004 -14"><span class='ocrx_word' id='word_1_831' title='bbox 1927 5240 2176 5296; x_wconf 87' lang='lat' dir='ltr'><strong>lemnisci</strong></span> <span class='ocrx_word' id='word_1_832' title='bbox 2203 5251 2368 5308; x_wconf 89' lang='lat' dir='ltr'><strong>nota,</strong></span> <span class='ocrx_word' id='word_1_833' title='bbox 2400 5248 2452 5294; x_wconf 88' lang='lat' dir='ltr'><strong>et</strong></span> <span class='ocrx_word' id='word_1_834' title='bbox 2479 5237 2710 5294; x_wconf 80' lang='lat' dir='ltr'><strong>aliorum</strong></span> <span class='ocrx_word' id='word_1_835' title='bbox 2757 5238 3258 5308; x_wconf 76' lang='lat' dir='ltr'><strong>intei-pretationem</strong></span> <span class='ocrx_word' id='word_1_836' title='bbox 3303 5236 3500 5304; x_wconf 86' lang='lat' dir='ltr'><strong>adjecit</strong></span> 
     </span>
    </p>
   </div>
   <div class='ocr_carea' id='block_1_116' title="bbox 1927 5325 3496 5400">
    <p class='ocr_par' dir='ltr' id='par_1_116' title="bbox 1927 5325 3496 5400">
     <span class='ocr_line' id='line_1_116' title="bbox 1927 5325 3496 5400; baseline -0.004 -16"><span class='ocrx_word' id='word_1_837' title='bbox 1927 5331 2190 5385; x_wconf 86' lang='lat' dir='ltr'><strong>asterisco</strong></span> <span class='ocrx_word' id='word_1_838' title='bbox 2219 5339 2484 5393; x_wconf 88' lang='lat' dir='ltr'><strong>notatam,</strong></span> <span class='ocrx_word' id='word_1_839' title='bbox 2527 5329 2630 5384; x_wconf 82' lang='lat' dir='ltr'><strong>hoc</strong></span> <span class='ocrx_word' id='word_1_840' title='bbox 2661 5340 2817 5397; x_wconf 85' lang='lat' dir='ltr'><strong>pacto</strong></span> <span class='ocrx_word' id='word_1_841' title='bbox 2847 5333 2912 5399; x_wconf 72' lang='lat' dir='ltr'><strong>&gt;t(</strong></span> <span class='ocrx_word' id='word_1_842' title='bbox 2953 5331 3244 5400; x_wconf 78' lang='grc' dir='ltr'>Ἐνέγκατε</span> <span class='ocrx_word' id='word_1_843' title='bbox 3277 5325 3352 5398; x_wconf 82' lang='grc' dir='ltr'><strong>τῷ</strong></span> <span class='ocrx_word' id='word_1_844' title='bbox 3383 5327 3496 5379; x_wconf 85' lang='grc' dir='ltr'>Κυ-</span> 
     </span>
    </p>
   </div>
   <div class='ocr_carea' id='block_1_117' title="bbox 1927 5417 3491 5494">
    <p class='ocr_par' dir='ltr' id='par_1_117' title="bbox 1927 5417 3491 5494">
     <span class='ocr_line' id='line_1_117' title="bbox 1927 5417 3491 5494; baseline -0.004 -20"><span class='ocrx_word' id='word_1_845' title='bbox 1927 5423 2047 5493; x_wconf 82' lang='grc' dir='ltr'>ρίῳ,</span> <span class='ocrx_word' id='word_1_846' title='bbox 2071 5421 2176 5474; x_wconf 75' lang='grc' dir='ltr'>υἱοὶ</span> <span class='ocrx_word' id='word_1_847' title='bbox 2203 5419 2360 5476; x_wconf 84' lang='grc' dir='ltr'><strong>Θεοῦ.</strong></span> <span class='ocrx_word' id='word_1_848' title='bbox 2388 5435 2450 5476; x_wconf 69' lang='grc' dir='ltr'><strong>-ι-</strong></span> <span class='ocrx_word' id='word_1_849' title='bbox 2489 5421 2776 5490; x_wconf 82' lang='grc' dir='ltr'><strong>Ἐνέγκατε</strong></span> <span class='ocrx_word' id='word_1_850' title='bbox 2801 5422 2877 5493; x_wconf 82' lang='grc' dir='ltr'><strong>τῷ</strong></span> <span class='ocrx_word' id='word_1_851' title='bbox 2909 5422 3097 5494; x_wconf 79' lang='grc' dir='ltr'>Κυρίῳ</span> <span class='ocrx_word' id='word_1_852' title='bbox 3121 5421 3267 5482; x_wconf 80' lang='grc' dir='ltr'><strong>υἱοὺς</strong></span> <span class='ocrx_word' id='word_1_853' title='bbox 3282 5417 3491 5490; x_wconf 74' lang='grc' dir='ltr'>κριῶνζ</span> 
     </span>
    </p>
   </div>
   <div class='ocr_carea' id='block_1_118' title="bbox 1925 5509 3490 5570">
    <p class='ocr_par' dir='ltr' id='par_1_118' title="bbox 1925 5509 3490 5570">
     <span class='ocr_line' id='line_1_118' title="bbox 1925 5509 3490 5570; baseline -0.006 -1"><span class='ocrx_word' id='word_1_854' title='bbox 1925 5517 1998 5570; x_wconf 89' lang='lat' dir='ltr'><strong>ita</strong></span> <span class='ocrx_word' id='word_1_855' title='bbox 2025 5526 2082 5569; x_wconf 90' lang='lat' dir='ltr'><strong>ut</strong></span> <span class='ocrx_word' id='word_1_856' title='bbox 2116 5515 2412 5570; x_wconf 87' lang='lat' dir='ltr'><strong>lemniscus</strong></span> <span class='ocrx_word' id='word_1_857' title='bbox 2439 5515 2660 5570; x_wconf 88' lang='lat' dir='ltr'><strong>doceret</strong></span> <span class='ocrx_word' id='word_1_858' title='bbox 2687 5531 2806 5570; x_wconf 89' lang='lat' dir='ltr'><strong>eam</strong></span> <span class='ocrx_word' id='word_1_859' title='bbox 2841 5529 2961 5568; x_wconf 87' lang='lat' dir='ltr'><strong>esse</strong></span> <span class='ocrx_word' id='word_1_860' title='bbox 2991 5511 3135 5568; x_wconf 77' lang='lat' dir='ltr'><strong>LXX</strong></span> <span class='ocrx_word' id='word_1_861' title='bbox 3163 5522 3218 5565; x_wconf 89' lang='lat' dir='ltr'><strong>et</strong></span> <span class='ocrx_word' id='word_1_862' title='bbox 3249 5509 3490 5564; x_wconf 82' lang='lat' dir='ltr'><strong>Theodo-</strong></span> 
     </span>
    </p>
   </div>
   <div class='ocr_carea' id='block_1_119' title="bbox 1925 5600 3488 5674">
    <p class='ocr_par' dir='ltr' id='par_1_119' title="bbox 1925 5600 3488 5674">
     <span class='ocr_line' id='line_1_119' title="bbox 1925 5600 3488 5674; baseline -0.008 -12"><span class='ocrx_word' id='word_1_863' title='bbox 1925 5607 2088 5662; x_wconf 90' lang='lat' dir='ltr'><strong>tiouis</strong></span> <span class='ocrx_word' id='word_1_864' title='bbox 2125 5606 2410 5661; x_wconf 90' lang='lat' dir='ltr'><strong>lectionem</strong></span> <span class='ocrx_word' id='word_1_865' title='bbox 2450 5605 2546 5659; x_wconf 80' lang='lat' dir='ltr'><strong>:itl</strong></span> <span class='ocrx_word' id='word_1_866' title='bbox 2583 5609 2728 5662; x_wconf 89' lang='lat' dir='ltr'><strong>enim</strong></span> <span class='ocrx_word' id='word_1_867' title='bbox 2771 5607 2878 5660; x_wconf 89' lang='lat' dir='ltr'><strong>duo</strong></span> <span class='ocrx_word' id='word_1_868' title='bbox 2916 5613 3114 5674; x_wconf 76' lang='lat' dir='ltr'><strong>puncta</strong></span> <span class='ocrx_word' id='word_1_869' title='bbox 3144 5600 3488 5658; x_wconf 87' lang='lat' dir='ltr'><strong>denotabant.</strong></span> 
     </span>
    </p>
   </div>
   <div class='ocr_carea' id='block_1_120' title="bbox 1923 5687 3496 5758">
    <p class='ocr_par' dir='ltr' id='par_1_120' title="bbox 1923 5687 3496 5758">
     <span class='ocr_line' id='line_1_120' title="bbox 1923 5687 3496 5758; baseline -0.008 -7"><span class='ocrx_word' id='word_1_870' title='bbox 1923 5695 2077 5752; x_wconf 82' lang='lat' dir='ltr'><strong>lluue</strong></span> <span class='ocrx_word' id='word_1_871' title='bbox 2098 5694 2271 5750; x_wconf 83' lang='lat' dir='ltr'><strong>fuisse</strong></span> <span class='ocrx_word' id='word_1_872' title='bbox 2291 5695 2682 5750; x_wconf 86' lang='lat' dir='ltr'><strong>lemniscorum</strong></span> <span class='ocrx_word' id='word_1_873' title='bbox 2701 5709 2858 5750; x_wconf 88' lang='lat' dir='ltr'><strong>usum</strong></span> <span class='ocrx_word' id='word_1_874' title='bbox 2887 5693 3079 5747; x_wconf 84' lang='lat' dir='ltr'><strong>suadet</strong></span> <span class='ocrx_word' id='word_1_875' title='bbox 3111 5703 3270 5758; x_wconf 90' lang='lat' dir='ltr'><strong>supra</strong></span> <span class='ocrx_word' id='word_1_876' title='bbox 3297 5687 3496 5741; x_wconf 82' lang='lat' dir='ltr'><strong>allatus</strong></span> 
     </span>
    </p>
   </div>
   <div class='ocr_carea' id='block_1_121' title="bbox 1922 5777 3494 5862">
    <p class='ocr_par' dir='ltr' id='par_1_121' title="bbox 1922 5777 3494 5862">
     <span class='ocr_line' id='line_1_121' title="bbox 1922 5777 3494 5862; baseline -0.008 -20"><span class='ocrx_word' id='word_1_877' title='bbox 1922 5787 2176 5862; x_wconf 81' lang='lat' dir='ltr'><strong>Hesychii</strong></span> <span class='ocrx_word' id='word_1_878' title='bbox 2217 5787 2401 5854; x_wconf 88' lang='lat' dir='ltr'><strong>locus,</strong></span> <span class='ocrx_word' id='word_1_879' title='bbox 2443 5784 2536 5840; x_wconf 92' lang='lat' dir='ltr'><strong>ubi</strong></span> <span class='ocrx_word' id='word_1_880' title='bbox 2570 5799 2704 5840; x_wconf 85' lang='lat' dir='ltr'><strong>sane</strong></span> <span class='ocrx_word' id='word_1_881' title='bbox 2745 5797 2866 5854; x_wconf 76' lang='lat' dir='ltr'><strong>qua:</strong></span> <span class='ocrx_word' id='word_1_882' title='bbox 2902 5782 3166 5839; x_wconf 77' lang='lat' dir='ltr'><strong>lemnisco</strong></span> <span class='ocrx_word' id='word_1_883' title='bbox 3206 5777 3494 5832; x_wconf 88' lang='lat' dir='ltr'><strong>notabatur</strong></span> 
     </span>
    </p>
   </div>
   <div class='ocr_carea' id='block_1_122' title="bbox 3143 5871 3182 5932">
    <p class='ocr_par' dir='ltr' id='par_1_122' title="bbox 3143 5871 3182 5932">
     <span class='ocr_line' id='line_1_122' title="bbox 3143 5871 3182 5932; baseline 0 0"><span class='ocrx_word' id='word_1_884' title='bbox 3143 5871 3182 5932; x_wconf 80' lang='lat'><strong>3</strong></span> 
     </span>
    </p>
   </div>
  </div>
