4052 6388
645 395 713 452 75
1898 418 1901 421 ν
2011 392 2528 450 ΡηιΕιῐΜΙΝΑιιῑΑ
3839 402 3907 459 76

640 513 906 577 clausula,
944 514 1037 568 καὶ
1064 513 1220 583 ψαλῶ
1244 511 1320 585 τῷ
1349 513 1571 585 ὀνόματι
1614 515 1819 589 Κυρίου
1854 498 1946 571 «iis
1979 517 2214 587 ὑψίστου,

2330 516 2435 575 sim
2465 515 2786 573 intermista:
2831 525 3168 573 occurrunt:
3201 517 3295 573 sed
3343 516 3505 573 etiam
3558 518 3616 573 in
3663 517 3911 578 editione

638 603 761 662 non
786 606 1114 662 verbotcnns
1153 605 1329 661 solum
1359 605 1643 661 dill'erebat
1670 624 1701 662 a
1733 609 2077 678 praecedenti,
2106 608 2221 680 ᾁσω

638 697 715 770 τῷ
738 697 928 770 Κυρίῳ
949 697 1027 768 τῷ
1052 698 1479 769 εὐεργετήσαντι
1537 716 1626 771 με,
1688 702 1781 755 sed
1813 717 1870 755 re
1908 710 1964 755 et
2016 716 2219 765 sensu;

639 798 806 861 atque
838 792 952 846 hac
978 790 1197 860 quidem
1222 806 1289 844 ex
1322 788 1590 846 Hebraico
1617 800 1671 846 et
1701 808 1768 847 ex
1803 793 2014 848 caateris
2056 794 2223 848 inter-

640 883 887 951 pretibus
913 891 1167 952 excerpta
1197 881 1375 936 fuerat
1399 923 1417 949 ,
1454 883 1623 937 altera
1670 900 1796 941 vero
1833 900 1901 939 ex
1945 884 2089 938 LXX
2134 901 2221 940 re-

639 982 938 1031 manserat.
986 974 1114 1030 Haec
1167 974 1346 1030 solum
1373 975 1734 1045 coniectando
1787 975 1894 1031 dici
1934 985 2167 1046 possunt
2205 995 2219 1031 :

638 1082 764 1122 cum
793 1068 937 1123 enim
962 1068 1109 1123 nullo
1154 1068 1262 1122 alio
1296 1082 1462 1137 quam
1499 1067 1804 1137 Epiphanio
1839 1067 1979 1122 duce
2026 1068 2105 1121 uti
2140 1066 2221 1123 las

637 1164 733 1223 sit,
767 1159 952 1214 omnia
980 1168 1127 1213 certe
1150 1158 1380 1214 salebris
1408 1157 1566 1227 plena
1582 1166 1733 1213 sunt.
1769 1156 2222 1234 Hypolemniscus

639 1265 790 1314 vero,
815 1248 972 1318 cujus
1008 1250 1121 1303 hmo
1160 1248 1335 1319 ﬁgura
1366 1259 1482 1303 erat
1519 1276 1582 1303 -ι-
1622 1249 1985 1320 signiﬁcabat,
2028 1265 2223 1306 secun-

639 1343 768 1395 dum
801 1339 1187 1411 Epiphanium,
1222 1355 1288 1394 ex
1313 1355 1423 1394 uno
1460 1346 1669 1395 tantum
1702 1340 2058 1411 interpretum
2105 1342 2222 1411 pari

640 1433 928 1489 lectionem
984 1434 1288 1503 appositam
1339 1448 1628 1498 emanare,
1675 1448 1906 1502 esseque
1950 1434 2224 1504 adjuncta

640 1522 859 1575 lectioni
879 1521 1284 1593 συναμφότερον
1308 1523 1402 1575 καὶ
1422 1521 1767 1592 συνάδελφον,
1789 1522 1841 1576 id
1867 1531 1970 1586 est,
1999 1523 2222 1578 omnino

645 1629 1043 1686 synonymam;
1077 1614 1158 1669 sic
1188 1613 1547 1685 Epiphanius.
1582 1612 1689 1669 Sed
1723 1615 1869 1684 quod
1903 1613 1969 1670 de
2002 1614 2223 1686 triginta

640 1723 735 1763 sex
762 1709 1117 1777 interpretum
1149 1708 1376 1777 paribus
1406 1715 1462 1761 et
1495 1706 1562 1761 de
1592 1707 1815 1762 t0tidem
1844 1707 2055 1762 cellulis
2090 1722 2220 1761 nar-

639 1811 813 1865 ratur,
842 1801 956 1870 jam
984 1802 1291 1872 ablegatum
1323 1809 1408 1856 est
1440 1816 1455 1863 ;
1496 1815 1667 1869 quare
1710 1800 1891 1870 potius
1943 1799 2220 1855 crederem

641 1894 1111 1965 bypolemniscum
1139 1903 1266 1948 tunc
1296 1892 1604 1964 appositum
1646 1890 1815 1946 fuisse
1845 1930 1859 1953 ,
1906 1906 2031 1946 cum
2057 1892 2219 1947 lectio
2253 1878 2293 1933 Β

641 1987 731 2042 illa
757 1997 941 2042 notata
985 1986 1127 2041 LXX
1164 1986 1521 2056 lnterpretum
1545 1984 1723 2041 solum
1748 1994 1901 2048 erat,
1932 1984 2077 2053 quod
2108 2000 2218 2038 uno

639 2080 834 2136 subtus
886 2080 1084 2134 lineam
1118 2081 1300 2150 posito
1332 2087 1532 2149 punctu
1586 2074 1973 2141 indicabatur;
2022 2073 2219 2128 lemni-

638 2188 796 2231 scum
828 2188 956 2227 vero
989 2186 1114 2226 cum
1146 2170 1360 2233 duobus
1381 2169 1620 2241 punctis,
1657 2170 1878 2238 quando
1935 2182 2043 2222 non
2074 2165 2217 2219 LXX

636 2266 995 2336 interpretum
1030 2273 1266 2327 tantum,
1295 2264 1389 2319 sed
1431 2262 1595 2316 citam
1636 2259 2030 2316 Thcodotionis
2077 2268 2214 2315 erat.

636 2357 908 2415 Caeterum
940 2371 1007 2410 ex
1042 2354 1400 2411 similitudine
1448 2368 1570 2424 quae
1616 2352 1986 2407 intercedebat
2029 2353 2218 2408 obelos

638 2451 780 2504 inter
808 2458 862 2503 et
894 2448 1187 2503 lemniscos
1211 2456 1374 2516 atque
1402 2445 1862 2517 ltypolemniscos,
1900 2461 2007 2500 non
2039 2445 2214 2501 solum

638 2550 905 2610 quantum
933 2539 1000 2593 ad
1033 2537 1285 2602 formam,
1312 2535 1408 2591 sed
1442 2536 1608 2591 etiam
1632 2546 1898 2606 quantum
1934 2535 2000 2589 ad
2030 2550 2214 2602 usum,

638 2632 842 2686 factum
873 2640 957 2686 est
999 2638 1054 2685 ut
1090 2628 1337 2684 letnnisci
1363 2642 1459 2699 pro
1489 2627 1661 2682 obelis
1705 2627 1817 2682 sint
1854 2625 2043 2681 habiti.
2077 2623 2215 2681 Nam

638 2741 749 2780 uno
781 2731 1007 2793 excepto
1039 2720 1294 2794 Hesycbii
1335 2721 1455 2777 loco
1485 2735 1650 2790 supra
1700 2717 1956 2784 laudato,
2010 2719 2214 2774 nullam

634 2831 726 2872 me
756 2816 1146 2870 lemniseorum
1196 2813 1528 2868 mentionem
1582 2826 1612 2865 a
1645 2818 1888 2880 tempore
1930 2808 2217 2879 Epiphanii

636 2918 691 2964 et
725 2907 1039 2979 Hieronymi
1073 2906 1287 2975 uspiam
1343 2904 1585 2974 reperire
1617 2903 1877 2968 memini;
1926 2902 1981 2956 in
2027 2902 2216 2958 Bibliis

637 2999 846 3056 scilicet
875 2996 1295 3067 manuscriptis,
1331 2996 1385 3051 in
1433 2994 1654 3051 Catenis
1684 3004 1740 3051 et
1774 2996 1829 3049 in
1870 2990 2217 3050 Commenta-

636 3107 754 3147 ηις.

637 3207 703 3264 ν.
740 3205 817 3279 In
836 3206 1102 3279 hodiernis
1118 3205 1440 3279 editionibus
1465 3215 1514 3259 et
1542 3221 1647 3279 mss
1665 3204 1816 3279 LXX
1834 3205 2211 3279 Interpretum,

708 3278 878 3349 multa
908 3294 973 3331 ea:
996 3277 1227 3331 editione
1260 3276 1360 3328 illa
1391 3274 1688 3345 Hexaplari
1726 3274 2000 3347 desumpta
2033 3279 2212 3349 depre-

696 3347 1026 3402 .ltenduntur.

707 3461 903 3518 Narrat
932 3461 1296 3533 Hieronymus
1327 3469 1568 3532 tempore
1591 3477 1691 3517 suo
1728 3461 2001 3518 Ecclesias
2037 3462 2217 3519 varias

635 3555 803 3611 variis
857 3553 998 3609 LXX
1053 3553 1417 3625 lnterpretum
1473 3555 1805 3611 editionibus
1864 3573 1995 3613 usas
2067 3572 2211 3613 esse.

634 3646 984 3715 Alexandria,
1036 3648 1234 3718 inquit,
1265 3657 1316 3701 et
1342 3646 1633 3719 Egyptus,
1667 3649 1724 3703 in
1754 3644 1906 3702 LXX
1958 3650 2069 3704 suis
2100 3648 2215 3705 He-

633 3740 872 3813 sychium
920 3739 1111 3793 laudat
1155 3749 1457 3804 auctorem;
1512 3736 1997 3811 Constantinopolis
2053 3756 2215 3811 usque

637 3832 974 3888 Antiochiam
1004 3831 1234 3886 Luciani
1253 3833 1503 3902 martyris
1516 3833 1836 3902 exemplaria
1865 3832 2084 3904 probat;
2108 3850 2216 3889 nte-

634 3927 739 3980 dice
772 3927 909 3979 inter
937 3924 1033 3978 has
1068 3924 1348 3992 provincia:
1397 3923 1717 3980 Paltestinos
1746 3926 1950 3980 codices
2008 3927 2210 3996 legunt,

633 4032 764 4086 quos
797 4016 863 4070 ab
899 4017 1121 4087 Origene
1158 4015 1455 4069 elaboratas
1500 4015 1760 4072 Eusebius
1805 4027 1856 4071 et
1898 4017 2212 4089 Pamphilus

633 4110 972 4180 vulgaverant
1004 4124 1022 4163 :
1049 4119 1290 4178 totusque
1326 4109 1467 4162 orbis
1521 4108 1620 4162 hac
1644 4110 1783 4162 inter
1835 4126 1891 4163 se
1940 4112 2213 4164 contraria

632 4204 885 4256 varietate
916 4210 1250 4273 compugnat.
1288 4198 1354 4254 Et
1387 4200 1440 4253 in
1465 4200 1688 4269 epistola
1718 4200 1784 4254 ad
1821 4200 2209 4268 Augustinum,

631 4310 754 4366 quae
769 4304 850 4350 est
881 4295 931 4348 in
972 4303 1243 4363 postrema
1276 4293 1512 4348 editione
1548 4292 1634 4356 7i,
1660 4292 1959 4364 εἰρωνικῶς
1982 4294 2211 4364 loquens

632 4387 710 4442 ait
744 4407 756 4441 :
792 4384 883 4442 Vis
917 4399 1126 4440 amator
1154 4402 1264 4439 esse
1286 4402 1435 4439 veras
1451 4383 1607 4438 LXX
1627 4383 2000 4455 Interpretum,
2021 4402 2121 4440 non
2141 4387 2190 4441 le

630 4496 724 4551 gas
747 4497 808 4535 ea
836 4496 952 4550 quae
976 4482 1070 4534 sub
1099 4480 1367 4533 asteriscis
1394 4489 1517 4532 sunt
1552 4497 1570 4534 :
1607 4481 1715 4533 imo
1744 4480 1869 4533 rode
1893 4479 1958 4533 de
1988 4480 2211 4535 volumi-

2324 608 2569 664 Romana
2598 626 2705 665 non
2731 625 2919 680 pauca:
2946 609 3427 680 deprehenduntur
3460 612 3744 679 lectiones,
3784 631 3909 686 qua:

2323 702 2394 757 ab
2419 702 2699 773 hexaplari
2730 704 2819 758 illa
2839 704 3077 760 editione
3104 713 3416 770 manarunt,
3449 716 3509 760 ut
3548 707 3699 761 verbi
3729 708 3907 777 gratia

2318 792 2425 849 Job
2460 810 2536 860 ιι,
2573 795 2627 860 5,
2659 794 2712 848 in
2742 796 2856 851 hzec
2884 797 3047 851 verba
3077 803 3211 860 ωιτν
3249 794 3613 868 Symmachus
3640 808 3697 853 et
3724 790 3908 855 Theo-

2321 884 2505 953 dotio,
2534 888 2595 940 οὐ
2625 886 2700 959 μὴ
2730 887 3012 961 ὑπακούσῃ
3046 888 3193 959 αὐτῷ
3214 927 3227 951 ,
3255 904 3375 957 qua:
3394 888 3555 944 lectio
3579 890 3631 944 in
3666 890 3909 947 editione

2324 977 2603 1048 hexaplari
2658 980 2831 1048 posita
2864 978 3060 1045 fuerat,
3088 983 3214 1050 quia
3254 979 3434 1049 prisca
3487 980 3595 1033 τῶν
3629 982 3686 1036 0'
3736 982 3909 1038 inter-

2323 1071 2577 1139 pretatio,
2634 1069 2720 1122 ἵνα
2757 1068 2831 1141 μὴ
2861 1069 3110 1142 ἀντείπῃ,
3147 1055 3256 1124 ηοή
3302 1069 3437 1126 satis
3488 1069 3856 1125 conveniebat
3888 1086 3903 1122 :

2328 1170 2558 1232 utraque
2589 1170 2768 1217 tamen
2792 1162 2971 1216 versio
2995 1162 3049 1216 in
3081 1170 3229 1216 textu
3256 1162 3443 1218 relicta
3462 1171 3565 1228 est,
3601 1163 3676 1218 ita
3701 1172 3766 1218 ut
3783 1178 3910 1234 quae

2323 1252 2551 1322 praeibat
2575 1252 2887 1323 Symmachi
2912 1261 2965 1307 ct
2989 1252 3401 1317 Theodotionis,
3431 1255 3697 1311 asterisco
3744 1264 3909 1312 nota-

2323 1352 2492 1408 retur,
2526 1343 2697 1398 altera
2730 1357 2858 1396 vero
2893 1342 3178 1409 lemnisco,
3219 1352 3278 1396 ut
3327 1344 3545 1414 quidem
3595 1345 3858 1403 existimo
3894 1363 3907 1399 :

2321 1434 2516 1489 deinde
2546 1433 2805 1504 neglectis
2836 1434 3105 1497 astericis,
3143 1434 3315 1489 amba:
3341 1435 3600 1492 lectiones
3625 1451 3914 1492 remanse-

2322 1535 2450 1581 runt
2473 1526 2572 1592 sic,
2619 1526 2680 1579 οὐ
2713 1524 2786 1596 μὴ
2821 1525 3105 1599 ὑπακούσῃ
3131 1526 3301 1596 αὐτῷ,
3328 1516 3417 1580 fita.
3445 1528 3519 1598 μὴ
3553 1528 3808 1603 ἀντείπῃ.
3842 1527 3913 1584 Et

2323 1617 2518 1687 psalm.
2551 1633 2684 1681 xvn,
2721 1616 2812 1678 56,
2859 1618 2972 1673 haec
3018 1618 3178 1672 verba
3200 1625 3369 1677 ua‘m
3404 1628 3598 1700 11113311
3624 1618 3769 1673 LXX
3783 1636 3913 1676 ver—

2322 1717 2520 1771 terant,
2548 1708 2694 1779 καὶὴ
2724 1708 2942 1762 παιδεία
2965 1725 3057 1762 σου
3102 1707 3391 1780 ἀνώρθωσέ
3448 1727 3535 1780 με,
3596 1709 3912 1768 Theodotio

2322 1810 2526 1867 autem,
2556 1800 2647 1853 καὶ
2669 1802 2702 1871 ὴ
2728 1800 2943 1854 παιδεία
2975 1818 3067 1853 σου
3109 1801 3243 1872 αὐτή
3290 1818 3357 1871 με
3400 1800 3632 1869 διδάξει·
3672 1813 3912 1875 utraque

2322 1902 2504 1948 autem
2535 1891 2695 1946 lectio
2730 1891 2784 1945 in
2810 1892 3089 1961 hexaplari
3141 1892 3229 1946 illa
3290 1894 3528 1951 editione
3592 1896 3796 1964 posita,
3851 1897 3910 1952 in

2323 1981 2601 2039 hodiernis
2633 1980 2825 2038 Bibliis
2857 1983 3193 2054 conjunctim
3229 1984 3444 2057 legitur.
3490 1985 3703 2043 Similia
3734 1990 3909 2044 multa

2322 2071 2631 2144 frequenter
2661 2082 2980 2131 occurrunt.

2391 2189 2447 2242 In
2473 2189 2799 2246 Ecclesiaste
2822 2206 2951 2246 vero
3001 2193 3098 2246 σὺν
3119 2191 3454 2261 przepositio,
3472 2207 3579 2262 qua
3593 2192 3909 2263 exprimere

2321 2283 2530 2339 solebat
2557 2284 2750 2355 Aquila
2776 2285 3094 2355 particulam
3117 2283 3437 2340 Hebraicam
3461 2295 3565 2350 nn,
3593 2294 3783 2340 notam
3812 2300 3909 2341 ac-

2321 2376 2550 2431 cusativi
2586 2391 2771 2441 casus,
2796 2391 3071 2448 quamque
3100 2375 3382 2449 Origenes'.
3405 2379 3461 2432 in
3495 2377 3779 2449 hexaplari
3812 2378 3907 2433 illa

2320 2465 2558 2521 editione
2576 2468 2861 2536 praemisso
2885 2469 3171 2532 asterisco,
3205 2467 3379 2523 sicubi
3424 2477 3764 2535 occurreret,
3794 2483 3901 2539 poor

2320 2566 2523 2623 suerat,
2554 2574 2661 2612 non
2690 2558 3064 2630 inlrequenter
3120 2560 3388 2630 reperitur
3417 2561 3471 2614 in
3512 2561 3757 2617 editione
3791 2560 3909 2615 Ro-

2320 2664 2503 2703 mana.
2533 2648 2624 2705 Sic
2651 2665 2771 2720 cap.
2800 2667 2860 2713 n,
2897 2666 2947 2704 ν.
2980 2651 3067 2717 17,
3098 2651 3193 2705 καὶ
3216 2651 3453 2722 ἐμίσησα
3493 2653 3590 2705 σὺν
3618 2651 3720 2722 τὴν
3734 2648 3906 2722 ζωὴν,

2321 2748 2374 2795 et
2399 2755 2517 2811 cap.
2561 2755 2645 2805 ιιι,
2673 2757 2729 2799 v.
2764 2741 2852 2809 i7,
2890 2743 2987 2797 σὺν
3004 2743 3093 2797 τὸν
3114 2744 3320 2799 δίκαιον
3351 2745 3447 2799 καὶ
3482 2746 3579 2798 σὺν
3611 2743 3703 2799 τὸν
3727 2744 3907 2817 ἀσεϐῆ

2321 2836 2498 2904 κρινεί
2537 2833 2566 2885 ὁ
2612 2832 2765 2895 Θεὸς,
2811 2845 2866 2887 et
2920 2833 3117 2889 similia
3162 2835 3431 2904 quaedam.
3475 2834 3666 2906 Capite
3717 2844 3906 2891 autem

2319 2939 2438 2988 vn,
2496 2940 2641 2980 vers.
2695 2924 2797 2990 23,
2852 2925 3154 2981 clausulam
3215 2940 3281 2980 ex
3349 2924 3544 2997 Aquila
3589 2927 3643 2981 in
3701 2927 3906 2983 editio-

2318 3031 2445 3073 nem
2470 3016 2580 3071 τῶν
2620 3015 2677 3071 0'
2704 3016 2973 3073 invectam
3003 3017 3481 3088 deprehendimus,
3508 3028 3567 3073 ut
3614 3019 3803 3075 videas
3846 3020 3906 3074 in

2318 3119 2446 3166 nota
2478 3111 2699 3166 ibidem.
2728 3109 2808 3165 Ex
2830 3111 2916 3166 his
2955 3125 3119 3181 porro
3157 3112 3548 3168 mutationibus
3600 3113 3786 3169 evenit
3846 3124 3907 3168 ut

2320 3202 2487 3259 editio
2515 3201 2657 3257 LXX
2708 3201 3085 3272 interpretum
3119 3218 3255 3274 pura
3286 3213 3341 3259 et
3386 3205 3564 3274 qualis
3613 3209 3903 3260 erat'ante

2317 3292 2630 3365 Origenem,
2651 3293 2855 3350 frustra
2877 3304 3154 3365 quaeratur
3174 3295 3355 3351 hodie.
3397 3295 3537 3352 Hinc
3569 3297 3703 3352 item
3753 3297 3908 3352 acci-

2317 3385 2398 3443 dit
2431 3395 2491 3440 ut
2507 3385 2717 3440 librarii
2745 3385 2875 3441 dum
2900 3386 3228 3457 exemplaria
3260 3385 3404 3441 HXX
3419 3385 3784 3458 lnterpretum
3806 3402 3908 3442 ex-

2317 3477 2640 3542 scriberent,
2676 3476 2813 3533 alias
2842 3477 3103 3533 lectiones
3125 3477 3346 3549 praeﬁxo
3375 3478 3435 3532 θ’
3463 3487 3614 3544 nota,
3647 3479 3907 3535 videlicet

2316 3568 2458 3624 LXX
2487 3568 2869 3640 interpretum,
2897 3570 2951 3625 in
2973 3570 3218 3641 margine
3243 3578 3530 3637 notarent;
3581 3572 3658 3626 ita
3703 3580 3770 3626 ut
3795 3573 3907 3625 mi-

2316 3677 2421 3717 nus
2448 3661 2609 3732 periti
2639 3676 2821 3717 rerum
2848 3660 3163 3732 huiusmodi
3186 3662 3456 3718 mirentur
3497 3662 3591 3718 ubi
3617 3660 3764 3718 LXX
3807 3661 3906 3717 ln-

2316 3762 2614 3824 terpretum
2641 3762 2822 3809 textus
2845 3754 3154 3824 exscriptus
3180 3763 3285 3822 est,
3310 3755 3366 3810 in
3413 3754 3663 3827 margine
3714 3756 3904 3811 notari

2314 3845 2458 3901 LXX
2483 3849 2812 3917 interpretes
2833 3847 2941 3902 alio
2972 3847 3137 3903 modo
3159 3847 3355 3919 legere.

2316 4002 2403 4059 Vl.
2439 4002 2515 4057 De
2569 4002 2973 4074 mutationibus
3006 4019 3123 4074 qua:
3168 4003 3232 4057 ab
3276 4001 3517 4074 Origenis
3569 4011 3807 4072 tempore
3843 4003 3904 4057 in

2455 4073 2708 4128 editiones
2756 4072 2906 4127 LXX
2944 4072 3299 4144 Interpretum
3326 4072 3557 4129 advectae
3590 4084 3740 4128 sunt.

2384 4210 2695 4281 Saepissime
2725 4210 2915 4274 etiam;
2972 4210 3270 4280 praesertim
3318 4209 3457 4263 libro
3506 4206 3789 4273 Jndicum,
3842 4208 3904 4264 in

2312 4302 2594 4357 codicibus
2618 4300 2981 4365 Coisliniano,
2999 4300 3200 4355 unciali
3252 4300 3565 4353 charactere
3591 4297 3900 4368 descripto,

2312 4401 2366 4448 et
2398 4390 2706 4455 Basiliensi,
2729 4390 2894 4445 variae
2914 4390 3169 4446 lectiones
3206 4389 3260 4443 in
3288 4389 3531 4460 margine
3568 4388 3900 4443 scribuntur

2311 4498 2436 4539 cum
2460 4491 2588 4537 nota
2614 4482 2672 4536 0'
2688 4482 2753 4545 Θ,
2785 4482 2913 4552 quia
2937 4481 3145 4536 scilicet
3173 4496 3238 4535 ex
3271 4478 3640 4535 Theodotione
3686 4478 3745 4533 in
3776 4480 3900 4535 edi-

631 4572 808 4631 nibus,
839 4578 1139 4623 ntveterum
1172 4578 1218 4622 te
1233 4570 1496 4639 fautorem
1516 4569 1720 4639 probes.
1747 4569 1901 4635 Quod
1929 4575 1974 4624 si
1998 4572 2207 4641 feceris,
2245 4598 2289 4652 ι)
2315 4575 2517 4628 tionem
2575 4573 2684 4633 τῶν
2709 4574 2764 4625 0'
2794 4587 2918 4626 cum
2944 4570 3223 4626 asteriscis
3256 4570 3325 4624 ab
3373 4565 3607 4640 Origene
3636 4568 3900 4625 .invectae

632 4663 867 4714 omnium
908 4659 1260 4714 Ecclesiarum
1291 4661 1635 4714 bibliothecas
1694 4661 1950 4717 damnare
1984 4664 2205 4734 cogeris.

642 4748 745 4805 Via:
773 4752 912 4805 enim
949 4767 1082 4804 unus
1105 4760 1199 4805 aut
1219 4750 1356 4804 alter
1394 4752 1691 4805 inveniatur
1713 4751 1845 4806 liber
1864 4755 1955 4824 qui
1980 4754 2084 4807 ista
2107 4769 2209 4807 non

630 4841 841 4895 habeat.
867 4839 1005 4895 Hinc
1025 4841 1319 4895 ediscimus
1348 4841 1460 4911 jam
1499 4855 1613 4895 aevo
1660 4838 1977 4913 Hieronymi
2031 4842 2211 4897 exem-

630 4933 801 5005 plaria
826 4931 966 4987 LXX
1010 4930 1367 5002 lnterpretum
1419 4932 1707 4987 innumera
1749 4940 1805 4987 et
1834 4934 2114 4988 asteriscis
2157 4942 2211 4988 et

627 5025 1016 5082 obelisonusta
1047 5023 1217 5079 fuisse
1253 5040 1266 5076 :
1292 5021 1776 5094 quae-Origeniante
1801 5033 1941 5078 notae
1963 5023 2016 5077 in
2041 5024 2211 5093 pluri-

628 5118 735 5175 mis
766 5117 1173 5188 exemplaribus
1206 5114 1821 5186 manuscriptis-Grzecis
1840 5115 1966 5169 hinc
1995 5113 2190 5171 etinde

626 5226 834 5283 sparsae
869 5208 1140 5279 hodieque
1185 5207 1580 5272 observantur;
1628 5207 1738 5263 imo
1765 5207 1929 5262 etiam
1963 5204 2017 5258 in
2068 5221 2208 5261 non-

627 5304 791 5360 nullis
820 5302 1053 5365 Latinis,
1086 5300 1326 5354 maxime
1360 5299 1416 5353 in
1450 5297 1602 5352 libris
1631 5296 1736 5352 Job
1764 5308 1819 5352 et
1838 5295 2202 5353 Psalmorum.

624 5396 704 5452 Ex
719 5397 958 5452 editione
970 5394 1059 5449 illa
1077 5390 1357 5463 bexaplari
1371 5391 1543 5445 multa
1562 5390 1616 5443 in
1634 5390 1927 5444 hodiernas
1941 5388 2207 5443 editiones

624 5489 948 5543 transmissa
996 5481 1495 5553 deprehenduntur.
1527 5477 1638 5534 Nec
1667 5480 1863 5549 loquor
1894 5468 2100 5532 tantum
2128 5477 2207 5546 de

622 5574 994 5631 Alexandrino
1014 5570 1223 5635 codice,
1247 5570 1341 5639 qui
1369 5568 1663 5624 editionem
1685 5568 1831 5622 illam
1855 5566 2204 5636 hexaplarem

624 5686 763 5740 pene
794 5669 1062 5740 sequitur,
1093 5675 1154 5720 ut
1181 5667 1367 5720 videre
1395 5674 1478 5720 est
1512 5663 1810 5733 praesertim
1858 5662 1913 5717 in
1947 5662 2086 5716 libro
2109 5659 2204 5716 Ju-

604 5763 850 5828 rdicum;
884 5774 985 5814 nec
1014 5759 1080 5813 de
1117 5757 1354 5812 editione
1400 5755 1792 5826 Complutcnsi,
1826 5754 1917 5809 ubi
1968 5753 2203 5809 aliorum

623 5830 981 5922 interpretum
1016 5850 1295 5915 lcttiones,
1333 5848 1675 5918 maximeque
1709 5845 2044 5917 Symmachi,
2074 5862 2203 5919 pas-

2313 4664 2548 4719 lnerant.
2573 4663 2686 4718 Imo
2719 4665 2885 4718 etiam
2911 4663 3050 4718 libro
3076 4660 3327 4717 Judicum
3370 4676 3445 4723 vr,
3484 4659 3539 4723 8,
3592 4668 3705 4715 tres
3747 4659 3899 4721 LXX

2314 4758 2675 4825 Interpretum
2700 4754 2959 4810 lectiones
2979 4769 3079 4824 pro
3104 4769 3214 4807 uno
3228 4753 3529 4823 eodemque
3554 4752 3677 4807 loco
3699 4752 3899 4808 obser-

2311 4855 2529 4901 vantur.
2560 4844 2760 4902 Praeter
2788 4859 2909 4899 eam
2942 4844 3109 4908 enim,
3131 4844 3198 4899 de
3222 4859 3328 4913 qua
3383 4843 3617 4913 egimus,
3653 4844 3901 4898 varieta—

2315 4937 2383 4991 tis
2408 4952 2651 5004 causam,
2675 4934 2797 4990 alite
2824 4936 3010 4992 multa
3044 4935 3187 4988 haud
3220 4933 3384 4989 dubie
3404 4933 3754 4997 exstiterunt.
3782 4930 3901 4989 Nec

2312 5029 2490 5099 potuit
2517 5027 2673 5082 aliter
2710 5024 2927 5081 evenire
2957 5026 3012 5079 in
3046 5025 3188 5079 libro
3213 5023 3374 5079 toties
3398 5021 3702 5091 descripto;
3731 5021 3901 5091 cujus

2312 5128 2391 5174 tot
2424 5118 2573 5173 varia
2608 5118 2663 5172 in
2695 5117 2926 5172 diversis
2946 5115 3258 5186 regionibus
3288 5111 3619 5180 exemplaria
3637 5110 3901 5167 fereban-

2314 5222 2430 5267 tur:
2457 5226 2581 5265 nam
2603 5226 2668 5264 ex
2693 5210 2799 5264 alia
2828 5208 3066 5264 editione
3096 5206 3151 5259 in
3175 5206 3339 5260 aliam
3361 5204 3626 5261 lectiones
3644 5218 3899 5277 persaepe

2313 5303 2585 5358 translata:
2620 5310 2768 5358 sunt.
2817 5299 2931 5355 Non
2977 5313 3105 5354 raro
3147 5300 3312 5354 etiam
3348 5296 3615 5369 contingit
3655 5307 3720 5352 ut
3767 5296 3896 5352 loca

2309 5411 2375 5451 ex
2401 5394 2639 5451 editione
2690 5394 2800 5448 τῶν
2828 5394 2884 5446 0'
2913 5392 3208 5449 aﬂ‘erantur
3237 5391 3321 5446 vel
3348 5405 3379 5444 a
3405 5389 3775 5459 scriptoribus
3803 5390 3898 5445 vel

2308 5503 2340 5542 a
2368 5486 2696 5554 scholiaStis,
2743 5486 2838 5555 qui
2866 5485 2979 5555 jam
3006 5485 3063 5539 in
3100 5499 3164 5539 ea
3207 5497 3317 5538 non
3358 5488 3700 5550 comparent,
3758 5483 3900 5551 quia

2310 5592 2505 5647 nempe
2530 5576 2619 5631 illa
2651 5575 3023 5653 supplementa
3061 5588 3183 5644 quae
3211 5587 3337 5629 cum
3390 5570 3675 5626 asteriscis
3700 5570 3899 5626 addita

2308 5669 2551 5733 fuerunt,
2584 5670 2640 5723 in
2664 5667 2872 5737 aliquot
2897 5664 3232 5736 exemplaria
3260 5664 3470 5720 invecta
3500 5669 3654 5730 sunt,
3686 5661 3744 5717 in
3782 5661 3901 5719 alia

2307 5775 2414 5814 non
2443 5759 2593 5815 item.
3044 5769 3048 5775 ‘
