4052 6388
220 353 258 410 Tl
1534 368 1601 422 ΙΝ
1642 365 1964 421 HEXAPLA
2000 366 2343 423 ORlGENlS.
3492 371 3562 425 78

222 467 348 527 lliDe
369 475 421 528 iis
452 478 691 558 etin-in
750 486 1401 558 "gestationibusqua
1429 500 1492 539 ea:
1535 481 1882 538 similitudine
1910 488 1956 544 Α
1987 482 2136 553 βελεῖ
2179 494 2442 555 posuerat
2491 483 2756 557 Origenes
2801 486 2855 541 in
2904 486 3211 558 Tetraplis,
3258 499 3316 542 ut
3362 488 3559 543 ibidem

339 554 767 615 quarumdam
803 553 1194 608 litterarum
1220 553 1467 609 admissa»:
1484 565 1627 611 sunt.

256 651 345 710 Inter
360 659 731 729 pracipuas
790 674 1057 718 autem
1092 666 1439 730 varietatum,
1465 680 1587 734 quae
1606 667 1660 719 in
1690 681 1861 720 exem-

214 744 365 818 plaribus
414 749 534 803 τῶν
582 755 664 805 0'
706 754 1204 821 observantur,
1233 772 1447 823 causas,
1492 757 1673 812 locum
1710 758 1877 812 habet

213 834 554 891 illalitterarum
590 838 1047 896 Graecarum
1085 844 1230 897 inter
1251 859 1309 898 se
1337 844 1873 914 similiuml‘requei:s

212 927 504 983 commutatio.
532 927 727 985 Nam
774 948 958 986 cum
1002 931 1271 1004 Origenis
1302 946 1540 1004 tempore
1588 936 1875 1008 etaliquot

213 1030 334 1091 postea
351 1023 611 1088 saeculis,
647 1040 926 1080 ornncs
969 1026 1188 1080 Biblici
1233 1027 1349 1082 libri
1374 1028 1569 1082 unciali
1594 1029 1874 1085 charactec

215 1114 349 1169 resine
367 1118 744 1175 accentibus
776 1128 855 1173 et.
901 1120 1236 1188 spiritibus
1269 1120 1656 1188 scriberentur,
1688 1138 1752 1178 ac
1780 1124 1872 1178 lit-

214 1215 299 1261 tera
318 1208 565 1277 plurimae
605 1209 799 1266 inter
844 1226 929 1266 se
966 1212 1055 1265 ita
1086 1212 1295 1267 similes
1315 1221 1520 1275 essent.
1556 1223 1616 1267 ut
1645 1215 1734 1268 vix
1763 1217 1876 1270 dis-

214 1299 333 1370 tingui
374 1313 651 1372 possent,
692 1304 869 1359 hinc
908 1305 1185 1375 contigit
1219 1312 1276 1358 ut
1301 1312 1441 1375 saepe
1464 1322 1573 1360 una
1616 1322 1715 1377 pro
1767 1309 1872 1363 alia

213 1391 590 1449 substitueretur
615 1414 634 1448 :
665 1397 856 1452 unde
897 1397 1523 1465 magnadiversitatum
1551 1399 1685 1455 silva
1716 1416 1875 1455 exor-

214 1492 251 1536 ta
273 1491 353 1540 est.
384 1484 481 1540 liae
517 1502 673 1543 vero
704 1488 1023 1541 maxime
1053 1488 1256 1543 litterze
1297 1488 1436 1543 inter
1461 1503 1518 1543 se
1547 1490 1871 1544 commutari

212 1576 407 1631 solebant
426 1577 498 1640 Α,
537 1580 613 1641 A,
638 1580 719 1642 Λ,
760 1596 833 1643 α,
880 1578 951 1644 δ,
988 1579 1049 1641 λ,
1076 1589 1136 1632 et
1153 1580 1217 1642 E,
1239 1578 1302 1641 Θ,
1331 1581 1392 1642 0,
1438 1596 1485 1641 ε,
1511 1578 1562 1643 θ,
1616 1598 1668 1646 σ,
1697 1582 1871 1637 etali-

212 1668 462 1736 quandem
488 1678 552 1721 et
579 1669 667 1747 Ν,
714 1684 1020 1738 quarum
1075 1669 1325 1723 omnium
1384 1671 1748 1727 mutationum
1804 1687 1870 1727 ex

216 1759 363 1813 malus
388 1774 575 1829 pauca
608 1760 721 1815 hic
749 1759 1066 1829 exempla
1107 1757 1461 1829 proferimus.

271 1857 309 1909 Δ
326 1858 377 1912 in
398 1860 459 1911 Δ.
490 1855 691 1927 Hujus
709 1856 1111 1912 mutationis
1130 1857 1472 1926 perspicuum
1491 1856 1653 1911 habet
1678 1871 1867 1911 exem-
1900 1833 1946 1891 Β

223 1948 344 2017 plum
366 1947 766 2019 Hieronymus
804 1947 1258 2003 Commentario
1278 1946 1542 2002 inJerem.
1574 1963 1693 2018 cap.
1720 1965 1869 2014 xxxx,

227 2040 370 2109 λιι,
401 2041 497 2095 ubi
523 2057 736 2096 vocem
794 2048 1043 2103 BHM
1094 2037 1400 2094 Theodotio
1464 2042 1730 2113 σουαρεὶμ
1778 2057 1873 2097 ex-

227 2144 504 2201 presserat,
534 2132 757 2188 deinde
794 2148 959 2187 vero
1006 2131 1373 2185 librariorum
1413 2147 1599 2188 errore
1641 2134 1693 2187 in
1746 2150 1874 2187 eoo-

225 2223 391 2294 δρεὶμ,
421 2234 642 2280 mutato
664 2224 809 2279 Ain
835 2225 882 2276 Δ
924 2239 1178 2278 versum
1210 2222 1420 2289 fuerat;
1445 2240 1553 2295 qua
1580 2225 1646 2280 de
1670 2241 1728 2281 re
1752 2224 1875 2281 llic-

229 2328 516 2385 renymus:
555 2314 716 2381 Quas
755 2314 1097 2369 Theodotio
1124 2316 1494 2384 interpretatus
1524 2327 1622 2383 est,
1680 2315 1873 2372 Sudri-

229 2419 438 2461 aas‘.....
458 2424 580 2477 qua:
598 2407 897 2462 Hebr-uice
918 2405 1284 2479 appellantur
1306 2424 1521 2473 susum,
1542 2410 1631 2461 sed
1652 2414 1877 2478 scripto-

236 2514 349 2552 rum
374 2502 500 2554 sitio
515 2518 613 2570 pro
632 2501 828 2554 media
853 2499 1120 2569 syllaba,
1140 2499 1247 2553 sive
1264 2498 1443 2554 littera
1460 2501 1617 2570 alpha
1634 2500 1875 2555 Graecum

232 2587 376 2643 delt:
420 2592 647 2645 inolevit.
691 2587 983 2645 Iudicum
1017 2603 1154 2658 cap.
1182 2604 1256 2655 ιιι,
1285 2589 1373 2656 51,
1418 2589 1508 2658 ubi
1549 2588 1874 2645 Hebraicum

235 2678 403 2734 habet
428 2692 551 2745 nn,
582 2678 735 2734 LXX
760 2679 973 2750 Δινὰχ,
1010 2677 1308 2745 mendose,
1329 2694 1429 2750 pro
1455 2680 1645 2749 Αξνάθ,
1695 2692 1876 2735 muta-

237 2780 290 2825 to
315 2775 368 2824 Δ
396 2774 542 2839 ina;
570 2775 723 2828 alius
744 2771 958 2836 Δίνὰθ,
997 2779 1226 2826 mutato
1245 2773 1289 2824 Δ
1317 2773 1371 2826 in
1401 2772 1482 2839 A;
1509 2772 1649 2828 alius
1690 2772 1873 2835 Ἀνάθ,

238 2865 850 2922 meliusEtJudicum
898 2880 943 2930 ι,
1003 2865 1106 2930 Si,
1155 2863 1248 2918 ubi
1275 2864 1469 2936 legitur
1519 2848 1693 2930 πῖθι-ιιι,
1732 2862 1873 2917 LXX

240 2952 417 3011 hodie
444 2958 637 3014 habent
672 2959 880 3027 Δαλάφ
911 2973 1019 3028 pro
1067 2955 1302 3021 ’Δαλά6,
1332 2965 1394 3011 ιιι
1424 2956 1516 3010 alii
1538 2957 1742 3026 legunt.

313 3050 365 3101 Δ
390 3051 449 3104 in
474 3053 532 3105 Λ.
550 3050 736 3122 Hujus
763 3049 1250 3108 commutationis
1282 3049 1591 3119 exemplum
1638 3048 1876 3104 vidimus

1975 576 2334 643 adnotamus;
2383 578 2512 647 quia
2540 578 2974 639 videlicetlectio
2993 579 3082 634 illa
3111 580 3305 634 vitiata
3329 581 3553 650 βασιλεῖ,

1975 669 2218 724 nondum
2284 670 2340 723 in
2374 670 2705 739 exemplaria
2761 672 2962 743 quibus
2990 687 3126 727 usus
3158 682 3243 727 est
3275 673 3558 744 Origenes,

1978 756 2477 813 manaverat.Psal.
2500 774 2685 822 cxxxt,
2717 775 2766 812 ν.
2802 759 2887 824 15,
2920 775 3107 814 vocem
3130 770 3265 820 mur
3286 772 3562 817 verterant

1974 848 2115 902 LXX
2153 850 2475 918 lnterpretes
2503 850 2701 921 θήραν,
2730 851 3075 913 venationem,
3102 862 3267 921 atque
3295 853 3371 907 ita
3430 854 3561 925 legit

1973 942 2328 1005 Athanasius,
2364 939 2735 1012 Hieronymus
2753 956 2972 1011 quoque
2998 944 3323 997 venationem
3348 946 3523 1015 ;Aqui
3542 975 3557 986 -

1975 1032 2047 1093 la.
2108 1033 2480 1104 ἐπισιτισμὸν,
2516 1034 2724 1097 cibum;
2774 1031 3100 1096 Theodotio,
3159 1032 3352 1105 θήραν,
3412 1046 3467 1091 ιιι
3502 1044 3559 1090 et

1974 1123 2153 1192 LXX;
2188 1142 2309 1195 qua:
2333 1126 2494 1180 lectio
2525 1124 2825 1180 secundum
2850 1126 2965 1180 hinc
3000 1141 3066 1179 ex
3091 1126 3447 1182 similitudine
3473 1143 3559 1183 so-

1972 1220 2026 1271 ni
2058 1228 2262 1273 mutata
2292 1229 2375 1274 est
2408 1219 2460 1272 in
2481 1220 2681 1290 χήραν,
2712 1219 2946 1283 viduam,
2972 1226 3028 1273 et
3065 1219 3331 1276 hactenus
3365 1221 3446 1280 sic
3476 1222 3555 1278 le-

1972 1310 2117 1378 gitur
2153 1310 2204 1363 in
2239 1310 2471 1380 vulgatis
2493 1310 2919 1380 exemplaribus.
2953 1309 3083 1364 Item
3120 1309 3281 1366 Hesai
3325 1329 3435 1378 xiv,
3465 1314 3555 1377 2t,

1975 1401 2066 1455 ubi
2097 1401 2147 1454 in
2177 1400 2403 1455 Πιξωωο
2424 1401 2619 1468 legitur
2637 1407 2799 1466 ειν-απ,
2820 1400 2988 1468 LXX,
3012 1403 3238 1467 πόλεων,
3270 1414 3329 1458 ιιι
3351 1406 3557 1475 liquet:

1972 1501 2267 1561 posteaque
2282 1492 2490 1546 πόλεων
2508 1492 2560 1545 in
2583 1491 3117 1563 πολέμωνηιιιιιιιιιω
3136 1504 3238 1552 est.
3258 1496 3379 1553 Alia
3401 1498 3560 1567 longe

1970 1581 2129 1652 plura
2157 1581 2245 1636 his
2282 1580 2482 1635 addere
2522 1596 2829 1651 possemus,
2882 1598 3070 1638 verum
3125 1585 3240 1642 haec
3287 1598 3449 1643 erunt
3488 1589 3557 1643 ad

1970 1687 2210 1744 praesens
2234 1672 2539 1727 institutum
2568 1673 2722 1728 satis.

1976 1783 2110 1839 Vill.
2144 1785 2219 1840 De
2250 1786 2615 1867 distinctione_
2638 1789 2872 1857 capitum
2898 1799 2952 1843 et
2991 1792 3373 1847 versiculorum
3414 1793 3559 1849 anti-

2523 1868 2703 1927 quttus
2739 1869 3018 1929 usurpata.

2044 1946 2335 2002 Distinctio
2359 1947 2599 2017 capitum
2625 1947 2754 2002 olim
2789 1964 2888 2003 nec
2914 1950 3188 2006 hodierna:
3217 1952 3436 2012 similis.
3459 1968 3562 2010 nec

1977 2055 2084 2094 una
2113 2038 2232 2092 fuit.
2264 2037 2455 2108 Capita
2485 2039 2646 2109 longe
2678 2043 2889 2096 minora
2933 2041 3213 2099 hodiernis
3242 2055 3430 2113 erant;
3456 2061 3528 2102 cu
3557 2082 3561 2086 -

1968 2130 2062 2201 jus
2092 2130 2169 2184 rei
2213 2129 2524 2200 exemplum
2556 2131 2723 2187 habes
2751 2131 2894 2187 infra
2933 2130 3299 2189 Numerorum
3352 2151 3430 2203 tv,
3460 2135 3558 2204 25,

1975 2223 2032 2277 in
2064 2232 2214 2289 nota,
2248 2237 2313 2277 ex
2362 2222 2620 2278 omnibus
2667 2223 2873 2280 catenis
2917 2240 3053 2280 mss.
3084 2224 3392 2296 desumpta,
3436 2242 3561 2297 qnze

1975 2316 2056 2371 sic
2087 2314 2283 2370 habet:
2302 2315 2376 2369 Τὸ
2398 2315 2819 2388 Σαμαρειτικδν,
2844 2316 3397 2387 ἐπίσπαστρονμαὶ
3428 2317 3563 2388 δέρ-

1969 2425 2130 2478 ματα
2165 2408 2482 2464 ὐακίνθιγα
2507 2424 2521 2439 ’
2559 2409 2718 2463 ἅτινα
2742 2409 2897 2463 καλεῖ
2924 2408 2986 2462 τὸ
3010 2409 3052 2477 ξ’
3077 2409 3375 2479 κεφάλαιον
3409 2409 3562 2472 Ἐξό-

1974 2499 2064 2552 δου
2097 2498 2400 2568 διφθέρας.
2434 2496 2814 2554 Samariticum
2841 2500 3343 2567 habet,'tcntorium
3372 2510 3427 2555 et
3453 2501 3565 2563 pel.

1976 2593 2056 2648 les
2104 2592 2526 2663 hyacinthinus:
2574 2608 2693 2663 quae
2741 2594 2910 2659 capite
2959 2607 3028 2645 ιι
3075 2590 3255 2646 Exodi
3300 2604 3563 2659 vocantur

1977 2684 2298 2756 diphtherar.
2328 2683 2388 2739 ln
2420 2683 2605 2741 Exodo
2631 2684 2992 2754 quadraginta
3040 2684 3218 2739 solum
3249 2684 3430 2755 capita
3461 2685 3563 2738 ha-

1981 2776 2203 2842 bentur,
2231 2775 2493 2846 locusque
2519 2775 2608 2829 hic
2643 2775 2841 2829 citatus
2870 2783 3054 2829 exstat
3086 2775 3142 2829 in
3182 2776 3358 2845 capite
3392 2792 3560 2830 xxxrx

1977 2867 2266 2922 hodierno.
2309 2865 2367 2920 In
2410 2866 2597 2922 codice
2639 2866 2732 2919 illo
2776 2864 3116 2921 Coisliniano
3161 2867 3558 2931 vetustissimo,

1978 2959 2181 3031 unciali
2213 2959 2526 3013 charactere
2549 2958 2845 3027 descripto,
2878 2958 2967 3012 ubi
3002 2944 3369 3023 Octateucbus
3399 2967 3455 3014 et
3485 2959 3557 3012 li-

1977 3051 2065 3106 bri
2111 3049 2319 3121 Regum
2349 3051 2722 3113 c0ntinentur,
2772 3050 2894 3104 dua}
2936 3049 3167 3118 singulis
3216 3050 3271 3105 in
3312 3049 3470 3106 libris
3500 3051 3557 3106 in

245 3154 427 3211 Supra
456 3158 761 3215 :praaterea
784 3160 924 3200 vero
955 3144 1171 3215 psalm.
1200 3157 1328 3208 xxx,
1363 3142 1450 3206 l6,
1469 3142 1535 3195 ad
1551 3155 1739 3195 vocem
1770 3139 1877 3195 ﬂe-
1901 3171 1947 3232 ο
1978 3141 2156 3211 capita
2176 3138 2473 3196 divisiones
2494 3139 2546 3193 in
2574 3139 2821 3210 margine
2846 3148 3128 3204 notantur,
3160 3156 3394 3212 quarum
3420 3157 3559 3198 una-

248 3231 496 3291 δεύρω
525 3247 697 3304 my,
728 3237 883 3292 LXX
933 3235 1160 3291 habent
1197 3234 1247 3285 οἱ
1294 3232 1486 3304 κλῆροι
1524 3250 1648 3304 μου,
1707 3242 1872 3287 sortes

1978 3246 2211 3304 qumque
2243 3231 2402 3303 longe
2433 3230 2593 3302 plura
2636 3230 2813 3301 capita
2867 3229 3030 3285 habet
3061 3245 3226 3301 quam
3267 3230 3553 3287 hedierna.

252 3341 409 3390 nec,
439 3341 639 3385 mutato
662 3332 713 3384 Α
744 3332 806 3385 in
838 3333 886 3384 Λ
916 3346 931 3381 :
973 3342 1114 3383 nam
1154 3325 1245 3379 illa
1274 3341 1378 3381 vox
1418 3324 1688 3395 signiﬁcat
1744 3341 1869 3379 και-

258 3421 341 3488 ριῑέ
384 3439 510 3491 μου,
548 3434 795 3494 tempora
843 3438 986 3487 mea,
1057 3428 1127 3474 ut
1182 3418 1376 3489 reliqui
1433 3418 1756 3487 interpretes
1819 3425 1875 3472 et

258 3505 621 3586 Hieronymus
666 3525 991 3580 verterunt,
1034 3520 1096 3567 et
1151 3511 1288 3582 psal.
1333 3526 1498 3577 Lxxx,
1549 3509 1603 3577 3,
1640 3509 1705 3564 ad
1757 3509 1875 3565 haec

262 3606 431 3660 ralia
458 3617 757 3673 tam-mn,
806 3606 1194 3680 Symmachus
1238 3604 1400 3659 vertit
1443 3603 1612 3675 λύραν
1662 3602 1870 3673 ἡδεῖαν,

264 3695 441 3765 lyram
468 3702 691 3764 dulcem,
731 3701 827 3756 ubi
861 3701 1083 3771 aliquot
1108 3697 1464 3767 exemplaria,
1494 3703 1702 3749 mutato
1744 3694 1873 3748 Ain

263 3785 330 3849 Δ,
364 3785 563 3862 αὔραν,
597 3808 792 3845 auram
813 3790 1049 3846 habent.

358 3882 406 3936 Ε
439 3886 496 3938 in
528 3883 569 3939 C
604 3883 819 3941 Psalm.
856 3898 1091 3945 xxxvm,
1147 3879 1202 3941 5,
1254 3879 1306 3934 in
1353 3880 1603 3965 versione
1639 3876 1872 3948 Aquila},

269 3976 439 4031 unde!
479 3995 620 4035 uinus
651 3980 822 4034 habet
844 3980 1068 4047 σιωπῆς
1130 3973 1288 4044 σιγῆς
1344 3972 1454 4026 ἀπὸ
1510 3970 1740 4041 ἀγαθοῦ,
1774 3985 1874 4041 pro

272 4072 705 4143 εωπῇὲσιγησα
729 4070 840 4124 ἀπὸ
862 4065 1119 4137 ἀγαθοῦ,
1177 4064 1268 4119 ubi
1322 4062 1588 4120 Hebraica
1644 4064 1726 4119 sic
1780 4064 1877 4116 ha-

268 4156 399 4213 bent
422 4180 440 4216 :
467 4173 624 4223 επιστ)
647 4172 872 4223 mum-in
899 4169 1100 4221 man.
1131 4156 1276 4213 Psal.
1316 4173 1499 4221 Lxxvi,
1526 4156 1585 4224 7,
1606 4155 1875 4211 Eusebius

268 4250 557 4310 lectionem
579 4253 904 4327 Symmachi
934 4253 1021 4307 sic
1041 4247 1205 4304 eﬂ'ert
1228 4247 1396 4319 εᾶνὴρ
1421 4246 1595 4300 συνὼν
1616 4246 1676 4299 τὸ
1708 4245 1872 4300 πνεῦ-

273 4343 351 4411 μά
370 4364 502 4416 μου,
535 4363 634 4418 pro
652 4345 977 4419 ἀνηρεύνων
999 4343 1066 4397 τὸ
1107 4338 1327 4410 πνεῦμά
1357 4355 1480 4408 μου,
1504 4336 1875 4408 perscrutabor

269 4437 519 4501 spiritum
540 4454 734 4504 meum,
762 4431 1159 4501 nbillebraica
1183 4428 1261 4483 sic
1284 4428 1483 4482 habent
1500 4445 1513 4481 :
1528 4433 1650 4487 ἰι-ΓΠ
1673 4433 1870 4487 warm.

1978 3324 2309 3382 Discrimina
2340 3324 2536 3395 paucis
2564 3324 2774 3394 accipe.

2045 3418 2105 3473 ιιι
2129 3416 2325 3473 Genesi
2354 3416 2531 3487 prima
2556 3415 2753 3470 divisio
2780 3414 2837 3469 in
2868 3416 3056 3472 codice
3084 3404 3421 3471 Coisliniano
3455 3413 3560 3469 l06

1977 3510 2154 3582 capita
2183 3509 2437 3577 exhibet;
2471 3506 2712 3564 secunda
2757 3506 2815 3562 in
2853 3508 3044 3563 eodem
3087 3509 3275 3565 codice
3323 3507 3413 3576 99,
3457 3508 3554 3563 bo-

1974 3603 2163 3657 dierna
2191 3602 2282 3657 50.
3360 3584 3393 3637 Γ

2047 3691 2105 3746 ln
2134 3690 2322 3747 Exodo
2360 3690 2535 3762 prima
2572 3689 2770 3747 divisio
2799 3690 2853 3745 in
2897 3688 3123 3749 Coislin.
3149 3691 3237 3745 84⁷
3258 3692 3434 3761 capita
3459 3691 3561 3748 ba-

1975 3785 2065 3840 bet
2089 3801 2104 3851 ;
2130 3784 2364 3839 secunda
2390 3784 2444 3838 in
2479 3784 2669 3841 eodem
2694 3784 2881 3839 codice
2909 3782 3033 3847 110,
3066 3783 3330 3839 hodierna
3357 3782 3451 3843 40..

2047 3876 2104 3932 ln
2137 3876 2382 3933 Levitico
2414 3877 2589 3947 prima
2624 3878 2678 3932 in
2724 3876 2953 3934 Coislin.
3001 3875 3074 3930 54
3126 3875 3306 3945 capita
3356 3874 3561 3943 habet;

1975 3968 2214 4024 secunda
2242 3967 2297 4021 in
2329 3967 2449 4022 eod.
2481 3966 2670 4023 codice
2692 3967 2782 4034 61,
2816 3967 3078 4023 hodierna
3105 3963 3193 4018 27.

2056 4060 2114 4113 In
2142 4057 2399 4114 Numeris
2431 4058 2609 4128 prima
2637 4058 2688 4111 in
2706 4058 2938 4113 Coislin.
2985 4056 3056 4111 50
3081 4057 3292 4128 capita;
3324 4055 3564 4111 secunda

1976 4154 2030 4205 in
2056 4148 2282 4207 Coislin.
2315 4149 2408 4216 51,
2434 4149 2697 4205 hodierna
2728 4148 2820 4204 56.

2047 4239 2105 4294 ln
2151 4237 2573 4294 Deuteronomio
2618 4238 2794 4308 prima
2835 4236 2891 4291 in
2933 4234 3104 4291 Coisl.
3132 4232 3202 4288 68
3229 4232 3443 4302 capita;
3472 4244 3564 4284 se-

1975 4332 2153 4388 cunda
2182 4332 2237 4386 in
2270 4330 2502 4386 Coislin.
2538 4329 2631 4397 91,
2661 4327 2923 4385 hodierna
2947 4327 3039 4381 '54.

2046 4424 2105 4479 lu
2137 4424 2280 4479 libro
2302 4420 2474 4478 Josue
2509 4437 2618 4476 una
2644 4420 2883 4492 capitum
2917 4417 3116 4474 divisio
3147 4415 3482 4473 observatur
3514 4409 3571 4464 in

334 4526 379 4580 Ε
412 4528 474 4583 in
494 4529 554 4585 θ.
582 4529 806 4600 Aquila,
841 4528 1094 4598 Symm.,
1130 4519 1428 4575 Theodotio
1452 4527 1507 4574 et
1533 4517 1795 4590 Septima,
1816 4518 1871 4572 in
1907 4517 1953 4577 D
1980 4515 2342 4581 Coisliniano,
2375 4523 2430 4569 et
2458 4515 2585 4583 quia
2616 4514 2753 4567 liber
2782 4512 2875 4567 hic
2900 4524 3096 4582 magna
3133 4509 3221 4565 sui
3251 4514 3406 4600 parte
3448 4517 3574 4559 mu-

274 4633 381 4677 Bis
404 4623 606 4680 habent
634 4619 1079 4696 Βηθσαῦὲθ,ρι·ο
1108 4610 1405 4684 Βηθσαϐέε,
1441 4611 1533 4667 ubi
1561 4612 1617 4666 in
1646 4610 1874 4667 Hebrai-

273 4724 338 4767 eo
367 4714 562 4788 legitur
586 4728 862 4782 mm,
902 4710 1054 4784 psal.
1093 4726 1152 4771 ι,
1183 4709 1233 4761 1.

331 4810 388 4862 ll
411 4827 511 4881 pro
526 4814 593 4870 N.
612 4810 756 4867 LXX
780 4810 1139 4877 lnterpretes
1160 4814 1347 4874 quater
1367 4803 1571 4859 habent
1589 4800 1754 4872 ὤμων
1772 4814 1873 4869 pro

270 4899 427 4967 hue,
464 4906 693 4960 humeros
745 4917 857 4975 pro
912 4897 1122 4959 asinis,
1173 4892 1335 4951 Iosue
1372 4910 1451 4960 ιι,
1478 4894 1534 4959 4,
1565 4902 1618 4948 et
1656 4907 1747 4956 xv,
1783 4891 1871 4958 18,

270 4991 359 5045 ubi
399 4994 459 5048 in
488 4995 750 5053 Hebraico
784 4992 1007 5064 legitur
1038 4994 1239 5045 nam.

332 5083 528 5146 Frater
549 5092 667 5148 illas
704 5096 908 5145 autem
936 5080 1322 5137 mutationum
1355 5090 1573 5142 causas,
1607 5073 1728 5128 alia:
1756 5087 1868 5127 non

273 5189 449 5245 μα
470 5186 789 5242 acciderunt
815 5183 1071 5251 propter
1112 5169 1523 5225 similitudinem
1577 5165 1872 5221 verborum

264 5273 483 5335 Vdsoni,
524 5278 618 5334 sic
646 5276 783 5333 Job.
847 5279 1072 5328 xxnx,
1122 5260 1215 5318 2|.
1270 5260 1324 5314 in
1359 5256 1626 5314 Hebraico
1677 5255 1873 5327 legitur

244 5356 596 5461 βαπηρθ,
717 5371 1046 5422 occursum
1075 5359 1383 5415 armatura,
1412 5348 1663 5418 Vulgata,
1700 5347 1755 5399 in
1783 5361 1872 5400 oc-

794 5458 806 5461 ‘
926 5448 1001 5461 "“
1150 5445 1193 5461 ’κ
1251 5459 1270 5461 -
1350 5443 1425 5461 οη
1484 5459 1555 5461 _,.
1607 5439 1764 5461 ev_\-u
1819 5440 1869 5461 ιη

230 5439 430 5520 ἔκαιε,
453 5439 737 5525 4,1,34,53,-
772 5458 884 5519 A.,
926 5448 1079 5508 Th.,
1115 5445 1197 5506 εἰς
1242 5443 1557 5515 συνάντησιν
1604 5439 1789 5503 ὅπλου,
1817 5440 1872 5494 in

213 5572 482 5615 “an”,
507 5559 643 5623 ιΑίῖ
695 5552 912 5625 εῖωη
946 5542 1039 5603 εἰς
1090 5535 1396 5605 ἀπάντησιν
1432 5534 1869 5625 καταφράκτων,

198 5652 250 5704 ἐι
277 5670 565 5709 mm...
597 5624 1208 5715 cataphractorum;
1242 5625 1333 5679 ubi
1356 5624 1498 5679 Lxx
1525 5626 1722 5681 habent
1748 5641 1873 5679 συν-
1905 5677 1909 5681 ,

186 5749 355 5803 seu}:
372 5747 630 5821 βασιλεῖ,
694 5738 1075 5821 occurrens.
1099 5717 1234 5787 regi,
1258 5718 1545 5821 mendose,
1572 5730 1693 5821 pro"
1704 5716 1869 5787 βέλει,

174 5844 295 5913 ω..
339 5805 410 5901 es
448 5805 886 5899 similitudine
932 5810 1080 5874 soni
1110 5808 1600 5866 etterminationis.
1654 5805 1718 5862 Et
1739 5822 1871 5865 sane

1984 4608 2114 4663 tilus
2140 4616 2246 4674 est,
2278 4606 2353 4660 ibi
2397 4604 2463 4659 ad
2505 4612 2671 4674 caput
2699 4602 2974 4658 decimum
3010 4608 3271 4674 quartum
3302 4597 3573 4653 duntaxat

1979 4699 2315 4771 pervenitur,
2356 4696 2502 4769 quod
2539 4712 2667 4751 eum
2714 4710 2864 4753 nono
2910 4695 3087 4765 capite
3129 4693 3396 4749 hedierno
3427 4705 3565 4747 con-

1978 4794 2169 4849 currit.

2050 4885 2109 4936 In
2146 4881 2286 4937 libro
2313 4880 2566 4936 .Iudicum
2595 4880 2747 4935 nulla
2778 4879 3022 4950 capitum
3054 4873 3336 4929 distinctio
3362 4887 3557 4929 occur-

1977 4977 2049 5031 rit
2078 4976 2133 5029 in
2164 4973 2518 5030 Coisliniano.
2535 4971 2658 5043 .Sed
2685 4972 2903 5043 quoties
2933 4965 3191 5022 lsraelitm
3216 4960 3286 5020 ab
3312 4965 3565 5034 praevari-

1977 5065 2250 5122 cationem
2277 5063 2332 5119 in
2360 5064 2678 5121 servitutem
2714 5063 3058 5133 rediguntur,
3092 5057 3148 5112 in
3178 5052 3424 5128 margine
3459 5071 3560 5126 po-

1979 5159 2128 5215 nitur
2152 5174 2165 5210 :
2194 5156 2408 5211 δουλεὶα
2428 5163 2498 5223 α’,
2523 5154 2739 5209 δουλεία.
2762 5153 2830 5218 6',
2856 5160 2964 5206 etc.
2991 5148 3254 5204 Similiter
3279 5148 3346 5203 ad
3375 5149 3560 5219 singu-

1980 5253 2063 5309 los
2105 5250 2319 5322 judices
2346 5248 2440 5320 qui
2473 5246 2904 5311 constituuntur,
2932 5244 3224 5299 adnotatur
3250 5240 3461 5314 Κριτὴς
3483 5246 3557 5305 α’,

1978 5342 2169 5415 κριτὴς
2201 5339 2267 5392 6⁷.
2490 5397 2493 5401 .

2052 5436 2218 5491 Libro
2259 5434 2438 5505 primo
2467 5431 2677 5500 Regum
2710 5427 2885 5499 prima
2907 5424 3102 5481 divisio
3129 5424 3185 5479 in
3219 5420 3446 5478 Coislin.
3474 5426 3560 5474 est

1980 5530 2048 5584 55
2077 5528 2357 5598 capitum;
2387 5519 2630 5579 secunda
2661 5521 2748 5585 75,
2778 5519 3039 5574 hodierna
3078 5515 3167 5571 51.

2049 5622 2215 5678 Libro
2244 5615 2488 5674 secundo
2504 5614 2641 5685 Reg.
2677 5612 2924 5685 primalin
2948 5605 3174 5664 Coislin.
3199 5612 3282 5661 est
3311 5599 3380 5657 50
3401 5599 3560 5670 capia

1980 5726 2136 5780 tum;
2167 5709 2406 5767 secunda
2437 5707 2529 5769 55,
2565 5703 2831 5761 hodierna
2875 5701 2966 5755 24.

2052 5805 2110 5859 In
2158 5801 2301 5856 libro
2333 5798 2494 5854 tertio
2530 5793 2742 5866 Regum
2770 5791 2964 5848 divisio
2992 5792 3045 5844 in
3071 5786 3269 5857 capita,
3304 5781 3561 5853 perplexa
