4052 6388
607 427 692 484 779
1965 421 2240 479 ΡΜΙΛΜ
2249 418 2484 476 lNARlA
3804 419 3868 476 κο

623 546 937 610 admodum,
973 543 1107 600 liber
1151 559 1348 612 magna
1391 543 1475 599 sui
1511 555 1663 614 parte
1702 543 1926 599 mutilus
1969 551 2072 606 est,
2114 540 2188 594 ita
2220 552 2261 609 Α
2291 534 2477 606 scripti
2506 541 2680 599 erant,
2718 533 2790 588 ita
2831 541 2892 589 ut
2912 532 2979 588 ad
3005 531 3246 604 singulos
3274 547 3302 587 a
3324 532 3467 588 linea
3502 532 3863 605 inciperetur:

624 649 684 693 ut
705 637 866 692 etiam
899 647 1041 693 totus
1073 636 1210 691 liber
1236 645 1466 706 quartus
1487 636 1842 692 desideretur.

694 729 931 784 Primam
954 731 1004 784 in
1030 731 1216 786 codice
1241 730 1580 786 Coisliniano
1602 730 1944 788 divisionem.
1972 743 2088 781 eam
2117 725 2194 780 di-

623 821 802 876 cimus
847 837 969 890 qua:
1022 837 1144 875 cum
1197 822 1532 892 argumentis
1579 833 1680 886 est,
1710 820 2024 880 secundam,
2070 833 2190 872 eam

595 924 745 981 quae.
776 910 895 964 sine
923 911 1276 978 argumentis.
1317 910 1515 966 Verum
1547 913 1662 966 haec
1701 910 1875 966 fusius
1906 910 1958 964 in
1991 909 2194 962 Biblio-

626 999 780 1054 theca
803 998 1135 1054 Coistiniana
1167 1001 1477 1070 propediem
1511 1000 1739 1056 edenda.

694 1102 963 1159 Versiculi
991 1106 1240 1160 similiter
1270 1107 1427 1176 longe
1457 1107 1735 1162 breviores
1759 1107 1888 1162 olim
1915 1115 2070 1161 erant
2094 1107 2192 1162 ho-

625 1195 853 1259 diernis,
886 1206 945 1250 ut
975 1198 1225 1265 plurimis
1260 1200 1395 1253 locis
1424 1214 1487 1252 ac
1535 1199 1796 1268 exemplis
1841 1199 2192 1269 probavimus

624 1289 680 1341 in
712 1286 1114 1359 Palwographia
1145 1289 1350 1357 erca,
1379 1300 1433 1345 et
1459 1290 1600 1344 intra
1636 1291 1688 1345 in
1724 1292 1867 1346 notis
1896 1291 1962 1346 ad
1992 1292 2191 1346 librum

624 1378 726 1436 Job
749 1382 974 1451 passim.
1010 1380 1112 1436 Sed
1139 1382 1264 1452 quia
1299 1383 1350 1436 in
1385 1397 1448 1436 ea
1477 1397 1537 1437 re
1563 1383 1666 1436 viri
1695 1382 1858 1438 etiam
1889 1383 2034 1438 docti
2057 1382 2192 1452 lapsi

627 1481 777 1532 sunt.
806 1474 907 1527 rati
940 1475 1235 1530 versiculos
1278 1476 1406 1530 olim
1437 1475 1711 1530 hodiernis
1737 1477 1972 1546 aequales
2003 1475 2191 1541 fuisse,

626 1565 850 1618 unicum
886 1566 975 1619 hic
1018 1565 1236 1622 aﬂ'eram
1284 1567 1593 1637 exemplum
1627 1583 1693 1622 ex
1739 1568 1877 1622 libro
1907 1565 2030 1632 Job,
2069 1581 2190 1636 cap.

626 1669 742 1716 nu,
778 1671 830 1709 ν.
859 1657 950 1720 28,
995 1658 1086 1712 ubi
1126 1659 1381 1713 tredecim
1415 1659 1692 1722 versiculi,
1724 1659 2022 1714 secundum
2051 1659 2193 1713 anti-

626 1763 795 1815 quum
856 1766 1058 1804 morem
1119 1752 1436 1821 computati,
1499 1768 1592 1807 sex
1654 1753 1943 1808 hodiernos
2002 1767 2193 1808 versus

625 1839 881 1894 eﬂiciunt.
915 1839 1193 1896 Tredecim
1243 1853 1426 1896 autem
1463 1843 1738 1906 versiculi,
1776 1843 1967 1914 στίχοι,
2004 1844 2084 1898 sic
2139 1845 2192 1898 in

626 1930 950 1998 quibusdam
1004 1948 1134 1988 mss.
1189 1934 1432 1988 omnium
1485 1935 1873 1991 vetustissimis
1925 1937 2196 2009 στιχηρῶς

2363 625 2483 677 Ὅτι
2506 624 2702 694 ὲρεῖτεο
2729 622 2839 676 Ποῦ
2872 624 3017 694 ἐστιν
3047 618 3193 694 οῐιεος
3217 622 3494 694 ἄρχοντοςν

2337 695 2472 776 .Καὶ
2505 691 2609 747 τεοῦ
2639 697 2786 747 ἐστιν
2809 696 2842 764 ὴ
2877 692 3050 762 σκέπη
3077 691 3183 746 τῶν
3214 691 3583 763 σκηνωμάτων
3607 693 3716 747 τῶν
3741 694 3865 749 ἀσε-

2294 763 2714 904 ϐωἒέριιιτῇίισιξιτε
2747 832 3293 904 παραπσρευσμέγους
3314 833 3457 904 ῥδὸν,

2365 900 2476 976 Καὶ
2507 900 2577 976 ea
2608 905 2808 976 σημεῖα
2832 900 3024 976 ἀλῖιηιτιὶῖιν⁸
3042 900 3140 976 oux
3169 901 3640 976 ἀπαλλστριιίιςῦα
3661 920 3675 935 ⁸

2365 975 2507 1050 "_Qrt_
2528 974 2608 1050 εἰς
2641 973 2859 1050 ἡμέρωι
2889 973 3160 1050 amputa;
3198 973 3514 1050 πῢφφῖςέται
3550 981 3578 1031 ὁ
3610 978 3865 1050 πονηρὸς,

2363 1043 2458 1129 Ei;
2485 1042 2698 1166 Zpépav
2731 1042 2899 1132 ὀργῆς
2929 1047 3092 1099 αὑτοῦ
3121 1042 3546 1136 ἀπαχοῇσοκίται.

2363 1114 2459 1166 Τις
2530 1113 2780 1166 νανγέλει
2822 1117 2914 1166 ἐπὶ
2956 1117 3244 1166 πρόσωπον
3277 1135 3442 1166 αυτου
3475 1118 3546 1166 τὴ

2359 1114 2459 1194 :I‘ig
2491 1113 2784 1184 ἀναγγέλεῖ
2822 1113 2914 1168 ἐπὶ
2956 1113 3442 1188 πρόσωποκῖαὖτοῦ
3475 1118 3572 1190 τὴν
3611 1118 3734 1172 ὁδὸν
3772 1119 3867 1174 c.6-

2293 1201 2473 1327 τοῖέαὶ
2554 1255 2991 1327 adﬁciat-ainde;

2362 1325 2459 1400 Ti;
2489 1325 2854 1379 ἀνταποδώσει
2885 1325 3064 1398 uoco;
3089 1327 3184 1380 καὶ
3212 1327 3372 1391 αὐτὸς
3396 1329 3475 1392 είς
3503 1328 3706 1398 τάφους
3736 1331 3870 1400 ἀπη-

2294 1393 2482 1538 νέξξᾶ
2510 1465 2670 1538 αὐτὸς
2697 1466 2789 1518 ἐπὶ
2822 1464 3010 1538 σωρῷν
3039 1463 3407 1538 ἠγρύπνησεν.

2376 1535 2814 1610 ξβγλιρκᾴνθησαν
2828 1537 2998 1610 *αὐτῷ
3025 1535 3247 1610 χάᾏικες
3267 1535 3586 1610 χειμάρρῳ,

2363 1605 2472 1678 Καὶ
2507 1605 2681 1678 ῥπίσω
2716 1605 2864 1678 αὐτῷ
3029 1605 3313 1678 ἄνθρωπόξ
3341 1605 3726 1671 ἀπελεύσεται,

2365 1677 2475 1728 Kal.
2503 1675 2810 1747 ἔμπροσθεν
2837 1675 3002 1730 ἀὑτοῦ
3033 1675 3410 1749 ἀναρίθμητοι.

2365 1766 2560 1823 Moneo
2587 1777 2768 1823 autem
2796 1768 2848 1822 in
2879 1769 2982 1824 line
3008 1768 3226 1824 Catena:
3255 1770 3307 1823 in
3331 1767 3434 1825 Job
3461 1773 3518 1824 ln
3545 1768 3736 1840 Anglia
3763 1769 3870 1823 edi-

2302 1864 2389 1924 tae,
2424 1859 2611 1915 haberi
2644 1869 2816 1916 totum
2846 1861 3041 1915 librum
3076 1859 3178 1916 Job
3207 1861 3478 1934 στιχηρῶς
3505 1863 3766 1934 scriptum
3801 1862 3870 1916 ad

2301 1948 2462 2006 ﬁdem
2499 1954 2696 2010 veteris
2727 1953 3008 2024 cujusdam
3041 1954 3263 2011 codicis.

1707 2152 2088 2244 CAPUT
2160 2161 2768 2266 QUINTUM.

1826 2306 1911 2366 De
1958 2308 2210 2387 Aquilia
2240 2311 2660 2376 editiouibus.

627 2396 664 2446 ι,
685 2397 1123 2482 hist-aria.
1149 2399 1423 2482 [ξς-,ξηρῑέ
1436 2402 1585 2482 diras
1596 2404 2046 2482 interpretationes
2071 2410 2241 2460 edidit.
2269 2411 2365 2482 Ill._
2384 2413 2503 2464 Utra
2528 2428 2590 2482 ea
2619 2416 2808 2482 duabus
2831 2419 2882 2467 in
2909 2417 3151 2482 Hexaplis
3184 2422 3341 2482 posita
3384 2421 3551 2472 fuerit.
3591 2421 3673 2474 iV.
3697 2423 3775 2474 An
3804 2425 3873 2474 da

685 2460 1372 2547 2³3.¹ξῗὲιτὲἐ.ἓξ¹ῖὲἓι92³θὲἐξ¹ὶ
1393 2460 3609 2547 ἓξ.τὲἓέῗῖξὲ,ἒέεε-ξξιμὲίίξλίφ.,ξθαειιιιέῐὶθὶόιὲεὶὶὶ-ίῖίῗῙξιςἐιέιῖξιῦἶιῖῧῖ-’Ῑοὶἷι”ἰῑ›ιίῚῐὰὁῖὶεῖ
3626 2460 3775 2547 ἱιὶιῗεῖ
3804 2460 3873 2537 δί

687 2521 1039 2630 ggristianismi
1059 2521 1223 2598 odium
1247 2525 1375 2573 male
1398 2521 1772 2600 interpretatus,
1797 2521 2211 2591 reprehenditur:
2230 2521 2319 2584 VVl.
2344 2521 3608 2607 quinia?hiidd‘iﬁﬁifé’idéa"SthtiinIPeiH?
3629 2521 3874 2597 ἓῖ

763 2596 932 2630 aruum
955 2583 1133 2630 Onkelt
1161 2586 1342 2630 altauid
1368 2586 1617 2630 aﬂmitatts
1641 2589 1818 2630 haheat
1841 2605 1950 2630 cum
1977 2594 2390 2630 inlornralalinnn
2422 2599 2606 2630 Annilm
3590 2585 3602 2606 ’

763 2596 932 2645 argum
955 2583 1133 2635 Onkeli
1161 2586 1342 2648 aliquid
1368 2583 1617 2636 afﬁnitatis
1641 2583 1818 2639 habeat
1841 2583 1951 2640 c'um
1977 2583 2623 2661 interpretation‘exqui—lja.

1131 2769 1170 2823 Ι.
1212 2772 1412 2840 Aquila:
1442 2773 1685 2827 historia.

700 2859 948 2928 Aquilam
999 2862 1075 2915 ait
1127 2861 1463 2932 Epiphanius
1506 2865 1675 2922 fuisse
1725 2869 2065 2944 πενθερίδην.
2099 2873 2202 2928 hoc

630 2964 713 3007 est
745 2951 978 3016 amnem,
1010 2953 1112 3017 vel,
1155 2964 1214 3008 ut
1259 2955 1348 3008 alii
1388 2967 1624 3022 vertunt,
1671 2975 1945 3029 socerum,
1989 2976 2083 3019 aut
2119 2982 2204 3020 so-

631 3043 742 3098 ceri
774 3058 1033 3098 socrusve
1074 3043 1243 3098 ﬁlium
1289 3046 1633 3115 imperatoris
1675 3049 1940 3105 Adriani:
1976 3051 2202 3107 Chroni—

629 3152 728 3190 con
758 3151 886 3190 vero
927 3135 1182 3190 Paschale
1221 3139 1480 3210 πενθερὸν
1512 3141 1622 3196 sive
1665 3158 1912 3198 socerum
1955 3146 2109 3200 dicit.
2146 3145 2202 3201 ld

630 3237 835 3289 autem,
869 3236 928 3280 ut
975 3227 1132 3295 plane
1177 3227 1502 3293 fabulosum,
1548 3248 1578 3285 a
1624 3233 1753 3286 viris
1797 3234 1971 3290 doctis
2011 3239 2203 3291 merito

632 3319 929 3390 respuitur.
976 3316 1145 3373 Paulo
1179 3321 1420 3373 melioris
1460 3332 1600 3376 nota:
1639 3322 1890 3377 videntur
1923 3325 2027 3379 alia
2057 3343 2206 3395 qua:-

634 3412 784 3474 dam,
813 3425 933 3478 quae
976 3411 1042 3465 de
1089 3410 1282 3480 Aquila
1315 3413 1478 3466 tradit
1520 3413 1857 3483 Epiphanius
1885 3433 1897 3469 :
1931 3425 1985 3470 at
2015 3417 2059 3472 si
2096 3434 2203 3487 qua

638 3503 849 3556 sincera
901 3501 1028 3564 sint,
1078 3515 1145 3555 ex
1192 3500 1324 3570 ipsis
1371 3499 1620 3571 Origenis
1665 3503 1881 3573 scriptis
1917 3505 2203 3575 desumpta

635 3603 928 3662 putantur;
975 3608 1122 3655 nam,
1170 3601 1230 3646 ut
1271 3592 1382 3662 jam
1430 3593 1692 3659 diximus,
1738 3593 2001 3667 Origenes
2047 3598 2204 3653 initio

633 3685 968 3754 singularum
1005 3685 1314 3738 versionum
1352 3685 1418 3739 de
1458 3683 1693 3741 Historia
1723 3689 1988 3757 cujusque
2038 3690 2206 3744 inter-

633 3779 802 3847 pretis
833 3777 1081 3847 quaedam
1118 3778 1172 3831 in
1213 3776 1467 3847 Hexaplis
1513 3789 1786 3847 posuerat.
1831 3779 2030 3835 Verum
2064 3782 2206 3838 inter

634 3869 724 3923 illa
775 3869 1059 3939 Epiphanii
1099 3869 1264 3932 dicta,
1313 3885 1421 3924 non
1465 3871 1663 3926 desunt
1699 3887 1821 3939 quae
1865 3872 2042 3929 doctis
2074 3874 2205 3929 viris

637 3974 887 4030 suspecta
923 3959 1230 4024 videantur,
1259 3970 1320 4016 ut
1351 3963 1601 4032 pluribus
1629 3963 1829 4018 dicitur
1867 3963 2026 4019 infra.

706 4053 898 4120 Aquila
931 4053 1115 4124 igitur,
1148 4053 1224 4108 ait
1275 4053 1385 4121 ille,
1433 4070 1556 4110 cum
1609 4053 1962 4128 Jerosolymis
2001 4066 2202 4128 ageret,

2230 2790 2271 2844 Β
2303 2795 2496 2852 praeter
2531 2784 2671 2841 LXX
2701 2785 3055 2858 lnterpretum
3084 2799 3317 2845 mentem
3355 2791 3420 2845 ad
3449 2791 3614 2846 alium
3642 2805 3868 2846 sensum

2301 2877 2671 2948 detorqueret,
2707 2895 2772 2935 ac
2823 2881 3134 2938 testimonia
3180 2883 3247 2938 de
3292 2882 3512 2940 Christo
3561 2883 3616 2938 in
3668 2883 3875 2938 divinis

2304 2967 2600 3040 Scripturis
2645 2987 2926 3042 expressa,
2957 2973 3062 3029 alio
3091 2972 3414 3041 deﬂecteret,
3455 2975 3876 3046 ignominiaeque

2302 3077 2416 3118 sua:
2469 3063 2762 3118 absurdam
2804 3064 3110 3135 apologia'm
3161 3073 3398 3134 pararet.
3443 3065 3570 3121 Haec
3616 3082 3682 3121 ex
3740 3065 3873 3138 Epi-

2303 3153 2528 3222 phanio.
2581 3153 2774 3209 Utrum
2815 3166 2993 3211 autem
3037 3157 3233 3226 Aquila
3261 3157 3378 3212 loca
3412 3155 3706 3226 Scriptura:
3748 3175 3875 3227 quae

2302 3243 2577 3299 Christum
2606 3247 3062 3315 pranuntiabant,
3093 3249 3160 3303 de
3191 3247 3456 3302 industria
3499 3248 3604 3303 alio
3637 3249 3874 3304 diverte-

2307 3336 2396 3399 rit,
2428 3351 2556 3390 mox
2583 3335 2973 3406 disquiremus.

2375 3426 2531 3494 Quod
2564 3428 2640 3483 ait
2669 3429 3043 3499 Epiphanius,
3090 3429 3342 3501 Aquilam
3375 3429 3598 3485 Adriani
3630 3439 3877 3500 tempore

2307 3517 2642 3588 Scripturam
2690 3535 2903 3576 sacram
2956 3520 3367 3590 interpretatum
3417 3537 3572 3587 esse,
3620 3536 3685 3575 ex
3736 3519 3876 3592 ipsis

2304 3609 2554 3680 Origenis
2600 3611 2818 3681 scriptis
2847 3620 3126 3667 mutuatus
3158 3611 3417 3667 creditur.
3458 3611 3678 3665 Certum
3723 3609 3875 3665 enim

2304 3696 2516 3752 videtur
2543 3695 2830 3769 Origenem
2860 3699 2913 3753 in
2939 3697 3192 3770 llexaplis
3227 3699 3342 3754 suis
3385 3697 3720 3770 singularum
3752 3695 3876 3750 edi-

2306 3788 2512 3842 tionum
2542 3789 2760 3845 brevem
2793 3790 3076 3845 historiam
3104 3795 3369 3861 posuisse,
3401 3800 3460 3846 ut
3485 3805 3551 3844 ex
3582 3789 3666 3844 his
3699 3787 3879 3844 Euse-

2307 3878 2378 3932 bii
2413 3879 2591 3935 verbis
2619 3878 2896 3950 arguitur,
2931 3881 3025 3951 qui
3059 3880 3202 3936 Ecct.
3238 3882 3360 3936 hist.
3396 3881 3489 3936 lib.
3518 3897 3593 3947 vl,
3629 3895 3750 3950 cap.
3781 3879 3876 3947 16,

2306 3968 2381 4023 De
2410 3967 2608 4036 Quinta
2637 4013 2652 4038 ,
2705 3968 2867 4025 Sexta
2896 3981 2950 4025 et
2984 3969 3223 4042 Septima
3256 3971 3586 4027 editionibus
3619 3971 3876 4041 loquens,

2309 4060 2422 4114 haec
2451 4061 2612 4116 habet
2636 4079 2650 4116 :
2698 4061 2812 4131 Ἐφ’
2833 4054 2908 4115 ὧν
2933 4060 3019 4115 διὰ
3042 4061 3138 4132 τὴν
3161 4061 3480 4132 ἀδηλότητα,
3496 4062 3637 4124 τίνος
3658 4056 3745 4132 ἆρ’
3765 4056 3878 4114 εἶεν

635 4145 1008 4202 restaurando:
1036 4145 1156 4198 urbi
1197 4145 1265 4199 ab
1304 4147 1631 4215 imperatore
1664 4147 1903 4202 Adriano
1944 4149 2203 4218 praeposi-

2308 4151 2401 4204 υῦκ
2432 4150 2605 4214 εἰδὼς,
2635 4150 2765 4204 αὐτὸ
2801 4151 2973 4222 τούτῳ
3009 4151 3168 4222 μόνον
3204 4152 3588 4224 ἐπεσημήνατο
3608 4189 3624 4216 ,
3665 4150 3740 4213 ὡς
3766 4147 3880 4221 ἄρα

636 4249 760 4306 tus;
792 4248 954 4308 atque
996 4238 1366 4311 apostolorum
1418 4238 1734 4308 discipulos,
1784 4257 1955 4311 nuper
1992 4240 2207 4297 Jeroso—

635 4331 834 4402 lymam
883 4329 1028 4386 Pella
1065 4345 1331 4390 reversos.
1375 4329 1477 4384 [ide
1528 4330 1780 4386 ﬂorentes
1830 4334 2207 4404 mirebiliaque

637 4432 916 4494 patrantes
962 4431 1230 4487 cerneret,
1265 4431 1626 4491 compunctus
1675 4422 1838 4478 corde
1882 4424 2209 4480 Christiani-

637 4530 816 4569 smum
858 4513 1139 4582 amplexus
1165 4521 1247 4566 est
1271 4531 1283 4565 :
1307 4513 1600 4583 elapsoque
1629 4525 1869 4583 tempore
1895 4515 2097 4571 Christi
2130 4516 2207 4570 si-

639 4605 823 4674 gillum
874 4603 1028 4674 petiit
1075 4613 1127 4657 et
1172 4602 1520 4672 impetravit:
1575 4618 1749 4672 neque
1800 4614 1975 4658 tamen
2028 4619 2208 4659 mores

637 4694 898 4763 pristinos
928 4694 1175 4747 mutavit.
1205 4692 1492 4747 Enimvero
1522 4710 1644 4748 cum
1682 4695 1735 4748 in
1778 4711 1915 4750 vana
1958 4708 2211 4751 astrono-

640 4785 764 4840 mia:
793 4796 929 4850 arte,
963 4801 1125 4855 quam
1153 4786 1624 4854 Apotelesmaticen
1673 4789 1961 4852 vocabant,
1995 4789 2211 4843 institu-

640 4885 730 4930 tus
759 4885 921 4939 esset,
958 4877 1282 4946 solitamque
1313 4877 1362 4930 ei
1411 4893 1630 4946 operam
1662 4878 1849 4944 daret;
1883 4878 2211 4947 increpanti-

639 4967 743 5023 bus
771 4967 1070 5037 magistris,
1101 4983 1165 5022 ac
1193 4983 1307 5022 rem
1351 4977 1412 5022 ut
1443 4967 1757 5023 Christiano
1779 4970 1898 5026 viro
1932 4969 2210 5039 indignam

637 5061 991 5119 vetantibus:
1025 5060 1114 5115 ille
1147 5069 1336 5115 contra
1375 5061 1731 5130 pervicaciter
1770 5075 2102 5130 repugnans,
2146 5062 2213 5116 de

639 5151 752 5210 fato
783 5151 1084 5210 disserendi
1107 5153 1454 5224 genesimque
1478 5168 1631 5208 suam
1656 5153 1979 5209 observandi
2005 5153 2212 5208 nullum

639 5249 802 5303 ﬁnem
834 5246 1086 5303 faciebat.
1114 5244 1476 5312 Quamobrem
1523 5245 1592 5299 ab
1623 5245 1710 5308 iis,
1759 5253 1946 5313 utpote
1982 5245 2211 5300 salutem

641 5354 919 5409 nunquam
953 5346 1373 5402 consecuturus,
1404 5335 1645 5391 Ecclesia
1674 5334 1910 5404 pellitur.
1941 5333 2033 5388 lllc
2054 5337 2212 5405 quasi

639 5430 938 5500 ignominia
986 5429 1234 5494 allectus,
1275 5444 1413 5483 vana
1444 5427 1640 5482 ductus
1673 5427 2021 5488 verecundia.
2053 5425 2214 5481 Chri-

2303 4241 2399 4313 τὴν
2427 4241 2524 4313 μὲν
2557 4241 2703 4314 εὖροι
2727 4244 2788 4295 ὲν
2825 4245 2890 4314 τῇ
2923 4242 3058 4314 πρὸς
3084 4243 3303 4297 Ἄκτιον
3331 4243 3653 4309 Νικοπόλει,
3687 4243 3787 4314 τὴν
3816 4240 3878 4296 δὲ

2305 4337 2362 4388 ὲν
2389 4336 2557 4407 ἑτέρῳ
2580 4335 2727 4405 τόπῳ
2753 4333 2956 4406 τοιῷδε.
2992 4335 3089 4388 Ἕν
3113 4352 3176 4404 γε
3198 4335 3296 4405 μὲν
3313 4339 3422 4398 τοῖς
3465 4334 3745 4400 Ἐξαπλοῖς
3766 4332 3880 4386 τῶν

2305 4427 2547 4499 Ψαλμῶν
2577 4428 2715 4498 μετὰ
2742 4427 2840 4491 τὰς
2870 4429 3178 4499 ἐπισήμους
3217 4428 3488 4499 τέσσαρας
3525 4426 3782 4490 ἐκδόσεις,
3815 4427 3879 4480 οὐ

2310 4521 2467 4591 μόνον
2492 4521 2772 4592 Πέμπτην,
2806 4520 2939 4575 ἀλλὰ
2969 4521 3062 4574 καὶ
3103 4522 3307 4593 ’Ἐκτην
3335 4521 3428 4574 καὶ
3473 4519 3737 4590 Ἑϐδόμην
3775 4535 3886 4574 παι-

2310 4609 2493 4680 ραθεὶς
2517 4611 2832 4682 ἑρμηνείαν,
2861 4613 2954 4665 ἐπὶ
2977 4613 3105 4684 μιᾶς
3131 4607 3286 4676 αὖθις
3315 4610 3696 4684 σεσημείωται,
3729 4610 3806 4674 ὡς
3823 4613 3886 4664 ὲν

2320 4704 2532 4774 Ἱεριχοί
2562 4703 2868 4774 εὑρημένης
2889 4706 2944 4756 ὲν
2978 4703 3121 4775 πίθῳ
3165 4703 3306 4757 κατὰ
3336 4704 3459 4767 τοὺς
3493 4701 3715 4773 χρόνους
3769 4702 3890 4756 Ἀν-

2308 4790 2529 4844 τωνίνου
2553 4791 2646 4844 τοῦ
2676 4790 2792 4844 υἱοῦ
2822 4791 3083 4864 Σεϐήρου.
3122 4791 3175 4844 Ill
3207 4799 3290 4846 est
3319 4808 3333 4844 :
3376 4789 3445 4843 Et
3469 4805 3586 4844 cum
3611 4788 3883 4856 ignoraret

2310 4883 2589 4951 cujusnam
2620 4891 2820 4948 essent,
2873 4884 2927 4936 id
2974 4883 3144 4937 solum
3189 4881 3535 4954 signiﬁcavit,
3569 4895 3622 4933 se
3655 4878 3887 4931 alteram

2311 4973 2517 5044 quidem
2559 4975 2808 5042 reperisse
2839 4972 3086 5044 Nicopoli
3125 4975 3193 5027 ad
3227 4975 3459 5039 Actium,
3492 4972 3718 5024 alteram
3765 4985 3890 5024 vero

2312 5060 2366 5112 in
2409 5059 2518 5112 alio
2562 5060 2834 5130 designato
2858 5061 2994 5114 loco.
3042 5061 3231 5131 Utique
3267 5063 3321 5114 in
3352 5059 3607 5129 Hexaplis
3632 5057 3891 5112 Psalmo-

2313 5166 2432 5203 rum
2479 5162 2594 5215 post
2629 5151 2862 5221 insignes
2901 5153 3022 5206 illas
3069 5163 3298 5222 quatuor
3335 5153 3622 5217 editiones,
3659 5150 3751 5204 ubi
3783 5167 3897 5205 non

2314 5242 2487 5296 solum
2515 5244 2789 5308 Quintam,
2817 5245 2908 5298 sed
2933 5246 3091 5297 etiam
3126 5242 3342 5297 Sextum
3372 5254 3420 5297 et
3457 5241 3749 5313 Septimum
3776 5241 3901 5297 edi-

2317 5336 2507 5390 tionem
2551 5336 2826 5405 apposuit,
2858 5336 2926 5388 ad
2966 5351 3124 5388 unam
3153 5351 3338 5388 rursus
3365 5334 3671 5398 adnotzvit,
3706 5331 3900 5387 inven~

2319 5438 2426 5480 tam
2457 5426 2610 5480 illaut
2649 5427 2753 5494 [uis
2783 5441 2810 5480 e
2843 5425 3185 5478 Ilierichunte
3235 5426 3291 5477 in
3331 5425 3510 5489 dolio,
3561 5423 3903 5493 temporibus

639 5484 984 5580 siianismum
1010 5484 1301 5593 ejurat,'ad
1324 5520 1648 5590 Judmosque
1670 5520 1950 5575 declinans
1977 5519 2212 5574 circum-
2243 5484 2288 5540 Β
2319 5521 2569 5575 Antonini
2600 5484 2701 5589 ﬁlii
2731 5516 2921 5573 Severi.
2989 5515 3113 5572 Huic
3143 5517 3442 5578 Eusebius,
3485 5516 3576 5587 qui
3610 5516 3728 5586 ipsa
3763 5514 3901 5570 Ori-

639 5616 861 5672 ciditur.
906 5615 1044 5669 Tum
1075 5615 1382 5669 vehementi
1431 5613 1611 5668 studio
1640 5612 1900 5682 percitus,
1933 5611 2213 5667 Hebraicze

639 5710 839 5780 linguae
880 5708 1219 5764 adtliscendre
1263 5717 1434 5761 totum
1469 5721 1527 5761 se
1579 5705 1812 5772 dedidit;
1843 5708 1999 5776 cujus
2038 5704 2213 5774 perfe-

641 5811 785 5860 ctam
817 5804 1045 5871 adeptus
1072 5801 1341 5862 notitiam,
1380 5797 1881 5867 interpretationem
1924 5815 1990 5854 ex
2018 5797 2213 5852 alIectu

641 5910 742 5950 suo
773 5893 1148 5960 concinnavit;
1198 5893 1271 5947 ita
1322 5901 1380 5948 ut
1426 5891 1674 5962 quaedam
1730 5892 2024 5962 Scriptum
2068 5888 2211 5945 dicta

2319 5615 2471 5684 genis
2536 5612 2772 5681 Hexapla
2817 5611 3102 5666 tractabat.
3169 5609 3321 5665 Unde
3361 5609 3564 5664 inferas
3598 5605 3903 5676 Origenem

2319 5706 2372 5760 in
2426 5704 2680 5773 Hexaplis
2719 5701 3054 5770 singulorum
3092 5703 3446 5771 interpretum
3477 5710 3530 5755 et
3563 5700 3902 5769 interpreta-

2321 5797 2528 5850 tionum
2579 5795 2793 5848 brevem
2843 5793 3126 5848 historiam
3182 5793 3452 5859 texuisse,
3505 5790 3598 5845 ubi
3639 5799 3756 5844 tum
3791 5789 3902 5844 alia

2324 5885 2570 5959 qumdam
2624 5885 2690 5939 ad
2741 5882 2983 5952 singulas
3048 5882 3415 5955 pertinentia,
3490 5890 3605 5936 t‘um
3658 5881 3905 5936 maxime
