4052 6388
200 311 238 370 ⁸¹
1539 337 1606 391 1N
1645 335 1972 392 HEXAPLA
2011 331 2356 388 ORIGENIS.
3495 331 3578 387 ετ

195 432 562 511 nimiusque
623 454 959 521 tempus
1011 456 1323 512 adnotavit.
1355 455 1492 511 Hinc
1521 465 1700 512 autem
1737 456 1872 509 hau-
1907 459 1952 516 Α
1987 453 2095 506 lam
2119 461 2226 517 nn,
2254 459 2441 504 notam
2466 447 2759 504 accusativi
2789 462 2970 512 casus,
3006 447 3338 518 prateriisse
3358 446 3566 502 videre-

192 531 580 618 ilsseputandus
643 551 775 595 est
844 541 1256 616 Epiphanius
1289 548 1338 601 id
1373 547 1515 617 quod
1550 549 1660 613 ait,
1704 549 1874 618 Aqui-

193 615 254 672 lan
284 635 460 694 nempe
509 631 660 685 sub
723 615 1075 695 Adriano
1112 615 1436 709 imperatore
1473 615 1873 710 interpretatio—

193 715 610 777 nuadornasse
684 742 922 783 suam
987 750 1006 786 :
1050 733 1204 802 quod
1235 733 1392 787 etiam
1429 733 1739 786 conlirmari
1773 749 1874 802 po-

192 813 257 860 test
283 821 329 861 ex
366 807 624 868 Justini
666 821 1148 888 testimonio,
1180 825 1270 894 qui
1301 824 1374 878 ait
1415 824 1468 878 in
1505 823 1726 895 Dialogo
1757 841 1874 877 cum

194 895 394 969 Tryphon:
427 918 448 956 :
497 905 718 961 Ἐπεὶ
771 910 856 964 δὲ
913 913 1120 984 ὑμεῖς
1148 914 1242 968 καὶ
1275 917 1324 969 oi
1371 915 1680 970 διδάσκαλοι
1719 915 1874 986 ὑμῶν

192 989 354 1080 talpis:
390 994 615 1064 λέγειν
650 1001 842 1072 μηδὲ
905 1007 1207 1077 εἰρῆσθαι
1237 1009 1292 1060 ὲν
1322 1009 1387 1079 τῇ
1432 1008 1734 1080 προφητείᾳ
1781 1007 1873 1061 τοῦ

203 1079 394 1136 Ἧαιῒω·
439 1085 628 1142 Ἰδοὺ
673 1091 727 1158 ἠ
773 1094 1240 1160 παρθένοςέγ
1273 1079 1626 1165 ωστρὶνέξει
1665 1097 1762 1151 καὶ
1784 1096 1876 1150 τέ-

199 1172 310 1237 (erat
332 1176 495 1239 υιὸν,
528 1178 678 1232 ἀλλ’
718 1182 926 1237 Ἰδοὺ
966 1187 1019 1254 ἡ
1053 1187 1266 1252 νεανὶς
1290 1188 1357 1240 ἐν
1383 1190 1591 1257 γαστρὶ
1617 1188 1877 1258 λήψεται

203 1267 517 1332 ωιτέξεται
552 1274 758 1327 υἱόν.
811 1273 886 1328 Id
929 1287 1041 1332 est
1077 1297 1096 1332 :
1135 1276 1564 1350 Quandoquidem
1591 1297 1676 1334 vos
1704 1290 1754 1335 et
1781 1281 1877 1335 do-

203 1370 328 1414 ctores
365 1363 543 1416 uestri
582 1365 812 1420 dicere
855 1367 1131 1423 audetis
1159 1386 1260 1422 non
1300 1371 1500 1424 dictum
1532 1388 1642 1426 esse
1672 1373 1723 1426 in
1755 1390 1878 1442 pro-

206 1451 340 1521 phetia
372 1451 613 1508 Hesaire
644 1471 668 1509 :
713 1455 898 1512 Ecce
942 1459 1132 1529 virgo
1164 1460 1218 1512 in
1245 1470 1392 1514 utero
1422 1461 1668 1525 habebit,
1705 1471 1752 1518 et
1781 1480 1878 1533 pa-

209 1546 287 1600 riet
309 1546 523 1613 lilium;
563 1548 673 1602 sed
697 1591 715 1613 ,
754 1547 941 1605 Ecce
984 1551 1408 1608 adulescentula
1453 1555 1504 1607 in
1538 1565 1690 1609 utcro
1731 1557 1876 1611 acci-

209 1638 323 1706 piet,
370 1647 426 1693 et
476 1640 682 1709 pariet
735 1641 990 1696 ﬁlium.
1061 1640 1173 1696 Ubi
1220 1643 1366 1708 illttd,
1419 1645 1545 1700 ἰδοὺ
1576 1649 1612 1715 ἡ
1650 1648 1873 1714 νεανὶς,

213 1740 317 1792 etc.
340 1746 404 1785 ex
435 1732 676 1800 Aquila
711 1733 1241 1803 interpretatione
1273 1747 1540 1806 sumptum
1569 1748 1654 1794 est
1685 1758 1696 1792 :
1734 1741 1875 1795 unde

1984 553 2091 606 tur,
2126 555 2228 610 pro
2257 541 2346 595 illa
2374 541 2470 594 σὺν
2504 539 2720 609 posuit,
2749 540 2878 609 quia
2901 551 2984 600 me
3014 539 3068 593 in
3100 537 3380 594 nonnullis
3405 537 3562 604 locis,

1981 636 2078 688 σὺν
2103 633 2187 689 vel
2224 632 2362 704 μετὰ
2387 672 2402 696 ,
2437 632 2489 687 id
2521 641 2604 686 est
2625 648 2744 686 cum
2766 672 2782 698 ,
2814 632 3100 702 signillcat.
3141 629 3307 698 idque
3331 645 3562 686 sexcen-

1977 727 2082 779 ties
2124 723 2363 794 repetiit,
2398 723 2546 794 quod
2591 739 2722 778 sane
2772 739 3020 794 magnam
3072 723 3124 776 in
3170 723 3292 792 ejus
3327 723 3565 777 transla-

1976 816 2124 871 tione
2165 815 2512 884 κακοφωνίαν
2558 814 2760 868 intulit.
2803 812 2908 868 Sed
2951 815 3256 872 audiendus
3287 814 3554 886 Hierony-

1978 923 2102 962 mus
2126 907 2211 975 Qad
2244 906 2663 962 Pammachium
2704 905 2779 959 De
2821 916 2928 975 opt.
2973 923 3087 977 gen.
3120 907 3506 976 interpretandi
3537 921 3558 960 :

1978 998 2172 1069 Aquila
2217 1008 2392 1052 autem
2441 997 2736 1067 proselytus
2785 1006 2834 1049 et
2876 998 3227 1051 contentiosus
3276 998 3554 1067 interpres,

1977 1093 2066 1160 qui
2097 1107 2196 1144 non
2226 1091 2399 1144 solum
2424 1089 2602 1150 verba,
2629 1088 2718 1143 sed
2751 1089 3092 1160 etymologias
3126 1104 3326 1160 quoque
3363 1089 3551 1142 uerbo-

1976 1200 2096 1237 rum
2143 1184 2434 1254 transferre
2473 1191 2694 1236 conatus
2726 1193 2800 1236 est
2821 1224 2836 1247 ,
2853 1182 2977 1250 jure
3018 1181 3298 1251 projicitur
3325 1198 3357 1235 α
3387 1180 3553 1236 nobis.

1979 1279 2110 1347 Quis
2149 1281 2287 1334 enim
2317 1295 2413 1348 pro
2443 1279 2708 1348 frumento
2749 1287 2798 1330 et
2821 1277 2939 1332 vino
2965 1284 3013 1329 et
3040 1275 3152 1330 oleo
3179 1275 3343 1344 possit
3380 1276 3458 1328 vel
3482 1275 3558 1329 le-

1976 1387 2093 1443 gere
2138 1368 2216 1425 vel
2245 1368 2558 1438 intelligere,
2608 1364 2790 1436 χεῦμα
2828 1365 3143 1437 ὀπωρισμὸν
3175 1364 3554 1434 στιλπνότητα,

1975 1460 2115 1532 quod
2161 1473 2252 1512 nos
2295 1470 2575 1526 possumus
2607 1454 2781 1507 dicere
2819 1451 3087 1508 fusionem
3109 1493 3125 1518 _.
3161 1453 3560 1523 pomatiouem—

1977 1567 2084 1624 que
2129 1561 2186 1606 et
2233 1546 2650 1620 splendentiam.
2714 1547 2819 1599 Aut
2849 1547 2974 1614 quia
3013 1543 3221 1598 llebrazi
3255 1559 3358 1596 non
3385 1544 3555 1596 solum

1977 1644 2166 1697 habent
2215 1639 2422 1711 ἄρθρα,
2463 1637 2552 1693 sed
2578 1645 2628 1691 et
2659 1629 2944 1708 πρόαρθρα
2965 1675 2981 1699 ,
3029 1634 3120 1690 ille
3162 1634 3479 1706 κακοξήλως
3503 1643 3555 1688 et

1977 1736 2209 1808 syllabas
2253 1735 2636 1792 interpretatur
2684 1738 2733 1782 et
2784 1727 3012 1792 litteras,
3064 1728 3296 1798 dicitque
3325 1728 3422 1780 σὺν
3461 1726 3554 1780 τὸν

217 1819 392 1876 inieras
446 1830 726 1893 tempore
794 1822 1046 1879 Justini
1103 1827 1356 1897 martyris
1403 1828 1515 1896 jam
1571 1830 1871 1900 evulgatam

1977 1827 2206 1900 οὐρανὸν
2239 1825 2333 1879 καὶ
2359 1824 2456 1876 σὺν
2487 1823 2588 1893 τὴν
2608 1821 2732 1892 γῆν,
2768 1820 2907 1891 quod
2933 1818 3119 1874 Crteca
3148 1828 3200 1873 et
3229 1817 3424 1872 Latina
3447 1819 3555 1871 lin-

222 1911 370 1969 tnisse
391 1915 616 1984 Aquilae
653 1916 1026 1972 editionem
1046 1959 1064 1981 ,
1102 1927 1266 1988 atque
1287 1919 1421 1973 adeo
1449 1931 1608 1976 antea
1649 1921 1870 1987 factam,

227 2006 457 2062 videlicet
497 2007 773 2062 Adriano
821 2008 1148 2079 principe,
1186 2018 1244 2063 ut
1291 2011 1364 2065 ait
1404 2009 1774 2082 Epiphanius,
1805 2029 1871 2070 ex

233 2098 463 2167 Origene,
490 2109 554 2153 ut
584 2101 894 2167 creditur,
928 2109 1258 2156 mutuatus.

291 2192 488 2248 Caetera
517 2204 719 2250 autem
757 2210 908 2265 qua
944 2195 1169 2266 adjecit
1204 2194 1534 2266 Epiphanius
1561 2198 1626 2254 de
1651 2197 1868 2270 Aquila.

237 2300 337 2338 nun
385 2303 448 2341 ex
483 2288 687 2342 eodem
728 2286 908 2343 fonte
957 2287 1231 2344 hausisse
1267 2288 1537 2358 putandus
1579 2300 1663 2346 est
1697 2311 1711 2346 :
1744 2307 1870 2348 nam

239 2377 382 2448 quod
417 2390 604 2434 narrat
634 2396 778 2436 cum
829 2380 912 2436 ab
941 2380 1208 2436 Adriano
1236 2383 1605 2438 restaurandaa
1634 2385 1751 2439 urbi
1777 2384 1868 2441 Je-

241 2470 636 2540 rosolymorum
673 2471 1080 2542 praepositum
1122 2471 1311 2538 fuisse,
1332 2474 1553 2542 perinde
1572 2475 1867 2544 suspicioni

243 2557 528 2613 obnoxium
559 2561 791 2614 videtur
822 2567 1010 2629 atque
1042 2559 1103 2615 id
1133 2561 1276 2630 quod
1301 2570 1425 2616 ante
1439 2562 1668 2627 dixerat,
1690 2563 1865 2633 ipsum

247 2646 463 2702 Adriani
514 2666 783 2706 socerum
847 2649 1060 2705 fuisse.
1127 2648 1351 2722 Reliqua
1396 2652 1462 2707 de
1506 2654 1867 2724 apotelesma—

250 2738 391 2803 tice,
439 2740 548 2794 sive
580 2741 650 2796 de
674 2740 1158 2812 genethlialogiae
1192 2758 1312 2806 usu,
1358 2743 1424 2797 de
1467 2743 1766 2812 baptismo,
1800 2746 1868 2800 de

250 2827 460 2894 ejurato
491 2840 688 2900 postea
737 2831 1238 2897 Christianismo,
1270 2833 1336 2888 de
1361 2833 1598 2889 admissa
1630 2835 1866 2889 circum-

254 2919 480 2986 cisione,
511 2923 691 2993 deque
715 2925 929 2994 adepta
957 2925 1196 2978 demum
1232 2922 1504 2980 llebraica:
1536 2925 1732 2996 lingua:
1753 2943 1870 2997 per-

259 3011 404 3066 lecta
429 3016 650 3078 notitia,
689 3018 978 3085 majorem
1033 3032 1177 3071 sane
1201 3018 1534 3086 postularent
1577 3021 1868 3074 auctorita-

261 3109 402 3167 tem,
423 3119 586 3177 exque
617 3106 906 3164 fabulosis
943 3106 1272 3162 Judaeorum
1315 3109 1719 3165 narrationibus
1750 3126 1867 3164 ma-

1975 1938 2078 1992 gna
2111 1919 2323 1972 omnino
2354 1932 2456 1970 non
2483 1915 2689 1984 recipit.
2733 1912 2898 1983 Cujus
2930 1912 3006 1965 rei
3039 1913 3330 1981 exemplum
3364 1925 3429 1964 ea:
3457 1925 3554 1964 no-

1973 2020 2084 2063 stro
2113 2023 2350 2064 sermone
2401 2016 2616 2074 captare
2647 2019 2945 2069 possmus.
2988 1999 3202 2066 Quanta
3246 2000 3383 2054 enim
3411 1999 3552 2062 apud

1974 2100 2183 2156 Grmcos
2229 2098 2352 2153 bene
2379 2097 2632 2150 dicuntur
2653 2137 2667 2158 ,
2694 2111 2812 2166 qua:
2837 2095 2886 2148 si
2913 2093 2982 2147 ad
3015 2092 3227 2146 verbum
3259 2090 3553 2162 transfera-

1974 2210 2110 2259 mus,
2139 2193 2193 2246 in
2221 2190 2417 2246 Latino
2444 2205 2546 2243 non
2571 2196 2857 2242 resonant:
2881 2196 2930 2240 et
2961 2201 2988 2240 e
3017 2187 3242 2255 regione,
3265 2200 3382 2254 quae
3408 2185 3550 2252 apud

1972 2302 2064 2339 nos
2097 2285 2336 2356 placent,
2371 2282 2418 2336 si
2448 2289 2716 2336 vertantur
2761 2279 2925 2348 juxta
2955 2279 3192 2331 ordinem
3213 2316 3228 2343 ,
3260 2275 3400 2343 apud
3426 2274 3549 2329 illos

1971 2377 2340 2447 displicebant.
2382 2373 2516 2428 Illud
2545 2386 2675 2426 vero
2699 2370 2898 2441 χεῦμα,
2934 2367 3270 2440 ὀπωρισμδν,
3304 2364 3550 2421 στιλπνό-

1969 2488 2142 2542 τητα,
2191 2468 2336 2539 quod
2373 2465 2644 2520 undenam
2701 2473 2977 2533 sumptum
3007 2473 3152 2517 esset
3183 2472 3308 2514 ante
3331 2460 3550 2530 ignora-

1971 2561 2128 2615 batur
2150 2600 2166 2625 ,
2206 2574 2274 2614 ex
2319 2556 2475 2612 Deut.
2506 2572 2617 2622 vn,
2651 2555 2716 2609 15
2736 2595 2752 2618 ,
2781 2569 2928 2609 nunc
2948 2554 3124 2623 primo
3151 2552 3332 2622 prodit
3360 2552 3414 2606 in
3438 2551 3550 2620 Ap-

1969 2652 2198 2722 pendice
2231 2666 2294 2706 ex
2332 2649 2521 2706 codice
2546 2647 2905 2704 Coisliniano.

2040 2744 2346 2814 Aliquando
2391 2743 2556 2803 item,
2591 2741 2737 2794 nulla
2786 2738 2968 2793 habita
3016 2752 3273 2808 generum
3314 2746 3546 2803 ratione,

1971 2844 2030 2890 ut
2059 2822 2409 2889 HebraiSmos
2461 2832 2824 2903 exprimeret,
2870 2829 3148 2901 singulare
3193 2843 3314 2884 cum
3351 2829 3547 2899 plurali

1969 2925 2264 2996 copulavit,
2284 2932 2341 2978 ut
2370 2923 2504 2980 Gen.
2541 2939 2570 2974 v
2590 2964 2604 2988 ,
2630 2922 2684 2988 5,
2714 2922 2808 2974 καὶ
2834 2918 3027 2990 ἔζησεν
3063 2921 3232 2990 Ἀδὰμ
3252 2920 3547 2992 τριάκοντα

1968 3016 2106 3080 ἔτος,
2143 3014 2236 3068 καὶ
2265 3012 2553 3066 ἐννακόσια
2580 3011 2698 3073 ἔτος
2716 3050 2731 3074 ,
2762 3018 2814 3064 et
2843 3009 2975 3062 vixit
3001 3009 3172 3062 Adam
3197 3010 3418 3080 triginta
3445 3027 3544 3064 an-

1970 3120 2096 3158 num
2120 3113 2168 3156 et
2195 3113 2476 3173 nongentos
2500 3116 2713 3165 annum,
2745 3098 2869 3168 quia
2890 3113 3080 3168 nempe
3098 3113 3202 3152 vox
3219 3108 3336 3159 nm
3351 3100 3539 3172 singu-

266 3208 408 3248 nare
431 3171 746 3266 potuerunt.
775 3198 1084 3269 Siquidem
1119 3196 1286 3252 Judaei
1313 3197 1519 3268 Aquilae
1544 3199 1865 3267 editionem,
1895 3171 1938 3228 θ
1971 3196 2101 3251 laris
2131 3171 2363 3249 formam
2393 3192 2573 3257 habet,
2599 3191 2724 3245 licet
2751 3190 2838 3244 hic
2863 3189 2968 3242 vim
2996 3190 3222 3259 pluralis
3249 3189 3465 3254 habeat.
3487 3199 3546 3245 ut

265 3300 390 3341 eam
435 3291 680 3346 videlicet
729 3306 862 3362 quae
917 3290 1078 3345 κατὰ
1134 3290 1416 3362 ἀκρίϐειαν
1477 3291 1617 3348 facta
1673 3293 1867 3360 fuerat,

269 3379 450 3446 magni
487 3379 794 3449 iaciebant,
841 3390 1250 3450 auctoremque
1277 3382 1419 3437 illius
1448 3383 1701 3440 laudibus
1731 3401 1870 3456 prae-

272 3466 538 3524 dicabant.
605 3471 752 3528 llinc
807 3472 1092 3542 Origenes
1126 3473 1194 3526 ad
1221 3471 1536 3530 Africanum
1566 3495 1580 3530 :
1613 3473 1702 3540 Sic
1732 3478 1870 3532 enim

270 3556 487 3625 Aquila.
517 3560 810 3617 Hebraicis:
835 3563 1067 3616 lectioni
1100 3563 1325 3617 serviens
1351 3564 1516 3618 edidit
1547 3579 1566 3618 :
1595 3582 1745 3636 quem
1769 3565 1872 3620 Ju-

273 3650 378 3701 dci
430 3655 831 3706 accuratissime
883 3654 1137 3707 omnium
1206 3654 1421 3709 credunt
1473 3655 1870 3726 interpretatum

273 3740 738 3812 esseScriptut-am
761 3761 780 3799 :
807 3762 912 3815 quo
946 3745 1190 3798 maxime
1219 3747 1293 3798 uti
1322 3746 1491 3801 solent
1523 3751 1614 3818 qui
1643 3748 1873 3804 Hebrai-

275 3845 401 3882 can
437 3835 721 3888 dialectum
784 3839 1081 3908 ignorant,
1127 3828 1299 3903 utpote
1341 3839 1433 3909 qui
1478 3844 1711 3894 omnium
1759 3859 1874 3895 nta-

179 3993 187 4001 '
273 3925 426 3978 εἰπε
447 3944 653 3983 sensum
689 3943 966 3984 assecutus
1000 3945 1123 3983 esse
1153 3940 1382 3999 putetur.

478 4022 543 4074 ll.
592 4022 787 4092 Aquila
815 4021 955 4076 duas
987 4023 1454 4090 interpretationes
1481 4027 1667 4082 edidit.

352 4105 499 4164 Duas
527 4123 709 4167 autem
741 4113 1144 4168 translationes
1169 4114 1400 4171 edidisse
1427 4117 1674 4188 Aquilam
1694 4119 1878 4190 explo-

278 4206 464 4253 ratum
489 4214 572 4256 est
598 4222 612 4256 :
644 4205 903 4271 primam,
933 4205 1276 4272 liberiorem,
1313 4207 1404 4261 ubi
1436 4208 1538 4264 etsi
1567 4210 1732 4265 verba
1761 4211 1876 4264 sin-

279 4290 413 4356 gula
445 4289 705 4348 Hebraica
734 4293 924 4350 Graece
968 4293 1280 4363 exprimere
1312 4306 1616 4369 satageret,
1653 4315 1874 4356 sensum

279 4387 466 4436 tamen
496 4395 619 4453 apte
643 4386 878 4442 reddere
911 4386 1172 4451 curabat,
1202 4402 1376 4457 neque
1409 4399 1517 4444 tam
1559 4391 1879 4462 scrupuloso

1970 3303 2131 3344 nemo
2160 3303 2265 3342 non
2296 3285 2460 3341 videt.
2495 3283 2614 3337 Pari
2640 3281 2848 3336 ratione
2871 3296 3260 3350 nonnunquam
3287 3280 3540 3353 pluralia,

1969 3396 2091 3451 qua:
2122 3380 2230 3432 vim
2261 3375 2554 3446 singularis
2580 3373 2797 3451 habent,
2829 3373 2916 3428 ille
2943 3374 3221 3444 pluraliter
3243 3373 3540 3443 expressit;

1970 3449 2051 3528 sic
2100 3469 2234 3526 Gen.
2289 3485 2363 3535 Vl,
2409 3467 2465 3532 2,
2516 3449 2898 3528 aviam-ua,
2974 3465 3025 3517 οἱ
3071 3465 3174 3518 υἱοὶ
3230 3463 3336 3518 τῶν
3370 3463 3541 3528 Θεῶν,

1970 3565 2098 3635 quia
2141 3561 2394 3617 nimirum
2437 3544 2614 3619 ambs
2656 3559 2816 3614 habet
2874 3556 3099 3628 pluralis
3152 3554 3417 3620 formam,
3455 3556 3545 3611 ille

1972 3656 2252 3727 pluraliter
2293 3655 2380 3709 hic
2423 3652 2581 3708 vertit
2628 3669 2642 3704 :
2690 3650 2782 3705 ubi
2810 3648 3076 3722 Vulgata,
3143 3649 3386 3704 Videntes
3441 3647 3542 3717 ﬁlii

1973 3749 2071 3803 Dei
2125 3747 2270 3819 filias
2328 3745 2618 3799 hominum.
2657 3742 2739 3797 Ad
2788 3743 2902 3798 hate
2947 3741 3303 3813 etymologias
3360 3741 3543 3794 nomi-

1974 3857 2104 3896 num
2136 3840 2533 3907 verborumque
2570 3835 2641 3890 ita
2672 3844 3040 3899 consectatur,
3076 3843 3155 3897 ut,
3185 3833 3333 3888 nulla
3361 3830 3544 3887 habita

1975 3933 2134 3990 seriei
2165 3932 2395 3995 ratione,
2429 3927 2675 3982 eamdem
2719 3941 2907 3982 vocem
2938 3924 3258 3980 Hebraicam
3289 3931 3350 3977 ut
3375 3920 3547 3993 pluri-

1976 4041 2126 4080 mum
2169 4025 2356 4080 eadem
2399 4020 2586 4076 Graeca
2633 4020 2939 4090 exprimat,
2990 4034 3096 4073 non
3126 4016 3371 4088 cogitans
3402 4013 3543 4068 idem

1975 4118 2221 4182 verbum,
2250 4116 2296 4170 si
2322 4114 2442 4170 aliis
2475 4112 2815 4186 diversisque
2834 4113 3094 4184 jungatur
3121 4109 3368 4174 vocibus,
3399 4105 3546 4160 aliud

1977 4207 2306 4280 signiﬁcare.

2047 4298 2135 4354 ιιι.
2180 4296 2310 4352 Utra
2340 4312 2404 4352 ea:
2435 4296 2638 4351 duabus
2669 4297 2724 4350 in
2755 4295 3010 4364 Hexaptis
3048 4292 3223 4361 posita
3257 4287 3440 4358 fuerit.

2049 4388 2126 4444 Ex
2160 4389 2250 4444 illa
2279 4403 2442 4457 porro
2488 4387 2692 4459 duplici
2737 4388 2949 4458 Aquila:
2995 4384 3267 4440 versione.
3322 4374 3556 4448 quaestio

277 4473 503 4565 voculas
529 4490 721 4530 omnes
747 4477 1104 4540 sectabatur,
1137 4491 1198 4532 ac
1224 4494 1346 4534 cum
1372 4483 1568 4536 seriem
1609 4482 1866 4538 intertur-
1906 4509 1950 4565 ι)
1979 4481 2176 4537 exoriri
2207 4488 2415 4550 potest;
2440 4486 2564 4532 utra
2598 4478 2847 4534 videlicet
2868 4493 2933 4532 ex
2967 4465 3180 4532 duabus
3215 4472 3269 4525 in
3297 4465 3560 4536 llexaplis

280 4558 504 4620 δίωκε
527 4582 648 4621 esse
679 4567 1058 4637 prospiceret,
1099 4579 1483 4636 repraesentare
1518 4573 1821 4643 negligebat
1857 4590 1872 4628 :

281 4658 430 4722 quod
458 4674 641 4714 verum
688 4669 812 4715 erat
851 4659 1181 4729 interpretis
1214 4661 1467 4716 ollicium.
1510 4663 1745 4718 Alteram
1779 4665 1876 4720 de-

285 4745 410 4802 inde
449 4752 753 4807 versionem
807 4751 1070 4822 paravit,
1119 4767 1238 4820 qua:
1283 4754 1424 4808 κατὰ
1456 4755 1740 4826 ἀκρίϐειαν
1782 4772 1878 4811 vo-

286 4839 562 4908 citabatur,
599 4845 653 4899 id
679 4853 788 4909 est,
826 4842 1149 4898 secundum
1173 4854 1416 4900 exactam
1445 4849 1684 4902 vertendi
1709 4848 1878 4901 ratio-

289 4944 432 4998 nem,
471 4936 534 4990 de
569 4953 674 5006 qua
708 4935 1107 5006 Hieronymus
1132 4935 1184 4988 in
1217 4935 1540 4992 Ezecliielem
1569 4954 1690 5009 pag.
1723 4939 1825 4995 7l6
1862 4958 1876 4995 :

287 5025 478 5093 Aqui/te
518 5030 756 5085 secunda
797 5028 1004 5087 editio.
1055 5042 1214 5095 quam
1265 5028 1477 5084 Hebrwi
1528 5031 1667 5085 κατὰ
1722 5031 1879 5104 inpl-

285 5114 423 5174 Geuv
444 5128 720 5180 nominant
742 5139 766 5186 ;
801 5121 907 5176 ubi
941 5128 1103 5174 tanta
1133 5123 1478 5177 accuratione
1501 5125 1665 5178 verba
1700 5133 1754 5179 et
1782 5139 1878 5178 vo-

280 5213 414 5271 calas
457 5218 712 5287 singulas
768 5210 1103 5267 Hebraicas
1151 5210 1370 5267 reddere
1411 5213 1654 5278 curabat,
1709 5223 1767 5267 ut
1813 5215 1880 5269 de

269 5308 653 5378 stylibarbarie
690 5305 856 5364 nihil
891 5301 1191 5370 cogitaret.
1233 5301 1510 5370 Ejusmodi
1555 5319 1683 5360 vero
1712 5321 1880 5359 κακο-

258 5398 428 5475 ζηλέας
469 5404 742 5477 exempla
795 5398 996 5455 multa
1033 5393 1278 5463 proferre
1305 5411 1627 5466 possemus;
1660 5398 1787 5463 sed,
1817 5408 1880 5453 ut

246 5509 418 5554 αισα,
451 5511 709 5562 “ceam,
775 5489 929 5560 quis
981 5499 1097 5538 non
1146 5484 1876 5562 egregferatbmcllcbraica

237 5593 398 5655 verba,
433 5602 613 5680 prem
641 5560 775 5648 nm
805 5585 1051 5641 manu
1074 5586 1158 5633 nn
1180 5560 1354 5635 omni
1382 5588 1502 5637 sua
1520 5585 1774 5643 manu,
1798 5579 1880 5635 sic

222 5667 463 5756 expressa
498 5688 737 5744 videre,
803 5678 879 5728 ἐν
909 5667 1204 5739 κεφαλαίῳ
1233 5668 1440 5724 ἔκτισεν
1467 5673 1495 5725 ὁ
1516 5671 1646 5735 Θεὸς
1673 5674 1768 5727 σὺν
1789 5671 1881 5724 τὸν

212 5782 429 5854 apri,»
463 5783 567 5837 καὶ
611 5779 734 5832 σὺν
773 5767 899 5838 τὴν
950 5761 1066 5830 γῆν
1094 5776 1106 5788 ·
1145 5760 1395 5816 nimirum
1431 5763 1518 5818 ille
1549 5781 1614 5820 nc
1639 5765 1879 5835 particu-

1977 4574 2045 4629 ab
2069 4572 2299 4643 Origene
2322 4571 2497 4640 posita
2523 4569 2707 4634 luerit,
2731 4587 2800 4625 an
2827 4569 3026 4642 prima,
3054 4582 3122 4622 an
3151 4564 3414 4628 soconda,
3436 4573 3562 4630 qua:

1977 4666 2095 4719 κατ’
2144 4663 2428 4736 ἀκρίϐειαν
2477 4664 2778 4718 vocabatur
2809 4684 2820 4719 :
2852 4671 2906 4718 ct
2934 4673 3114 4717 utrum
3152 4673 3368 4728 semper
3401 4669 3559 4710 eam-

1977 4758 2098 4813 dem
2148 4755 2456 4811 adhibuerit
2500 4752 2766 4826 Origenes
2815 4757 2869 4810 in
2916 4752 3175 4808 omnibus
3221 4759 3276 4805 et
3321 4747 3554 4820 singulis

1981 4847 2274 4917 Scripturze
2306 4845 2499 4914 libris;
2525 4861 2593 4899 an
2617 4845 2781 4901 modo
2813 4859 3000 4908 unam,
3033 4843 3194 4896 modo
3219 4841 3447 4894 alteram
3464 4856 3555 4910 ap-

1977 4938 2242 5011 posuerit.
2301 4936 2420 4993 Non
2455 4938 2648 4993 dubito
2677 4951 2796 4991 eam
2830 4938 2884 4990 in
2932 4932 3183 5002 llexaplis
3227 4931 3395 4986 tertio
3433 4932 3554 4986 loco

1977 5031 2248 5102 posuisse,
2290 5045 2410 5099 qum
2447 5029 2576 5098 quia
2617 5026 2785 5082 nimia
2832 5024 3181 5081 accuratione
3225 5023 3553 5078 concinnata

1978 5131 2115 5188 erat,
2143 5123 2258 5174 κατ’
2294 5119 2578 5191 ἀκρίσειαν
2614 5117 2754 5172 facta
2784 5116 3098 5182 dicebatur;
3127 5129 3321 5184 nempe
3351 5127 3549 5168 secun-

1981 5215 2126 5269 dam.
2183 5211 2238 5268 ld
2275 5226 2404 5266 vero
2447 5209 2640 5265 suadet
2670 5207 2935 5279 particula
2983 5208 3078 5260 σὺν
3113 5219 3255 5274 saepe
3284 5203 3461 5274 posita
3493 5203 3550 5256 iu

1982 5305 2051 5360 iis
2094 5318 2216 5372 qua:
2264 5307 2560 5372 supersunt
2589 5298 2846 5354 editionis
2879 5297 3089 5367 Aquila!
3117 5293 3467 5366 fragmentis,
3499 5300 3554 5345 et

1983 5400 2087 5454 alia
2116 5397 2300 5452 nimia;
2332 5395 2613 5464 religionis
2639 5391 2885 5463 vestigia.
2947 5390 3025 5444 Ex
3056 5389 3246 5444 eadem
3269 5387 3431 5442 etiam
3458 5383 3554 5439 dc-

1983 5498 2184 5560 cerptm
2215 5489 2364 5542 fuere
2391 5485 2656 5543 lectiones
2682 5485 2910 5554 Aquilae,
2940 5498 3061 5552 qum
3096 5482 3148 5534 in
3179 5479 3416 5534 editione
3444 5473 3554 5529 τῶν

1984 5581 2039 5636 0'
2078 5578 2355 5649 hexaplari
2383 5592 2506 5633 cum
2553 5575 2827 5632 asteriscis
2850 5574 2918 5627 ab
2941 5571 3169 5642 Origene
3189 5569 3377 5639 posita:
3403 5574 3552 5620 sunt.

1985 5673 2184 5726 Verum
2216 5673 2342 5742 quia
2370 5670 2423 5723 in
2457 5669 2599 5722 locis
2628 5667 2855 5739 Aquila,
2881 5681 3002 5736 quae
3029 5664 3337 5732 frequenter
3365 5658 3419 5710 in
3452 5656 3555 5710 hac

1985 5762 2351 5832 chaplorum
2381 5759 2701 5817 collectione
2732 5768 3048 5818 occurrunt,
3101 5757 3214 5808 haec
3257 5761 3365 5804 tam
3396 5763 3554 5804 scru-
