4052 6388
572 344 646 408 83
678 353 687 363 '
1954 339 2473 399 nummariis
3734 345 3838 402 ,ει

573 466 770 540 pulosa
814 469 1056 525 vertendi
1103 467 1243 525 ratio
1274 482 1382 523 non
1419 469 1621 541 ubique
1648 469 2004 533 observatur,
2030 466 2160 521 hinc
2188 466 2234 525 Α
2260 479 2382 534 quae
2410 479 2441 518 a
2466 463 2723 521 Patribus
2750 474 2806 520 ut
2836 463 3164 521 Christiana:
3194 464 3318 521 ﬁdei
3345 462 3707 538 repugnantia
3749 483 3836 522 re-

575 561 809 617 t‘ortasse
833 560 1104 631 quispiam
1133 560 1464 632 suspicetur,
1495 576 1559 617 ea
1582 576 1705 632 quae
1726 559 2028 632 elegantius
2057 575 2153 615 ex—

574 652 920 721 primuntur,
948 666 1049 707 nec
1080 662 1284 708 tantam
1317 652 1614 723 praeferunt
1645 651 1958 722 interpretis
1993 650 2155 722 ἀκρί-

574 746 747 810 ϐειαν,
780 759 847 800 ex
881 744 1057 815 prima
1095 745 1215 815 ejus
1240 744 1513 811 versione,
1546 762 1670 817 quae
1694 745 1949 801 liberiore
1978 745 2150 799 inter-

573 834 819 905 pretandi
867 851 1064 908 genere
1093 839 1356 893 adornata
1401 838 1599 903 fuerat,
1642 839 1926 909 desumpta
1954 837 2147 892 fuisse.

574 923 777 982 Verum
806 928 987 998 potuit
1023 928 1256 999 Aquila,
1287 930 1452 984 etiam
1489 932 1543 985 in
1576 930 1667 985 illa
1701 930 1820 983 κατ’
1863 928 2151 1001 ἀκρίϐειαν

569 1020 1041 1092 interpretatione,
1065 1037 1176 1078 non
1209 1026 1626 1095 sempereadem
1651 1023 1910 1095 religione
1940 1023 1994 1078 in
2024 1037 2150 1077 ver-

570 1110 736 1167 tendo
769 1112 852 1166 uti
898 1129 913 1165 :
965 1125 1066 1169 nec
1093 1112 1374 1169 insolitum
1418 1123 1501 1171 est
1527 1116 1850 1185 interpretes
1877 1113 2152 1185 quoslibet

571 1193 736 1259 modo
780 1203 978 1261 litterae
1015 1206 1255 1273 haerere,
1302 1208 1467 1264 modo
1517 1208 1846 1279 elegantiora
1883 1207 2149 1277 interpre-

570 1297 721 1352 tandi
753 1312 952 1370 genere
983 1300 1298 1370 procedere.
1341 1300 1562 1356 Certum
1588 1300 1754 1371 igitur
1783 1299 1994 1366 habeo,
2023 1299 2149 1354 Ori-

569 1406 760 1458 genem
783 1391 838 1445 in
864 1390 1021 1446 tertia
1054 1390 1419 1462 Hexaplorum
1450 1392 1705 1447 columna
1737 1390 1950 1461 Aquila:
1979 1391 2149 1446 inter-

568 1482 926 1551 pretationem
957 1485 1105 1540 illam
1132 1485 1383 1556 posuisse
1404 1528 1419 1551 ,
1458 1500 1581 1556 quae
1628 1487 1748 1540 κατ’
1781 1484 2068 1559 ἀκρίόειαν
2094 1493 2150 1540 et

566 1576 805 1631 secunda
848 1577 1179 1642 vocabatur,
1210 1589 1267 1633 et
1310 1577 1569 1633 lectiones
1614 1577 1826 1648 Aquilae
1854 1578 1975 1633 illas
2007 1593 2148 1648 quas

566 1666 867 1733 praemissis
918 1668 1199 1724 asteriscis
1247 1668 1301 1722 in
1347 1667 1627 1739 hexaplari
1668 1667 1776 1721 τῶν
1808 1671 1863 1721 0'
1909 1668 2148 1724 editione

564 1757 769 1825 posuit,
803 1774 869 1814 ex
896 1775 959 1815 ea
992 1761 1292 1831 accepisse.

565 1866 657 1926 IV.
690 1871 775 1926 An
805 1871 870 1928 de
897 1874 1165 1946 industria
1196 1875 1389 1946 Aquila
1426 1876 1669 1946 quoniam
1705 1875 2000 1946 Scriptura:
2027 1878 2144 1931 loca

942 1946 999 1998 in
1031 1945 1200 1999 alium
1230 1945 1443 1999 sensum
1469 1945 1767 2001 deterserit.

636 2032 757 2090 Una
805 2035 908 2091 fuit
957 2048 1274 2093 sanctorum
1330 2038 1552 2093 Patrum
1600 2048 1956 2110 veterumque
2009 2055 2145 2110 pene

562 2125 807 2191 omnium
851 2142 1007 2182 mens
1054 2136 1109 2182 et
1152 2128 1360 2198 opinio,
1395 2128 1646 2199 Aquilam
1695 2131 1768 2185 ob
1800 2131 2003 2186 illatam
2038 2131 2144 2186 sibi

561 2215 632 2270 ab
669 2215 926 2273 Ecclesiae
958 2217 1252 2288 praefectis,
1292 2235 1459 2289 quam
1496 2236 1661 2291 supra
1690 2223 2142 2288 memoravimus,

560 2310 949 2365 contumeliam
986 2311 1136 2380 (nam
1168 2314 1314 2382 quod
1344 2313 1420 2367 illi
1458 2329 1523 2368 ex
1556 2329 1685 2369 vero
1712 2314 1992 2385 religionis
2029 2316 2144 2385 pie-

560 2398 801 2470 tatisque
833 2400 1023 2457 studio
1046 2402 1402 2467 admiserant,
1449 2404 1665 2476 injuriae
1696 2407 1820 2461 loco
1861 2407 2140 2479 habebat),

562 2488 837 2545 infensum
863 2502 1048 2562 postea
1071 2492 1400 2550 Christianae
1428 2495 1677 2565 religioni
1702 2494 1901 2563 fuisse;
1932 2512 1999 2551 ac
2020 2496 2141 2551 loca

561 2575 772 2635 Veteris
799 2581 1156 2651 Testamenti,
1192 2600 1315 2655 qua:
1339 2583 1584 2640 futurum
1610 2587 1816 2642 Christi
1848 2588 2139 2645 adventum

560 2674 1022 2740 praenuntiabant,
1072 2676 1140 2731 de
1190 2678 1460 2734 industria
1523 2678 1576 2733 in
1630 2681 1988 2737 translatione
2039 2698 2139 2738 sua

557 2764 907 2832 depravasse,
949 2776 1005 2822 et
1046 2768 1101 2823 in
1145 2769 1314 2825 alium
1370 2784 1593 2826 sensum
1639 2772 1954 2829 detorsisse.
1988 2772 2142 2830 Licet

555 2863 738 2908 autem
773 2870 835 2911 ea
869 2873 993 2928 quae
1024 2859 1091 2914 de
1127 2858 1548 2918 Christianismo
1585 2863 1655 2919 ab
1698 2863 1893 2936 Aquila
1924 2866 2139 2937 ejurato

554 2945 895 3018 Epiphanius
921 2951 1148 3009 tradidit
1175 2967 1295 3008 non
1315 2955 1630 3026 suspicione
1655 2968 1870 3023 vacent,
1888 2968 1946 3013 ut
1968 2976 2136 3031 supra

552 3038 814 3108 diximus,
850 3053 1090 3100 attamen
1126 3047 1242 3102 sive
1277 3063 1309 3103 a
1347 3047 1675 3105 Christianis
1701 3051 1770 3106 ad
1797 3049 2016 3109 Iudaeos
2044 3054 2138 3109 de-

553 3130 769 3200 iecerit,
810 3135 926 3191 sive
952 3135 1174 3195 Iudaeus
1201 3139 1270 3194 ab
1302 3151 1505 3198 exortu
1540 3142 1726 3211 fuerit,
1760 3145 1831 3199 ob
1875 3144 2139 3202 Christia-

551 3223 716 3278 nismi
768 3227 956 3283 odium
985 3231 1167 3302 aliqua
1218 3234 1513 3306 Scriptura:
1563 3237 1681 3293 loca
1706 3238 2004 3296 detorsisse
2032 3256 2136 3311 pu-

549 3317 791 3376 tabatur.
831 3318 924 3377 Sic
981 3324 1255 3393 Irenazus,
1315 3327 1617 3395 Eusebius,
1663 3329 2033 3403 Epiphanius,
2081 3345 2135 3391 et

550 3412 847 3482 aliquando
875 3414 1274 3492 Hieronymus;
1309 3423 1390 3479 sic
1416 3425 1582 3479 etiam
1606 3422 1954 3495 Philastrius,
1987 3429 2133 3484 Ana-

549 3504 755 3562 stasius
789 3505 1021 3576 Sinaita,
1046 3511 1251 3583 aliique
1281 3525 1591 3571 senserunt.
1629 3514 1826 3573 Verum
1859 3517 2131 3592 Hierony-

550 3611 696 3665 mus,
726 3599 821 3668 qui
853 3616 1041 3671 parem
1065 3603 1132 3659 de
1157 3606 1355 3676 Aquila
1387 3609 1715 3664 sententiam
1748 3610 1877 3666 alibi
1909 3612 2128 3677 tulerat,

548 3688 604 3747 in
627 3691 858 3760 epistola
889 3695 1124 3764 quadam
1157 3698 1223 3752 ad
1259 3697 1557 3756 Damasum
1589 3701 1689 3770 ait,
1714 3718 1841 3758 eum
1865 3719 1979 3760 non
2005 3721 2132 3758 con-

548 3782 788 3847 tentiose,
818 3795 878 3840 ut
926 3787 1027 3841 alii.
1065 3786 1494 3859 arbitrabantur,
1532 3788 1637 3851 sed
1674 3795 1912 3851 studiose
1957 3800 2129 3853 inter-

546 3882 820 3940 pretatum
850 3892 994 3933 esse.
1036 3877 1152 3935 Imo
1185 3880 1592 3942 Commentariis
1627 3889 1681 3942 in
1723 3887 1982 3945 Habacuc
2011 3890 2137 3945 lau-a

544 3965 641 4020 dat
672 3966 849 4036 illum,
881 3971 1026 4041 quod
1060 3973 1190 4040 haec;
1209 3977 1396 4044 verba,
1439 3978 1696 4050 Egressus
1730 3983 1876 4057 esin
1904 3982 2128 4036 salutem

542 4059 726 4127 populi
769 4062 867 4127 tui,
916 4063 972 4116 in
1015 4066 1240 4120 salutem
1284 4085 1403 4123 cum
1431 4069 1641 4127 Christo
1675 4084 1787 4145 tuo,
1820 4076 2125 4131 secundum

541 4148 979 4209 Christianorum
1035 4168 1271 4215 mentem
1325 4165 1701 4233 transtulerit;
1751 4182 1879 4223 cum
1920 4164 2128 4224 contra

544 4240 907 4314 Symmachus
929 4259 983 4304 et
1012 4249 1334 4319 Theodotio,
1365 4254 1669 4314 Christiani
1694 4260 1838 4324 licet,
1867 4262 1921 4316 in
1953 4261 2123 4317 alium

541 4352 764 4393 sensum
796 4341 1142 4399 declinarint.
1178 4344 1244 4400 Et
1282 4348 1410 4404 alibi
1444 4366 1667 4421 quoque
1694 4353 1814 4423 ejus
1846 4354 2125 4413 defensio-

542 4442 664 4482 nem
704 4433 985 4502 suscipere
1032 4436 1265 4510 videtur.
1296 4437 1478 4505 Quare
1510 4444 1813 4511 putaverim
1846 4443 2120 4519 Hierony-

2257 555 2686 626 prehendnntur,
2730 557 2819 612 hic
2854 557 3133 624 proferre;
3167 566 3227 613 ut
3258 558 3583 628 exquiratur
3615 573 3747 613 nun:
3773 573 3837 613 re

2254 663 2380 702 vera
2412 648 2607 717 Aquila
2634 649 2700 703 de
2730 648 3000 708 industria
3028 652 3144 707 haec
3171 652 3238 706 ad
3269 644 3702 705 aliam'mentem
3736 649 3835 704 de-

2252 739 2494 794 torserit.
2520 739 2623 806 Qui
2649 742 2799 809 prior
2820 742 3071 811 Aquilam
3103 742 3375 812 simulque
3398 741 3832 796 Theodotionem

2252 832 2706 898 criminatur,-est
2747 833 2982 891 lrcnaeus
3024 834 3118 889 lib.
3154 850 3239 900 ιιι,
3270 849 3392 903 cap.
3443 833 3534 897 24,
3562 832 3657 887 ubi
3702 833 3781 888 ait
3814 851 3831 886 :

2254 923 2377 979 Non
2420 943 2540 980 vera
2578 936 2657 980 est
2700 928 3087 998 interpretatio,
3136 943 3264 983 ecce
3310 925 3739 992 adoiescentula,
3774 933 3833 979 ut

2255 1015 2576 1070 Theodotion
2612 1016 2869 1088 Ephesius
2892 1028 2939 1072 et
2969 1016 3165 1089 Aquila
3211 1017 3463 1073 Ponticus
3493 1025 3615 1071 sunt
3658 1016 3831 1070 inter-

2248 1109 2466 1177 pretati.
2499 1107 2641 1163 Iline
2676 1107 2919 1165 Ebionei
2943 1124 3007 1164 ea:
3048 1108 3245 1179 Joseph
3276 1119 3460 1163 natum
3496 1109 3670 1163 aiunt.
3700 1107 3832 1177 Agi—

2249 1209 2339 1256 tur
2376 1199 2466 1255 bic
2513 1199 2580 1256 de
2625 1199 2835 1257 Hesaiae
2871 1202 2992 1257 loco
3023 1218 3123 1269 vn,
3156 1201 3225 1256 Η
3257 1220 3269 1256 :
3301 1200 3436 1256 Ecce
3464 1206 3613 1272 virgo
3652 1201 3834 1255 conci—

2244 1293 2350 1361 piet
2372 1301 2423 1346 et
2445 1292 2616 1362 pariet
2634 1292 2832 1361 ﬁlium.
2863 1293 2947 1348 An
2973 1304 3153 1349 autem
3184 1303 3245 1349 ut
3266 1294 3445 1349 locum
3479 1293 3832 1363 detorqueret

2245 1384 2467 1454 Aquila,
2496 1384 2578 1441 sic
2610 1385 2920 1441 versionem
2958 1403 3114 1442 suam
3153 1386 3587 1451 concinnaverit,
3616 1384 3827 1441 nescio.

2249 1474 2555 1533 Verisimile
2580 1487 2764 1534 tamen
2789 1488 2873 1535 est
2899 1494 3025 1535 eum
3050 1494 3082 1534 a
3111 1494 3248 1535 voce
3276 1478 3546 1551 παρθένος
3573 1476 3832 1532 consulto

2247 1568 2571 1638 declinasse,
2615 1572 2747 1642 quia
2796 1572 2898 1628 hac
2942 1571 3181 1627 maxime
3209 1571 3492 1643 prophetia
3533 1570 3829 1625 utebantur

2247 1662 2544 1718 Christiani
2568 1680 2669 1734 pro
2690 1680 2793 1719 sua
2823 1663 3022 1719 tuenda
3052 1664 3176 1720 ﬁde.
3204 1667 3322 1720 lmo
3346 1679 3446 1719 nec
3474 1676 3665 1719 vocem
3690 1660 3832 1719 ἀπό-τ

2251 1771 2481 1827 κρυφος,
2511 1757 2845 1822 abscondita,
2879 1772 3045 1827 quam
3079 1757 3206 1812 alibi
3238 1772 3339 1827 pro
3372 1754 3640 1811 Hebraica

2177 1827 2598 1916 Bexprimenda
2658 1849 2901 1915 adhibet,
2950 1850 3042 1905 hic
3100 1863 3369 1918 usurpare
3423 1846 3632 1912 voluit;
3685 1846 3820 1915 quia

2248 1935 2390 1992 forte
2452 1938 2567 1993 haec
2623 1938 3001 2009 interpretatio
3049 1941 3283 2011 puellam
3314 1979 3330 2004 ,
3392 1954 3516 2010 quae
3572 1937 3829 1992 virorum

2246 2032 2493 2099 aspectui
2548 2033 2763 2087 occulta
2815 2041 3120 2101 manserat,
3171 2043 3334 2104 atque
3383 2032 3507 2087 ideo
3553 2031 3828 2103 virginem

2244 2122 2603 2192 exprimebat.

2314 2213 2585 2272 Eusebius
2630 2215 2991 2273 Cmsa‘riensis
3037 2215 3335 2272 Comment.
3384 2216 3439 2271 in
3487 2216 3682 2287 psalm.
3733 2231 3826 2282 xc,

2245 2309 2299 2377 Ῡ.
2331 2308 2386 2376 9,
2423 2308 2676 2378 Aquilam
2710 2318 2766 2365 et
2792 2310 3181 2382 Symmachum
3213 2309 3411 2379 carpit,
3441 2309 3587 2380 quod
3618 2308 3828 2364 doctri-

2244 2417 2371 2456 nam
2404 2402 2473 2457 de
2500 2402 2787 2459 Altissimo
2826 2410 2882 2459 et
2912 2403 2980 2457 de
3004 2402 3258 2468 Domino,
3290 2404 3341 2457 id
3367 2412 3452 2457 est
3478 2402 3546 2457 de
3572 2401 3739 2458 Patre
3771 2410 3828 2459 et

2246 2493 2401 2562 Filio,
2421 2508 2736 2567 suspectam
2761 2496 3048 2565 habentes,
3068 2495 3505 2569 ιουδαῖκώτερσν,
3521 2497 3637 2551 sive
3657 2497 3826 2553 modo

2244 2587 2311 2642 ad
2350 2587 2633 2643 Judaicam
2681 2588 3009 2643 sententiam
3061 2589 3353 2644 accedente
3396 2589 3512 2642 haec
3553 2584 3824 2642 Hebraica

2242 2679 2406 2732 verba
2427 2687 2607 2760 111m
2636 2687 2781 2737 nm
2803 2662 2939 2764 μὴν
2967 2688 3117 2739 rem
3141 2687 3259 2738 mm
3290 2684 3500 2738 ann-1:
3532 2677 3611 2732 sic
3638 2684 3825 2748 trans-

2242 2770 2488 2835 tulerint,
2550 2772 2746 2841 Aquila
2773 2788 2989 2843 nempe,
3021 2772 3142 2825 Ὅτι
3167 2772 3254 2839 σὺ,
3283 2771 3478 2844 Κύριε,
3512 2770 3668 2834 ἐλπίς
3694 2788 3821 2842 μου,

2243 2864 2469 2934 ὕψιστον
2496 2863 2668 2937 ἔθηκα
2696 2864 3117 2936 κατοικητήριόν
3151 2881 3245 2918 σου
3266 2880 3280 2896 ’
3306 2862 3571 2928 Quoniam
3606 2870 3685 2930 tu,
3710 2860 3823 2915 οσο-

2242 2958 2401 3023 mine,
2422 2974 2536 3027 spes
2558 2974 2696 3024 mea,
2722 2957 3043 3012 altissimum
3074 2957 3226 3027 posui
3252 2955 3617 3010 habitaculum
3645 2963 3823 3019 tuum;

2244 3049 2607 3121 Symmachus
2631 3065 2784 3117 vero,
2809 3051 2881 3104 Σὺ
2904 3050 3034 3121 γὰρ,
3060 3049 3181 3115 Θεὲ,
3204 3047 3407 3118 ἀφασία
3435 3066 3561 3119 μου,
3582 3046 3824 3118 ὁψίστην

2242 3136 2365 3191 ἔθου
2416 3138 2516 3208 τὴν
2554 3136 2877 3210 κατοίκησιν
2923 3155 3049 3192 σου·
3099 3136 3178 3192 Tu
3223 3139 3385 3206 enim,
3429 3136 3590 3203 Deus,
3619 3136 3823 3207 ﬁducia

2239 3244 2375 3295 mea,
2417 3228 2738 3283 altissimam
2772 3230 3004 3298 posuisti
3039 3230 3420 3284 habitationem
3470 3239 3635 3284 tuam.
3674 3228 3822 3296 Quid

2235 3319 2563 3377 Christianis
2611 3321 2849 3377 oﬂiciant
2900 3322 3215 3393 hujusmodi
3268 3321 3674 3386 translationes,
3706 3336 3821 3376 non

2234 3414 2370 3469 satis
2399 3414 2690 3486 perspicio.
2726 3415 2797 3470 At
2830 3414 3103 3471 Eusebius
3148 3416 3266 3471 vult
3292 3416 3406 3471 hazc
3432 3415 3593 3470 verba
3625 3434 3639 3469 :
3672 3414 3822 3481 Quo-

2234 3509 2377 3561 niam
2412 3520 2491 3573 tu,
2527 3509 2771 3575 Domine,
2802 3526 2919 3579 spes
2946 3527 3083 3574 mea,
3114 3510 3435 3564 altissimum
3471 3510 3704 3580 posuisti
3736 3527 3817 3563 re-

2234 3601 2441 3671 fugium
2471 3612 2643 3668 tuum,
2676 3612 2737 3658 ut
2767 3604 2821 3657 in
2864 3600 3006 3656 LXX
3040 3603 3315 3673 leguntur,
3349 3603 3427 3657 sic
3468 3601 3819 3668 intelligenda

2234 3708 2375 3760 esse,
2411 3704 2468 3748 ut
2511 3694 2665 3762 illud,
2700 3694 2944 3762 Domine,
2977 3694 3248 3765 signiticet
3291 3692 3522 3759 Filium;
3561 3701 3616 3747 et
3658 3692 3817 3760 illud,

2233 3786 2593 3859 altissimum,
2642 3804 2803 3859 quem
2856 3802 2957 3859 pro
3003 3787 3216 3859 refugio
3257 3802 3359 3842 suo
3407 3787 3560 3858 ponit
3609 3784 3816 3851 Filius,

2233 3881 2500 3950 signiﬁcet
2535 3880 2749 3936 Patrem
2788 3899 2803 3935 :
2837 3897 2945 3951 qua
2989 3882 3114 3937 data
3155 3879 3599 3949 interpretatione
3637 3877 3818 3949 magis

2230 3972 2544 4028 Arianismo
2590 3971 2771 4027 favere
2815 3973 3031 4028 videtur
3071 3971 3363 4035 Eusebius,
3405 3970 3563 4041 cujus
3610 3983 3816 4039 scopus

2230 4072 2313 4118 est
2348 4062 2513 4118 Deum
2557 4062 2755 4119 Filium
2807 4065 2969 4136 longe
3020 4064 3289 4119 minorem
3341 4060 3452 4116 Deo
3493 4060 3655 4116 Patre
3699 4070 3817 4118 sta-

2232 4165 2405 4218 tuere,
2434 4173 2597 4227 quam
2627 4157 2822 4228 Aquila
2859 4166 2913 4213 et
2945 4157 3309 4229 Symmachus
3334 4154 3641 4210 Judaismo.

2303 4244 2666 4317 Hieronymus
2712 4247 2765 4300 in
2815 4247 3063 4301 Hesaiam
3119 4262 3240 4314 cap.
3291 4259 3439 4310 χιιι,
3490 4242 3544 4308 5,
3594 4243 3647 4295 in
3695 4241 3814 4296 haec

2228 4338 2394 4391 verba
2425 4343 2565 4421 ηε)κῖ
2592 4320 2666 4395 8'7
2692 4320 2922 4402 Βκηιυνει,
2955 4336 3046 4390 ubi
3088 4336 3284 4405 Aquila
3313 4334 3496 4400 vertit,
3528 4332 3595 4387 Et
3636 4332 3812 4387 Israel

2228 4434 2278 4486 ei
2298 4431 2723 4502 congregabitur,
2756 4431 2870 4486 lucc
2898 4433 3141 4485 adnotat.
3176 4430 3253 4483 De
3279 4428 3472 4499 Aquila
3500 4434 3676 4480 autem
3706 4443 3812 4479 non

541 4533 716 4585 ml'm.
761 4524 815 4577 in
852 4526 975 4581 aliis
1011 4527 1144 4584 locis
1178 4530 1273 4585 ubi
1301 4531 1554 4603 Aquilam
1586 4538 1744 4605 quasi
1789 4517 2119 4596 (ςιηίειίεηίίε
2150 4549 2197 4605 ι)
2230 4528 2414 4591 miror,
2445 4526 2584 4595 quod
2612 4525 2765 4577 homo
2798 4524 3191 4577 eruditissimus
3230 4521 3427 4590 lingua:
3455 4517 3728 4573 llebratcaz
3756 4520 3813 4572 in

539 4608 816 4689 infensum
871 4632 1099 4687 carpere
1129 4621 1364 4687 videtur,
1399 4640 1465 4678 ex
1517 4627 1722 4698 vulgari
1757 4630 1988 4685 aliorum
2024 4632 2118 4702 qui

538 4714 934 4772 praecesserant
991 4714 1259 4768 sententia
1319 4717 1561 4773 locutum
1619 4737 1771 4791 esse;
1827 4724 2121 4795 ipsumque

540 4805 743 4863 tamen,
773 4799 866 4868 qui
893 4801 1019 4870 plus
1053 4819 1219 4872 quam
1256 4810 1434 4863 caeteri
1460 4827 1653 4867 omnes
1679 4814 1890 4885 Aquilae
1923 4817 2123 4870 versio-

539 4903 663 4942 nem
711 4899 1060 4960 tractaverat,
1094 4897 1200 4953 alia
1244 4901 1499 4971 opinione
1548 4904 1739 4960 fuisse.
1787 4908 2003 4977 Aquila,
2038 4910 2121 4962 in-

538 4982 659 5050 quit
688 4982 738 5035 in
769 4986 1448 5077 epistolaadpamasum,
1471 4999 1559 5067 qui
1586 5016 1689 5055 non
1713 5002 2115 5063 contentiosius,

536 5082 595 5125 ut
625 5076 842 5143 quidam
874 5092 1085 5165 putant,
1117 5085 1215 5165 sed
1239 5088 1529 5143 studiosius
1558 5090 1766 5147 verbum
1799 5092 2118 5160 interpreta-

538 5173 626 5218 tur
650 5166 718 5219 ad
758 5169 1169 5255 verburn..i§t-in
1212 5164 1443 5248 epistula
1473 5183 1543 5249 ad
1576 5182 1886 5237 Marcellam
1939 5202 1951 5237 :
1990 5182 2121 5236 1am

535 5258 738 5326 pridem
752 5277 869 5317 cum
888 5254 1238 5324 voluminibus
1254 5269 1599 5347 Hebraeorum
1614 5275 1697 5326 edi
1705 5276 1898 5329 tionem
1908 5276 2120 5345 Aquila:

533 5349 770 5419 confero,
816 5371 880 5408 ne
927 5360 1058 5427 quid
1097 5372 1310 5431 propter
1353 5365 1535 5417 odium
1583 5366 1785 5420 Christi
1834 5365 2118 5439 Synagoga

535 5446 858 5509 mutaverit;
887 5458 957 5513 et,
989 5461 1047 5503 ut
1079 5454 1267 5507 amicae
1298 5457 1459 5508 menti
1501 5455 1697 5524 fatear.
1741 5472 1859 5525 qua:
1900 5458 1970 5511 ad
2023 5477 2120 5513 uo-

471 5566 475 5571 .
532 5547 698 5585 stram
722 5537 878 5608 ﬁdem
900 5545 1194 5611 pertineant
1236 5547 1587 5600 roborandam
1611 5548 1766 5615 plura
1791 5552 2010 5618 reperio.

536 5622 598 5688 ν,
636 5626 1027 5711 {Experiri-untur
1072 5636 1309 5711 locaubi
1336 5639 1554 5708 Aquila,
1578 5643 1735 5711 quasi
1761 5644 1822 5696 ob
1854 5642 2124 5699 Christia-

608 5703 766 5754 nisini
782 5703 980 5757 mdium
1014 5706 1152 5759 male
1184 5703 1603 5777 interpretatus,"
1622 5713 2041 5781 reprelienditur.

605 5785 646 5838 Ε
673 5804 729 5844 re
753 5804 933 5849 autem
959 5795 1257 5854 fueritloca
1279 5799 1370 5855 illa
1390 5800 1864 5873 interpretationis
1882 5803 2113 5876 Aqui‘lte,

2229 4620 2327 4672 hoc
2349 4618 2462 4671 loco
2494 4627 2587 4670 aut
2609 4617 2881 4671 simularit
2913 4617 3259 4686 imperitiam,
3289 4625 3382 4667 aut
3408 4613 3810 4666 Plturisteorum

2225 4712 2468 4782 perversa
2496 4708 2929 4777 interpretatione
2957 4707 3199 4776 deceptus
3229 4710 3320 4767 sit,
3346 4706 3435 4775 qui
3468 4704 3809 4772 interpretari

2224 4802 2412 4866 voluit,
2438 4810 2491 4854 et
2524 4798 2690 4854 israel
2718 4800 2768 4853 ei
2797 4798 3235 4869 congregabitur,
3267 4796 3363 4849 hac
3387 4803 3487 4859 est,
3514 4793 3620 4847 Deo
3643 4809 3663 4848 :
3686 4809 3805 4846 cum

2224 4896 2434 4950 verbum
2468 4892 2793 4946 Hebraicum
2825 4906 2913 4955 ιο,
2941 4889 2995 4941 in
3029 4889 3125 4941 hoc
3154 4887 3268 4940 loco
3300 4903 3401 4939 non
3424 4885 3691 4939 scribatur
3712 4900 3809 4954 per

2224 5004 2398 5043 uusn
2430 4997 2477 5040 et
2522 5001 2646 5050 vw,
2678 4983 2817 5054 quod
2859 4983 2905 5036 si
2944 4980 3452 5049 esset,signiﬁcaret
3496 4979 3545 5032 ei
3576 4976 3653 5030 vel
3685 4976 3805 5046 illi;

2224 5081 2313 5136 sed
2351 5095 2442 5149 per
2466 5093 2641 5132 LAHED
2677 5091 2868 5141 ALEPH,
2900 5082 3038 5145 quod
3078 5073 3288 5143 proprie
3319 5078 3472 5124 sonat
3502 5084 3632 5122 non.
3678 5064 3808 5121 Haec

2223 5182 2389 5237 porro
2418 5166 2655 5219 varietas
2684 5163 3197 5231 interpretationum
3235 5177 3298 5215 ex
3330 5161 3592 5214 varietate
3615 5158 3807 5212 lectio-

2223 5240 2352 5315 nium
2383 5259 2527 5314 haud
2557 5258 2719 5312 dubie
2741 5256 2984 5326 profecta
3018 5264 3141 5309 est:
3175 5271 3300 5308 nam
3336 5254 3441 5308 alia
3469 5252 3802 5321 exemplaria

2221 5335 2313 5416 κθ,
2335 5357 2389 5405 et
2419 5350 2524 5403 alia
2564 5330 2619 5407 π’)
2651 5347 2942 5409 habebant,
2980 5344 3249 5413 hodieque
3284 5344 3338 5397 in
3367 5342 3555 5415 Bibliis
3589 5341 3805 5395 Masso-

2222 5441 2408 5497 reticis
2442 5440 2639 5509 legitur
2653 5421 2728 5496 Νι)
2746 5446 2799 5491 et
2823 5437 2877 5490 in
2904 5435 3150 5506 margine
3174 5417 3361 5522 τῆρῚι).
3386 5432 3496 5487 Nec
3521 5432 3804 5503 quidpiam

2223 5532 2351 5586 hinc
2379 5532 2431 5584 in
2460 5530 2689 5600 gratiam
2718 5526 3033 5582 Iudaeorum
3069 5527 3251 5598 colligi
3288 5534 3484 5596 potest,
3516 5525 3664 5595 quod
3690 5541 3804 5580 non

2222 5624 2276 5678 in
2320 5623 2444 5677 aliis
2471 5622 2769 5692 Scripturae
2801 5621 2935 5675 locis
2964 5620 3168 5675 centies
3197 5621 3480 5675 habeatur.

2290 5715 2621 5770 Philastrius
2657 5700 2960 5768 Brixiensis
3000 5713 3073 5767 De
3106 5712 3415 5777 lueresibus,
3447 5710 3703 5780 Aquilam
3745 5708 3806 5764 in

2221 5808 2427 5864 crimen
2469 5815 2647 5875 vocat,
2675 5805 2819 5876 quod
2861 5788 3074 5875 psalmo
3104 5823 3163 5874 ιι,
3193 5822 3246 5859 v.
3282 5805 3336 5872 2,
3380 5805 3471 5861 ubi
3504 5802 3646 5859 LXX
3679 5816 3805 5859 ver-
