4052 6388
163 313 206 370 ιδ
1456 330 1522 385 IN
1560 329 1884 387 llEXAPLA
1924 330 2272 389 ornamus.
3407 334 3475 390 ss

162 436 292 527 amnt,
321 429 604 488 adversus
682 436 1094 509 Dominum,
1135 455 1183 498 et
1229 445 1471 499 adversus
1521 444 1792 499 Christum
1820 455 1864 509 Α
1896 446 2099 518 passim
2143 454 2529 518 permutantur
2570 458 2621 504 et
2651 447 3093 514 confunduntur;
3121 464 3290 518 quare
3320 465 3476 518 pror~

161 524 246 593 tju,
264 524 349 592 ipse
374 527 854 597 transtulerit,
899 533 1183 590 adversus
1222 534 1505 589 Dominum
1536 544 1586 590 et
1617 534 1802 590 adver-
1905 554 2000 595 sus
2038 538 2362 593 crediderim
2388 539 2532 594 idem
2577 554 2698 594 esse
2730 554 2927 594 nomen
2959 538 3215 607 Oukelos,
3253 540 3337 594 vel
3368 539 3480 595 An-

160 631 217 669 ιιι
246 626 425 668 tactam
454 617 629 686 eius.
679 619 967 678 Verum
1021 626 1219 697 Aquila
1250 642 1357 681 non
1399 626 1505 682 hoc
1530 626 1654 682 loco
1683 635 1803 681 tan-
1901 628 2078 695 kelas,
2111 638 2166 684 et
2205 630 2456 694 Ἀκύλας.
2492 628 2549 684 Id
2581 646 2709 685 vero
2735 631 3022 686 confirmat
3056 629 3325 686 Thalmud
3354 630 3480 686 Hic-

162 706 343 774 tum,sed
367 708 563 764 etiam
601 711 784 768 alibi
831 731 1071 771 vocem
1100 727 1277 782 nm,
1306 716 1649 790 ὴλειμμένον,
1687 719 1802 774 sive
1902 718 2378 789 rosolymitannm,
2411 719 2501 774 ubi
2529 720 2726 789 Aquila
2756 736 2897 791 saepe
2938 722 3046 791 hac
3087 722 3199 776 fere
3241 722 3479 777 nominis

163 810 307 854 tactam
334 801 824 874 interpretatus
854 819 1045 890 “est;
1105 812 1227 879 quia
1265 810 1522 865 nimirum
1574 811 1802 881 putabat
1903 809 2082 865 forma
2137 818 2496 866 memoratur.
2551 812 2669 866 Alia
2722 813 2952 867 subinde
3010 794 3243 884 quaestio
3279 814 3477 878 oritur,

165 894 324 965 Χριστὸς
344 907 395 950 et
430 897 868 969 ὴλειμμένος
909 902 1177 971 idipsum
1208 902 1534 974 significare.
1568 902 1672 959 Sed
1721 914 1802 958 ta-
1904 917 2037 957 num
2066 902 2263 972 Aquila
2292 904 2560 972 interpres
2602 904 2692 959 ille
2718 903 2941 959 Graecus
2978 905 3119 959 idem
3150 905 3220 958 sit
3243 904 3332 975 qui
3366 900 3478 959 On-

170 1002 355 1042 mention
374 987 633 1043 videtur
676 1006 715 1043 a
752 1007 937 1047 voce
972 994 1216 1066 Χριστὸς
1242 996 1306 1049 de
1335 995 1602 1050 industria
1628 995 1803 1050 absti~
1901 993 2075 1060 kelos,
2103 995 2262 1065 cujus
2294 1011 2516 1061 nomen,
2544 1006 2603 1050 ut
2632 995 2892 1063 diximus,
2929 996 3072 1052 idem
3100 997 3313 1051 videtur
3353 1011 3478 1051 esse

173 1080 300 1135 nuisse
330 1100 346 1135 :
380 1096 525 1135 nam
584 1084 805 1138 modo
862 1101 1027 1152 una,
1077 1087 1233 1140 modo
1282 1086 1385 1141 alia
1429 1102 1563 1142 voce
1610 1088 1800 1153 utitur,
1903 1086 2051 1155 quod
2082 1085 2316 1157 Aquila;
2354 1103 2422 1141 an
2450 1102 2578 1142 vero
2607 1087 2717 1142 duo
2749 1088 2955 1158 Aquilae
2988 1086 3207 1153 fuerint,
3242 1097 3474 1159 quorum

176 1171 287 1226 etiam
326 1172 410 1226 ubi
460 1173 541 1228 de
587 1173 882 1230 Christo
940 1176 1160 1247 agitur.
1208 1176 1298 1232 Sic
1342 1176 1487 1232 Psal.
1538 1194 1801 1246 Lxuvm,
1859 1206 1869 1215 ο
1904 1179 2044 1245 alius
2067 1176 2343 1249 Thargum
2373 1179 2427 1233 in
2460 1177 2909 1245 Pentateuchum,
2942 1180 3081 1235 alius
3102 1179 3307 1234 scilicet
3338 1180 3385 1234 is
3408 1180 3475 1235 de

182 1281 219 1317 ι.
251 1261 396 1327 5Ξ,οἶ›
445 1265 793 1321 ὠνείδισαν
838 1268 927 1322 τὰ
988 1268 1119 1340 ἴχνη
1163 1269 1252 1323 τοῦ
1305 1269 1541 1341 Χριστοῦ
1589 1287 1684 1323 σου
1708 1287 1721 1299 ’
1749 1279 1801 1327 et

1905 1284 2014 1340 quo
2035 1284 2180 1325 nunc
2209 1269 2408 1341 agitur,
2437 1270 2741 1325 versionem
2779 1270 3022 1325 Graecam
3053 1285 3174 1340 qua:
3209 1268 3262 1324 in
3294 1268 3476 1325 Hexa-

189 1355 380 1412 llabacuc
403 1373 492 1419 ιιι,
530 1373 593 1411 v.
629 1358 743 1422 l5,
780 1360 855 1413 in
885 1360 1141 1415 salutem
1165 1376 1279 1413 cum
1308 1359 1520 1415 Christo
1544 1370 1655 1414 tuo.
1684 1359 1801 1417 Non
1904 1358 2008 1428 plis
2032 1357 2326 1428 ferebatur,
2352 1360 2541 1415 edidit.
2579 1359 2656 1414 Ex
2683 1360 2924 1416 rabbinis
2948 1361 3169 1431 quidam
3210 1359 3480 1416 Onkelum

191 1450 491 1519 improbabile
524 1460 746 1505 tamen
778 1452 1039 1507 videtur
1064 1454 1315 1523 Aquilam
1344 1453 1397 1508 in
1425 1454 1610 1508 odium
1644 1454 1805 1509 Chri-
1902 1451 1988 1505 vel
2015 1451 2268 1520 Aquilam
2298 1448 2649 1521 paraphrasis
2668 1449 2975 1507 Ghaldaicaa
2999 1462 3296 1517 auctorem,
3322 1452 3479 1523 longe

195 1544 426 1609 nianismi,
476 1544 876 1616 ὴλειμμένον
935 1544 1065 1600 fere
1115 1560 1326 1615 semper
1384 1546 1657 1616 posuisse,
1712 1547 1802 1602 ubi
1905 1541 2268 1611 antiquiorem
2298 1550 2487 1611 putant
2511 1542 2707 1611 Aquila
2742 1542 2834 1597 illo
2869 1543 2962 1613 qui
2997 1543 3299 1609 versionem
3330 1542 3479 1599 Grat-

195 1643 317 1694 me
347 1636 780 1704 reperiebatur,
830 1645 904 1692 ut
946 1651 982 1691 a
1015 1652 1152 1693 voce
1192 1637 1443 1707 Χριστὸς,
1475 1636 1803 1692 Christianis
1905 1647 2028 1687 cam
2080 1631 2308 1687 Adriani
2342 1643 2585 1703 tempore
2633 1634 2837 1701 edidit;
2887 1650 2997 1704 qua
3047 1635 3114 1689 de
3157 1651 3217 1689 re
3264 1636 3479 1691 videndi

196 1727 422 1795 familiari,
460 1744 580 1800 qua
635 1728 879 1784 Filium
935 1728 1044 1784 Dei
1092 1728 1506 1801 compellatum,
1551 1729 1808 1785 consulto
1905 1721 2139 1778 Brianus
2168 1722 2478 1789 Waltonus,
2508 1731 2562 1777 et
2584 1720 2842 1777 Nicolaus
2884 1721 3138 1778 Serarius
3172 1722 3473 1793 Prolegom.

198 1818 463 1874 declinaret.
1830 1805 1872 1860 Β
1900 1830 2020 1885 cap.
2051 1815 2139 1880 14,
2169 1816 2569 1886 quaestiuncula
2606 1816 2661 1870 4.
2694 1814 2801 1869 Alii
2841 1814 3091 1869 eumdem
3122 1829 3242 1870 esse
3285 1824 3481 1884 putant

246 1912 550 1968 Anastasius
604 1904 835 1967 serm.
873 1912 912 1967 9
969 1912 1032 1965 in
1087 1910 1469 1977 Hexaemeron,
1505 1912 1798 1983 impietatis
1902 1904 2256 1963 Chaldaicum
2296 1907 2692 1977 paraphrasten
2731 1915 2786 1961 et
2817 1904 3065 1960 Graecum
3105 1906 3473 1976 interpretem.

200 2003 408 2072 Aquilam
440 2015 711 2068 accusat,
756 2003 927 2072 quod
977 2002 1121 2057 illud
1149 2001 1280 2057 Gen.
1322 2019 1381 2065 n;
1425 2003 1515 2071 18,
1543 1987 1800 2068 ή-ῖτιυςκ
1906 1995 1977 2052 llt
2006 2006 2065 2052 ut
2103 2013 2231 2053 vero
2256 2000 2348 2064 sit,
2383 2007 2593 2053 certum
2638 2008 2723 2053 est
2744 1997 3100 2069 paraphrasin
3136 1996 3282 2051 illam
3313 1995 3477 2051 Chal-

197 2104 309 2153 ττιῖδ
323 2104 422 2159 -ππ
441 2095 707 2160 verterit,
738 2094 1106 2165 Ποιήσωμεν
1124 2094 1270 2166 αὐτῷ
1300 2093 1490 2166 βοηθὸν
1514 2095 1800 2150 κατέναντι

1905 2089 2114 2144 daicam
2162 2089 2302 2144 nihil
2344 2089 2547 2145 habere
2592 2105 2717 2145 cum
2751 2089 2999 2145 versione
3041 2087 3228 2145 Graeca
3269 2087 3479 2159 Aquila:

194 2189 364 2241 suos.
411 2189 465 2242 id
514 2197 649 2252 est,
704 2186 1035 2242 Faciamus
1082 2189 1133 2241 ei
1176 2188 1470 2257 adjutorem
1525 2205 1554 2243 ε
1593 2191 1802 2259 regione
1903 2178 2202 2234 aliinitatis.
2229 2177 2388 2246 Nam,
2413 2190 2474 2233 ut
2501 2189 2701 2234 caetera
2725 2188 2956 2241 taceam,
2982 2178 3035 2232 in
3060 2178 3260 2248 quibus
3286 2191 3479 2233 omnes

191 2280 354 2348 ipsius,
390 2280 475 2335 vel
511 2297 713 2334 coram
746 2295 837 2334 eo.
870 2279 1024 2333 Illud
1071 2280 1271 2349 quippe
1299 2280 1587 2334 κατέναντι
1614 2281 1798 2348 αὐτοῦ,

1905 2270 2228 2340 interpretes
2254 2271 2626 2336 consentiunt,
2680 2284 2865 2325 vocem
2894 2277 3130 2330 mutu-1:
3162 2268 3298 2324 Gen.
3340 2284 3380 2333 ι,
3422 2268 3475 2334 1,

187 2369 255 2423 sic
292 2369 518 2441 intelligi
566 2368 701 2423 vult
757 2366 1144 2433 Anastasius,
1187 2366 1454 2421 ἀντίδικον
1501 2368 1597 2421 καὶ
1638 2366 1801 2420 πολέ-

1905 2360 2097 2432 Aquila
2145 2363 2328 2427 vertit,
2373 2363 2433 2415 ὲν
2482 2360 2785 2432 κεφαλαίῳ,
2838 2363 2893 2417 in
2940 2360 3193 2432 capitulo,
3244 2358 3479 2416 Onkelos

187 2479 309 2531 μων,
356 2463 753 2516 adversarium
807 2471 862 2515 et
920 2460 1229 2523 inimicum,
1275 2460 1435 2529 quasi
1483 2459 1689 2515 scilicet
1732 2474 1801 2515 ex

1905 2462 2082 2508 autem
2103 2461 2332 2542 τηε-ιρι,
2355 2455 2409 2506 in
2428 2454 2723 2523 principio;
2740 2467 2971 2523 moxque
2993 2462 3114 2542 Tth
3259 2450 3476 2522 Aquila,

183 2555 372 2625 Aquila
403 2566 595 2612 mente
638 2554 806 2611 Deus
846 2553 1069 2607 homini
1102 2552 1383 2607 mulierem
1418 2552 1578 2623 quasi
1606 2551 1801 2607 adver--

1905 2541 2126 2615 κένωμοι
2170 2545 2266 2598 καὶ
2299 2544 2473 2608 οὐδὲν,
2518 2543 2755 2597 inanitas
2787 2552 2837 2597 et
2868 2541 3024 2608 nihil,
3053 2541 3304 2607 Onkelos,
3343 2549 3479 2600 κνπ

184 2646 372 2701 sarium
424 2656 482 2701 et
529 2646 850 2700 inimicum
903 2642 1149 2697 dederit.
1207 2640 1429 2707 Verum,
1481 2651 1540 2699 ut
1599 2652 1801 2699 norunt
1900 2643 2145 2723 N’JPH'I,
2176 2634 2384 2690 deserta
2414 2643 2463 2689 et
2496 2650 2682 2689 vacua.
2719 2634 2772 2704 Ῡ.
2806 2632 2861 2687 2.
2900 2640 3113 2696 nam:
3144 2630 3391 2702 Vulgata,
3425 2640 3475 2684 ει

1902 2725 2137 2797 Spiritus
2156 2727 2252 2782 Dei
2279 2728 2580 2796 ferebatur;
2607 2726 2826 2796 Aquila,
2855 2724 3269 2797 ἐπιφερόμενον,
3294 2738 3478 2793 super-

1902 2818 2201 2888 ferebatur;
2253 2816 2511 2885 Onkelos,
2570 2826 2796 2881 sum,
2854 2814 3182 2885 iniu/ﬂabat.
3245 2813 3479 2870 Genesis

184 2751 359 2791 eum
382 2735 579 2791 Graec
611 2735 822 2805 periti,
860 2733 1165 2786 κατέναντι
1194 2732 1358 2786 αὑτοῦ
1408 2734 1496 2788 hic
1529 2732 1801 2804 signiﬁcat

183 2843 207 2878 ε
234 2829 434 2897 regione
461 2828 671 2897 ipsius,
707 2825 839 2881 sive
875 2833 936 2878 ut
983 2823 1076 2877 illi
1104 2832 1301 2877 astaret
1330 2839 1349 2878 :
1400 2824 1641 2894 alioquin
1692 2838 1801 2879 vox

187 2916 386 2988 mea,
414 2921 672 2990 adjutor,
705 2932 847 2987 quae
887 2915 1182 2986 praecedit,
1218 2915 1493 2971 Anastasii
1530 2915 1801 2984 interpre-

187 3011 428 3067 tationem
456 3025 709 3082 prorsus
743 3007 978 3063 refellit.
1013 3005 1156 3074 Quis
1193 3008 1336 3062 enim
1369 3016 1518 3078 putet
1545 3007 1798 3078 Aquilam

189 3100 260 3154 sic
281 3101 629 3172 interpretari
652 3100 944 3167 voluisse,
963 3096 1261 3153 Faciamus
1293 3100 1341 3154 ei
1371 3098 1671 3171 adjutorem
1700 3098 1799 3153 ad-

189 3195 463 3246 serui-iam
481 3195 510 3247 1’

194 3298 280 3355 Π.
311 3304 583 3368 Qacritur
615 3318 817 3358 utrum
844 3302 1056 3373 Aquila
1089 3303 1226 3373 idem
1256 3306 1325 3358 sit
1352 3304 1442 3373 qui
1473 3302 1721 3365 Onkelus,
1750 3311 1801 3357 et

261 3386 432 3429 atrum
464 3375 757 3446 Thargum
790 3372 990 3446 Onkeli
1038 3372 1247 3446 aliquid
1288 3372 1560 3443 aﬂinitatis
1610 3374 1801 3428 habeat

261 3461 380 3497 aut
410 3442 871 3517 interprétatione
900 3442 1145 3515 Aquilae.

265 3555 530 3630 Iultiplex
558 3561 815 3631 qumstio
849 3546 1121 3615 movetur
1142 3556 1208 3613 de
1230 3557 1472 3623 Onkelo;
1501 3573 1565 3611 ac
1588 3557 1655 3611 de
1681 3557 1801 3626 ipso

212 3652 383 3703 statim
428 3654 647 3709 nomine
682 3653 992 3724 quaeritur,
1042 3664 1115 3703 an
1159 3648 1392 3705 Onkelos
1432 3650 1514 3705 vel
1559 3649 1800 3705 Onkelus

213 3737 346 3792 idem
377 3744 439 3797 sit
473 3745 625 3814 quod
671 3743 903 3815 Aquila.
958 3742 1114 3796 Sane
1163 3739 1399 3812 Onkelps
1431 3758 1535 3797 vox
1570 3750 1653 3797 est
1697 3739 1803 3796 He-

216 3827 368 3887 braeis
407 3846 686 3902 extranea,
715 3846 774 3891 et
810 3835 1134 3906 peregrinae
1167 3836 1359 3903 gentis,
1391 3850 1513 3905 qua:
1544 3850 1668 3890 cum
1696 3832 1803 3888 lle-

218 3917 392 3978 hraice
434 3927 592 3982 scribi
635 3933 823 3997 erepta
867 3936 982 3988 est,
1015 3925 1259 3994 aliquam
1308 3924 1660 3979 mutationem
1697 3938 1800 3977 no-

222 4025 434 4084 naque
459 4019 913 4073 terminationem
941 4016 1184 4086 accepit.
1206 4015 1263 4070 ld
1290 4015 1477 4086 negari
1504 4029 1611 4069 non
1643 4027 1803 4082 posse

226 4103 437 4160 Vitiatur.
468 4108 625 4165 Nulla
672 4118 864 4165 autem
916 4124 1033 4162 vox
1072 4107 1426 4177 propinquior
1459 4106 1538 4177 τῷ
1566 4103 1804 4159 Onkelos

228 4204 471 4266 estquam
511 4202 768 4271 Ἀκύλας,
793 4199 1037 4272 Aquilus
1074 4198 1160 4253 vel
1182 4197 1395 4270 Aquila.
1422 4195 1468 4252 Ο
1499 4197 1642 4251 enim
1674 4204 1727 4249 et
1758 4192 1804 4247 A

1901 2925 2021 2980 cap.
2079 2926 2139 2975 ιι,
2187 2910 2239 2964 6.
2288 2920 2384 2970 ἐκ-ί
2415 2908 2663 2979 Vulgata,
2698 2921 2746 2963 et
2780 2908 2919 2977 fons,
2963 2908 3178 2976 Aquila,
3223 2907 3319 2960 uoti.
3351 2906 3475 2958 ἐπι-

1901 3000 2164 3073 ὁλυσμὸς,
2208 3012 2258 3056 et
2290 3001 2531 3054 scatebra
2564 3000 2651 3053 vel
2675 3000 2980 3067 scaturigo;
3017 2996 3272 3064 Onkelos,
3299 3005 3473 3061 Nam,

1903 3100 1952 3147 et
1981 3094 2141 3147 nubes
2195 3095 2248 3163 Ῡ.
2277 3093 2327 3146 7.
2370 3099 2520 3153 ηκτη
2546 3092 2762 3162 Aquila,
2791 3093 2883 3148 καὶ
2922 3091 3144 3159 ἔπλασε,
3188 3100 3236 3146 et
3268 3093 3475 3161 [orum-

1904 3186 2009 3250 uit;
2049 3184 2287 3241 Onkelos
2315 3193 2473 3251 mni,
2505 3194 2554 3239 et
2583 3186 2795 3239 creavit.
2833 3184 2969 3241 Gen.
3005 3201 3088 3250 in,
3124 3184 3210 3239 l6.
3239 3192 3477 3272 'pp‘rmn

1905 3280 2124 3350 Aquila,
2180 3281 2214 3352 ἡ
2270 3278 2534 3349 συνάφεια
2585 3295 2704 3344 σου,
2763 3279 2988 3333 societas
3037 3288 3171 3343 tua;
3215 3275 3475 3343 Onkelos,

1905 3380 2199 3457 fin-mum,
2247 3371 2566 3426 desiderium
2613 3381 2777 3425 tuum.
2826 3369 2960 3425 Gen.
3003 3387 3077 3436 rv,
3130 3370 3185 3435 8,
3235 3370 3309 3423 ait
3352 3366 3477 3423 Ori—

1907 3480 2071 3534 genes
2099 3463 2351 3533 Aquilam
2382 3463 2881 3534 expressisseillud
2914 3462 3069 3517 Gaini
3091 3461 3321 3527 dictum,
3343 3460 3477 3513 διέλ-

1907 3558 2088 3628 θωμεν
2141 3559 2221 3619 εἰς
2254 3556 2316 3610 τὸ
2362 3556 2563 3622 πεδίον,
2615 3556 2947 3627 egrediamur
2991 3555 3047 3607 in
3086 3570 3349 3623 campum,
3391 3554 3475 3607 vel

1903 3650 2239 3720 egrediamur
2280 3649 2449 3719 foras,
2496 3648 2639 3719 quod
2681 3657 2857 3701 tamen
2908 3662 3013 3701 non
3055 3646 3253 3717 legitur
3285 3646 3340 3700 in
3365 3643 3476 3699 On-

1902 3738 2045 3794 kelo.
2078 3738 2146 3793 Et
2166 3738 2302 3793 Gen.
2335 3754 2456 3809 cap.
2477 3754 2552 3801 vr,
2589 3737 2643 3791 2.
2680 3721 3022 3797 nimbum-ua
3058 3736 3274 3807 Aquila,
3298 3736 3345 3788 oi
3369 3735 3477 3787 υἱοὶ

1904 3829 2011 3883 τῶν
2045 3829 2206 3895 θεῶν,
2248 3831 2350 3899 ﬁlii
2387 3831 2645 3896 deorum;
2675 3828 2932 3896 Onkelus,
2970 3836 3331 3892 wnﬁz'i‘un,
3374 3824 3478 3895 ﬁlii

1902 3920 2202 3991 principum
2229 3920 2312 3975 vel
2341 3930 2666 3991 magnalum.
2715 3919 2999 3974 lnnumera
3032 3933 3325 3989 congerere
3347 3931 3475 3986 pos-

1909 4026 2048 4076 sem,
2092 4013 2236 4067 unde
2266 4013 2533 4083 liquidum
2584 4012 2724 4069 foret
2764 4013 3048 4079 nihilesse
3090 4010 3231 4067 inter
3267 4008 3476 4080 Aquilae

1909 4104 2219 4159 versionem
2252 4104 2495 4160 Graecam
2523 4112 2577 4158 et
2598 4104 2946 4160 Chaldaicam
2982 4102 3339 4175 paraphrasin
3362 4098 3477 4154 alli-

1911 4194 2121 4251 nitatis.
2156 4194 2262 4252 Sed
2286 4197 2421 4265 haec,
2458 4197 2514 4252 ni
2540 4196 2720 4264 fallor,
2747 4197 2880 4253 satis
2910 4202 3090 4252 erunt.

1342 4440 1726 4531 CAPUT
1798 4440 2286 4531 SEXTUM

1308 4591 1398 4650 De
1454 4585 1820 4667 Symmachi
1850 4587 2403 4666 interpretatione.

1811 4742 1882 4754 ψ

245 4817 276 4866 Ι.
300 4819 609 4936 lultipliciter
630 4831 772 4878 errat
796 4823 1205 4893 Epiphaniuset
1225 4825 1491 4895 pugnantia
1509 4824 1744 4895 loquitur,
1768 4788 1890 4896 dum.
1904 4812 2068 4872 narrat
2091 4821 2433 4935 Simmacbum
2458 4819 2758 4882 Scripturam
2791 4817 3000 4886 vertisse
3037 4820 3153 4864 ante
3176 4812 3476 4884 Theodoth-

292 4895 407 4935 σθω.
446 4887 479 4937 l.
499 4892 687 4937 Auctor
711 4892 1020 4937 Simonseos
1049 4883 1307 4937 Epiphanu
1334 4898 1554 4934 errorem
1595 4886 2059 4937 sensrsse.v1delur.
2111 4885 2123 4932 I
2156 4883 2193 4933 ι.
2237 4880 2506 4933 Chromcon
2539 4879 2927 4931 Alexandrinum
2971 4887 3192 4924 errorem
3220 4873 3476 4937 Epiphanri

468 4927 479 4936 .
499 4892 687 4939 Auctor
711 4892 753 4940 ς

287 4949 554 5012 enuntiavit,
580 4961 636 5001 ut
671 4960 732 5000 et

799 4943 891 4998 do'.
920 4946 1013 4995 ιν.
1042 4943 1120 4994 An
1143 4943 1263 4995 duas
1283 4948 1731 5009 interpretationes
1746 4945 1961 4995 ediderit
1985 4945 2318 5005 Symmachus.
2331 4943 2402 5009 _V.
2452 4945 2490 5003 Q

900 4873 1020 4936 scas
1049 4873 1322 4945 Epipha'nii
1334 4898 1554 4934 errorem
1576 4873 1810 4934 'sensisse
1834 4886 2059 4944 ,videtur.
2111 4873 2193 4935 Ill.
2237 4880 2506 4945 Chronicon
2539 4873 2927 4945 itemndrinum
2971 4887 3192 4924 errorem
3220 4873 3476 4945 Epiphan

2496 4957 2559 4992 uo
2598 4940 2821 4990 vertendi
2858 4949 3048 5001 genere
3069 4950 3188 5001 usus
3196 4933 3275 5001 ait
3297 4933 3391 4985 {ac
3410 4933 3477 4981 de

279 4995 1018 5076 φοιξὶῖιτοόἆιοέίᾖῖᾇξριέὶυιω
1046 5009 1351 5076 etsecunda)
1374 4995 1629 5076 a3'tatis,_ut
1650 5022 1678 5057 a
1711 4995 2528 5076 Symmachofreprzesentabantdr.
2553 5002 2638 5052 VI.
2665 5004 2778 5064 Ejus
2808 4995 2960 5051 editio
2980 5014 3009 5049 a
3033 4995 3288 5047 veteribus
3309 5001 3477 5045 admo-

276 5066 377 5119 ἀίω
404 5073 603 5125 laudata.
629 5066 744 5126 V11.

867 5070 1074 5119 eodoro
1092 5067 1402 5119 Ἀρι-αιτιοοω
1436 5067 1621 5119 ηυιιὶιει
1648 5067 1881 5132 probatur

220 5169 253 5223 Ι.
282 5172 634 5248 ιιιιίριίείιεν
648 5186 817 5248 errat
836 5150 1196 5248 Epiphaflius
1232 5181 1283 5248 ει
1309 5174 1602 5248 pugnantia
1633 5172 1806 5248 loqui-
1835 5180 1884 5238 ο
1911 5173 2290 5230 concinnasse.
2327 5169 2453 5226 ideo
2482 5170 2573 5223 ille
2606 5167 2998 5231 narrationem,
3032 5180 3194 5236 quam
3227 5179 3293 5218 ex
3327 5172 3477 5220 vete-

270 5256 361 5311 tar,
384 5239 502 5303 dum
538 5258 747 5304 narrat
777 5239 1195 5314 Symmachum
1225 5239 1557 5312 Scripturam
1592 5239 1801 5296 vertisse

1907 5263 2079 5329 ribus,
2128 5270 2292 5331 atque
2331 5260 2527 5331 partim
2580 5270 2640 5314 ut
2686 5258 2898 5313 videtur
2937 5272 3003 5311 ex
3048 5257 3183 5328 ipsis
3228 5255 3479 5326 Origenis

265 5330 370 5374 ante
406 5320 666 5377 Theodoti
670 5332 874 5374 onem.

251 5452 593 5527 Epiphanius,
642 5453 998 5519 conspecto
1050 5441 1414 5513 llexaplorum
1462 5446 1673 5511 ordine,
1712 5445 1806 5500 ubi

190 5542 518 5616 Symmachus
541 5557 685 5604 ante
723 5535 1205 5597 Theodotionem
1238 5536 1468 5606 positus,
1500 5536 1802 5591 secundum

180 5635 331 5696 locum
383 5643 438 5697 in
496 5638 734 5698 Gmcis
803 5622 1176 5686 editionibus
1224 5628 1543 5696 occupabat,
1597 5627 1804 5696 putavit

179 5731 541 5804 Symmachum
593 5730 782 5803 prius
845 5713 1246 5775 Theodotione
1299 5718 1588 5774 editionem
1645 5733 1799 5774 suam

1906 5352 2123 5422 scriptis
2176 5360 2480 5423 acceperat,
2536 5349 2674 5403 mire
2725 5346 3061 5419 perturbavit
3111 5354 3165 5417 et
3204 5342 3479 5397 ἀσύστατα

1906 5444 2065 5500 dixit.
2115 5445 2206 5498 Ait
2258 5444 2422 5513 igitur
2476 5440 2661 5496 Severi
2707 5440 3043 5510 temporibus
3091 5437 3476 5509 Symmachum

1910 5534 2314 5590 Samaritanum
2366 5533 2505 5587 inter
2536 5532 2808 5602 sapientes
2843 5530 3019 5600 gentis
3063 5545 3176 5583 sua:
3206 5526 3476 5590 ﬂoruisse,

1911 5635 2072 5696 atque
2117 5626 2415 5679 ambitione
2460 5633 2514 5679 et
2559 5621 2877 5677 dominandi
2929 5620 3183 5689 cupidine
3231 5618 3478 5681 ductum,

1911 5734 2034 5773 cum
2061 5716 2204 5787 apud
2236 5714 2569 5771 contribules
2593 5714 2702 5769 voti
2735 5726 2960 5780 compos
2984 5725 3104 5766 esse
3134 5723 3242 5763 non
3270 5716 3477 5775 posset.
3506 5760 3511 5767 _
