4052 6388
621 266 694 327 87
1973 285 2493 345 manumanu
3790 293 3868 350 ss

621 388 692 445 ad
727 389 947 450 Judaeos
989 395 1305 463 descivisse,
1343 399 1678 475 reductoque
1719 408 2017 467 secundum
2048 411 2193 468 illius
2226 427 2265 481 Α
2299 413 2437 466 tione
2469 412 2725 467 narravit.
2776 410 2928 468 lianc
2960 428 3277 479 germanam
3326 427 3625 474 veramque
3661 421 3879 484 tempo—

622 485 886 553 temporis
915 501 1072 541 usum
1106 491 1392 559 prazputio,
1421 502 1720 567 et~accepta
1750 498 1931 554 denuo
1959 502 2194 561 circurn-

621 572 854 644 cisione,
888 578 1028 633 inter
1058 575 1278 638 Judaeos
1304 598 1757 645 connumeratum
1793 590 1979 649 fuisse.
2009 591 2197 649 llacte-

621 684 726 725 nus
752 670 935 724 omnia
981 672 1270 742 quadram.
1311 674 1369 731 In
1398 678 1500 734 hoc
1535 689 1715 737 tamen
1749 683 1928 738 differt
1974 686 2043 740 ab
2083 685 2196 740 Eu-

622 760 774 815 sebio
819 771 874 815 et
930 760 1282 839 Hieronymo,
1330 774 1476 840 quod
1525 772 1578 827 hi
1622 772 1962 843 Ebionteum,
1996 778 2049 837 id
2088 788 2190 847 est,

621 847 1150 909 senii-ChriStlauum
1190 864 1248 912 et
1288 857 1717 931 semi-Judteum,
1768 864 1971 923 factum
2022 867 2194 929 fuisse

618 940 841 1009 dicant;
869 941 1204 1016 Epiphanius
1236 964 1367 1006 vero
1408 950 1476 1007 ad
1532 950 1749 1011 Judaaos
1786 957 2102 1026 descivisse,
2138 971 2193 1019 et

618 1032 760 1089 inter
812 1031 1031 1093 Judaeos
1094 1038 1265 1097 fuisse
1314 1057 1769 1104 counumeratum
1825 1062 2030 1107 narret.
2085 1052 2190 1110 Sed

620 1124 841 1183 Eusebii
864 1138 922 1185 et
956 1128 1270 1205 Hieronymi
1304 1138 1633 1197 testimoniis
1664 1142 1918 1199 standum
1951 1160 2073 1201 esse
2107 1147 2190 1201 vi-

617 1215 774 1271 detur
808 1220 1058 1292 :quippe
1096 1224 1189 1294 qui
1229 1223 1429 1282 librum
1464 1222 1775 1302 Symmachi
1809 1233 2063 1304 viderint,
2096 1238 2189 1294 ubi

618 1317 684 1364 ex
716 1310 1013 1384 Evangelia
1043 1312 1276 1373 Matth-ari
1316 1317 1694 1378 Ebionitarum
1722 1325 1916 1397 dogma
1943 1343 2192 1387 asserere

616 1401 910 1459 nitebatur.
955 1403 1111 1472 Quod
1159 1423 1292 1463 sane
1337 1412 1555 1468 nonnisi
1598 1414 1866 1475 Ebienitte
1897 1419 2192 1476 convenire

615 1503 810 1562 potest.
850 1494 974 1551 Mox
1019 1508 1199 1554 autem
1237 1498 1574 1573 Epiphanius
1606 1507 1775 1576 probe
1809 1510 2040 1580 positam
2077 1527 2192 1569 ase

617 1585 985 1660 chronolotgiaa
1028 1600 1214 1651 notam
1260 1596 1475 1660 evertit,
1519 1613 1643 1653 cum
1696 1599 1820 1655 ait:
1856 1600 1986 1657 Post
2029 1604 2189 1674 hunc,

619 1679 836 1733 tantillo“
872 1681 1048 1752 elapso
1092 1695 1341 1756 tempore,
1381 1689 1476 1743 hoc
1500 1700 1577 1745 est
1609 1691 1898 1750 Commodo
1939 1697 2186 1765 secundo,

2299 515 2421 557 rum
2451 502 2713 556 rationem
2736 501 2805 555 ab
2827 499 3130 572 Epiphanio
3155 517 3213 558 se
3242 503 3517 573 accepisse
3544 503 3879 559 testificatur

2295 591 2385 647 ille
2424 610 2436 646 :
2485 592 2629 648 unde
2674 591 2904 650 fortasse
2951 594 3195 667 suspicio
3228 594 3462 658 oriatur,
3495 592 3875 665 Epiphanium

2294 685 2364 740 ab
2419 685 2671 755 imperito
2722 688 2960 758 quodam
3014 687 3233 743 homine
3280 686 3528 742 vitiatum
3581 685 3754 743 fuisse
3815 688 3876 742 in

2295 778 2700 849 exemplaribus
2722 797 2842 853 qua:
2867 781 2933 837 ad
2966 796 3066 837 nos
3096 781 3452 849 devenerunt,
3479 790 3877 852 auctoremque

2295 869 2540 927 Chronici
2592 872 2943 928 Alexandrini
2992 873 3152 944 longe
3200 871 3414 929 diverso
3461 872 3759 943 exemplari
3818 877 3879 926 et

2293 963 2511 1034 quidem
2557 966 2927 1021 emendatiore
2976 981 3134 1021 usum
3185 979 3324 1020 esse.
3376 963 3481 1019 Sed
3520 965 3651 1020 huic
3685 962 3877 1034 suspio

2293 1057 2438 1112 cioni
2470 1057 2771 1114 reclamare
2808 1059 3021 1114 videtur
3052 1057 3218 1114 editio
3253 1056 3540 1129 Epiphanii
3581 1056 3873 1122 hodierna,

2293 1149 2453 1220 cujus
2484 1150 2644 1206 verba
2684 1149 2875 1208 Latine
2912 1161 3121 1206 tantum
3164 1150 3446 1206 brevitatis
3476 1164 3645 1206 causa
3680 1147 3872 1219 profe-

2292 1240 2466 1296 rimus
2500 1259 2514 1297 :

2361 1332 2494 1388 Post
2545 1333 2798 1404 Aquilam
2851 1335 2988 1389 hunc
3037 1349 3086 1389 et
3138 1334 3286 1389 illius
3341 1334 3873 1405 interpretationem,

2294 1424 2533 1479 Adriano
2558 1426 2868 1497 imperatori
2911 1426 3143 1483 succedit

2362 1516 2658 1573 Antoninus
2680 1520 2983 1589 cognomine
3006 1516 3218 1586 Pius,et
3242 1522 3461 1592 imperat
3489 1535 3658 1574 annos
3681 1516 3877 1590 viginti

2292 1609 2446 1665 duos.

2367 1700 2522 1756 Hunc
2567 1704 2760 1774 excipit
2800 1702 3139 1769 Caraeallns,
3168 1703 3258 1775 qui
3301 1712 3350 1757 et
3390 1701 3545 1769 Geta,
3572 1710 3622 1756 et
3650 1699 3872 1756 Marcus

615 1768 709 1863 τ.ξοῦ
742 1771 1021 1846 δεὺτέρου,
1052 1777 1362 1847 imperante,
1387 1783 1479 1852 qui
1510 1795 1625 1853 post
1659 1783 1883 1840 Lucium
1917 1789 2190 1844 Aurelium
2223 1777 2267 1832 Β
2291 1793 2543 1848 Aurelius
2582 1768 2747 1847 Verus
2777 1794 3078 1857 dicebatur,
3107 1768 3265 1847 annis
3292 1805 3509 1863 septem.

615 1859 980 1931 Commodum,
1007 1870 1250 1926 tredecim
1266 1874 1420 1928 annis
1447 1875 1743 1946 imperavit,
1779 1876 2064 1934 Tlteodotio
2078 1881 2192 1951 qui-

612 1954 758 2019 dam,
793 1972 973 2025 genere
1006 1957 1278 2029 Ponticus,
1306 1979 1371 2017 ea:
1404 1964 1695 2023 Marcionis
1724 1969 2089 2027 lueresiarclta:
2113 1972 2192 2042 fa-

614 2046 806 2136 ctione,
822 2064 940 2103 cum
962 2051 1152 2107 haeresi
1172 2071 1283 2111 sua:
1303 2069 1649 2129 succensent,
1662 2062 1733 2116 ad
1742 2061 1961 2119 Judteos
1976 2065 2187 2136 defecit.

614 2135 734 2203 Quo
761 2142 944 2209 posito
978 2144 1211 2213 calculo,
1245 2148 1625 2221 interpretatio
1657 2153 1761 2210 sub
1795 2154 1996 2211 Severo
2022 2135 2187 2223 facta,

611 2237 769 2325 astate
795 2235 1135 2302 praecesserit
1169 2253 1289 2294 eam
1321 2256 1444 2313 quae
1484 2244 1589 2300 sub
1625 2243 1932 2304 Commodo
1961 2250 2189 2305 conciu-

612 2329 739 2378 nata
781 2334 885 2389 est,
918 2342 1040 2398 qua:
1082 2340 1210 2385 sunt
1256 2334 1675 2407 ἀπροσδιόνυσα.
1710 2339 1848 2396 Cum
1887 2343 2187 2412 praesertim

610 2412 701 2470 ille
746 2415 1105 2477 Commodum
1160 2422 1408 2496 designet
1451 2443 1575 2484 eum
1612 2431 1709 2500 qui
1736 2433 1995 2489 tredecim
2027 2437 2188 2494 annis

610 2502 914 2574 imperavit,
937 2510 1024 2565 eui
1048 2522 1171 2580 post
1199 2512 1538 2575 Pertinaccm
1561 2530 1614 2577 et
1644 2521 1861 2580 Didium
1886 2523 2183 2594 lulianum,

610 2596 707 2685 qui
732 2600 920 2668 paucis
957 2605 1242 2685 mensibus
1273 2621 1592 2680 regnarunt,
1629 2617 1897 2672 successit
1930 2616 2183 2677 Severus.

609 2681 767 2759 Hanc
816 2705 945 2753 vero
987 2681 1357 2771 chrohologia:
1404 2702 1667 2760 rationem
1718 2706 1826 2761 alio
1877 2721 2186 2765 commento

609 2793 857 2873 asserere
886 2785 1078 2841 nititur
1111 2802 1305 2847 auctor
1338 2793 1616 2866 Epitomes
1640 2798 1764 2854 libri
1798 2798 1856 2854 S.
1894 2801 2184 2873 Epiphauii

609 2868 687 2937 De
718 2878 996 2950 mensuris,
1028 2896 1191 2949 quam
1217 2883 1361 2941 infra
1388 2887 1637 2954 edemus,
1663 2907 1788 2947 eum
1813 2892 1909 2960 ait,
1939 2868 2187 2965 Symma-

609 2964 771 3021 chum
814 2973 1122 3029 versionem
1157 2992 1313 3033 suam
1348 2980 1583 3038 edidisse
1612 2985 1716 3040 sub
1743 2964 2044 3043 Commodo
2081 2987 2181 3045 Se-

605 3072 764 3124 vero;
796 3059 1225 3123 Thcodotionem
1256 3087 1385 3127 vero
1424 3075 1528 3131 sub
1553 3075 1857 3135 Commodo
1894 3082 2134 3138 secundo
2164 3103 2178 3139 :

2363 1884 2541 1955 Hujus
2568 1895 2799 1955 tempore
2833 1886 3104 1957 imperavit
3134 1894 3183 1940 et
3215 1884 3410 1941 Lucius
3436 1884 3686 1940 Aurelius
3713 1884 3870 1940 Cons-

2289 1980 2497 2043 modus,
2527 1980 2681 2033 annis
2710 1981 2924 2050 perinde
2949 1989 3162 2048 septem.

2360 2072 2623 2128 Pertinaa:
2648 2072 2915 2127 mensibus
2946 2086 3057 2126 sex.

2362 2165 2583 2222 Severus
2623 2166 2777 2221 annis
2806 2164 3114 2221 octodecim.

2363 2256 2538 2329 Hujus
2568 2274 2725 2329 porro
2756 2255 2932 2313 Severi
2977 2255 3320 2325 temporibus,
3349 2253 3698 2327 Symmachus
3747 2258 3875 2325 qui-

2288 2348 2412 2402 dam
2464 2346 2838 2403 Samaritanus
2888 2348 3116 2412 exstitit,
3145 2364 3211 2402 ex
3264 2363 3441 2402 eorum
3493 2364 3733 2414 numero,
3778 2364 3876 2420 qut

2287 2439 2430 2509 apud
2456 2438 2576 2494 illos
2606 2440 2865 2509 sapientes
2887 2437 3166 2502 habentur,
3199 2447 3402 2506 etc.,ut
3430 2454 3595 2509 supra
3621 2439 3874 2494 narravi-

2288 2545 2432 2586 mus.
2471 2530 2765 2602 Postquam
2804 2546 2933 2586 vero
2981 2529 3297 2601 Symmachi
3345 2531 3630 2587 historiam
3668 2532 3873 2600 texuit,

2287 2621 2360 2677 ita
2387 2622 2559 2692 pergit
2584 2640 2598 2678 :

2357 2713 2487 2768 Post
2534 2713 2672 2768 hunc
2700 2730 2728 2768 e
2773 2713 2989 2783 vestigio
3018 2712 3353 2783 subsequenti
3395 2723 3645 2779 tempore,
3677 2711 3734 2766 id
3761 2721 3875 2778 est,

2285 2807 2430 2862 circa
2463 2806 2745 2876 imperium
2797 2804 3074 2860 Commodi
3120 2806 3357 2869 secundi,
3389 2805 3482 2875 qui
3508 2814 3625 2874 post
3664 2805 3875 2874 pradi-

2283 2907 2427 2952 ctum
2451 2895 2673 2951 Lucium
2704 2897 2983 2950 Aurelium
3010 2895 3358 2952 Commodum
3380 2896 3658 2964 imperavit
3685 2896 3874 2950 trede-

2283 2990 2387 3044 cim
2434 2991 2611 3054 anuis,
2648 2988 2933 3043 Theodotio
2979 2990 3199 3060 quidam
3244 2987 3520 3049 Ponticus,
3551 3003 3617 3042 ex
3654 3003 3876 3042 succes-

2283 3083 2426 3136 sione
2455 3080 2745 3136 Marcionis
2767 3079 3129 3135 quresiarclue
3148 3077 3473 3149 Sinopensis,
3505 3088 3608 3134 etc.
3636 3089 3696 3134 ut
3722 3076 3870 3134 Tam

606 3166 730 3220 qua:
761 3167 896 3208 sane
925 3167 1096 3215 ruunt
1126 3169 1181 3215 et
1215 3164 1519 3221 consistere
1549 3184 1655 3223 non
1687 3179 1915 3239 possunt
1950 3191 1965 3227 :
1998 3174 2181 3231 nullus
2209 3143 2250 3201 ο
2285 3174 2579 3229 immanem
2610 3180 2771 3228 recta:
2801 3171 3167 3242 chronologiae
3191 3172 3558 3238 eversionem,
3587 3180 3698 3226 tam
3722 3186 3869 3241 pra:-

606 3241 750 3296 enirn
803 3244 1133 3307 (lorutnodus
1184 3253 1420 3325 Severus
1461 3257 1758 3328 imperator
1809 3261 1944 3331 fuit,
1996 3266 2180 3323 nullus

606 3342 728 3402 post
752 3349 875 3389 cum
911 3335 1250 3398 Commodus
1274 3348 1547 3406 secundus
1578 3353 1810 3409 exstitit.

605 3466 668 3522 ιι.
698 3469 899 3525 Auctor
929 3468 1223 3546 Synopseos
1269 3478 1553 3551 Epiphanii
1581 3502 1809 3542 errorem
1848 3492 2071 3548 sensisse
2101 3496 2179 3549 vi-

1298 3550 1467 3606 detur.

674 3658 881 3715 Auetor
928 3678 1064 3717 vero
1101 3661 1430 3734 Synopseos,
1474 3683 1638 3738 quam
1684 3668 1822 3726 falso
1880 3675 2176 3745 ascriptam

603 3751 905 3809 Athanasio
943 3765 1222 3826 putamus,
1246 3774 1311 3813 ex
1349 3757 1653 3832 Epiphanio
1677 3766 1895 3834 quidem
1926 3767 2178 3827 hausisse

602 3844 838 3910 videtur,
893 3855 953 3902 ut
1003 3864 1068 3903 cx
1118 3851 1408 3906 verborum
1463 3853 1820 3912 similitudine
1871 3861 2172 3930 probatur;

602 3934 695 3990 sed
729 3937 843 3992 sive
880 3936 1171 4013 Epiphanii
1204 3958 1448 3998 errorem
1485 3948 1739 4012 senserit,
1775 3948 1890 4004 sive
1915 3953 2174 4007 emenda-

603 4024 741 4080 tiore
770 4026 881 4081 alio
928 4030 1225 4100 exemplari
1255 4033 1329 4087 sit
1378 4047 1530 4098 usus,
1562 4035 1616 4089 in
1666 4037 1810 4092 notis
1851 4047 1906 4093 et
1954 4040 2175 4098 calculis

601 4115 716 4172 suis
734 4132 765 4172 a
793 4134 917 4173 vera
940 4119 1310 4194 chronologize
1325 4125 1537 4180 ratione
1565 4126 1748 4184 minus
1781 4131 1983 4185 recedit
2006 4148 2171 4202 quam

600 4205 937 4278 Epiphanius
990 4214 1117 4267 :ait
1156 4213 1303 4268 enim
1356 4213 1744 4287 Symmachum
1798 4222 1901 4277 sub
1948 4221 2171 4291 Severo,

600 4297 1030 4360 Theodotionem
1077 4307 1182 4363 sub
1222 4307 1525 4365 Commodo
1571 4310 1984 4383 interpretatum
2027 4331 2173 4381 esse,

595 4396 656 4448 ἐν
687 4396 835 4467 αὐτῷ
865 4397 945 4469 τῷ
973 4398 1174 4473 χρόνῳ,
1200 4401 1380 4454 eodem
1412 4413 1673 4471 tempore;
1708 4404 1804 4474 qui
1836 4421 1963 4460 vera
1990 4405 2173 4461 dicere

2282 3275 2556 3336 posteram
2613 3266 3005 3335 imperatorum
3059 3263 3435 3320 Romanorum
3490 3263 3874 3319 enumeratio-

2282 3376 2428 3426 nem,
2458 3360 2543 3415 vel
2587 3375 2618 3414 a
2666 3358 2928 3424 librariis,
2966 3357 3105 3412 vela
3136 3356 3426 3412 temerario
3458 3356 3717 3427 quopiam
3756 3356 3866 3411 ho-

2279 3451 2446 3516 mine,
2493 3451 2550 3505 iu
2605 3458 2812 3505 textum
2868 3446 3156 3518 Epiphanii
3203 3447 3482 3503 inductam
3544 3445 3714 3501 fuisse
3762 3445 3864 3501 vix

2280 3545 2580 3600 crederem.
2620 3540 2859 3612 Verique
2896 3540 3133 3596 similius
3170 3554 3294 3595 esse
3330 3538 3584 3605 arbitror,
3621 3535 3871 3607 Epipha-

2277 3633 2842 3704 nium,indiligentem
2869 3646 3002 3689 sane
3029 3630 3447 3700 chronologum,
3483 3644 3607 3685 cum
3642 3636 3871 3699 putaret

2280 3720 2590 3794 Symmachi
2625 3723 2942 3787 editionem,
2988 3721 3119 3793 quia
3159 3730 3285 3778 ante
3303 3721 3692 3778 Theodotionis
3739 3736 3872 3775 ver-

2276 3816 2487 3871 sionem
2529 3815 2584 3868 in
2629 3813 2885 3884 Hexaplis
2921 3814 3244 3884 ponebatur,
3273 3828 3397 3869 esse
3428 3813 3530 3868 hac
3579 3812 3871 3883 antiquio-

2274 3920 2426 3972 rem,
2483 3913 2542 3959 ut
2595 3905 2720 3959 huic
2776 3904 3021 3975 opinioni
3079 3903 3352 3959 calculum
3411 3902 3867 3958 accommodaret

2274 4013 2456 4065 suum,
2477 3996 2615 4050 hanc
2636 3996 2796 4051 rebus
2817 4005 2870 4051 et
2892 3996 3225 4065 temporibus
3242 3994 3699 4066 perturbationem
3718 4003 3868 4055 attu-

2274 4090 2442 4146 lisse:
2476 4104 2600 4143 nam
2637 4087 2727 4142 ubi
2761 4097 2971 4158 postea,
3000 4104 3110 4143 non
3139 4088 3326 4144 multis
3353 4086 3689 4157 interpositis
3724 4101 3859 4143 ver-

2274 4182 2379 4248 bis,
2409 4180 2804 4244 imperatorum
2833 4182 3030 4237 seriem
3081 4182 3294 4252 repetit,
3327 4196 3423 4235 eos
3452 4195 3553 4236 suo
3592 4193 3732 4249 pene
3760 4193 3862 4234 or-

2272 4274 2387 4329 dini
2413 4272 2674 4337 restituit,
2699 4273 2829 4342 quia
2858 4274 3004 4327 nulla
3035 4273 3177 4329 facta
3209 4271 3523 4344 Symmachi
3545 4268 3854 4336 mentione,

2273 4363 2669 4434 nihilopinioui
2701 4378 2815 4419 suae
2837 4380 3143 4436 repugnans
3172 4363 3533 4426 offerebatur;
3561 4361 3641 4417 sic
3666 4370 3853 4416 autem

595 4451 946 4557 componitur,
1048 4452 1217 4546 addas
1247 4492 1472 4546 circiter.
1509 4451 1622 4548 lrmo
1651 4451 1818 4550 etiam
1843 4496 1961 4551 siue
1982 4496 2167 4552 addito
2197 4491 2246 4548 D
2275 4455 2438 4557 MP“
2461 4455 2993 4557 :.P0“-Amoni’5um
3015 4455 3190 4557 ,ξηαπ
3224 4462 3458 4557 regem"!
3492 4451 3709 4557 Maio"?
3736 4454 3856 4508 Au-

595 4590 759 4649 atque
780 4591 1210 4652 temperamento
1228 4586 1335 4641 dici
1368 4585 1507 4642 forte
1530 4596 1706 4657 potest
1740 4588 2166 4649 'l‘heodotiouem

592 4681 647 4728 et
673 4670 1065 4745 Symmachum
1088 4677 1279 4733 eodem
1312 4687 1557 4756 tempore
1578 4682 1850 4736 vertendae
1876 4679 2170 4750 Scriptum

594 4780 765 4837 sacrm
794 4766 1106 4836 insudasse,
1138 4770 1233 4824 sed
1264 4770 1340 4826 ita
1377 4783 1437 4826 ut
1469 4770 1778 4835 Theodotio
1806 4772 1980 4844 prius,
2016 4772 2170 4845 Sym-

593 4859 820 4914 machus
853 4868 1033 4915 autem
1063 4863 1279 4919 modico
1310 4874 1433 4933 post
1468 4873 1712 4935 tempore
1756 4864 2165 4936 interpretatio-

590 4963 715 5004 nem
742 4966 898 5006 suam
928 4952 980 5006 in
1012 4952 1186 5008 lucem
1216 4955 1520 5010 emiserint.

587 5082 676 5140 111.
736 5084 1029 5143 Chronicon
1093 5090 1514 5165 Alexandrinum
1578 5111 1807 5165 errorem
1875 5093 2163 5165 Epiphanii

1043 5162 1360 5226 emendavit,
1403 5173 1460 5216 ut
1499 5174 1549 5216 et
1597 5164 1736 5220 Ado.

656 5266 861 5325 Auctor
912 5288 1042 5327 vero
1097 5272 1345 5329 Chronici
1409 5273 1800 5341 Alexandrini,
1869 5287 2158 5348 postquam

582 5357 975 5420 Theodotionis
1002 5367 1298 5422 editionem
1323 5368 1376 5421 in
1400 5382 1604 5421 annum
1629 5367 1913 5425 Commodi
1942 5385 2158 5428 sextum

581 5457 921 5524 contuierat;
950 5468 1006 5513 et
1057 5470 1267 5529 postea,
1306 5462 1501 5517 ordine
1531 5464 1793 5532 temporis
1832 5467 2156 5534 procedens,

582 5547 897 5620 Symmachi
936 5552 1436 5623 interpretationem
1480 5569 1623 5613 anno
1668 5554 1851 5611 Severi
1896 5572 2043 5611 nono
2074 5557 2146 5611 fa.

577 5650 722 5694 ctam
761 5642 991 5704 dixerat,
1021 5644 1090 5695 sit
1124 5643 1368 5698 claudit:
1408 5642 1535 5698 Ha'c
1562 5645 1892 5715 bpiplmnius
1928 5645 2155 5717 Cyprius

571 5732 641 5786 de
671 5732 839 5788 tribus
865 5735 1233 5807 interpretibus
1263 5736 1479 5806 Aquila,
1511 5736 1825 5807 Symmacho
1850 5749 1900 5792 et
1922 5738 2155 5795 Theodo-

2273 4549 2437 4603 relius
2464 4547 2784 4613 Antoninus,
2810 4549 2901 4616 qui
2921 4557 2971 4601 et
3015 4546 3194 4613 Verus,
3220 4547 3373 4600 annis
3401 4545 3775 4603 novemdecim.

2346 4637 2477 4694 Post
2508 4639 2645 4693 hunc
2672 4638 2991 4694 Commodus
3018 4642 3156 4692 alius
3188 4639 3409 4707 imperat
3430 4638 3583 4691 annis
3606 4652 3728 4701 xm,
3755 4653 3855 4692 cu-

2259 4730 2355 4800 jus
2392 4739 2621 4802 tempore
2664 4731 2911 4799 ﬂoruisse
2961 4732 3193 4785 diximus
3246 4728 3654 4787 Tlteodotionem
3683 4769 3699 4797 ,
3757 4732 3852 4801 qui

2266 4833 2513 4893 quartam
2537 4824 3016 4893 interpretationem
3049 4822 3235 4877 edidit.

2339 4915 2686 4971 Commodum
2708 4918 2846 4974 hunc
2874 4918 3067 4988 excipit
3088 4915 3367 4979 Pertinax,
3384 4922 3433 4968 et
3456 4915 3681 4986 imperat
3702 4932 3851 4971 men-

2265 5025 2344 5063 888
2371 5025 2482 5064 sex.

2340 5099 2481 5155 Hinc
2517 5099 2734 5156 Severus
2767 5117 2886 5155 cum
2913 5102 3180 5155 Antonino
3195 5101 3333 5171 lilio,
3352 5102 3505 5155 annis
3530 5117 3681 5156 xvm.
3708 5099 3852 5155 Mor-

2264 5203 2354 5246 tuo
2379 5191 2567 5248 Severo
2595 5195 2825 5248 succedit
2850 5195 3165 5248 Antoninus.

2333 5282 2391 5337 In
2423 5284 2525 5338 hac
2557 5294 2828 5354 postrema
2858 5283 3173 5337 recensione
3202 5281 3562 5337 Commodum
3590 5300 3698 5338 non
3723 5284 3857 5340 loco

2262 5391 2364 5432 suo
2394 5378 2603 5440 movit,
2646 5376 2773 5446 quia
2811 5390 2931 5428 eum
2974 5374 3119 5428 nulla
3151 5375 3255 5429 sub
3288 5373 3490 5428 Severo
3524 5375 3851 5446 Symmachi

2262 5469 2467 5523 mentio
2498 5469 2686 5532 fieret,
2731 5464 2866 5519 nihil
2895 5474 3283 5534 praecouceptze
3318 5480 3347 5518 a
3377 5480 3435 5519 se
3464 5465 3716 5534 opinioni
3752 5485 3850 5521 rc-

2260 5557 2567 5628 puguabat;
2596 5569 2719 5626 qua:
2744 5553 2931 5623 opinio
2955 5563 3064 5606 tam
3111 5555 3216 5610 alte
3266 5553 3450 5607 animo
3482 5554 3605 5623 ejus
3658 5556 3846 5614 defixa

2258 5659 2397 5718 erat,
2422 5659 2481 5705 ut
2512 5649 2636 5705 licet
2675 5656 2916 5702 veterum
2941 5657 2994 5701 et
3025 5645 3164 5702 forte
3193 5646 3443 5716 Origenis
3475 5646 3651 5717 ipsius
3684 5652 3847 5705 testi-

2258 5744 2442 5798 monio
2468 5742 2755 5809 edisceret,
2784 5738 3178 5795 Theodotionis
3214 5736 3505 5793 editionem
3545 5739 3653 5796 sub
3677 5740 3852 5797 Cotu-
