4052 6388
205 275 249 332 89

1515 288 1585 344 lN
1623 287 1948 344 HEXAPLA
1987 285 2334 344 OBJGEMS.

3485 291 3555 344 νυ

204 395 328 463 modo,
358 394 757 469 Symmachi
803 406 953 462 sub
1000 406 1220 464 Severo
1235 407 1520 478 prodiisse,
1553 407 1736 461 mallet
1760 405 1876 474 ipse
1907 412 1952 470 Α
1981 403 2424 478 quandoquidem
2460 419 2560 459 nec
2587 405 2652 460 de
2673 403 2873 475 duplici
2909 403 3118 476 Aquila:
3151 404 3411 472 editione,
3436 423 3558 476 quae

204 482 396 539 Severum
448 497 607 543 ante
673 488 1158 550 Commodum
1196 495 1392 556 locare,
1427 509 1590 564 quam
1621 491 1874 547 Theodo—

205 581 319 636 tionis
340 579 690 638 editionem
761 586 1167 658 Symmachi
1211 587 1460 642 versione
1509 587 1872 657 antiquiorem

207 673 338 728 fateri.
358 673 826 741 Quamobrem
863 681 987 736 ubi
1029 683 1200 752 paulo
1233 689 1418 751 postea
1448 680 1706 735 lectorem
1754 695 1874 734 mo-

209 774 484 831 aet,careat
522 784 638 832 ne.
676 772 856 841 Quia
896 772 1079 827 LXX
1112 776 1430 844 Interpretes
1472 781 1596 842 post
1624 772 1874 843 Aquilam

211 857 656 930 etSymmachum
683 863 758 917 in
783 863 1109 936 Hexaplis
1131 867 1392 928 locantur,
1414 864 1684 919 existimet
1709 864 1880 932 Aqui-

215 952 292 1005 lam
313 961 359 1004 et
383 947 872 1022 Symmachum
930 969 1080 1010 esse
1126 953 1258 1008 LXX
1294 952 1682 1023 lnterpretibus
1738 952 1881 1006 anti-

221 1045 419 1114 quiores,
443 1045 842 1116 neutiquam
873 1058 1125 1114 monet,
1144 1064 1207 1103 ne
1231 1047 1612 1120 Symmachum
1644 1044 1876 1114 priorem

225 1134 576 1191 ‘l'heodotione
611 1139 762 1207 pari
820 1139 910 1193 de
951 1154 1141 1195 causa
1192 1145 1354 1208 putet.
1412 1136 1660 1192 Chronici
1718 1134 1881 1204 igitur

236 1228 557 1281 Alexandrini
607 1236 883 1294 auctor,
925 1229 994 1283 in
1032 1228 1258 1282 calculis
1287 1226 1508 1297 peritior
1554 1223 1879 1294 Epiphanio,

239 1336 286 1374 ex
325 1320 536 1375 duabus
598 1336 804 1390 supra
871 1320 1220 1375 memoratis
1253 1319 1640 1389 imperatorum
1690 1331 1881 1371 reccn¢

243 1415 481 1480 tionibus,
514 1414 594 1469 ab
634 1413 1066 1485 Ephiphanio
1118 1413 1275 1468 editis
1299 1453 1314 1477 ,
1376 1396 1558 1467 veram
1599 1411 1882 1480 utriusque

249 1509 537 1577 interpretis
572 1515 863 1571 aetatem,
903 1505 1088 1576 quasi
1128 1505 1194 1559 ab
1242 1503 1542 1574 Epiphanio
1582 1510 1879 1563 mutuatus,

251 1600 526 1668 assignavit
559 1617 573 1651 :
615 1614 736 1653 nec
769 1598 946 1652 enim
981 1597 1244 1668 ignorare
1268 1595 1444 1666 potuit
1466 1610 1608 1660 eam,
1635 1610 1756 1664 quae
1783 1593 1884 1648 sub

254 1692 534 1748 Commodo
572 1692 837 1763 prodiit,
875 1691 1195 1746 editionem
1222 1731 1236 1755 ,
1268 1689 1617 1744 vetustiorem
1665 1704 1727 1742 ea
1761 1703 1884 1742 esse

254 1802 359 1856 qua:
391 1784 494 1840 sub
529 1782 787 1838 Severo.
837 1781 976 1836 Δᾶο
1030 1781 1165 1836 item
1201 1781 1252 1835 in
1283 1779 1542 1836 Chronico
1575 1795 1758 1836 veram
1795 1780 1878 1834 in-

258 1888 535 1948 terpretum
594 1886 845 1932 aetatem
924 1874 1273 1944 descripsit;
1344 1888 1469 1926 nam
1521 1873 1588 1927 de
1640 1881 1880 1942 tempore

258 1971 459 2024 Adriani
483 1969 742 2038 loquens
783 1968 874 2023 ait
915 1987 928 2023 :
974 1965 1094 2021 Per
1123 1967 1257 2019 idem
1284 1975 1482 2035 tempus
1512 1961 1704 2034 Aquila
1735 1961 1877 2016 Pon~

261 2062 382 2114 ticas
411 2061 708 2127 interpres,
737 2057 1034 2112 secundus
1071 2065 1192 2125 post
1213 2052 1395 2120 LXX,
1435 2055 1624 2107 oritur.
1663 2051 1728 2105 Et
1777 2051 1880 2106 sub

256 2153 560 2216 Commodo,
598 2150 969 2205 Theodotion
1007 2147 1270 2219 Ephesius
1301 2149 1556 2217 interpres
1575 2147 1760 2200 tertius
1783 2161 1880 2214 ap-

253 2245 441 2312 paruit.
509 2245 667 2299 Idem
715 2245 834 2298 sub
888 2241 1112 2298 Severo
1145 2282 1161 2307 ,
1221 2239 1569 2311 Symmachus
1623 2239 1879 2308 interpres

252 2347 462 2402 quartus
493 2336 864 2406 agnoscitur.
904 2331 1348 2388 Theodotionem
1383 2331 1547 2400 igitur
1575 2340 1698 2384 ante
1722 2328 1881 2401 Sym-

251 2424 499 2476 machum
537 2423 872 2478 editionem
913 2421 1185 2478 emisisse
1214 2437 1390 2487 suam,
1423 2436 1489 2474 ex
1523 2420 1588 2476 iis
1622 2435 1743 2491 qua:
1784 2435 1880 2475 su-

249 2528 340 2582 pra
362 2515 508 2569 dicta
547 2523 718 2579 sunt;
784 2514 1080 2580 liquidum
1126 2523 1228 2569 est.
1286 2513 1526 2582 ldipsum
1587 2513 1883 2568 credidisse

249 2607 456 2660 videtur
490 2606 924 2679 Hieronymus,
960 2606 1062 2676 qui
1098 2606 1177 2660 ait
1199 2604 1488 2659 Comment.
1508 2607 1562 2658 in
1601 2603 1879 2666 llesaiam,

249 2712 369 2766 cap.
398 2713 535 2751 tvm
571 2741 588 2765 ,
629 2714 690 2752 ν.
735 2697 775 2751 6
811 2715 827 2753 :
891 2696 1006 2751 Pro
1046 2704 1236 2749 catena
1277 2693 1430 2748 LXX
1466 2693 1794 2766 σύνδεσμον,
1830 2693 1885 2748 id

249 2798 327 2842 est
344 2789 927 2861 colligationem,'siue
941 2787 1230 2842 vinculum
1251 2787 1632 2841 transtulerunt
1650 2803 1668 2851 ;
1687 2785 1884 2858 Aquila

252 2883 385 2934 sicut
408 2898 575 2943 supra
607 2898 883 2938 errorem
914 2883 1302 2949 interpretatus
1332 2889 1409 2934 est
1433 2896 1454 2946 ;
1491 2877 1839 2952 Symmachus
1866 2921 1882 2948 ,

253 2969 304 3021 in
343 2966 738 3025 Theodotionis
775 2973 924 3028 scita
941 2971 1255 3036 concedens,
1279 2981 1522 3042 torquem
1545 2972 1743 3040 posuit.
1763 2969 1884 3037 Quo

257 3061 456 3118 iudicat
485 3059 918 3132 Symmachum
975 3063 1035 3116 in
1087 3062 1322 3118 editione
1355 3079 1450 3118 sua
1489 3071 1734 3117 secutum
1763 3078 1886 3119 esse

262 3154 785 3228 interpretationem
816 3153 1256 3219 Theodotionis,
1289 3162 1475 3223 utpote
1517 3152 1882 3224 antiquioris;

263 3250 618 3304 conﬁrmatur
641 3249 823 3304 etiam
864 3247 1070 3302 lrenmi
1100 3245 1240 3310 loco,
1267 3246 1358 3301 ubi
1389 3247 1564 3316 carpit
1595 3245 1684 3299 ille
1713 3245 1884 3316 Aqui-

266 3339 447 3397 iamet
492 3343 960 3398 Theodmionem
1020 3346 1255 3402 tantum,
1315 3339 1460 3408 quod
1495 3355 1616 3409 cap.
1653 3355 1725 3394 vn
1779 3338 1886 3394 lie-

271 3437 399 3490 saia
423 3453 612 3492 vocem
650 3418 827 3499 m‘m
863 3431 1144 3488 verterint
1191 3430 1370 3494 νεανὶς
1397 3470 1412 3494 ,
1445 3429 1843 3484 adulescentula
1867 3473 1882 3499 ,

276 3541 384 3580 non
410 3528 704 3600 παρθένος,
749 3527 926 3596 uirgo,
968 3535 1033 3578 ut
1064 3521 1206 3575 LXX
1233 3523 1575 3594 interpretes.
1614 3521 1668 3578 Si
1697 3534 1882 3578 autem

281 3616 636 3688 Symmachus
660 3623 784 3690 jam
828 3618 1145 3674 editionem
1165 3630 1318 3670 suam
1341 3615 1614 3685 publicam
1643 3614 1882 3683 fecisset,

279 3725 401 3766 eam
430 3727 480 3768 et
509 3716 628 3783 ipse
676 3710 870 3774 vsav‘tg
907 3706 1292 3772 transtulerit,
1341 3723 1409 3760 an
1457 3708 1882 3776 praetermitten-

283 3801 387 3857 ὼε
410 3815 518 3859 erat
549 3806 622 3860 ab
653 3801 924 3857 Irenaeo?
953 3799 1031 3853 At
1073 3813 1198 3853 cum
1235 3814 1302 3853 ex
1350 3797 1609 3853 Chronico
1644 3800 1881 3854 Alexan-

287 3895 451 3963 drino,
481 3913 628 3952 anno
661 3895 858 3952 Severi
892 3906 1055 3948 nono
1086 3889 1447 3962 Symmachus
1479 3892 1882 3963 interpretatio-

291 4003 407 4042 nem
430 4005 579 4044 suam
606 3984 1076 4047 concinnaverit,
1108 3998 1216 4037 non
1251 3986 1426 4054 potuit
1473 3987 1543 4040 ab
1569 3985 1768 4042 [remeo
1798 4003 1884 4043 re-

292 4082 554 4148 prehendi,
580 4083 676 4153 qui
709 4096 865 4136 anno
897 4077 1134 4134 circiter
1163 4077 1400 4132 secundo
1433 4077 1678 4148 ejusdem
1713 4081 1885 4151 impe-

294 4176 478 4229 ratoris
507 4176 841 4246 martyrium
880 4185 1096 4241 passus
1137 4184 1256 4223 esse
1293 4178 1533 4240 putatur.
1573 4169 1711 4227 Hinc
1755 4189 1884 4229 vero

296 4267 519 4334 corrigas
550 4268 717 4322 velim
750 4275 1016 4321 nostram
1056 4261 1121 4315 ad
1153 4258 1434 4330 Synopsim
1472 4262 1766 4333 Scriptura:
1791 4283 1882 4319 sa-

298 4372 394 4411 cra
412 4370 602 4424 notam,
650 4361 746 4415 ubi
771 4368 907 4429 post
947 4356 1277 4426 Dionysium
1313 4355 1593 4412 Petavium
1621 4358 1880 4423 diximus.

299 4446 665 4520 Symmachum
698 4453 1024 4509 editionem
1061 4463 1218 4503 suam
1251 4451 1504 4507 emisisse
1548 4461 1675 4507 ante
1705 4451 1881 4506 Theo-

297 4543 565 4599 dotionem.

326 4629 403 4688 IV.
433 4638 508 4690 An
532 4640 664 4692 duas
702 4632 1196 4705 interpretationes
1237 4633 1450 4687 ediderit
1477 4629 1845 4702 Symmachus.

360 4726 459 4794 Qua
487 4745 614 4785 vero
644 4736 954 4800 permoms
985 4737 1158 4777 causa
1188 4722 1252 4776 ad
1304 4721 1643 4792 Scriptur‘am
1699 4723 1885 4778 Graece

295 4818 731 4892 interpretandam
777 4819 1054 4874 animum
1079 4814 1344 4882 appulerit
1368 4815 1753 4885 Symmachus,
1787 4815 1884 4871 d0-

290 4924 361 4970 cet
393 4919 523 4972 idem
567 4912 947 4987 Epiphanius
985 4926 999 4961 :
1050 4908 1176 4976 quia
1208 4907 1468 4961 nimirum
1527 4906 1886 4964 Samaritanis

282 5007 676 5072 infensus‘erat,
714 4998 1165 5059 translationem
1198 5013 1392 5052 novam
1426 5013 1716 5068 aggressus
1757 5007 1844 5054 est
1867 5039 1882 5063 ,

277 5113 327 5156 ut
375 5101 880 5158 Samaritanorum
943 5091 1424 5158 interpretationes
1480 5099 1768 5145 everteret.
1825 5092 1884 5145 In

268 5189 494 5263 Epitome
542 5184 873 5262 Epiphanii
939 5180 1021 5234 De
1067 5181 1378 5248 ponderibus
1416 5196 1538 5235 mox
1578 5181 1887 5237 edendale-

261 5289 407 5357 gitur,
433 5288 515 5353 εις
551 5276 939 5353 διαστροφὴν
974 5270 1089 5325 τῶν
1119 5271 1268 5344 παρὰ
1304 5275 1671 5346 Σαμαρείταις
1707 5276 1883 5347 ἑρμη-

256 5381 456 5445 νευτῶν,
487 5381 562 5436 ad
593 5374 972 5432 eversionem
999 5365 1339 5434 interpretum
1374 5365 1839 5422 Samaritanorum
1866 5382 1886 5421 :

246 5476 393 5531 ωερε
447 5489 631 5546 porro
699 5456 1232 5530 interpretationes
1286 5457 1504 5513 Graecas
1560 5457 1766 5523 fuisse,
1819 5475 1885 5515 ex

237 5568 564 5639 eonjecturis
597 5554 962 5618 admodum
989 5548 1363 5618 probabilibus
1390 5566 1555 5621 supra
1571 5552 1883 5608 statuimus.

237 5659 364 5716 Duas
391 5653 854 5732 Symmachum
884 5640 1168 5697 editiones
1204 5643 1454 5699 emisisse
1483 5653 1692 5698 certum
1734 5645 1884 5700 vide-

231 5762 337 5823 iur;
369 5729 471 5811 nec
513 5750 759 5806 mirum
826 5742 930 5792 est
981 5729 1337 5800 Epiphaniam
1399 5735 1450 5790 id
1507 5735 1834 5805 praeteriisse
1867 5776 1880 5800 ,

1977 497 2226 568 pluribus
2251 497 2581 554 testimoniis
2609 500 2892 561 asset-itur,
2926 498 3147 553 verbum
3178 495 3326 557 iecit.
3363 495 3555 552 Hiero-

1979 603 2180 658 nymus
2214 604 2344 644 vero
2374 590 2515 646 duas
2545 590 2708 644 etiam
2757 588 3142 661 Symmachum
3174 589 3427 644 emisisse
3476 598 3559 644 te-

1978 680 2246 735 stiﬁcatur
2285 679 2580 736 Comment.
2636 680 2691 733 in
2735 679 2981 744 Nahum,
3031 694 3150 748 cap.
3191 694 3287 744 in,
3338 679 3406 742 1,
3465 679 3558 766 ιιὺρ

1979 774 2054 830 ait
2088 791 2102 826 :
2133 771 2200 826 In
2237 771 2461 827 Hebrwo
2486 770 2730 837 habetur,
2771 786 2972 826 rnsnsc
3004 787 3201 837 IALEA,
3227 773 3366 842 quod
3395 773 3558 827 inter-

1979 872 2217 933 pretatus
2247 873 2324 918 est
2355 862 2572 933 Aquila,
2605 861 2996 933 ὲξαυχενισμοῦ
3026 861 3239 935 πλήρης
3262 904 3278 928 ,
3329 863 3384 916 id
3441 873 3554 928 est,

1979 957 2416 1013 excervicatione
2439 957 2626 1027 plena;
2653 953 2999 1024 Symmachus
3029 966 3226 1019 autem,
3256 955 3559 1026 ἁποτομίας

1982 1050 2220 1122 πλήρης,
2256 1049 2394 1120 quod
2416 1063 2695 1118 possumus
2719 1047 2914 1112 dicere,
2945 1046 3264 1102 credulitate
3299 1046 3374 1100 vel
3399 1062 3557 1102 seve-

1983 1142 2145 1196 ritate
2167 1140 2346 1210 plena.
2375 1137 2442 1192 In
2459 1139 2629 1192 altera
2645 1137 2756 1207 ejus
2777 1137 3004 1190 editione
3021 1137 3212 1206 reperi,
3233 1135 3560 1206 pskomnia;

1984 1231 2220 1304 πλήρης,
2249 1230 2303 1284 id
2325 1240 2423 1296 est,
2459 1229 2795 1285 sectionibus
2820 1227 3066 1283 carnium
3094 1267 3109 1292 ,
3166 1237 3219 1284 et
3249 1227 3436 1282 frustis
3467 1243 3560 1298 per

1984 1325 2228 1379 membra
2272 1323 2511 1378 concisis
2543 1322 2720 1392 plena.
2766 1320 2895 1376 Duae
2924 1321 3086 1375 etiam
3121 1337 3307 1392 eaeque
3335 1321 3564 1377 diversa

1987 1414 2301 1486 Symmachi
2331 1414 2594 1469 lectiones
2630 1412 2931 1468 afferuntur
2953 1411 3114 1468 Hesai
3140 1428 3306 1477 XLVII,
3331 1412 3400 1480 2;
3426 1409 3565 1468 Osee

1987 1522 2085 1571 χιι,
2115 1507 2175 1560 H
2201 1525 2215 1571 ;
2242 1505 2384 1560 Psal.
2413 1519 2536 1571 crx,
2567 1506 2618 1559 ‘l.
2654 1503 2721 1558 Et
2747 1504 2799 1557 in
2824 1504 3130 1574 Appendice
3166 1501 3338 1559 Exod.
3371 1516 3563 1568 xxvnt,

1989 1600 2075 1654 14.
2105 1597 2162 1652 In
2192 1599 2347 1654 libris
2378 1599 2507 1653 item
2544 1597 2562 1650 l
2592 1609 2645 1652 et
2686 1596 2732 1650 ll
2760 1596 2966 1665 Regum
3000 1597 3142 1653 bina:
3170 1610 3564 1666 nonnunquam

1990 1691 2302 1765 Symmachi
2332 1690 2809 1761 interpretationes
2831 1689 3153 1745 afferuntur.
3191 1687 3325 1744 Vide
3351 1688 3516 1744 etiam
3545 1728 3564 1754 ,

1983 1786 2161 1848 sudes,
2184 1783 2434 1839 Jeremiaz
2459 1799 2550 1850 xx,
2581 1783 2634 1848 5,
2656 1792 2711 1838 et
2732 1780 2844 1838 Jer.
2875 1799 3002 1848 xxx,
3039 1781 3131 1847 52,
3179 1783 3233 1836 in
3262 1793 3412 1838 nota.
3450 1781 3561 1838 Sed

1983 1875 2110 1944 quia
2141 1874 2412 1944 ejusmodi
2439 1874 2686 1943 exempla
2711 1889 2818 1929 non
2845 1874 2918 1928 ita
2942 1871 3242 1943 frequentia
3272 1881 3421 1938 sunt,
3436 1889 3571 1929 con-

1975 1966 2221 2038 jectandi
2263 1967 2418 2022 locus
2450 1976 2535 2022 est
2577 1966 2968 2038 Symmachum
3011 1981 3117 2022 non
3152 1968 3289 2022 duas
3339 1967 3570 2023 omnino

1980 2055 2228 2112 diversas
2251 2056 2522 2112 editiones
2538 2055 2827 2123 emisisse;
2859 2057 2954 2112 sed
2985 2071 3148 2126 quam
3167 2057 3405 2126 priorem
3431 2057 3570 2112 emi-

1984 2155 2131 2202 serat
2166 2147 2374 2217 aliquot
2403 2147 2458 2201 in
2481 2146 2614 2202 locis
2632 2146 2973 2210 emendasse,
2996 2147 3270 2218 verbaque
3285 2147 3393 2201 alia
3421 2147 3572 2202 iden-

1986 2239 2152 2294 tidem
2188 2239 2538 2295 substituisse
2564 2253 2663 2309 pro
2690 2237 2834 2292 aliis.
2862 2237 3116 2309 Alioquin
3147 2239 3194 2294 si
3225 2239 3385 2306 duas,
3431 2254 3568 2311 per-

1984 2331 2110 2386 inde
2149 2341 2314 2402 atque
2375 2332 2571 2402 Aquila
2597 2371 2613 2398 ,
2662 2345 2998 2401 prorsusque
3023 2333 3208 2388 varias
3241 2334 3570 2403 interpreta-

1984 2423 2162 2478 tiones
2187 2423 2599 2491 concinnasset,
2631 2423 2763 2494 quid
2790 2439 2969 2479 causa:
2995 2433 3079 2480 est
3108 2441 3206 2480 cur
3235 2441 3361 2481 cum
3408 2425 3572 2498 longe

1989 2515 2296 2588 elegantior
2325 2525 2380 2571 et
2413 2516 2609 2571 melior
2634 2517 2903 2588 interpres
2931 2531 2960 2572 a
2986 2517 3172 2572 multis
3228 2518 3448 2574 habitus
3495 2518 3569 2575 sit

1985 2621 2148 2676 quam
2180 2607 2399 2677 Aquila,
2421 2615 2533 2663 tam
2568 2623 2752 2678 paucae
2783 2620 2966 2664 tamen
3001 2625 3065 2666 ex
3094 2610 3263 2666 altera
3293 2610 3413 2680 ejus
3453 2611 3569 2666 edi-

1989 2700 2137 2756 tione
2171 2700 2434 2756 lectiones
2464 2700 2784 2768 alierantur,
2821 2702 3039 2772 quando
3087 2711 3167 2758 tot
3215 2712 3474 2774 tantaque
3497 2717 3567 2758 ex

1987 2792 2230 2847 secunda
2282 2791 2492 2862 Aquila:
2542 2791 2782 2846 editione
2833 2794 3170 2862 supersunt?
3201 2791 3330 2848 Haec
3377 2793 3567 2864 conje-

1987 2883 2186 2945 ctando
2216 2883 2392 2938 solum
2428 2883 2573 2938 dicta
2599 2885 2749 2938 sint:
2797 2900 2883 2940 res
2909 2886 3053 2940 enim
3104 2901 3214 2940 non
3267 2886 3342 2942 ita
3379 2889 3569 2958 exple-

1989 2985 2108 3030 rata
2137 2985 2221 3031 est
2241 3016 2258 3044 ,
2289 2984 2349 3030 ut
2378 2984 2498 3031 tuto
2521 2978 2797 3046 possimus
2827 2978 3151 3032 sententiam
3182 2977 3342 3034 ferre.

1912 3097 1954 3156 (ζ
1987 3086 2054 3142 V.
2089 3088 2208 3154 Quo
2243 3089 2476 3143 uertendi
2501 3106 2686 3160 genere
2720 3107 2846 3144 usus
2874 3093 2976 3144 sit:
3004 3102 3051 3144 et
3078 3092 3141 3144 de
3164 3091 3317 3145 annis
3346 3091 3567 3156 chrono-

2061 3160 2248 3230 logicis
2276 3161 2464 3232 prima
2507 3177 2569 3214 ac
2609 3162 2854 3217 secunda:
2893 3163 3068 3216 aetatis
3094 3171 3214 3216 uta
3253 3161 3566 3232 Symmacho

2059 3229 2495 3297 numerabantur.

1911 1755 1954 1810 B

2056 3344 2433 3415 lnterpretatio
2464 3343 2779 3416 Symmachi
2805 3346 3112 3402 clarissima
3173 3355 3226 3402 et
3282 3347 3569 3418 elegantis-

1987 3439 2127 3496 sima
2154 3438 2400 3494 omnium
2429 3446 2538 3494 est.
2571 3436 2678 3494 Res
2707 3438 2796 3492 ille
2829 3447 2887 3491 ut
2909 3437 3202 3507 plurimum
3242 3447 3366 3507 apte
3397 3453 3462 3493 ac
3482 3436 3569 3492 di-

1985 3529 2165 3584 lucide
2197 3528 2453 3598 exprimit
2485 3546 2498 3582 :
2536 3543 2644 3582 non
2676 3527 2836 3582 verba
2867 3527 3082 3595 singula
3119 3527 3438 3596 scrupulose
3481 3542 3568 3580 re-

1987 3623 2130 3678 ferre
2151 3621 2333 3677 studet
2359 3631 2418 3675 ut
2454 3620 2650 3690 Aquila
2676 3635 2690 3684 ;
2722 3633 2830 3674 non
2860 3617 3002 3672 LXX
3037 3619 3362 3688 interpretes
3378 3633 3568 3688 presso

1985 3711 2217 3780 vestigio
2246 3709 2494 3781 sequitur
2527 3717 2585 3763 ut
2617 3707 2922 3763 Theodotio
2946 3727 2960 3775 ;
2989 3709 3083 3763 sed
3116 3709 3200 3763 vel
3228 3709 3296 3778 ,in
3318 3709 3569 3764 difﬁcilli-

1985 3802 2090 3856 mis
2116 3800 2253 3855 locis
2285 3813 2506 3854 sensum
2538 3797 2612 3852 ita
2645 3797 2843 3868 legenti
2882 3796 3136 3861 exhibet,
3179 3805 3236 3850 ut
3265 3797 3449 3850 statim
3479 3795 3567 3849 in-

1985 3893 2278 3963 telligatur.
2307 3889 2662 3945 l-Iebraismos
2694 3903 2820 3941 raro
2866 3896 3129 3942 sectatur.
3181 3884 3566 3957 Summopere-

1985 3999 2094 4053 que
2123 3997 2346 4038 curasse
2380 3980 2616 4045 videtur,
2646 3994 2712 4034 ne
2758 3979 3036 4049 quidpiam
3092 3978 3147 4030 in
3179 3975 3364 4031 Graeca
3423 3976 3566 4032 serie

1986 4084 2234 4145 poneret,
2263 4075 2408 4145 quod
2436 4073 2683 4128 Grtecum
2729 4071 2985 4126 lectorem
3017 4070 3279 4126 llebraice
3314 4070 3566 4139 ignarum

1986 4167 2258 4227 olIcndere
2292 4177 2514 4236 posset:
2561 4181 2623 4220 ea
2666 4174 2846 4221 tamen
2873 4166 3104 4229 cautela,
3134 4173 3192 4219 ut
3237 4162 3565 4218 Hebraicum

1985 4261 2263 4330 eremplar
2301 4261 2522 4314 unicum
2555 4261 2891 4330 sequendum
2932 4259 3035 4314 sibi
3069 4264 3412 4328 proponeret,
3462 4269 3567 4308 nec

1986 4352 2263 4422 quidpiam
2287 4366 2353 4406 ex
2383 4352 2622 4408 editione
2652 4351 2760 4406 τῶν
2795 4354 2871 4415 0',
2902 4351 2990 4403 ubi
3016 4364 3139 4404 cum
3165 4346 3429 4401 Hebraico
3455 4360 3563 4399 non

1917 4444 2310 4514 unadrabat,
2351 4444 2404 4502 in
2459 4444 2954 4514 interpretationem
3015 4456 3167 4496 suam
3227 4437 3560 4492 refunderet.

1986 4535 2351 4603 Quamobrem
2384 4537 2437 4590 in
2461 4536 2622 4591 annis
2654 4532 3052 4604 chronologicis
3070 4531 3138 4586 ab
3164 4530 3372 4586 Adanto
3391 4545 3564 4600 usque

1985 4629 2050 4683 ad
2069 4629 2460 4694 Abrahamum,
2487 4628 2649 4682 missa
2678 4626 3032 4696 Septuaginta
3053 4621 3410 4693 interpretum
3432 4637 3560 4692 sup.

1985 4720 2285 4790 putatione,
2313 4717 2558 4773 llebraici
2583 4734 2798 4787 semper
2854 4726 3034 4770 textus
3068 4730 3241 4770 annos
3286 4715 3562 4784 exprime-

1984 4811 2097 4878 bat,
2126 4821 2186 4866 ιιι
2214 4811 2534 4867 testificatur
2567 4809 2832 4864 Eusebius
2863 4808 3146 4863 Emisenus
3171 4808 3224 4861 in
3259 4807 3378 4861 loco
3393 4821 3559 4877 quem

1984 4919 2048 4959 ex
2079 4904 2474 4974 manuscriptis
2504 4909 2818 4971 excerptum
2848 4900 3132 4954 retulimus
3164 4899 3217 4952 in
3253 4897 3395 4953 notis
3424 4896 3559 4952 Gen.

1987 5012 2038 5058 v,
2071 4994 2124 5049 5.
2156 4994 2435 5057 Hebraeus,
2470 4993 2646 5063 inquit
2680 4993 2802 5058 ille,
2836 5003 2884 5045 et
2912 4990 3079 5062 Syrus
3122 5000 3171 5044 et
3213 4989 3562 5060 Symmachus

1986 5087 2040 5140 in
2076 5087 2393 5158 genealogiis
2444 5095 2652 5138 centum
2680 5101 2845 5138 annos
2892 5085 3063 5136 minus
3093 5097 3295 5150 semper
3321 5091 3561 5151 ponunt;

1985 5179 2206 5248 exempli
2237 5196 2398 5232 causa
2425 5179 2676 5246 scriptum
2713 5185 2789 5230 est
2824 5176 2877 5227 in
2910 5173 3060 5226 LXX
3085 5174 3222 5244 quod
3238 5173 3408 5225 Adam
3426 5189 3563 5225 anno

1985 5275 2105 5326 vita:
2133 5287 2308 5327 ccxxx
2337 5271 2571 5342 genuerit
2603 5267 2772 5332 Seth;
2810 5267 2884 5320 ibi
2930 5266 3183 5320 Hebraeus
3212 5281 3352 5320 cxxx
3385 5265 3560 5318 habet.

1988 5365 2122 5418 Illos
2151 5373 2328 5417 autem
2351 5372 2560 5416 centum
2592 5377 2756 5414 annos
2799 5357 3013 5428 reliquis
3039 5357 3231 5411 Adami
3253 5358 3374 5411 vita:
3410 5356 3563 5410 annis

1989 5454 2254 5524 adiungit.
2277 5452 2472 5506 Mirum
2496 5460 2675 5506 autem
2706 5450 2758 5504 in
2782 5449 3100 5503 recensione
3128 5464 3314 5504 eorum
3339 5447 3429 5518 qui
3459 5445 3565 5503 He-

1989 5546 2234 5604 braicum
2268 5553 2472 5599 textum
2515 5543 2567 5597 in
2597 5557 2869 5597 annorum
2930 5541 3138 5596 calculo
3181 5546 3350 5594 secuti
3393 5549 3563 5608 sunt,

1989 5641 2296 5707 Hebraeum,
2329 5639 2527 5710 Syrum
2562 5648 2617 5693 et
2644 5635 3030 5708 Symmachum
3062 5631 3370 5690 memorari,
3397 5631 3567 5702 Aqui-

1990 5735 2096 5789 latn
2131 5748 2260 5787 vero
2299 5732 2389 5784 τὸν
2419 5727 2734 5783 δουλεύοντα
2762 5730 2832 5798 τῇ
2878 5725 3139 5796 Ἐὁλοαῖκῇ
3160 5720 3301 5788 λέξει
3333 5733 3528 5792 praeter
