4052 6388
565 304 630 362 ﬂ
1930 317 2452 374 PRELIMINARIA

3757 313 3832 368 92

566 423 730 491 mitti,
758 425 851 494 qui
885 427 1091 497 utique,
1124 438 1185 484 ut
1221 427 1547 488 Hebraicum
1597 450 1811 507 semper
1857 440 2143 508 scrupulo-
2170 446 2218 502 Α
2246 451 2301 496 et
2333 442 2588 513 loquendi
2640 441 2880 496 rationes
2915 437 3206 508 deligeret,
3239 452 3360 505 quae
3402 435 3668 504 majorem
3699 434 3823 504 qui-

564 514 682 571 sius
709 531 874 587 quam
905 521 1082 574 caeteri
1126 533 1348 581 secutus
1378 537 1483 591 est,
1514 527 1568 582 in
1599 543 1871 584 annorum
1918 532 2144 587 calculis

562 605 743 676 ipsum
769 623 878 662 non
913 608 1224 668 deseruisse
1258 617 1532 684 putandus
1557 626 1658 673 est.
1703 618 1809 674 Sed
1836 620 1918 674 vel
1947 622 2143 691 Aquila

561 698 617 754 in
648 701 970 757 recensione
997 703 1087 758 illa
1119 703 1341 762 Eusebii
1370 705 1976 766 Emisenilibrariorum
2011 714 2142 768 vitio

557 791 840 858 exciderit,
861 795 942 848 vel
963 795 1090 866 quia
1110 795 1391 854 Hebraeum
1417 815 1629 871 semper
1649 804 1897 871 sequitur
1919 805 2138 875 Aquila,

558 880 738 952 ipsum
767 898 875 940 non
919 890 1337 945 memorandum
1377 907 1499 947 esse
1531 896 1824 962 censuerit,
1854 899 2000 966 quod
2033 914 2136 968 pu-

557 985 697 1028 taret
734 977 871 1032 satis
899 993 1023 1035 esse
1070 979 1358 1038 Hebraeum
1395 987 1688 1052 nominari,
1727 998 1785 1042 ut
1823 991 2003 1045 statim
2047 1009 2137 1047 se-

553 1075 816 1136 queretur
836 1069 1090 1141 Aquilam
1114 1076 1305 1130 eodem
1349 1077 1513 1133 modo
1543 1080 1794 1147 vertisse,
1824 1092 2012 1152 utpote
2040 1085 2136 1154 qui

554 1157 765 1215 Hebraei
801 1177 1018 1234 semper
1050 1168 1293 1238 vestigiis
1335 1170 1558 1226 haereat.
1603 1171 1869 1229 Praeterea
1905 1191 2012 1230 non
2052 1177 2138 1230 in-

551 1251 738 1307 solens
771 1263 853 1309 est
881 1265 1094 1312 veteres
1125 1260 1269 1328 illos,
1297 1262 1461 1317 etiam
1515 1264 1608 1318 ubi
1637 1265 1745 1319 duo
1794 1267 1879 1320 vel
1914 1277 2024 1322 tres
2051 1269 2135 1322 in-

549 1349 812 1413 terpretes
845 1350 1089 1403 eamdem
1119 1351 1291 1420 ipsam
1322 1353 1605 1410 lectionem
1625 1357 1937 1426 praeferunt,
1963 1377 2130 1415 unum

549 1443 764 1490 tantum
805 1454 870 1491 ex
901 1440 1008 1496 illis
1037 1457 1466 1501 commemorare
1491 1487 1505 1511 ,
1535 1458 1593 1502 ut
1621 1451 1924 1505 sexcenties
1959 1452 2010 1505 in
2039 1455 2133 1508 de-

545 1522 717 1582 cursu
745 1529 908 1600 hujus
935 1536 1115 1603 operis
1149 1538 1569 1596 animadvertes.
1607 1540 1764 1608 Quod
1787 1545 1854 1598 ad
1880 1543 2132 1600 Theodo-

545 1617 749 1674 tionem
801 1639 930 1677 vero
963 1636 1191 1696 spectat,
1231 1631 1529 1688 verisimile
1578 1644 1662 1690 est
1702 1637 1881 1706 ipsum
1936 1639 1988 1693 in
2033 1656 2128 1710 ge-

541 1708 823 1780 nealogiis,
868 1723 928 1768 ut
957 1725 1011 1770 et
1033 1718 1163 1773 alibi
1197 1718 1659 1792 frequentissime,
1679 1725 1821 1780 LXX
1857 1708 2124 1800 Interpre-

2246 533 2366 586 dem
2404 534 2843 603 perspicuitatem
2881 529 3230 600 praeferrent,
3267 528 3360 582 sed
3395 528 3459 581 ad
3492 524 3827 580 ilebraicum

2246 640 2353 678 non
2383 626 2455 681 ita
2488 627 2838 694 quadrarent.
2888 622 2966 676 Ad
2998 621 3111 675 [nec
3140 628 3319 674 autem
3343 657 3359 682 ,
3407 617 3824 683 similitudines,

2242 715 2444 784 quibus
2477 714 2718 767 abundat
2761 711 3022 766 ilebraica
3057 711 3260 778 lingua,
3292 707 3652 778 Symmachus
3677 721 3827 775 saepe

2243 807 2298 860 in
2326 807 2576 860 versione
2603 820 2700 859 sua
2735 819 2842 858 non
2875 801 3176 871 expressit;
3203 801 3391 870 sicque
3416 800 3686 854 dictorum
3709 799 3822 850 vim

2239 906 2291 951 et
2314 897 2618 966 emphasim
2659 895 2956 960 enervavit,
2995 903 3054 948 ut
3086 909 3210 948 cum
3234 934 3250 959 ,
3283 892 3429 947 verbi
3459 906 3648 957 causa,
3686 889 3822 943 illud

2238 990 2434 1058 psalm.
2490 1005 2666 1052 van,
2721 989 2810 1053 3l,
2847 995 3056 1046 unus:
3094 995 3242 1050 ,τι-ω,
3292 1001 3322 1038 a
3355 982 3493 1037 LXX
3543 981 3821 1050 Interpre-

2237 1083 2383 1137 tibtts
2427 1083 2506 1136 sic
2558 1097 2910 1150 expressum,
2961 1081 2992 1151 ἡ
3047 1078 3336 1146 συναγωγὴ
3404 1076 3510 1129 τῶν
3567 1073 3812 1146 ταύρων,

2236 1175 2566 1245 congregatio
2599 1185 2894 1234 taurorum,
2926 1170 3312 1242 Symmachus,
3347 1168 3546 1237 συνόδῳ
3579 1182 3812 1237 παμμε-

2233 1269 2442 1338 γεθῶν,
2477 1267 2868 1337 congregationi
2898 1264 3295 1335 prwgrandium
3320 1303 3335 1328 ,
3379 1262 3569 1326 vertit,
3605 1270 3664 1313 ut
3693 1261 3815 1314 cla-

2233 1361 2349 1416 rius
2399 1376 2510 1416 rem
2557 1360 2931 1429 exprimeret:
2987 1366 3041 1412 et
3083 1357 3161 1410 sic
3205 1355 3621 1410 similitudinem
3660 1353 3824 1414 illam.

2233 1453 2494 1516 abstulit,
2543 1467 2664 1520 qua:
2711 1467 2836 1504 cum
2887 1450 3182 1520 quamdam
3241 1447 3522 1518 ἐνέργειαν
3573 1444 3816 1499 orationi

2232 1547 2473 1610 inderet,
2523 1543 2658 1596 nihil
2701 1552 2880 1596 tamen
2913 1540 3100 1595 sensui
3137 1537 3420 1592 olliciebat.
3471 1535 3597 1590 Haec
3631 1533 3817 1588 Theo-

2229 1638 2398 1693 dorus
2440 1636 2824 1700 Heracleotes,
2855 1636 2950 1704 qui
2984 1632 3129 1687 aliud
3164 1631 3450 1700 simileque
3495 1629 3813 1704 exemplum

2229 1743 2291 1782 ex
2323 1729 2511 1783 eodem
2541 1729 2790 1798 psalmo,
2824 1699 2887 1796 ᾗ..
2908 1725 2977 1778 54
2997 1765 3012 1791 ,
3047 1723 3140 1776 ubi
3173 1722 3262 1776 illa
3291 1699 3456 1775 verba
3482 1728 3642 1778 W2
3666 1699 3816 1779 τι)ηὸ

538 1807 654 1857 tum
689 1801 978 1864 lectionem
1008 1819 1256 1868 secutum
1289 1791 1449 1884 esse;
1502 1791 1788 1874 namideo
1832 1829 1954 1890 post
1982 1821 2112 1876 LXX

2226 1829 2509 1908 ΠῚΤΓΊὩΨ
2541 1791 2698 1872 LXX
2749 1791 3006 1884 vertunt,
3058 1815 3138 1887 τῷ
3171 1814 3525 1908 ὲπιϐςὸηκότι
3570 1813 3663 1865 ἐπὶ
3717 1809 3813 1908 coit

535 1903 590 1948 et
615 1897 774 1965 quasi
808 1899 875 1954 ab
897 1902 1093 1972 Aquila
1123 1916 1176 1961 et
1201 1905 1530 1979 Symmacho
1561 1921 1896 1982 segregatus,
1928 1916 1981 1967 in
2014 1913 2122 1971 lle-

535 1987 712 2056 xaplis
730 1988 912 2046 locum
937 1993 1207 2064 habebat;
1235 1999 1362 2068 quia
1379 2000 1453 2053 illi
1481 1999 1831 2067 liebraicum,
1854 2003 1943 2060 hic
1979 2005 2119 2059 LXX

534 2074 860 2148 interpretes
899 2086 1056 2155 sequi
1106 2088 1337 2144 solebat.
1371 2091 1734 2162 Symmachus
1779 2094 1965 2164 itaque
2012 2096 2119 2153 He-

535 2169 736 2225 breum
772 2175 991 2243 quidem
1022 2180 1271 2249 sequitur
1308 2194 1366 2236 ut
1398 2183 1595 2253 Aquila
1643 2199 1656 2236 :
1699 2185 1793 2240 sed
1843 2187 1917 2241 ita
1946 2197 2001 2242 ιιι
2032 2189 2121 2246 hic

531 2259 773 2317 litteram
803 2266 971 2321 nimia
1004 2283 1147 2338 saepe
1197 2271 1460 2341 religione
1505 2274 1810 2345 exprimere
1867 2278 2115 2346 studeat;

532 2351 622 2406 ille
654 2369 783 2409 vero
808 2355 882 2411 ita
913 2356 1195 2416 Hebraicis
1227 2361 1449 2426 haereat,
1493 2374 1550 2419 ut
1589 2365 1873 2437 elegantiae
1910 2378 1966 2428 .et
1987 2384 2116 2439 per-

529 2443 838 2512 spicuitatis
866 2450 1134 2506 rationem
1164 2452 1364 2510 habere
1387 2456 1654 2512 videatur.

620 2536 709 2592 Vl.
750 2539 885 2610 Ejus
915 2543 1078 2598 editio
1105 2563 1138 2600 a
1169 2548 1424 2603 veteribus
1455 2551 1743 2606 admodum
1775 2554 2022 2614 laudata.

605 2623 756 2684 lianc
788 2632 912 2703 styli
953 2634 1276 2706 elegantiam
1308 2650 1361 2694 et
1390 2642 1696 2700 claritatem
1732 2649 1950 2716 fpassim
1993 2652 2114 2705 lau-

529 2717 663 2773 dant
691 2717 1079 2795 Hieronymus,
1114 2727 1384 2788 Eusebius
1417 2735 1652 2805 aliique;
1682 2753 1917 2808 quorum
1965 2743 2116 2811 prior

528 2807 650 2876 ejus
687 2809 1164 2880 interpretationes
1212 2821 1528 2890 frequenter
1556 2807 1861 2882 admiratur
1891 2840 1944 2884 et
1965 2807 2112 2886 dau-

528 2897 692 2954 dibus
724 2904 965 2969 extollit,
1019 2916 1080 2960 ut
1110 2910 1404 2966 Comment.
1434 2916 1488 2968 in
1538 2918 1732 2985 psalm.
1778 2935 1894 2986 XXI,
1932 2937 1986 2976 v.
2018 2923 2110 2986 5i,

526 2991 858 3064 σαφέστερον
890 2995 918 3047 ὁ
952 2997 1248 3072 Σύμμαχος
1271 3042 1286 3066 ,
1317 3007 1515 3060 clarius
1549 3007 1899 3079 Symmachus
1923 3057 1936 3080 ,
1971 3025 2032 3070 ut
2058 3025 2112 3072 et

2224 1901 2451 1983 οὑρανὸν
2497 1911 2591 1964 τοῦ
2632 1908 2865 1982 ούρανοῦ
2919 1907 3060 1962 κατὰ
3091 1905 3391 1969 ἀνατολὰς,
3435 1905 3525 1973 qui
3569 1901 3813 1956 ascendit

2222 2021 2378 2073 super
2423 2006 2609 2058 coelum
2653 2005 2772 2059 ειειί
2807 2004 2875 2057 ad
2923 2003 3211 2062 orientem;
3247 1997 3610 2070 Symmachus
3654 2010 3809 2060 vero,

2221 2097 2298 2168 τῷ
2349 2098 2699 2170 ἐποχουμένῳ
2748 2098 2839 2150 ἐπὶ
2891 2095 2981 2149 τὸν
3029 2095 3258 2169 οὐρανὸν
3311 2092 3407 2145 τοῦ
3452 2089 3685 2160 ούρανοῦ
3741 2091 3813 2145 ὲκ

2221 2191 2444 2262 πρώτης
2461 2229 2476 2252 ,
2506 2191 2596 2259 qui
2630 2191 2838 2244 vehitur
2862 2205 3020 2257 super
3046 2186 3234 2240 malum
3269 2184 3385 2238 caeli
3408 2199 3472 2238 ex
3497 2183 3694 2252 prima.

2290 2285 2447 2351 Quod
2481 2286 2548 2338 ad
2595 2285 2832 2353 primum
2869 2291 3053 2336 autem
3088 2279 3396 2348 exemplum
3430 2277 3655 2340 attinet,
3697 2290 3809 2329 non

2218 2378 2407 2433 dubito
2458 2379 2659 2431 multos
2707 2375 2826 2429 fore
2874 2373 2968 2444 qui
3019 2369 3334 2443 Symmachi
3387 2377 3573 2438 partes
3623 2367 3809 2421 susci-

2217 2471 2368 2539 piant
2398 2487 2411 2522 :
2442 2485 2567 2523 nam
2599 2476 2741 2526 -ιίκ
2775 2481 2918 2536 Saepe
2961 2464 3179 2535 ἰσχυρὸς
3221 2462 3378 2531 Ῑονιίδ
3408 2461 3493 2514 νει
3534 2459 3806 2528 δυνάστης

2216 2572 2396 2631 potens
2427 2563 2591 2616 etiam
2622 2576 2651 2614 a
2682 2558 2823 2614 LXX
2868 2555 3260 2626 Interpretibus
3286 2553 3549 2617 vertitur;
3595 2551 3804 2616 rarius,

2216 2655 2451 2725 ταῦρος,
2489 2665 2676 2708 taurus
2704 2669 2722 2706 :
2755 2655 2859 2706 hoc
2905 2659 3085 2705 autem
3133 2649 3252 2702 loco
3289 2645 3653 2716 Hieronymus
3688 2646 3807 2713 [or-

2217 2749 2350 2800 tium
2387 2749 2795 2817 interpretatur,
2825 2744 3078 2813 Aquilam
3117 2740 3256 2795 forte
3289 2748 3511 2794 secutus
3538 2779 3552 2803 ,
3589 2738 3667 2792 uti
3701 2751 3800 2791 so-

2216 2839 2289 2892 let
2317 2838 2370 2892 in
2401 2837 2652 2893 Psalmis.
2687 2835 2842 2902 Quod
2877 2835 2943 2889 ad
2973 2833 3274 2889 secundum
3299 2846 3427 2884 vero
3456 2828 3796 2898 exemplum,

2217 2926 2390 2982 fateor
2424 2928 2554 2981 mihi
2587 2927 2749 2981 etiam
2773 2967 2786 2989 ,
2819 2927 3047 2996 perinde
3079 2935 3240 2993 atque
3272 2923 3558 2976 Theodoro
3583 2962 3598 2987 ,
3629 2934 3800 2973 accu-

2213 3021 2470 3074 ratiorem
2498 3020 2670 3073 videri
2700 3018 2808 3072 τῶν
2842 3019 2917 3082 0',
2955 3031 3118 3086 quam
3156 3013 3490 3086 Symmachi,
3518 3013 3793 3080 interpre-

525 3095 668 3151 s""98
695 3083 825 3138 alibi
850 3104 864 3151 ;
893 3097 946 3141 ει
979 3105 1136 3144 Versu
1169 3098 1450 3164 sequenti,
1484 3101 1690 3173 σφόδρα
1722 3103 2053 3177 θαυμαστῶς
2081 3113 2109 3164 ὁ
2135 3145 2177 3202 C
2212 3111 2490 3166 tationem.
2527 3109 2730 3166 Verum
2768 3126 2874 3164 non
2912 3110 3112 3164 desunt
3142 3109 3247 3162 alia
3279 3107 3526 3174 exempla
3560 3121 3629 3158 ex
3657 3104 3790 3174 qui-

525 3167 822 3202 Ἥιῖηηηυλ-
922 3177 1198 3202 ...4...-Α---,,
1401 3187 1414 3202 ι
1437 3188 1510 3202 η..
1633 3191 1666 3202 ι.
1888 3197 1898 3202 ,
2921 3201 2929 3202 ,
3150 3199 3162 3202 _
3483 3197 3494 3202 -
3575 3197 3586 3202 -
3676 3196 3687 3202 -
3782 3201 3787 3202 ,

523 3167 851 3262 Σύμμαχος,
917 3177 1202 3234 admodum
1253 3167 1572 3243 mirabiliter
1622 3167 2109 3262 'Sytitmdcltus:vet

523 3260 716 3359 psalm.
771 3280 931 3334 vat,
990 3269 1090 3334 10,
1147 3271 1320 3339 οὕτως
1364 3260 1676 3351 ἡρμήνευσε
1719 3285 2048 3359 θαυμαστῶς
2078 3295 2106 3346 ὁ

521 3348 853 3424 Σύμμαχος,
891 3359 968 3411 ita
1001 3361 1321 3418 mirabiliter
1344 3348 1722 3440 interpretatus
1755 3348 1838 3433 est
1865 3379 2108 3451 Symma-

519 3442 669 3498 chus.
705 3443 1066 3520 Hieronymus
1096 3471 1228 3511 vero
1253 3459 1320 3514 de
1350 3459 1678 3532 Symmacho
1709 3442 1937 3541 loquens
1994 3475 2104 3530 fre-

519 3547 753 3607 quenter
789 3542 955 3612 dicit,
1002 3562 1129 3602 eum
1177 3553 1421 3620 apertius
1465 3565 1519 3611 et
1559 3562 1899 3622 manifestius
1935 3568 2104 3624 inter-

519 3637 789 3696 pretatum
818 3650 959 3692 esse.
993 3637 1060 3693 Et
1089 3641 1481 3700 Commentario
1511 3649 1566 3702 in
1596 3649 1754 3707 Amos
1790 3671 1873 3721 ιιι,
1907 3658 1994 3724 ll,
2023 3661 2100 3715 ait

522 3719 908 3791 Symmachum
948 3746 1053 3786 non
1086 3735 1262 3790 solere
1291 3739 1582 3796 verborum
1610 3745 1964 3819 κακοζηλίαν,
2002 3752 2098 3806 sed

517 3815 889 3887 intelligentiae
915 3825 1161 3880 ordinem
1196 3831 1372 3898 sequi.

645 3906 755 3962 Vll.
803 3911 1073 3969 Theodoro
1105 3917 1430 3977 Ileracleotw
1459 3941 1560 3979 non
1590 3927 1668 3980 ita
1697 3929 1971 3996 probatur.

587 3995 789 4054 Verum
814 4044 828 4068 ,
884 4017 943 4059 ut
985 4009 1200 4064 variant
1231 4013 1536 4082 Opiniones,
1574 4015 1893 4075 Theodorus
1929 4009 2095 4076 Hera-

509 4087 714 4149 cleotes
738 4135 753 4159 ,
791 4095 872 4151 vir
900 4097 1099 4170 ingenii
1130 4103 1543 4173 perspicacitate
1579 4125 1742 4178 quam
1793 4111 1915 4166 ﬁdei
1954 4114 2094 4168 inte-

510 4187 706 4254 gritate
741 4190 1007 4258 nobilior,
1047 4193 1100 4248 in
1132 4192 1437 4267 fragmento
1485 4201 1630 4269 quod
1665 4203 1806 4258 intra
1839 4203 2088 4272 edemus,

509 4276 930 4344 animadvertit,
959 4281 1370 4349 Symmachum,
1401 4287 1529 4341 dttnt
1564 4291 1747 4346 nimiae
1777 4294 2090 4363 perspicui-

506 4368 603 4420 tati
631 4371 831 4432 studet,
861 4388 890 4427 a
918 4389 1048 4429 vero
1078 4374 1325 4434 Hebraici
1363 4397 1528 4437 sensu
1564 4399 1671 4437 non
1707 4384 2085 4455 inl‘requenter

2214 3203 2317 3257 bus
2357 3213 2616 3274 arguatur
2660 3201 3086 3273 Symmachum,
3132 3199 3262 3254 dum
3316 3196 3691 3268 perspicuitati
3737 3201 3798 3250 et

2210 3293 2491 3364 elegantiae
2513 3293 2713 3358 studet,
2735 3307 2766 3345 a
2794 3306 2922 3346 vero
2951 3290 3249 3357 Scripturae
3278 3305 3444 3358 scopo
3477 3288 3792 3342 aberrasse.

2190 3448 2193 3449 ν
2278 3388 2534 3440 Attamen
2596 3399 2720 3438 vere
2771 3385 2875 3438 dici
2930 3392 3107 3454 potest
3162 3383 3549 3455 Symmachum
3597 3378 3793 3451 optimi

2206 3478 2513 3547 interpretis
2545 3493 2772 3531 munere
2820 3477 3066 3530 iunctum
3112 3492 3270 3531 esse:
3304 3474 3407 3529 etsi
3439 3473 3582 3527 enim
3605 3511 3620 3534 ,
3655 3471 3790 3526 dum

2206 3570 2409 3624 claram
2437 3569 2744 3638 exprimere
2784 3569 3110 3623 sententiam
3143 3568 3351 3630 nititur,
3386 3581 3417 3620 a
3457 3579 3587 3618 vero
3617 3577 3784 3616 sensu

2205 3676 2598 3730 nonnunquam
2630 3660 2901 3722 deﬂectat,
2933 3662 3062 3731 quid
3099 3661 3334 3722 mirum,
3371 3662 3421 3711 in
3452 3672 3512 3711 re
3546 3655 3786 3709 maxime

2202 3760 2308 3806 tam
2345 3753 2550 3805 ardua?
2580 3750 2716 3816 Quis
2748 3753 2884 3806 adeo
2915 3753 3136 3822 lynceus
3159 3791 3172 3815 ,
3207 3751 3260 3804 iu
3299 3759 3446 3802 tanta
3491 3746 3650 3802 seriei
3684 3759 3784 3814 pe-

2201 3842 2546 3913 regrinitate,
2595 3851 2745 3894 tanta
2777 3842 3112 3896 obscuritate
3148 3840 3477 3903 verborum,
3518 3844 3784 3905 quantam

2197 3934 2503 3988 innumeris
2552 3933 2607 3986 in
2657 3933 2793 3988 locis
2841 3932 3060 4002 praefert
3107 3931 3406 3986 Hebraicus
3455 3939 3670 3991 textus,
3722 3936 3786 3980 ut

2198 4022 2383 4076 omnia
2413 4037 2630 4090 semper
2663 4031 2917 4076 accurate
2941 4031 2995 4075 et
3022 4023 3142 4077 sine
3165 4021 3468 4090 sphalmate
3499 4017 3671 4087 possit
3696 4016 3784 4069 in-

2195 4114 2480 4184 terpretari
2503 4115 2526 4166 ‘.’
2555 4115 2607 4167 Id
2641 4125 2790 4169 certe
2823 4116 3076 4168 humanae
3109 4128 3218 4166 non
3251 4128 3370 4166 esse
3403 4108 3680 4164 facultatis
3707 4107 3784 4160 vi-

2193 4207 2368 4260 detur.
2405 4209 2673 4261 Caeterum
2706 4207 3070 4278 Symmachus
3115 4205 3238 4258 ideo
3281 4204 3513 4258 fortasse
3557 4199 3783 4255 liberio-

2192 4314 2305 4352 rem
2334 4300 2831 4370 elegantioremque
2863 4299 3258 4370 interpretandi
3294 4311 3501 4352 morem
3535 4302 3780 4350 sectatus

2191 4401 2294 4457 est,
2315 4394 2441 4462 quia
2467 4393 2680 4448 videbat
2706 4393 2981 4463 Aquilam,
2999 4402 3216 4462 propter
3247 4390 3471 4444 nimiam
3491 4388 3780 4459 ἀκρίϐειαν

506 4458 812 4519 aberrasse.
833 4464 969 4520 Nam
1002 4483 1126 4523 cum
1157 4474 1362 4539 omnia,
1387 4477 1548 4530 etiam
1579 4477 1916 4546 dillicillima,
1944 4480 2090 4535 clare
2123 4503 2166 4556 ι)
2195 4494 2249 4539 et
2279 4486 2593 4555 religionem
2624 4527 2638 4551 ,
2676 4487 2796 4557 ipso
2822 4484 3091 4540 Hebraico
3127 4493 3282 4539 textu
3309 4496 3451 4552 saepe
3487 4480 3778 4538 obscurio-

502 4551 728 4608 reddere
757 4565 1030 4628 satageret
1054 4600 1069 4626 ,
1117 4563 1438 4637 plerumque
1467 4571 1646 4626 evenit
1674 4581 1737 4626 ut
1773 4589 1866 4629 cas
1915 4589 2081 4630 voces

2195 4593 2306 4631 l‘Cill
2340 4593 2482 4632 esse.

1557 4809 1938 4900 CAPUT
2012 4813 2690 4903 SEPTIMUM.

1653 4986 1744 5046 De
1778 4985 2243 5050 Theodbtionis
2298 4987 2599 5050 editione.

562 5155 600 5207 ι.
624 5156 742 5217 Quis
764 5155 915 5208 fuerit
936 5161 1232 5215 Theodotio.
1258 5167 1320 5218 Il.
1345 5169 1417 5219 De
1449 5174 1640 5222 ratione
1667 5176 2029 5239 interpretandi
2059 5197 2153 5244 qua
2191 5197 2308 5232 usus
2335 5190 2430 5229 est.
2461 5179 2548 5228 lll.
2574 5174 2780 5227 Castoris
2806 5173 3168 5236 interpretibus
3191 5172 3436 5222 indoctior
3458 5170 3690 5222 habetur.

897 5273 936 5329 1.
979 5275 1110 5364 Quis
1138 5281 1297 5347 fuerit
1337 5285 1635 5343 Theodotio.

564 5358 891 5429 Theodotio,
925 5358 1127 5438 Sinope
1153 5372 1204 5424 in
1237 5372 1412 5428 Ponto
1442 5378 1731 5446 oriundus,
1753 5382 2072 5442 Marcionita

487 5465 631 5515 erat,
660 5465 719 5509 ut
745 5458 819 5511 ait
853 5457 1221 5526 Epiphanius;
1253 5464 1346 5518 sed
1376 5483 1496 5521 cum
1528 5471 1718 5526 haeresi
1750 5491 1862 5529 suae
1889 5477 2071 5547 ignota

490 5545 650 5598 nobis
697 5545 763 5599 de
797 5563 962 5601 causa
997 5564 1374 5622 succenserct_
1431 5559 1495 5611 ad
1527 5558 1746 5618 Judmos
1791 5545 2069 5638 coniugii,

491 5635 960 5706 circumcisusque
985 5649 1086 5694 est.
1118 5642 1414 5713 Postquam
1457 5665 1574 5705 .‘ero
1603 5653 1926 5712 Hebraicam
1964 5635 2070 5715 lin-

490 5749 649 5801 guam
681 5736 1012 5806 edidicisset,
1045 5741 1543 5812 interpretationem
1575 5758 1624 5802 et
1653 5749 1766 5818 ipse
1790 5767 1944 5806 suam
1975 5769 2067 5824 ag-

2183 5314 2402 5368 gressus
2431 5306 2536 5349 cst.
2573 5292 2697 5347 Haec
2726 5290 3084 5359 Epiphanius.
3117 5289 3226 5343 Alii
3261 5304 3411 5352 vero,
3443 5304 3640 5358 nempe
3665 5287 3771 5346 Eu-

2183 5390 2364 5446 sebius
2395 5398 2448 5441 et
2481 5385 2868 5454 Hieronymus,
2902 5384 3056 5436 aiunt
3078 5383 3385 5436 Ebiouitam
3419 5381 3623 5448 fuisse;
3653 5383 3769 5440 sive

2179 5499 2244 5537 ex
2273 5480 2474 5535 Judzeis
2504 5479 2568 5532 ad
2605 5476 2886 5531 Ebionitas
2915 5467 3243 5544 confugerit,
3277 5476 3411 5539 sive,
3437 5475 3565 5544 quia
3601 5474 3768 5530 Ehio-

2179 5575 2304 5627 uitae
2339 5588 2434 5641 pro
2467 5569 2672 5623 Judaeis
2721 5567 3066 5620 habebantur
3112 5575 3167 5620 et
3202 5567 3763 5633 circumcidebantur,

2179 5663 2245 5716 ad
2275 5661 2491 5716 Judaeos
2527 5658 2842 5726 confugisse
2887 5657 3179 5712 crediderit
3211 5658 3582 5728 Epiphanius,
3633 5660 3762 5728 quia

2177 5755 2242 5810 ad
2282 5754 2562 5809 Ehionitas
2607 5768 2662 5805 se
2693 5758 2989 5816 receperat.
3023 5747 3386 5821 Hieronymus
3418 5760 3635 5818 tamen,
3665 5752 3759 5818 qui
