4052 6388
1453 320 1521 375 IN
1562 321 1888 379 unum
1924 324 2275 382 ORIGENIS.
2329 286 2333 291 ’

3444 321 3515 378 91

176 435 254 475 ⁸³³³
277 417 371 513 “libi
402 417 807 484 Emonilam
852 434 1172 503 appellat,
1212 435 1532 493 Praefatione
1583 440 1637 493 in
1674 439 1823 494 Com-
1860 448 1908 505 Α
1936 441 2312 513 ἰηῐτειιιιὲιιῑει*
2342 451 2526 498 tamen
2573 457 2641 497 ex
2669 440 2865 512 Aquila
2885 482 2902 508 ,
2954 441 3133 496 rarius
3162 454 3229 496 ex
3261 437 3514 511 Symma-

175 511 551 580 uatDsnielis,
585 533 740 574 rem
772 521 851 577 in
894 525 1110 583 dubio
1128 529 1429 599 relinquere
1454 531 1829 597 videtur,cum

175 604 259 662 tit:
286 603 363 660 Sed
382 608 580 678 juxta
624 610 1161 673 Theodotionem
1203 620 1471 678 Ecclesias
1511 623 1707 694 legere,
1741 625 1832 695 qui

177 700 298 771 stiqu
326 710 435 769 post
482 704 871 761 adventum
923 709 1163 766 Christi
1206 716 1502 769 incredulus
1533 716 1669 786 fuit,
1709 717 1832 771 licet

178 810 257 847 tua
278 794 480 863 quidam
510 796 747 853 dicant
790 799 1192 872 Ebionitam,
1220 807 1308 875 qui
1337 806 1502 860 altero
1532 824 1714 878 genere
1739 807 1836 862 Ju-

182 886 282 938 dm
304 896 389 938 est.
409 886 521 942 Ille
557 905 726 945 vero
759 908 910 948 non
942 898 1140 951 semel
1172 914 1199 951 a
1229 897 1449 962 Graecis,
1471 899 1564 968 qui
1593 899 1648 953 in
1680 899 1834 959 Scri-

187 990 341 1048 pturam
368 984 849 1038 commentaria
893 987 1244 1050 ediderunt,
1272 988 1526 1054 Θεόδοτος
1548 1031 1563 1055 ,
1597 990 1835 1045 Tlteodo~

194 1082 250 1125 tus
269 1071 410 1124 etiam
438 1083 740 1136 vocatur,
786 1086 867 1130 ut
908 1079 1130 1134 videas
1162 1079 1297 1149 psal.
1327 1097 1461 1135 LXIII
1498 1083 1553 1137 in
1588 1083 1752 1148 notis,
1781 1091 1838 1139 et

198 1164 444 1234 pedm,
502 1164 640 1220 sive
694 1166 762 1221 id
831 1167 1094 1224 librarii
1145 1170 1334 1226 mendo
1372 1172 1671 1236 acciderit,
1720 1172 1837 1228 sive

205 1268 383 1325 utraque
428 1256 802 1313 terminatio
847 1259 921 1314 in
956 1261 1096 1330 ejus
1129 1262 1345 1317 nomine
1373 1263 1615 1318 admissa
1645 1262 1833 1330 fuerit,

210 1348 259 1402 its
279 1357 328 1402 ut
349 1346 511 1401 modo
535 1347 874 1413 Θεόδοτος,
904 1351 1095 1406 modo
1122 1351 1407 1408 Θεοδοτίων
1437 1365 1743 1423 vocaretur;
1778 1364 1837 1410 ut

220 1440 486 1512 ’Ᾱπλὴπας
544 1443 740 1496 etiam
787 1444 1167 1515 Ἀσκληπιὸς
1192 1485 1206 1508 ,
1252 1445 1531 1519 Ἰσχύρας,
1571 1448 1834 1520 ’ἰσχύριος

218 1541 257 1584 et
276 1532 540 1603 ἰςχυρξων
568 1533 1086 1603 appellabantur.
1110 1534 1263 1590 Illum
1283 1546 1463 1592 autem
1487 1538 1834 1595 iucredulum

220 1624 370 1691 luisse,
396 1640 506 1679 non
538 1635 751 1681 autem
783 1627 1205 1683 Christianum
1231 1629 1572 1698 Ebionitam,
1604 1634 1838 1690 suadere

222 1718 397 1771 videtur
435 1718 863 1789 interpretatio
915 1721 1035 1775 loci
1073 1721 1227 1797 illius
1252 1723 1591 1780 celeberrimi
1637 1727 1692 1781 in
1724 1726 1835 1782 Da-

222 1809 363 1875 niele,
424 1826 548 1880 cap.
612 1827 713 1879 ix,
788 1811 916 1877 26,

1933 535 2061 602 cbo,
2083 533 2417 603 desumpsit.
3152 592 3159 599 ο

2004 625 2156 682 Licet
2182 634 2362 681 autem
2391 624 2693 681 Theodotio
2724 622 2866 677 LXX
2891 622 3252 694 interpretum
3284 620 3515 692 vestigio

1935 718 2046 774 fere
2087 734 2301 789 semper
2338 718 2557 781 haareat,
2598 731 2708 771 non
2760 730 2943 786 paretu
2988 727 3166 769 tamen
3217 714 3417 783 ubique
3459 722 3518 769 et

1935 811 1989 864 in
2023 809 2281 863 omnibus
2307 806 2605 878 Scriptura:
2637 807 2792 862 libris
2821 805 3212 876 interpretandi
3245 805 3509 860 rationem

1935 907 2178 956 sectatus
2214 908 2299 953 est
2330 918 2343 953 :
2384 898 2597 969 Aquila-
2622 898 2766 953 enim
2810 912 2919 952 non
2950 912 3075 952 raro
3102 896 3510 967 interpretatio.

1936 1005 2063 1045 nem
2094 991 2350 1060 adeptat,
2386 998 2448 1045 ut
2496 990 2551 1043 in
2580 989 2816 1044 decursu
2861 987 3023 1059 hujus
3057 988 3240 1055 operis
3278 986 3510 1053 videbis,

1935 1082 2156 1153 quando
2208 1090 2431 1136 notatur
2463 1082 2553 1146 A.,
2579 1080 2665 1145 6.,
2713 1090 2876 1150 atque
2909 1079 3070 1135 etiam
3104 1078 3197 1133 ubi
3227 1078 3317 1143 A.,
3340 1078 3425 1142 Σ.,
3445 1076 3509 1131 Θ.

1936 1176 2051 1231 Etsi
2083 1176 2228 1231 enim
2257 1174 2562 1231 Theodotio
2589 1173 2978 1247 Symmachum
3019 1180 3180 1229 aetate
3222 1172 3512 1242 praecedat,

1935 1267 2206 1338 posterior
2238 1275 2422 1322 tamen
2469 1266 2543 1321 ob
2571 1280 2796 1322 causam
2835 1264 2992 1319 initio
3033 1271 3391 1318 memoratam
3427 1262 3511 1316 lo-

1935 1366 2113 1415 catur.
2159 1357 2348 1429 ltaque
2386 1357 2480 1413 ubi
2535 1358 2625 1424 A.,
2659 1356 2744 1421 Σ.,
2782 1355 2868 1421 6.,
2900 1354 3272 1425 praemittitur,
3315 1352 3515 1408 intelli~

1935 1469 2034 1524 gas
2065 1460 2285 1523 oportet
2316 1449 2736 1522 Symmachum,
2770 1448 2864 1503 ubi
2890 1446 3146 1518 Aquilam
3193 1456 3247 1502 et
3271 1446 3517 1502 Theodo-

1934 1548 2140 1601 tionem
2176 1545 2232 1600 in
2254 1543 2516 1600 vertendo
2547 1541 2842 1599 convenire
2870 1540 3027 1607 vidit,
3057 1539 3279 1597 eosdem
3311 1541 3369 1596 in
3402 1539 3518 1596 edi-

1936 1638 2085 1693 tione
2117 1653 2219 1694 sua
2245 1653 2387 1708 saepe
2415 1644 2664 1692 secutum
2695 1648 2839 1690 esse.

2042 1728 2133 1784 lll.
2181 1727 2400 1785 Cteteris
2443 1725 2820 1796 interpretibus
2866 1724 3134 1778 indoctior
3163 1722 3408 1778 habetur.

991 1813 1094 1868 ubi
1160 1795 1416 1871 Hebraica
1484 1818 1650 1873 verba
1707 1829 1835 1875 sunt
1869 1795 1913 1852 Β
2005 1820 2125 1878 Νοη
2182 1820 2557 1891 infrequenter
2604 1821 2770 1876 etiam
2818 1817 3127 1872 Theodotio
3180 1814 3516 1886 peculiarem

224 1911 358 1962 Μ
378 1910 513 1961 rm,
542 1912 735 1964 cum
783 1914 983 1965 mw
1004 1915 1246 1970 tamen
1272 1915 1456 1974 mm,
1484 1912 1680 1981 Aquila
1704 1930 1832 1970 vero
1936 1914 2062 1979 sibi,
2089 1914 2157 1969 ab
2181 1914 2412 1984 aliisque
2436 1912 2692 1984 omnibus
2711 1913 2983 1968 diversam
3011 1906 3514 1978 interpretationem

224 1995 286 2048 sic
315 1995 739 2065 interpretatur,
776 1997 889 2050 καὶ
918 1998 1075 2068 μετὰ
1102 1998 1201 2063 τὰς
1228 2001 1364 2056 ἑπτὰ
1385 2001 1714 2075 ἑϐδομάδας,
1737 2008 1833 2060 καὶ

227 2088 459 2156 ἑξήκοντα
487 2087 609 2155 δύο,
642 2088 1219 2161 ἑξολοθρευθήσεται
1252 2092 1615 2166 εἰλειμμὲνος,
1639 2109 1684 2150 et
1715 2107 1834 2167 post

216 2189 388 2246 septem
412 2181 803 2237 hebdomadas
837 2194 892 2237 et
936 2184 1229 2253 sexaginta
1262 2185 1417 2253 duas,
1452 2192 1831 2247 exterminabi-

215 2282 517 2327 tsruuctus.
556 2273 997 2345 Symmachus,
1039 2274 1299 2332 Ebionita
1337 2277 1706 2351 Christianus,
1740 2286 1834 2339 καὶ

214 2363 341 2433 μετὰ
369 2365 467 2428 τὰς
512 2365 857 2436 ἑϐδομάδας
896 2368 1048 2421 ἑπτὰ
1092 2367 1188 2421 καὶ
1225 2368 1486 2442 ἑξήκοντα
1513 2371 1641 2439 δύο,
1676 2376 1837 2430 ἐκκο-

214 2458 434 2526 πήσεται
484 2459 786 2530 Χριστός,
842 2467 897 2511 et
951 2468 1080 2528 post
1128 2459 1478 2518 hebdomadas
1538 2475 1730 2535 septem
1783 2475 1834 2521 et

209 2553 469 2619 sexaginta
512 2552 664 2603 duas
712 2551 1091 2604 exscindetur
1123 2551 1384 2608 Christus.
1432 2556 1503 2610 At
1535 2555 1834 2614 Theodotio

210 2641 465 2712 insignem
514 2645 679 2697 illam
718 2645 798 2698 de
844 2642 1088 2699 Christo
1122 2647 1461 2716 prophetiam
1510 2648 1833 2721 interpreta-

211 2735 349 2789 tione
367 2753 460 2790 sua
491 2747 793 2805 quantum
830 2737 1020 2805 potuit
1049 2737 1423 2809 labefactavit,
1443 2752 1497 2796 et
1516 2741 1829 2798 Judteorum

212 2843 355 2882 more
400 2830 828 2900 interpretatus
872 2837 963 2883 est
1011 2831 1108 2885 his
1153 2833 1366 2895 verbis,
1419 2834 1514 2887 καὶ
1564 2835 1701 2905 μετὰ
1732 2836 1834 2901 τὰς

213 2919 499 2990 ἑωομᾶδας
565 2920 683 2985 τὰς
766 2920 1059 2993 ἐξήκοντα.
1128 2921 1252 2987 δύο,
1295 2923 1835 2999 ,ἐξολοθρευθήσεται

212 3012 437 3081 visus,
485 3022 537 3066 et
578 3023 710 3082 post
760 3013 1145 3066 hebdomadas
1184 3016 1461 3085 sexaginta
1494 3018 1629 3071 duas
1657 3029 1829 3072 exter-

217 3106 493 3159 minabitur
539 3107 782 3167 unctio,
833 3107 933 3161 ubi
988 3105 1201 3161 Christi
1249 3117 1302 3162 et
1348 3109 1497 3165 uncti
1531 3119 1585 3165 et
1621 3110 1834 3167 Messias

218 3197 537 3251 mentionem
589 3198 837 3252 sustulit
866 3238 885 3263 ,
918 3197 1055 3251 licet
1090 3204 1254 3258 mum
1279 3200 1424 3255 clare
1468 3201 1523 3255 in
1561 3199 1833 3259 Hebraieo

218 3291 566 3356 exprimatur.
603 3290 683 3344 At
716 3289 1028 3354 Ebiottitae,
1064 3290 1170 3343 etsi
1193 3287 1376 3345 Jesum
1403 3307 1513 3347 non
1545 3295 1831 3349 crederent

224 3392 336 3431 esse
362 3378 517 3434 Deum
538 3423 554 3447 ,
604 3381 803 3449 ipsum
843 3388 1038 3433 tamen
1069 3392 1169 3447 pro
1191 3378 1408 3434 Christo
1434 3390 1598 3450 atque
1630 3379 1828 3435 Moesia

228 3470 518 3527 habebant:
547 3489 680 3544 qua:
714 3488 810 3527 res
851 3470 1237 3542 suspicionem
1293 3473 1586 3528 maximam
1621 3474 1830 3529 inducit

228 3561 397 3629 φειιω
425 3581 528 3620 non
562 3564 926 3627 Ebionitarn,
985 3562 1091 3618 sed
1127 3576 1249 3616 vere
1280 3562 1619 3618 incredulum
1650 3571 1705 3618 et
1730 3561 1829 3618 Ju-

233 3653 398 3709 daum
424 3656 611 3713 luisse.

387 3747 444 3803 ll.
482 3749 558 3805 De
587 3752 808 3803 ratione
842 3748 1247 3817 interpretandi
1279 3764 1383 3819 qua
1415 3765 1540 3804 usus
1572 3758 1669 3804 est.

301 3837 588 3899 Theodotio
609 3884 625 3909 ,
656 3852 721 3897 ut
746 3842 866 3912 jam
896 3840 1267 3911 probavimus
1290 3882 1305 3906 ,
1344 3850 1466 3912 post
1495 3840 1745 3912 Aquilam
1772 3852 1828 3898 et

239 3942 355 3986 ante
402 3933 790 4005 Symmachum
846 3933 1366 4003 interpretationem
1416 3949 1610 3995 suam,
1656 3934 1825 4004 impe-

243 4034 388 4080 rante
405 4026 702 4083 Commodo
728 4069 745 4095 ,
782 4028 840 4081 in
887 4027 1083 4081 lucem
1130 4025 1312 4081 etnisit
1344 4043 1356 4078 :
1386 4035 1441 4081 et
1486 4026 1540 4079 in
1580 4028 1825 4083 vertendi

249 4120 399 4173 modo
433 4138 460 4175 ει
506 4119 646 4175 LXX
696 4120 1120 4192 lnterpretibus
1163 4121 1344 4175 minus
1378 4136 1544 4190 quam
1592 4121 1684 4174 alii
1729 4121 1825 4176 de-

246 4209 413 4278 Iexit;
464 4215 571 4271 imo
631 4217 804 4270 etiam
864 4211 1025 4266 LXX
1074 4211 1376 4281 saepissime
1421 4223 1642 4268 secutus
1694 4223 1820 4268 est:

247 4318 360 4370 qua:
383 4321 528 4361 causa
558 4308 697 4375 fuit,
731 4315 797 4361 ut
826 4320 961 4360 cum
994 4301 1144 4357 LXX
1174 4304 1493 4368 deilcerent‘,
1524 4306 1671 4374 quod
1716 4304 1825 4360 fre-

249 4409 451 4461 quenter
472 4400 703 4461 accidit.
743 4397 1077 4469 praesertim
1128 4395 1181 4450 in
1234 4397 1386 4452 libris
1426 4396 1627 4463 Josue,
1672 4395 1826 4452 Judi-

1858 3156 1900 3211 C

1935 2008 2203 2063 adornat:
2233 2007 2288 2061 in
2325 2007 2501 2076 iisque
2529 2006 2664 2060 locis
2695 2006 2854 2074 longe
2884 2004 3098 2057 minore
3127 2017 3290 2072 quam
3320 1998 3517 2070 Aquila

1933 2101 2019 2156 vel
2045 2098 2431 2172 Symmachus,
2455 2097 2738 2154 Hebraicai
2766 2098 2965 2167 linguae
2991 2094 3187 2165 peritia
3216 2094 3519 2148 instructus

1933 2192 2376 2264 deprehenditur.
2413 2190 2547 2246 Nam
2579 2198 2773 2262 praeter
2816 2189 2922 2243 alia
2955 2187 3139 2251 minus
3166 2183 3314 2241 docti
3344 2185 3513 2238 inter-

1933 2285 2107 2355 pretis
2142 2285 2321 2356 signa,
2350 2300 2473 2355 qua:
2499 2284 2716 2339 erudito
2748 2280 2939 2337 lectori
2964 2277 3294 2350 exploranda
3322 2275 3515 2331 rrmit-

1937 2378 2126 2441 timus,
2163 2393 2408 2447 persaepe
2438 2376 2528 2431 ille
2554 2376 2720 2431 verba
2751 2372 3041 2439 Hebraica,
3073 2384 3308 2441 quorum
3349 2368 3519 2422 inter-

1932 2470 2168 2540 pretatio
2211 2484 2322 2524 nou
2376 2469 2450 2523 ita
2482 2467 2717 2523 difﬁcilis
2762 2475 2899 2535 erat,
2946 2473 3009 2520 ut
3049 2461 3292 2519 vertendi
3343 2460 3517 2515 mole-

1935 2562 2096 2618 stiam
2128 2561 2445 2625 declinaret,
2480 2559 2688 2616 Graecis
2725 2559 2924 2614 litteris
2956 2555 3248 2628 expressit,
3279 2550 3517 2622 exempli

1934 2669 2100 2710 causa
2138 2652 2310 2709 Levit.
2349 2668 2445 2719 vti,
2489 2652 2575 2720 18,
2620 2659 2740 2711 ἣνῆν
2770 2634 2913 2716 Sun,
2943 2650 3060 2720 ipse
3110 2646 3268 2703 vertit
3293 2641 3515 2716 φεγγὼλ

1934 2744 2110 2812 ἔσται,
2159 2745 2264 2809 vel,
2309 2758 2368 2799 ut
2410 2744 2553 2800 alius
2596 2742 2768 2800 codex
2814 2742 2997 2808 habet,
3049 2738 3289 2811 φεγγοὺλ
3333 2737 3510 2798 ἔσται,

1933 2837 2164 2907 phengul
2199 2837 2332 2902 erit,
2368 2835 2461 2890 ubi
2486 2835 2680 2904 Aquila
2727 2842 2782 2887 et
2805 2830 3188 2904 Symmachus,
3220 2813 3342 2890 (πλε
3375 2824 3515 2881 ἀπό-

1933 2928 2127 2999 ϐλητον
2182 2927 2577 2997 abjiciendum,
2631 2924 2816 2990 LXX,
2871 2923 3125 2994 μίασμα,
3185 2920 3509 2992 inquinatio,

1938 3016 2304 3090 Symmachus
2345 3017 2475 3072 alibi
2529 3016 2720 3088 ἀργὸν,
2753 3014 2965 3078 inutile,
3001 3012 3116 3080 alii,
3156 3012 3398 3082 fetidum,
3424 3009 3509 3064 vel

1935 3116 2245 3180 corruptum
2268 3107 2354 3163 vel
2382 3107 2729 3173 abominatio,
2760 3105 3209 3175 interpretantur.
3240 3100 3308 3155 Et
3334 3098 3507 3154 Levit.

1933 3219 2054 3268 xtu,
2102 3202 2171 3271 6,
2214 3210 2431 3263 nmen
2473 3199 2797 3267 Theodotio,
2848 3197 3104 3270 μασφὰα,
3152 3194 3245 3251 ubi
3288 3192 3508 3263 Aquila,

1932 3294 2271 3362 ἐξανάδοσις,
2297 3295 2526 3364 eruptio,
2559 3291 2941 3363 Symmachus,
2971 3289 3288 3362 ἔκϐρασμα,
3321 3284 3512 3340 ebulli-

1933 3388 2030 3453 tio,
2058 3388 2144 3443 vel
2182 3386 2622 3457 ejectamentum;
2658 3385 2785 3440 alibi
2816 3397 2947 3439 vero
2977 3381 3220 3451 ἔκφυμα,
3249 3377 3506 3448 pustula;

1938 3478 2189 3551 Vulgata,
2231 3479 2433 3533 scabies
2461 3494 2480 3532 :
2503 3477 2746 3548 ejusdem
2782 3475 2949 3531 etiam
2983 3483 3117 3544 puto
3154 3486 3277 3527 esse
3314 3469 3509 3525 eodem

1931 3572 2143 3643 capite,
2176 3570 2274 3643 σὴθ
2308 3571 2545 3642 positum
2581 3585 2680 3640 pro
2705 3578 2861 3632 nam,
2892 3566 3038 3636 quod
3067 3573 3186 3629 est,
3220 3572 3394 3616 tumor
3422 3558 3508 3614 vel

1930 3665 2178 3718 cicatrix.
2222 3664 2291 3718 Et
2314 3661 2486 3717 Levit.
2519 3676 2676 3726 xvut,
2701 3660 2795 3726 25,
2837 3643 2950 3718 5:11
2976 3654 3283 3711 Theodotio
3319 3649 3505 3714 θάὸελ,

1935 3755 2163 3823 Tltabel,
2230 3754 2427 3826 Aquila
2488 3770 2639 3819 vero,
2703 3750 3092 3823 ἀπειρημένον,
3161 3743 3505 3817 prohibitum,

1932 3850 2297 3923 Symmachus
2340 3848 2598 3920 ἄρρητον,
2640 3846 2948 3915 infandum,
3000 3841 3262 3911 Vulgata,
3312 3835 3507 3892 scelus.

1928 3922 1997 3997 Et
2025 3942 2183 3998 Deut.
2221 3957 2372 4005 χχιι,
2405 3941 2460 4009 9,
2497 3922 2671 4000 tam“):
2704 3935 3006 3993 Theodotio
3047 3933 3211 3990 vertit
3255 3929 3506 4000 κώλυμα,

1927 4036 2396 4105 impedimentum,
2443 4033 2575 4103 quia
2627 4033 2742 4087 haec
2787 4045 2892 4084 vox
2944 4026 3130 4084 Graeca
3182 4022 3507 4080 Hebraicam

1926 4143 2065 4197 pene
2101 4127 2388 4184 lectionem
2417 4123 2604 4190 refert,
2633 4122 2916 4192 magisque
2948 4118 3258 4190 respexisse
3293 4116 3508 4170 videtur

1927 4215 2233 4273 Theodotio
2269 4217 2337 4271 ad
2368 4215 2488 4271 soni
2518 4213 2830 4269 afﬁnitatem
2856 4224 3020 4280 quam
3057 4208 3126 4263 ad
3152 4204 3507 4277 signiﬁcatio-

1926 4327 2074 4377 nem,
2101 4310 2462 4380 Aquila.vero
2492 4303 2896 4377 ἁνομοιογενὲς,
2928 4302 2983 4356 id
3007 4309 3092 4356 est
3133 4313 3316 4369 genere
3342 4297 3508 4350 dissi-

1926 4404 2084 4467 mile;
2149 4403 2242 4456 alii
2303 4401 2520 4454 mistum
2573 4398 2659 4452 vel
2720 4397 3001 4449 misturam
3056 4392 3504 4460 interpretantur.

251 4504 390 4554 cum,
417 4491 643 4564 Regum,
674 4494 806 4559 Job,
842 4488 1117 4545 Jeremiae
1146 4497 1198 4543 et
1224 4488 1548 4553 Ezechielis,
1576 4488 1822 4546 delectus
1859 4509 1900 4564 ι)
1929 4497 1996 4551 Ει
2036 4495 2243 4550 llesaiae
2274 4509 2424 4558 LXIV,
2452 4492 2506 4556 6,
2537 4498 2676 4552 mw
2708 4485 3010 4542 Theodotio
3054 4483 3236 4545 vertit,
3298 4480 3502 4552 Ἐδδίμ,

253 4581 526 4645 huiusmodi
567 4603 635 4641 ex
682 4583 1134 4642 Theodotione,
1169 4582 1260 4651 qui
1300 4583 1423 4654 styli
1473 4592 1527 4637 et
1560 4584 1825 4640 orationis

253 4688 415 4740 genere
436 4678 663 4733 similior
693 4675 854 4732 LXX
887 4673 1295 4742 lnterpretibus
1326 4683 1465 4740 erat,
1507 4676 1825 4745 suppleren-

253 4772 344 4833 tur,
370 4773 626 4827 asteriscis
650 4771 823 4826 initio
858 4781 1097 4836 semper
1122 4779 1151 4818 a
1180 4766 1456 4838 latereque
1486 4769 1697 4837 positis,
1720 4769 1822 4823 do-

245 4869 329 4912 nec
362 4861 617 4931 sdjectitia
670 4862 774 4916 illa
822 4856 1283 4913 absolverentur.
1331 4855 1389 4911 ln
1452 4857 1593 4913 libro
1640 4869 1820 4914 autem

238 4945 480 5021 Danielis,
527 4956 666 5027 quia
719 4954 783 5008 in
846 4946 1008 5005 LXX
1063 4945 1450 5019 lnterpretibus
1495 4958 1608 5005 tota
1651 4950 1823 5006 series

232 5059 524 5117 repostae
548 5051 743 5121 posita
797 5050 964 5108 erat,
998 5040 1132 5095 licet
1151 5042 1198 5095 ei
1231 5043 1495 5098 medicam
1531 5043 1822 5098 admovere

227 5152 414 5197 mnum
446 5142 759 5200 tentaverit
786 5135 1107 5205 Origenes,
1139 5130 1229 5186 illa
1260 5141 1438 5188 tamen
1471 5133 1708 5189 editione
1729 5148 1818 5188 re-

218 5243 352 5299 nata,
384 5235 856 5294 Thcodntionem
892 5226 1029 5296 ejus
1075 5225 1193 5279 loco
1222 5227 1503 5282 substituit
1527 5226 1767 5282 Ecclesia
1802 5245 1815 5281 :

213 5329 327 5384 nde
348 5330 553 5387 factum
579 5338 677 5385 est
710 5334 782 5381 ut
811 5317 1230 5375 Theodotionis
1256 5319 1425 5375 editio
1454 5320 1507 5373 in
1539 5319 1816 5374 Danielem

204 5418 438 5497 hodieque
468 5424 594 5480 sola
627 5423 696 5476 in
748 5411 1053 5470 Ecclesiis
1076 5407 1276 5467 Graecis
1306 5412 1538 5483 legatur,
1570 5420 1624 5466 et
1649 5412 1818 5467 editio

194 5516 281 5570 τῶν
320 5520 371 5572 0'
397 5520 694 5592 paulatim
736 5504 1072 5567 interierit.
1103 5500 1217 5557 Alia
1245 5504 1370 5560 item
1404 5507 1617 5561 minora
1659 5505 1817 5560 addi-

190 5622 416 5680 tamenta,
443 5630 580 5686 qua
606 5600 980 5684 praemissis
1012 5598 1289 5654 asteriseis
1333 5594 1559 5655 editioni
1596 5600 1704 5653 τῶν
1760 5602 1815 5653 Ο¹

187 5708 383 5763 inseruit
406 5707 741 5780 Origenes,
785 5709 859 5751 ut
889 5692 1200 5763 plurimum
1231 5710 1296 5748 ex
1332 5692 1728 5759 Theodotione,
1747 5695 1816 5747 ob

183 5812 509 5859 memoratam
574 5794 735 5861 styli
796 5783 1177 5849 alliuitatem,
1226 5790 1505 5841 mutuatus
1549 5793 1664 5853 est;
1702 5799 1813 5839 non

1930 4589 2168 4655 Eddim,
2226 4586 2320 4641 ubi
2363 4584 2559 4653 Aquila
2626 4577 2984 4653 μαρτυριῶν,
3051 4575 3503 4641 testimoniorum,

1929 4678 2316 4753 Symmachus,
2366 4673 2634 4738 κυουσῶν,
2683 4672 3028 4744 parientium,
3062 4667 3315 4739 Vulgata,
3368 4683 3508 4720 men-

1926 4777 2170 4833 struatte,
2212 4766 2340 4833 alii,
2389 4775 2694 4820 centonum.
2751 4761 2905 4816 Dicet
2956 4759 3192 4815 fortasse
3229 4757 3504 4829 quispiam

1926 4860 2359 4914 'l‘heodotionem
2399 4858 2499 4913 has
2524 4872 2689 4912 voces
2724 4868 3000 4925 perraras,
3030 4862 3085 4906 et
3110 4865 3249 4922 quas
3291 4850 3386 4904 alii
3418 4849 3505 4903 iu-

1923 4961 2211 5021 terpretes,
2260 4966 2458 5021 nempe
2499 4948 2643 5003 LXX
2688 4955 2744 5003 et
2770 4945 2989 5016 Aquila,
3020 4943 3178 5015 quasi
3211 4941 3505 4997 divinando

1923 5043 2271 5098 transtulisse
2334 5042 2680 5105 videbantur,
2744 5038 2999 5094 consulto
3064 5033 3505 5107 ἀνερμηνεύτους

1922 5137 2362 5205 praetermisisse,
2395 5134 2526 5205 quia
2567 5149 2758 5188 earum
2805 5131 3262 5205 signiﬁcationem
3304 5127 3504 5197 priscis

1923 5203 2030 5282 illis
2080 5226 2302 5296 perinde
2350 5203 2515 5296 atque
2566 5224 2700 5287 sibi,
2774 5203 3016 5293 ignotam
3069 5233 3191 5274 esse
3236 5217 3499 5288 putabat:

1920 5328 2134 5389 poterat
2166 5320 2313 5374 enim
2349 5334 2417 5373 ex
2453 5317 2573 5373 aliis
2615 5315 2891 5378 mutuari,
2939 5313 2986 5368 si
3029 5314 3165 5367 bene
3209 5309 3503 5364 translatas

1921 5412 1992 5467 ab
2039 5414 2121 5467 eis
2148 5412 2466 5481 putavisset.
2518 5409 2789 5465 Praeterea
2857 5406 3030 5461 multa
3085 5401 3254 5457 verba
3308 5399 3500 5464 fuisse,

1921 5519 2155 5574 quorum
2202 5503 2330 5557 licet
2374 5501 2703 5571 significatio
2750 5515 2860 5553 non
2894 5498 3262 5566 ignoraretur,
3289 5506 3356 5545 ex
3394 5505 3498 5545 usu

1921 5606 2102 5651 tamen
2126 5593 2442 5649 δυόωσι-ναι
2477 5593 2857 5664 ἀνερμήνευτα
2895 5584 3281 5648 remanebant,
3319 5590 3372 5635 et
3408 5580 3499 5636 lit-

1919 5688 2050 5743 teris
2095 5687 2273 5742 solum
2303 5684 2529 5750 Graecis,
2574 5692 2634 5738 ut
2664 5680 2931 5736 Hebraiee
2979 5675 3272 5735 sonabant,
3314 5669 3500 5741 expri-

1920 5781 2243 5846 mebantur;
2290 5776 2448 5849 cujus
2485 5776 2565 5832 rei
2591 5772 2839 5844 exempla
2874 5770 3045 5827 multa
3076 5768 3133 5823 in
3161 5762 3302 5819 LXX
3329 5760 3503 5820 luter-
