4052 6388
577 332 648 389 95
1933 311 2452 372 PR£LIMINARIA
3747 294 3828 350 96

579 445 824 519 pretibus
861 448 1183 498 occurrunt.
1228 439 1353 496 Hac
1379 440 1617 510 objectio
1647 456 1756 496 non
1783 439 2150 495 verisimilitu-
2182 457 2224 512 Α
2254 433 2723 506 praetermisimus,
2785 430 2960 485 valere
3010 423 3310 519 possit.min
3369 419 3599 519 aliqtloh
3632 425 3824 519 tanien

578 541 706 596 dine
755 545 904 595 caret
950 555 963 590 :
1013 544 1068 590 at
1109 534 1212 589 etsi
1260 533 1556 603 aliquando
1607 533 1662 587 in
1708 532 2032 603 quihusdam
2077 546 2143 584 ex

577 629 757 687 allatis
795 626 930 683 locis
971 635 1025 681 et
1068 624 1124 680 in
1164 623 1288 680 aliis
1328 624 1469 680 bene
1508 622 1695 680 multis
1739 638 1860 694 quae
1899 621 2146 676 consulto

2249 527 2514 598 exemplis
2541 522 2930 580 Theodotionis
2976 520 3061 575 vel
3101 514 3490 586 indiligentiam
3521 510 3604 566 vel
3647 509 3826 580 impe-

2254 617 2438 672 ritiam
2471 616 2559 670 vix
2588 628 2853 672 excusare
2882 622 3192 683 possumus.

1693 882 2070 974 CAPUT
2129 881 2742 976 OCTAVUM.

1743 1067 1836 1129 De
1889 1061 2158 1142 reliquis
2186 1057 2604 1122 editionibus.

580 1295 621 1349 ι
641 1297 838 1360 Quinta,
863 1296 1033 1357 Sexta,
1059 1295 1290 1360 Septima
1302 1294 1585 1360 editiones,
1599 1291 1909 1360 quandouam
1946 1291 2226 1360 {astuastu}.
2264 1290 2324 1360 ll.
2350 1287 2678 1360 7003139903!“
2699 1291 2915 1360 ςερβτιω
2939 1282 3142 1360 ﬁliifilii;
3154 1281 3243 1360 μί.
3271 1284 3346 1334 θα
3368 1284 3547 1344 Qut!!!
3570 1286 3821 1336 οάιιῑοηοο

789 1369 791 1371 ‘
825 1349 835 1357 ’
1021 1349 1032 1357 ⁷
1130 1349 1233 1407 Ἰν.
1254 1355 1330 1404 De
1353 1356 1522 1405 Sexta.
1544 1349 1703 1403 VfDe
1723 1353 1959 1415 Septima.
1987 1353 2068 1404 Vi.
2092 1353 2168 1404 De
2189 1353 2409 1416 Vulgata
2433 1351 2668 1400 editionis
2702 1349 2887 1397 Latina
2920 1349 3214 1408 prastantia.

651 1459 690 1516 Ι.
721 1461 944 1529 Quinta,
968 1457 1152 1526 Sexta,
1178 1456 1696 1529 Septimaeditiones
1733 1459 2075 1528 quandonam

1196 1529 1355 1598 facta
1382 1528 1513 1585 sint.

648 1644 768 1712 Quo
799 1653 1040 1713 tempore
1063 1640 1284 1709 Quinta,
1313 1640 1497 1708 Sexta,
1521 1651 1575 1698 et
1601 1642 1841 1714 Septima
1879 1645 2148 1702 editiones

580 1738 797 1792 emissa
829 1735 1069 1802 fuerint;
1107 1751 1176 1789 an
1209 1735 1314 1790 alia
1347 1735 1509 1790 aliam
1553 1745 1708 1791 atate
1753 1737 1911 1808 longe
1947 1753 2150 1809 prace-

577 1829 693 1895 dat,
724 1843 847 1898 qua
883 1829 1055 1898 prior,
1099 1843 1220 1896 qua
1271 1829 1538 1898 posterior
1577 1827 1902 1884 concinnata
1942 1830 2145 1896 fuerit,

576 1921 780 1992 quibus
823 1919 1141 1975 auctoribus
1188 1919 1444 1989 singula;
1488 1920 1621 1986 hac,
1669 1920 1914 1990 inquam,
1966 1924 2149 1978 omnia

578 2028 733 2083 aque
764 2013 948 2082 ignota
982 2021 1141 2075 sunt,
1178 2028 1277 2068 nec
1310 2021 1483 2081 potest
1515 2012 1584 2068 iis
1607 2013 1674 2068 de
1708 2012 1871 2068 rebus
1901 2014 1982 2069 vel
2015 2030 2149 2070 con-

573 2104 831 2172 iectando
875 2104 1150 2174 quidpiam
1203 2103 1450 2173 proferri.
1495 2102 1834 2176 Perindeque
1871 2106 2151 2178 ignoratur

579 2207 647 2246 an
676 2192 887 2262 Aquila
910 2235 924 2260 ,
954 2193 1342 2250 Theodotionis
1379 2203 1432 2250 et
1458 2194 1770 2267 Symmachi
1819 2197 2150 2252 editionibus

579 2281 686 2338 illa
735 2285 817 2339 vel
876 2287 1215 2357 antiquiores
1264 2288 1408 2351 sint,
1453 2288 1539 2343 vel
1596 2296 1754 2344 atate
1801 2290 2146 2358 posteriores.

580 2374 640 2430 Si
669 2385 849 2432 tamen
897 2377 1119 2444 Quinta,
1153 2394 1275 2449 qua
1311 2394 1456 2433 anno
1483 2378 1780 2435 Caracalla
1825 2381 2056 2450 septimo
2095 2380 2150 2434 in

577 2461 741 2518 doliis
780 2474 990 2534 reperta
1016 2475 1118 2531 est,
1154 2476 1208 2522 tl
1241 2467 1403 2523 Sexta
1431 2485 1554 2538 qua
1595 2480 1836 2540 tempore
1861 2470 2152 2525 Alexandri

581 2550 769 2610 Severi
804 2556 859 2610 in
891 2558 1052 2614 doliis
1080 2561 1284 2628 pariter
1314 2561 1663 2630 deprehensa.
1699 2561 1830 2627 fuit;
1867 2562 1914 2617 si
1957 2562 2150 2627 amba,

579 2641 841 2712 inquam,
892 2645 997 2702 illa
1046 2648 1099 2702 in
1149 2649 1313 2704 doliis
1368 2650 1684 2720 bujusmodi
1732 2652 1826 2706 diu
1875 2652 2150 2717 latuerint,

587 2729 983 2792 Theodotionis
1031 2753 1162 2794 sane
1213 2749 1266 2794 et
1309 2739 1622 2813 Symmachi
1681 2744 1984 2810 editiones,
2032 2759 2154 2814 qua

583 2824 748 2894 paulo
793 2835 920 2882 ante
965 2829 1180 2884 emissa
1237 2829 1489 2897 fuerant,
1542 2842 1700 2888 atate
1752 2836 2151 2904 praeesserint.

580 2911 725 2968 Sane
751 2917 1044 2974 verisimile
1070 2919 1308 2984 videtur,
1332 2922 1416 2976 vel
1440 2938 1506 2978 ex
1539 2923 1658 2994 ipso
1686 2924 1941 2980 narrandi
1968 2912 2151 2991 modo,

577 3004 846 3063 editiones
883 3009 1027 3077 illas,
1068 3028 1191 3079 qua
1229 3027 1361 3069 casu
1400 3015 1454 3068 in
1493 3015 1653 3071 doliis
1695 3015 1926 3072 latentes
1962 3018 2156 3088 depre«

578 3095 766 3153 bensa
809 3110 957 3166 sunt,
990 3116 1097 3156 non
1136 3105 1452 3172 nuperrime
1479 3107 1785 3163 occultatas
1830 3108 2022 3177 fuisse,
2059 3111 2152 3164 sed

579 3203 688 3243 non
717 3193 907 3260 paucis
938 3193 1164 3249 latuisse
1201 3195 1382 3251 annis.
1421 3195 1499 3250 Ex
1527 3198 1628 3252 hac
1661 3213 1826 3267 porro
1852 3200 2151 3255 editionum

579 3282 900 3339 collectione
941 3285 1383 3352 animadvertas,
1432 3288 1527 3342 illo
1569 3303 1686 3344 avo
1712 3291 1911 3347 multos
1961 3291 2152 3359 fuisse,

578 3373 673 3445 qui
707 3372 988 3431 Hebraicis
1012 3376 1166 3432 libris
1199 3392 1368 3432 sacra
1395 3378 1692 3446 Scriptura
1717 3381 1904 3438 Grace
1938 3393 2152 3440 verten-

581 3467 669 3521 dis
699 3467 1021 3522 insudarent
1057 3485 1070 3523 :
1113 3482 1237 3522 nam
1276 3475 1470 3538 prater
1502 3468 1644 3524 LXX
1685 3472 2028 3543 interpretes,
2059 3491 2154 3530 sex

579 3558 716 3613 alias
743 3559 1011 3615 editiones
1039 3569 1232 3615 nactus
1255 3560 1632 3633 estOrigenes,
1657 3565 1750 3636 qui
1775 3564 2012 3622 fortasse
2043 3583 2154 3622 non

581 3663 771 3706 omnes
797 3667 919 3722 qua.
949 3658 1075 3705 ante
1108 3651 1440 3720 prodierant,
1469 3655 1707 3723 reperire
1745 3659 1942 3726 potuit.

870 3741 934 3798 ll.
984 3742 1334 3808 Quandonam
1387 3758 1602 3813 repertae
1646 3749 1864 3818 fuerint.

649 3832 908 3900 Quintam
944 3834 1238 3890 editionem
1275 3848 1545 3905 repertam
1596 3839 1765 3896 fuisse
1794 3841 2152 3900 Hieriehunte

583 3923 640 3976 in
677 3923 859 3985 doliis,
890 3926 948 3977 ὲν
983 3924 1178 3988 πίθοις,
1221 3925 1488 3982 referebat
1511 3927 1792 3999 Origenes,
1826 3940 1962 3986 teste
1987 3932 2156 3988 Euse-

582 4013 695 4077 bio,
721 4013 865 4068 Hist.
893 4015 1018 4068 eccl.
1057 4016 1149 4070 lib.
1177 4033 1253 4083 vr,
1287 4033 1408 4088 cap.
1438 4019 1522 4084 16,
1549 4030 1604 4075 et
1627 4022 1865 4090 quidem,
1888 4032 1945 4078 ut
1973 4034 2158 4080 narrat

584 4103 947 4174 Epiphanius,
985 4122 1128 4162 anno
1151 4110 1444 4166 Caracalla
1470 4113 1720 4183 septimo.
1750 4115 1911 4170 Sexta
1942 4118 2149 4186 pariter

583 4197 751 4250 editio
799 4198 852 4251 in
898 4200 1061 4255 doliis
1109 4201 1325 4258 inventa
1376 4203 1477 4259 fuit
1516 4204 1762 4276 Nicopoli
1807 4208 1876 4262 ad
1914 4210 2154 4276 Actium,

585 4297 826 4357 tempore
849 4289 1200 4346 Alexandrini
1233 4292 1438 4350 Severi.
1475 4295 1781 4366 Septimam.
1802 4299 1927 4353 item
1962 4300 2157 4354 editio-

584 4397 705 4436 nem
737 4391 957 4438 nactum
981 4381 1270 4455 Origenem
1313 4386 1368 4439 in
1402 4385 1658 4456 Hesaplis
1693 4388 1942 4457 posuisse
1972 4399 2158 4444 narrat

584 4469 850 4528 Eusebius
892 4475 982 4529 lib.
1007 4492 1076 4538 vi,
1129 4491 1247 4545 cap.
1270 4475 1336 4530 16
1357 4494 1371 4531 :
1393 4478 1490 4530 Ἐν
1511 4493 1576 4546 γε
1600 4480 1704 4549 μὴν
1729 4482 1839 4543 τοῖς
1871 4479 2156 4544 Ἐξαπλοῖς

581 4565 690 4619 τῶν
710 4566 951 4636 Ψαλμῶν
979 4568 1118 4637 μετὰ
1141 4568 1237 4632 τὰς
1261 4570 1562 4643 ἐπισήμους
1594 4572 1864 4644 τέςσαρας
1891 4572 2150 4639 ἐκδόσεις,

582 4656 643 4710 οὐ
685 4656 840 4726 μόνον
877 4657 1162 4729 Πέμπτην.
1205 4659 1342 4714 ἀλλὰ
1381 4663 1474 4716 καὶ
1503 4662 1704 4734 "Exn-13v
1752 4664 1846 4717 καὶ
1890 4662 2155 4734 Ἑϐδόμην

585 4748 852 4818 παραθεὶς
899 4750 1212 4820 ἑρμηνείαν.
1257 4751 1313 4806 ld
1358 4762 1443 4808 est
1480 4769 1493 4804 :
1547 4752 1738 4823 Utique
1792 4754 1845 4806 in
1895 4752 2154 4822 lIezaptis

585 4839 924 4894 Psalmorum
969 4852 1084 4910 post
1133 4845 1364 4914 insignes
1415 4843 1538 4897 illas
1585 4853 1816 4914 quatuor
1863 4845 2152 4908 editiones,

583 4932 674 4986 ubi
704 4949 804 4986 non
834 4933 1004 4988 soluat
1035 4935 1313 5004 Quintam,
1345 4938 1435 4992 sed
1463 4939 1624 4991 etiam
1656 4935 1871 4991 Sextum
1900 4945 1949 4991 et
1976 4935 2153 5006 Septi-

583 5039 727 5076 mam
776 5024 1059 5080 editionem
1103 5013 1368 5098 apposuit,
1409 5037 1513 5083 etc.
1564 5027 1690 5082 [lac
1732 5029 1786 5081 in
1833 5037 2156 5083 transcursu

583 5131 814 5172 narrans
860 5116 1153 5184 Eusebius,
1209 5121 1263 5174 in
1311 5119 1545 5175 Psalmis
1595 5129 1804 5175 tantum
1857 5119 2155 5189 Septimam

583 5209 879 5265 editionem
917 5210 1086 5266 fuisse
1116 5219 1401 5266 memorat.
1434 5210 1540 5266 Sed
1581 5213 1698 5281 ipso
1728 5221 1866 5266 teste
1896 5211 2154 5280 Eusebio,

583 5299 640 5354 in
685 5302 992 5358 minoribus
1040 5305 1204 5359 etiam
1255 5304 1535 5373 prophetis
1588 5304 1923 5369 habebatur,
1973 5304 2156 5360 locum

582 5392 728 5446 enim
762 5390 1018 5464 Septima
1063 5411 1130 5450 ex
1164 5393 1420 5448 Habacuc
1470 5409 1591 5463 cap.
1631 5411 1667 5448 ιι
1716 5394 1830 5464 ipse
1862 5394 2068 5463 profert
2100 5398 2154 5452 in

581 5482 1046 5540 Demonstratione
1101 5487 1434 5556 evangelica;
1488 5495 1668 5540 utrum
1723 5488 1776 5540 in
1821 5486 1944 5542 aliis
1988 5487 2156 5544 etiam

585 5575 740 5632 libris
776 5578 940 5632 fuerit
982 5579 1090 5649 jam
1133 5580 1310 5647 capite
1345 5579 1523 5647 primo
1570 5577 2026 5633 Praliminarium
2061 5595 2158 5636 ex-

583 5685 818 5741 pensum
858 5671 981 5726 fuit.
1016 5670 1252 5726 Eusebio
1292 5670 1492 5727 accinit
1519 5669 1882 5742 Hieronymus
1918 5672 1990 5726 De
2017 5675 2154 5727 scri-

581 5762 820 5817 ptoribus
866 5762 1276 5817 ecclesiasticis:
1309 5761 1599 5830 Praeterea,
1646 5763 1850 5834 inquit,
1898 5763 2155 5829 Quintam

2250 1466 2299 1512 et
2325 1455 2542 1512 Sextum
2579 1463 2630 1507 et
2660 1452 2953 1522 Septimam
2988 1449 3267 1504 editionem
3289 1489 3304 1514 ,
3352 1464 3482 1519 quas
3521 1451 3684 1507 etiam
3727 1467 3828 1506 nos

2253 1549 2317 1601 de
2359 1545 2472 1616 ejus
2521 1543 2832 1598 bibliotheca
2885 1540 3171 1606 habemus,
3225 1541 3358 1593 miro
3406 1539 3587 1595 labore
3630 1542 3830 1609 reperit

2254 1639 2560 1711 (Origenes)
2607 1646 2659 1690 et
2695 1651 2814 1690 cum
2853 1635 3060 1689 caeteris
3105 1632 3419 1688 editionibus
3470 1635 3826 1704 comparavit.

2253 1727 2418 1800 Igitur
2460 1742 2523 1782 ex
2550 1724 2769 1780 Eusebii
2810 1733 2863 1778 et
2889 1721 3200 1794 Hieronymi
3241 1723 3589 1790 testimoniis,
3618 1722 3832 1793 quibus

2252 1835 2360 1874 non
2406 1817 2531 1874 licet
2571 1816 2864 1887 refragari,
2908 1823 3116 1869 certum
3165 1822 3250 1868 est
3295 1811 3594 1883 Septimam
3653 1813 3827 1869 etiam

2249 1911 2540 1968 editionem
2589 1910 2643 1963 in
2683 1907 3010 1978 quibusdam
3059 1905 3356 1976 Scriptura:
3405 1906 3563 1961 libris
3601 1906 3672 1961 ab
3703 1907 3832 1976 ipso

2249 2002 2481 2074 Origene
2504 2002 2734 2072 positam
2765 2001 2950 2057 fuisse.
2979 1998 3034 2054 Id
3058 2012 3204 2056 certe
3231 2001 3482 2070 ignorare
3510 2015 3617 2055 non
3645 2001 3835 2070 potuit

2251 2096 2544 2160 Eusebius,
2587 2096 2682 2165 qui
2733 2096 2911 2164 ipsum
2944 2092 3196 2162 Origenis
3241 2092 3674 2163 autograpbum,
3711 2109 3831 2149 una

2250 2205 2376 2245 cum
2394 2187 2678 2257 Pamphilo
2709 2195 2967 2258 martyre,
3002 2185 3270 2250 tractavit,
3295 2186 3534 2242 correxit
3563 2187 3834 2243 scboliis-

2254 2299 2360 2356 que
2402 2283 2715 2338 illustravit.
2762 2281 3015 2335 Attamen
3052 2279 3347 2349 Septimam
3393 2295 3666 2350 nusquam
3708 2293 3835 2334 me-

2251 2383 2431 2428 morat
2459 2373 2824 2444 Epiphanius,
2861 2370 2955 2442 qui
3004 2381 3063 2425 ut
3101 2371 3156 2424 in
3204 2370 3326 2424 aliis
3360 2371 3542 2424 minus
3580 2371 3834 2426 secura-ti

2252 2464 2534 2534 scriptoris
2585 2463 2881 2532 conspicua
2930 2461 3084 2532 signa
3127 2461 3294 2527 dedit,
3328 2461 3430 2516 hoc
3472 2462 3599 2515 item
3641 2461 3836 2516 indili-

2253 2562 2442 2625 genter
2473 2563 2738 2610 tractasse
2776 2553 3174 2608 existimandus
3205 2560 3309 2608 est.
3359 2553 3464 2607 Sed
3489 2593 3503 2617 ,
3535 2554 3680 2625 quod
3717 2555 3832 2609 mi-

2253 2661 2377 2700 rum
2413 2646 2681 2711 videatur,
2712 2653 2902 2699 auctor
2933 2641 3226 2714 Synapseos
3276 2645 3416 2698 inter
3451 2644 3835 2700 Atlianasiana

2255 2754 2421 2809 opera
2451 2754 2622 2806 cusa,
2667 2738 2734 2793 de
2757 2738 2996 2809 Septima
3031 2737 3266 2793 editione
3301 2737 3374 2790 ita
3413 2736 3698 2807 loquitur:
3733 2734 3838 2792 Se-

2253 2831 2419 2900 ptima
2450 2841 2499 2884 et
2531 2841 2794 2900 postrema
2825 2831 3190 2898 interpretatio
3239 2830 3411 2882 sancti
3451 2829 3674 2881 Luciani
3705 2845 3833 2881 ma-

2254 2920 2343 2992 gni
2378 2931 2567 2975 ascette
2609 2930 2659 2974 et
2690 2922 2940 2991 martyris
2972 2931 3071 2985 est,
3104 2921 3193 2990 qui
3227 2930 3276 2973 et
3309 2922 3417 2988 ipse
3448 2937 3566 2974 cum
3606 2922 3661 2974 in
3688 2937 3836 2990 prc—

2255 3012 2428 3066 dictas
2452 3012 2706 3066 editiones
2741 3029 2858 3066 cum
2888 3011 3162 3067 Ilebraicis
3192 3012 3497 3077 conjunctas
3531 3012 3833 3078 incidisset,

2257 3114 2303 3158 et
2338 3104 2617 3175 diligenter
2652 3121 2770 3175 qua:
2808 3104 2885 3158 vel
2923 3105 3170 3170 deerant,
3215 3101 3291 3157 vel
3337 3103 3607 3173 superﬂua
3650 3114 3832 3166 erant,

2256 3196 2603 3264 inspexisset,
2653 3212 2715 3249 ac
2765 3197 2874 3250 suis
2917 3195 3207 3266 quibusque
3247 3193 3650 3264 Scripturarum
3692 3195 3832 3249 locis

2256 3291 2599 3353 correxisset,
2662 3291 2950 3344 versionem
3010 3288 3144 3342 hanc
3190 3287 3509 3343 Christianis
3569 3287 3832 3357 fratribus

2255 3380 2442 3443 edidit,
2483 3397 2599 3451 qua:
2632 3381 3018 3451 interpretatio,
3060 3381 3166 3434 sive
3210 3381 3375 3451 ipsius
3424 3397 3585 3432 manu
3627 3379 3836 3433 descri-

2255 3483 2376 3542 ptus
2420 3471 2575 3536 liber,
2616 3481 2732 3542 post
2767 3473 2880 3541 ejus
2929 3481 3190 3526 certamen
3237 3481 3286 3526 et
3327 3472 3644 3541 martyrium
3687 3470 3833 3540 quod

2256 3564 2350 3620 sub
2395 3564 2727 3618 Diocletiano
2773 3573 2821 3617 et
2863 3562 3195 3616 Maximiano
3251 3563 3495 3632 tyrannis
3546 3563 3830 3627 sustinuit,

2255 3666 2484 3725 repertus
2517 3667 2593 3710 est
2628 3653 2954 3708 Nicomediae
2986 3654 3077 3707 sub
3113 3654 3466 3710 Constantino
3499 3653 3692 3724 Magno
3723 3655 3832 3708 im-

2254 3759 2496 3820 peratore
2529 3749 2672 3818 apud
2697 3746 2944 3811 Judwos,
2975 3748 3031 3801 in
3064 3749 3264 3816 pariete
3310 3747 3502 3800 turrito
3540 3745 3685 3798 calce
3723 3745 3835 3798 circ

2255 3842 2509 3908 cumlito,
2569 3842 2626 3894 in
2684 3856 2788 3909 quo
2841 3838 3096 3892 custodia:
3149 3840 3326 3909 gratia
3380 3839 3582 3907 positus
3630 3837 3832 3906 fuerat.

2259 3933 2350 3988 Sic
2389 3933 2476 3987 ille
2509 3932 2850 3987 decantatam
2890 3931 3035 3984 illam
3071 3929 3301 3985 Luciani
3347 3930 3602 4001 martyris
3629 3928 3834 3983 editio-

2257 4043 2380 4082 nem
2424 4041 2550 4081 cum
2579 4024 2817 4095 Septima
2854 4023 3142 4094 Hexaplari
3187 4022 3454 4086 confudit,
3487 4037 3664 4091 exque
3696 4021 3836 4078 due-

2257 4120 2360 4175 bus
2408 4135 2572 4174 unam
2621 4118 2768 4173 fecit.
2832 4117 2986 4186 Quod
3018 4126 3384 4172 commentum
3417 4114 3635 4170 Eusebii
3668 4121 3835 4183 atque

2259 4209 2573 4280 Hieronymi
2625 4208 2955 4263 testimoniis
3005 4205 3338 4277 exploditur,
3389 4219 3621 4274 quorum
3658 4202 3831 4273 prior,

2258 4303 2504 4358 Luciano
2539 4303 2763 4372 martyri
2795 4300 3042 4370 aqualis,
3079 4300 3133 4354 in
3171 4299 3290 4369 ipso
3324 4296 3665 4367 autographo
3699 4295 3835 4350 vidit

2261 4392 2561 4462 Septimam
2611 4395 2679 4448 ab
2717 4394 2951 4463 Origene
3001 4399 3128 4446 ante
3174 4404 3351 4445 annos
3399 4389 3520 4457 plus
3561 4387 3837 4458 quinqua-

2188 4518 2231 4572 D
2260 4487 2405 4556 ginta
2451 4486 2502 4538 in
2562 4484 2815 4554 Hexaplis
2861 4485 3118 4553 positam.
3152 4481 3233 4535 Ad
3272 4481 3389 4535 haec
3417 4494 3548 4533 vero
3583 4477 3833 4533 auctoris

2258 4577 2550 4648 Synopseos
2588 4579 2825 4631 narratio
2858 4576 3134 4645 respuitur
3165 4589 3230 4628 ex
3264 4573 3399 4640 ipsis
3434 4571 3692 4641 Septima
3723 4570 3838 4626 fra-

2257 4669 2509 4740 gmentis,
2537 4683 2678 4736 qua,
2707 4675 2765 4720 ut
2794 4665 3228 4720 testilicabantur
3255 4662 3528 4717 Eusebius
3557 4671 3612 4716 et
3636 4659 3839 4715 Hiero-

2257 4773 2473 4828 nymus,
2509 4758 2562 4810 in
2606 4756 2793 4826 paucis
2822 4755 3116 4824 Scriptura
3164 4754 3316 4809 libris
3350 4753 3540 4807 aderat
3581 4771 3593 4806 :
3640 4761 3840 4808 contra

2256 4867 2386 4905 vero
2431 4849 2657 4905 Luciani
2698 4848 2869 4902 editio
2911 4855 3078 4901 totam
3109 4845 3450 4916 Scripturam
3502 4845 3842 4914 complecte-

2257 4942 2446 5008 batur;
2466 4942 2708 5010 nibilque
2725 4939 2873 4994 aliud
2893 4947 3009 4994 erat
3025 4955 3186 5009 quam
3212 4937 3588 5009 interpretatio
3618 4937 3729 4992 τῶν
3755 4940 3843 5007 0',

2258 5033 2506 5102 plurimis
2529 5033 2580 5086 in
2607 5032 2742 5087 locis
2762 5034 2830 5086 ab
2863 5033 3049 5086 eodem
3069 5040 3259 5086 sanch
3275 5039 3511 5100 martyre
3523 5029 3843 5096 emendata,

2257 5141 2379 5194 qua
2407 5124 2595 5178 multis
2624 5133 2746 5192 post
2777 5123 3101 5178 concinnata
3132 5120 3371 5189 llexapla
3409 5119 3572 5172 annis
3613 5119 3847 5188 prodie-

2259 5225 2364 5268 rat.
2449 5213 2587 5268 lliuc
2635 5229 2766 5267 vero
2834 5211 3187 5280 corrigendus
3236 5210 3468 5264 Brianus
3518 5209 3841 5278 Waltonus,

2257 5309 2350 5376 qui
2383 5307 2450 5361 ab
2477 5317 2699 5362 auctore
2728 5304 3020 5374 Synopseos
3049 5304 3326 5372 deceptus,
3357 5303 3615 5372 opinatur
3649 5302 3841 5374 Septi-

2258 5414 2401 5452 mam
2440 5399 2686 5453 eamdem
2727 5414 2849 5454 esse
2874 5411 3036 5466 quam
3068 5393 3296 5449 Luciani
3340 5394 3601 5465 martyris
3634 5395 3843 5454 editio-

2259 5507 2406 5547 nem.
2442 5490 2752 5562 Prolegom.
2788 5506 2864 5554 ix,
2899 5505 3050 5543 num.
3078 5488 3168 5544 20.

2676 5582 2764 5639 Ill.
2812 5583 2888 5637 De
2926 5581 3125 5646 Quinta
3155 5583 3402 5636 editione.

2328 5671 2764 5734 Christianusue,
2796 5687 2865 5727 an
2893 5669 3134 5734 Judaus,
3177 5671 3633 5728 Samaritanusve
3668 5671 3841 5730 fuerit

2257 5757 2350 5835 qui
2381 5765 2673 5821 editionem
2706 5762 2966 5830 Quintam
2998 5763 3299 5824 adornavit.
3332 5779 3436 5819 nec
3469 5781 3538 5822 es
3584 5777 3833 5822 veterum
