4052 6388
217 347 261 404 θῖ
1529 357 1596 412 IN
1635 357 1958 414 HEXAPLA
1995 355 2253 412 ORIGEN
2260 355 2340 412 IS.
3505 365 3574 422 gs

215 463 515 534 testimonio,
548 485 683 526 nec
719 487 816 529 ex
865 477 1036 548 ejus
1069 479 1509 550 interpretatione
1535 479 1709 550 colligi
1738 492 1899 549 posse
1928 485 1969 539 Α
1999 475 2204 542 ptimae,
2239 489 2361 544 quae
2390 474 2444 528 in
2474 473 2727 531 llabacuc
2753 475 3012 547 propheta
3050 491 3153 534 suo
3177 479 3366 534 ordine
3401 480 3576 550 posita

215 556 406 611 videtur:
441 558 770 632 quisquis
813 581 1002 623 vero
1039 567 1229 635 fuerit,
1259 569 1425 624 multo
1453 570 1705 624 liberiore
1733 585 1896 640 quam

221 645 562 707 Smmachus
596 651 1118 726 interpretandi
1168 676 1355 732 genere
1402 678 1534 717 usus
1567 671 1670 725 est,
1719 662 1791 716 ita
1841 673 1900 716 ut

221 739 601 812 paraphrasten
655 747 1097 820 quandoque
1143 752 1330 821 sapiat,
1359 761 1416 806 ut
1459 753 1642 808 videre
1674 767 1899 822 praeser-

225 831 300 888 tim
324 840 401 886 est
431 833 497 888 in
534 834 918 893 duodecim
981 841 1277 912 prophetis
1307 842 1623 910 minoribus,
1668 845 1758 898 ubi
1795 843 1901 898 fre-

231 923 487 994 quentiara
541 926 858 995 ejusdem
915 930 1250 1004 fragmenta
1299 934 1583 989 habentur.
1635 931 1726 989 Sic
1764 932 1900 990 Osee

235 1030 297 1074 γι.
318 1015 371 1078 Ξ,
403 1032 615 1072 vocem
651 1028 947 1089 urvum,
989 1040 1170 1094 quam
1203 1026 1399 1087 caeteri,
1439 1025 1642 1079 curabit
1671 1042 1784 1089 nos,
1813 1026 1896 1080 vel

245 1108 457 1178 alligabit
487 1127 625 1172 nos,
663 1112 1199 1183 interpretantur,
1223 1118 1334 1186 ipse
1364 1119 1542 1181 vertit,
1569 1118 1740 1188 ὑγιεῖς
1767 1120 1900 1172 ἁπο-

254 1201 409 1268 istast,
439 1219 612 1257 sanos
664 1207 1023 1264 exhibebit.
1076 1209 1148 1262 Et
1186 1208 1316 1265 Osce
1353 1227 1448 1276 vn,
1496 1213 1582 1278 14,
1633 1213 1744 1266 haec
1796 1210 1899 1266 He-

260 1295 416 1349 braica
446 1296 626 1350 verba
671 1305 748 1356 ﬁ:
780 1303 964 1359 han?
1017 1311 1236 1362 mnum
1267 1311 1466 1362 xzmtm
1510 1287 1718 1387 1314737.
1763 1318 1897 1373 quo-

267 1399 367 1436 rum
393 1399 596 1439 sensus
633 1393 759 1450 est,
806 1405 1001 1458 super
1042 1391 1284 1444 triticum
1311 1402 1359 1445 et
1388 1393 1564 1446 vinum
1601 1392 1898 1462 congregati

270 1484 392 1534 sunt,
416 1489 774 1531 recesserunt
819 1497 860 1533 α
905 1497 1023 1546 me,
1057 1483 1176 1550 ipse
1206 1483 1383 1549 vertit,
1422 1483 1527 1536 ὑπὸ
1570 1484 1781 1555 τρυφῆς
1806 1483 1898 1535 καὶ

273 1567 569 1638 πλησμονῆς
619 1571 797 1624 σίτου
851 1574 964 1625 καὶ
1009 1573 1162 1627 οἴνου
1188 1573 1496 1646 ἀπέστησάν
1544 1594 1665 1646 μου,
1713 1576 1894 1642 idest,

274 1675 304 1710 α
326 1660 586 1728 roluptate
615 1671 669 1715 et
715 1662 1104 1718 abundantia
1135 1667 1296 1720 tritici
1321 1679 1369 1720 et
1406 1669 1514 1721 vini
1540 1669 1835 1737 defecerunt
1865 1685 1897 1720 a

277 1767 368 1806 ne.
402 1752 491 1807 Sic
526 1755 625 1809 ille
678 1756 813 1810 fere
849 1772 1092 1827 semper
1129 1759 1347 1813 liberam
1379 1776 1479 1815 nec
1510 1760 1702 1814 litterze
1733 1759 1896 1815 astri-

2001 575 2150 633 erat,
2215 574 2274 620 ut
2317 566 2484 636 liquet
2521 581 2586 620 ex
2630 567 2749 637 ejus
2801 566 3104 639 fragmento
3164 586 3285 640 cap.
3325 588 3388 636 ιι,
3432 571 3487 639 4,
3523 582 3580 628 et

1999 671 2064 710 ex
2109 665 2236 711 nota
2262 656 2576 728 Hieronymi
2609 656 2807 712 ibidem
2837 660 2892 728 y.
2927 659 3014 714 ll.
3044 658 3142 716 Hic
3190 670 3370 717 autem
3408 663 3575 718 inter-

2001 765 2124 818 pres
2149 749 2326 804 locum
2357 765 2522 818 supra
2550 749 2770 804 allatum
2807 752 2861 820 y.
2901 750 2987 814 l3,
3021 768 3180 821 quem
3212 752 3574 826 Hieronymus

1999 837 2246 905 queritur
2302 851 2332 890 a
2394 835 2721 908 Symmacho
2775 848 2830 893 et
2890 837 3260 898 Theodotione
3316 843 3574 901 Ebionaeo

2001 942 2151 981 more
2180 942 2396 981 versum
2429 927 2598 983 fuisse
2625 929 2728 983 hoc
2753 938 2930 998 pacto,
2957 946 3191 1000 egressus
3221 949 3275 990 es
3305 945 3361 988 ut
3393 935 3575 990 salva-

1999 1034 2080 1071 res
2107 1018 2357 1088 populum
2387 1029 2554 1086 tuum,
2593 1029 2652 1072 ut
2687 1021 2917 1076 salvares
2949 1021 3223 1077 Christum
3266 1035 3412 1079 tuum
3432 1069 3446 1091 ,
3474 1025 3575 1082 Ju-

1999 1108 2156 1164 daico
2185 1124 2409 1178 prorsus
2435 1125 2582 1164 more
2607 1113 2892 1178 convertit,
2920 1112 3005 1168 his
3035 1115 3247 1170 verbis:
3278 1117 3575 1190 Ἀνεφάνης

1997 1200 2090 1253 ἐπὶ
2125 1202 2365 1273 σωτηρίᾳ
2395 1201 2486 1255 τοῦ
2524 1202 2652 1256 λαοῦ
2685 1219 2797 1266 σου,
2842 1202 3104 1276 ῥύσασθαι
3131 1207 3258 1270 τοὺς
3289 1207 3576 1272 ἐκλεκτούς

2000 1307 2114 1344 σου·
2147 1293 2453 1359 Apparuisti
2484 1310 2639 1363 super
2675 1295 2848 1348 salute
2879 1297 3057 1365 populi
3095 1299 3191 1362 tui,
3237 1299 3305 1351 ad
3340 1299 3573 1355 liberan-

1997 1382 2122 1436 dum
2167 1384 2354 1438 electos
2403 1393 2541 1450 tuos,
2585 1384 2676 1438 ubi
2723 1401 2918 1440 nomen
2967 1386 3168 1442 Christi
3217 1389 3270 1443 in
3309 1389 3575 1446 llebraico

1997 1490 2315 1544 expressum
2358 1483 2562 1556 Tum
2597 1477 2648 1529 in
2691 1477 2891 1533 electos
2945 1480 3174 1534 vertitur
3217 1497 3228 1532 :
3269 1484 3412 1552 quod
3449 1501 3582 1540 sane

1996 1568 2082 1619 vir
2126 1565 2470 1622 Christianus
2509 1583 2618 1624 non
2677 1567 2886 1624 fecerit.
2925 1569 3002 1624 Ex
3061 1571 3166 1626 hoc
3219 1573 3346 1628 item
3403 1577 3582 1646 capite

1996 1655 2420 1725 deprehenditur
2456 1658 2603 1712 hunc
2645 1659 2995 1730 interpretem
3040 1663 3331 1718 admodum
3395 1683 3579 1740 παρα-

1997 1747 2314 1816 φραστικῶς
2346 1749 2592 1815 vertisse,
2621 1761 2681 1804 ut
2709 1752 2959 1821 quisquis
2985 1753 3166 1808 videre
3201 1757 3393 1824 possit.

280 1852 406 1896 ctam
449 1844 1011 1916 interpretationem
1049 1847 1227 1914 eﬂ‘ert,
1257 1849 1328 1904 ita
1377 1860 1554 1906 tamen
1601 1862 1658 1905 ut
1703 1866 1732 1904 a
1766 1863 1892 1904 vera

2069 1838 2163 1894 His
2204 1841 2386 1909 itaque
2419 1842 2739 1911 perspectis,
2775 1844 3062 1899 dicendum
3089 1857 3277 1911 restat,
3323 1858 3430 1904 tres
3458 1851 3580 1908 illas

283 1933 564 2006 Scriptura:
611 1947 819 1993 mente
856 1955 976 1993 non
1027 1940 1292 1994 recedat:
1335 1957 1456 2010 qua:
1488 1957 1650 1997 causa
1694 1941 1794 1996 fuit
1838 1951 1898 1997 ut

285 2022 532 2095 Vulgatus
576 2027 885 2096 interpres
937 2029 995 2082 in
1030 2027 1125 2083 his
1169 2030 1550 2099 prophetarum
1591 2031 1745 2087 libris
1787 2047 1892 2086 non

280 2115 647 2188 infrequenter
678 2119 882 2189 ipsum
924 2119 1089 2188 sequi
1117 2120 1375 2175 videatur.

878 2209 976 2263 IV.
1023 2209 1108 2263 De
1151 2207 1328 2266 Sexta.

347 2299 560 2354 Sextam
597 2316 744 2356 vero
783 2301 1108 2355 editionem
1139 2315 1169 2353 a
1200 2299 1504 2356 Christiano
1531 2302 1648 2357 viro
1675 2301 1896 2358 concin-

279 2401 450 2446 natam
481 2392 667 2448 fuisse
711 2394 807 2447 vel
839 2408 914 2446 ex
958 2394 1070 2446 hoc
1105 2406 1214 2444 uno
1239 2392 1359 2460 ejus
1402 2392 1702 2462 fragmento
1728 2395 1895 2464 liqui-

275 2485 401 2539 dum
439 2494 546 2544 est.
591 2484 882 2540 Habacuc
930 2500 1018 2547 ιιι,
1084 2486 1171 2546 15,
1223 2485 1309 2539 ubi
1361 2485 1490 2538 illud
1538 2485 1893 2542 llebraicum:

272 2584 595 2656 Tim
645 2561 814 2640 νυνι)
850 2586 988 2655 Ἴων
1048 2559 1202 2640 rats
1225 2585 1363 2636 m7
1401 2577 1480 2631 sic
1513 2578 1896 2648 interpretatur

277 2666 408 2735 ipse,
447 2667 716 2737 Ἐξῆλθες
751 2666 857 2720 τοῦ
889 2667 1076 2720 σῶσαι
1104 2667 1194 2720 τὸν
1214 2667 1336 2722 λαόν
1367 2685 1458 2721 σου
1479 2668 1566 2722 διὰ
1599 2670 1771 2742 Ἰησοῦ
1799 2670 1894 2725 τοῦ

273 2757 507 2828 Χριστοῦ
556 2776 698 2811 σου·
756 2757 1035 2828 Egressus
1082 2775 1135 2812 es
1181 2760 1248 2812 ad
1293 2760 1600 2814 saluandam
1645 2763 1894 2832 populum

277 2858 423 2901 multa
467 2867 562 2918 per
611 2849 821 2903 Iesum
868 2847 1156 2904 Christum
1206 2861 1371 2906 tuum.
1424 2851 1594 2922 Cujus
1641 2853 1893 2908 versiculi

276 2940 456 2997 Greca
484 2958 554 2998 ex
590 2942 1019 3013 manuscriptis
1049 2954 1348 3002 eruuntur:
1380 2943 1573 2999 Latina
1602 2960 1668 2999 ex
1699 2945 1892 3002 Hiero-

282 3048 457 3103 nyrae.
487 3036 587 3105 qui
623 3034 796 3089 addit
848 3033 1089 3090 Senam
1131 3035 1415 3090 editionem
1465 3037 1690 3106 prodere
1719 3038 1894 3092 mani-

288 3119 573 3178 festissime
612 3132 1084 3178 sacramentum.
1115 3121 1210 3177 Hic
1241 3134 1419 3178 autem
1449 3126 1733 3196 interpres,
1773 3143 1894 3196 per-
1919 3161 1964 3222 C

289 3209 406 3265 inde
441 3223 609 3284 atque
647 3214 1008 3282 praecedens,
1045 3215 1361 3282 paraphrasi
1409 3216 1693 3286 gaudebat,
1731 3227 1788 3272 ut
1836 3218 1890 3272 in

289 3301 404 3358 loco
432 3305 541 3373 jam
573 3307 756 3360 allato
793 3303 1255 3374 deprehenditur,
1288 3305 1413 3360 licet
1441 3307 1574 3360 nihil
1606 3307 1676 3361 ibi
1707 3307 1892 3363 ellerat

292 3396 393 3449 nisi
418 3408 657 3451 mentem
695 3397 1002 3452 llebraicte
1033 3394 1346 3465 Scripturaa.
1383 3397 1578 3452 Verum
1623 3399 1674 3452 in
1721 3400 1891 3454 altero

293 3484 406 3550 ejus
431 3486 547 3540 loco
573 3487 751 3555 longe
787 3486 1069 3556 majorem
1102 3487 1436 3554 exspatiandi
1473 3488 1740 3543 licentiam
1773 3489 1891 3544 ani-

294 3577 611 3633 madvertas.
679 3577 893 3632 Psalm.
964 3590 1174 3640 xxxvr,
1235 3577 1335 3641 '55,
1397 3577 1616 3634 Hebraea
1665 3581 1744 3635 sic
1796 3580 1891 3635 ha-

296 3664 449 3722 bent:
475 3680 604 3754 τεν-π
630 3681 822 3731 mm:
857 3678 1106 3734 mmini
1143 3678 1285 3753 γ’·πν
1313 3680 1442 3735 rm
1484 3679 1668 3736 ἰνιτ-ι,
1707 3671 1758 3725 id
1785 3683 1886 3738 est.

301 3759 402 3811 ridi
426 3762 644 3830 impium
678 3761 989 3830 terriﬁcum
1030 3760 1410 3828 diffundentem
1442 3778 1496 3816 se
1536 3763 1672 3816 sicut
1702 3763 1886 3818 laurus

302 3849 491 3912 riridis,
532 3852 672 3914 sive,
707 3859 768 3903 ut
806 3849 1192 3920 Hieronymus
1216 3849 1398 3916 habet,
1422 3851 1558 3904 sicut
1588 3852 1887 3921 indigenam

303 3937 555 4006 tirenum,
583 3943 676 3996 ubi
704 3941 973 4012 Vulgata,
1002 3942 1113 3994 vidi
1140 3941 1354 4010 impium
1379 3942 1821 4012 superexaltatum
1838 3952 1886 3997 et

306 4031 540 4084 aetatum
570 4035 709 4086 sicut
753 4034 949 4088 cedros
984 4032 1213 4098 Libani;
1244 4033 1402 4089 Sexta
1431 4051 1560 4089 vero
1593 4036 1671 4090 sic
1697 4055 1710 4090 :
1734 4036 1888 4090 Εἶδον

308 4121 461 4193 ἁτεΒῆ
501 4126 591 4177 καὶ
617 4126 818 4195 ἀναιδῆ
861 4125 1312 4196 ἀντιποιούμενον
1337 4128 1394 4178 ὲν
1425 4127 1771 4199 σκληρότητι,
1797 4130 1888 4182 καὶ

307 4207 530 4278 λέγοντα,
557 4216 689 4285 Εἰμὶ
711 4215 791 4279 ὡς
815 4213 1110 4284 αὑτοχθὼν
1133 4216 1445 4286 περιπατῶν
1471 4219 1528 4270 ὲν
1553 4218 1884 4291 δικαιοσύνῃ.

311 4297 494 4358 Mest:
540 4305 658 4359 Vidi
695 4308 932 4376 impium
974 4315 1029 4358 et
1065 4305 1412 4373 impudentem
1461 4308 1562 4361 sibi
1612 4309 1886 4364 vindican-

313 4399 402 4444 tem
441 4397 489 4447 in
539 4397 768 4462 duritia,
810 4406 865 4450 et
919 4395 1235 4450 dicentem:
1275 4394 1403 4451 Sum
1452 4399 1589 4452 sicut
1639 4399 1886 4469 indigena

1996 1927 2374 1996 superadditas
2402 1929 2690 1995 editiones,
2721 1932 2880 2003 longe
2915 1933 3155 1990 liberiori
3185 1937 3578 2008 interpretandi

1996 2030 2190 2083 genere
2213 2016 2564 2073 concinnatus
2592 2017 2781 2086 fuisse,
2818 2038 2980 2092 quam
3005 2025 3296 2082 editionem
3329 2027 3580 2100 Symma-

1996 2104 2104 2168 chi,
2136 2105 2229 2174 qui
2261 2114 2441 2160 tamen
2473 2109 2646 2177 magis
2675 2127 2839 2180 quam
2865 2113 3059 2183 Aquila
3089 2123 3145 2170 et
3172 2115 3476 2175 Theodotio
3505 2122 3580 2176 ab

1997 2192 2258 2250 llebraica
2289 2196 2462 2251 littera
2497 2198 2752 2254 deﬂectit.

2065 2283 2180 2339 Erit
2215 2285 2352 2342 forte
2380 2287 2474 2356 qui
2516 2289 2774 2344 reclamet
2809 2291 2876 2346 iis
2928 2309 3049 2363 quae
3099 2310 3266 2367 supra
3302 2299 3572 2363 diximus.

1997 2391 2190 2446 nempe
2233 2387 2343 2434 tres
2380 2380 2502 2434 illas
2544 2383 2922 2452 superadditas
2971 2386 3262 2456 editiones,
3290 2389 3572 2459 Quintam,

1998 2464 2215 2522 Sextam
2259 2477 2312 2522 et
2343 2468 2667 2539 Septimam,
2700 2473 2770 2528 ab
2798 2471 3034 2545 Origene
3065 2479 3272 2547 positas
3311 2479 3484 2538 fuisse
3517 2484 3573 2537 in

1994 2558 2298 2615 minoribus
2345 2563 2646 2631 prophetis,
2693 2573 2748 2618 et
2800 2565 2914 2621 haec
2960 2568 3182 2638 objiciet
3219 2587 3234 2624 :
3285 2569 3342 2624 ln
3390 2573 3578 2628 codice

1996 2649 2291 2706 Barberino
2321 2653 2546 2709 affertur
2587 2655 2739 2712 locus
2767 2659 2902 2714 Osee
2933 2676 3051 2729 cap.
3096 2677 3172 2726 Il,
3209 2679 3261 2717 v.
3299 2664 3350 2728 l,
3379 2667 3571 2720 eodem

1995 2745 2371 2800 columnarum
2396 2748 2585 2802 ordine
2606 2763 2716 2817 quo
2741 2749 2795 2804 in
2820 2749 3074 2822 Hexaplis
3103 2763 3238 2818 erat,
3266 2756 3356 2810 ubi
3384 2765 3564 2811 tamen

1995 2850 2096 2890 nec
2143 2835 2364 2904 Quinta,
2416 2854 2519 2892 nec
2561 2839 2745 2903 Sexta,
2805 2858 2905 2897 nec
2940 2842 3177 2913 Septima
3225 2859 3568 2917 comparent,

1995 2929 2138 2982 unde
2169 2931 2320 2998 sequi
2353 2931 2565 2985 videtur
2594 2933 2714 2986 illas
2747 2935 3010 2990 editiones
3045 2939 3097 2990 in
3133 2939 3410 3008 prophetis
3454 2942 3557 2994 mi-

1995 3017 2222 3073 noribus
2260 3035 2366 3074 non
2401 3021 2661 3077 adfuisse.
2698 3021 2974 3093 Reponam
3015 3041 3114 3098 ego
3157 3044 3221 3082 ex
3255 3031 3446 3084 eodem
3477 3046 3573 3086 co-

1994 3110 2113 3166 dice
2161 3111 2477 3178 Barberino,
2511 3116 2686 3184 palam
2725 3127 2865 3180 esse,
2903 3118 2955 3171 in
2993 3121 3298 3176 minoribus
3331 3124 3566 3192 prophe-

1995 3202 2062 3256 tis
2089 3202 2208 3258 illas
2236 3204 2500 3260 editiones
2525 3221 2648 3261 cum
2683 3208 2806 3262 aliis
2830 3208 3091 3277 adfuisse,
3125 3212 3566 3281 quandoquidem

1992 3292 2066 3347 ibi
2095 3295 2264 3348 multa
2299 3295 2500 3364 passim
2533 3296 2648 3351 loca
2674 3313 2740 3351 ex
2774 3299 2947 3353 tribus
2985 3300 3093 3355 illis
3128 3303 3417 3370 postremis
3448 3305 3564 3358 edi-

1991 3384 2234 3441 tionibus
2271 3387 2569 3443 afferuntur
2609 3408 2622 3442 :
2676 3405 2800 3445 cum
2845 3402 3023 3446 autem
3080 3393 3336 3452 librarius
3369 3396 3423 3450 in
3473 3395 3572 3453 illo

1990 3474 2356 3547 Hexaplorum
2403 3481 2698 3550 specimine
2753 3494 2989 3551 quatuor
3035 3485 3212 3539 solum
3267 3487 3560 3555 editiones,

1991 3584 2183 3638 nempe
2213 3569 2440 3640 Aquilae,
2468 3571 2800 3644 Symmachi,
2828 3575 2938 3629 τῶν
2963 3576 3039 3639 0',
3067 3585 3120 3631 et
3146 3575 3188 3629 Τ
3195 3578 3558 3644 hcodotionis,

1988 3661 2193 3731 posuit,
2229 3663 2279 3716 id
2328 3663 2592 3719 arbitratu
2633 3683 2734 3721 suo
2785 3666 2942 3734 fecit;
2975 3669 3088 3723 sive
3135 3669 3261 3738 quia
3313 3678 3421 3725 tres
3455 3671 3561 3726 illae

1987 3762 2278 3821 postremae
2327 3755 2594 3812 editiones
2632 3772 2754 3811 cum
2810 3758 3084 3826 prioribus
3133 3759 3562 3829 concordabant,

1988 3844 2104 3900 sive
2129 3845 2232 3899 alia
2271 3845 2340 3901 de
2377 3862 2562 3902 causa.
2598 3847 2754 3903 Certe
2793 3849 2846 3903 in
2880 3851 3176 3918 specimine
3219 3851 3312 3905 illo
3350 3852 3563 3906 colum-

1986 3952 2113 3991 nam
2141 3935 2480 4003 chraicam,
2510 3936 2789 3994 Hebraicis
2822 3939 3018 3994 litteris
3042 3940 3399 4011 descriptam,
3424 3957 3564 4012 prae-

1988 4024 2222 4078 termisit
2251 4025 2359 4086 ille.
2411 4027 2511 4081 etsi
2557 4027 2847 4084 verisimile
2882 4029 2952 4084 sit
2991 4044 3112 4084 eam
3160 4030 3214 4085 in
3263 4031 3558 4101 exemplari

1988 4130 2090 4170 suo
2115 4115 2354 4172 adfuisse
2387 4133 2510 4172 cum
2551 4119 2694 4174 aliis.

2096 4205 2182 4261 Vl.
2214 4207 2291 4261 De
2325 4207 2563 4278 Vulgata:
2587 4209 2831 4263 editionis
2872 4209 3078 4267 Latina:
3106 4217 3439 4281 praestantia.

2054 4297 2172 4353 Jam
2203 4298 2295 4352 ubi
2327 4299 2394 4354 de
2423 4308 2661 4354 veterum
2699 4302 3032 4358 editionibus
3061 4305 3313 4375 singulis,
3343 4321 3464 4374 qua
3496 4307 3551 4362 in

1986 4393 2239 4466 Hexaplis
2263 4397 2441 4450 locum
2473 4396 2761 4459 habebant,
2794 4397 3175 4466 disseruimus,
3205 4408 3372 4454 restat
3398 4409 3456 4455 ut
3485 4402 3554 4457 de

313 4486 560 4542 ambulans
600 4491 654 4542 in
701 4489 978 4555 iustitia:
1038 4501 1162 4555 quae
1212 4501 1341 4541 sane
1379 4488 1730 4558 paraphrasin
1775 4503 1881 4543 non
1915 4499 1959 4554 ι)
1989 4487 2213 4559 Vulgata
2259 4488 2449 4543 Latina
2502 4497 2688 4544 nostra
2735 4504 2906 4558 pauca
2951 4489 3218 4554 dicamus,
3273 4506 3438 4562 quam
3485 4491 3551 4548 D.

313 4578 449 4633 modo
477 4582 715 4652 sapiunt,
751 4582 852 4637 sed
885 4580 1066 4634 etiam
1099 4594 1354 4647 superare
1393 4580 1666 4634 videntur.

849 4669 929 4725 ν.
965 4672 1046 4724 De
1080 4668 1332 4738 Septima.

366 4758 583 4833 Septima
619 4764 804 4820 editio
835 4761 1227 4817 Christianine
1273 4776 1340 4815 an
1373 4759 1542 4816 Judaei
1579 4763 1885 4832 interpretis

303 4851 361 4905 sit
392 4869 450 4909 ex
497 4871 607 4910 uno
655 4851 960 4908 Habacuci
999 4851 1214 4904 cantico
1259 4852 1544 4922 dijudicari
1593 4862 1800 4924 potest;
1838 4855 1883 4909 si

298 4951 451 4998 tanien
483 4945 755 5016 Septima:
790 4945 871 4999 sit
905 4943 1288 5010 interpretatio
1321 4945 1516 4999 cantici
1558 4947 1744 5012 totius,
1785 4946 1885 5001 ibi-

290 5035 392 5090 dem
435 5039 664 5093 editioni
721 5035 846 5090 τῶν
909 5036 970 5085 0'
1023 5031 1330 5100 subjuncta,
1383 5035 1528 5104 quod
1575 5052 1704 5091 sane
1765 5039 1884 5106 plus

282 5142 424 5194 quam
467 5128 793 5184 verisimile
845 5123 1123 5177 arbitror.
1169 5121 1222 5176 In
1271 5135 1396 5179 nota
1440 5127 1636 5196 quippe
1682 5129 1884 5182 codicis

279 5220 560 5286 Barberini,
621 5221 726 5274 ubi
781 5232 856 5271 ea
919 5216 1137 5282 integra
1190 5216 1536 5282 describitur,
1593 5220 1884 5274 adnotatur

267 5328 368 5368 eam
415 5315 751 5369 versionem
815 5321 932 5361 nec
980 5303 1204 5372 Aquilae.
1251 5323 1348 5363 nec
1398 5308 1730 5379 Symmachi,
1782 5323 1882 5363 nec

263 5403 655 5462 Theodotionis
683 5415 858 5462 esse,
891 5395 1423 5468 «lisquirendumque
1449 5416 1578 5453 num
1615 5401 1680 5453 ad
1713 5399 1882 5466 Quin-

255 5508 346 5554 tam
374 5503 455 5554 vel
498 5500 573 5553 ad
617 5496 887 5550 Sextum
943 5485 1234 5540 editionem
1271 5491 1550 5558 pertineat.
1590 5491 1725 5545 Ciun
1757 5507 1884 5560 ergo

247 5592 446 5648 aliunde
480 5591 701 5650 etiam,
729 5592 967 5647 nempe
993 5589 1057 5629 ex
1088 5574 1395 5647 fragmentis
1421 5597 1541 5651 quae
1570 5593 1881 5652 supersunt,

243 5696 433 5741 certum
478 5681 1016 5752 exploratumque
1050 5669 1138 5729 sit.
1178 5673 1377 5728 nullius
1412 5685 1599 5728 eorum
1629 5689 1748 5730 esse
1791 5676 1882 5743 qui

239 5794 383 5850 supra
429 5775 912 5834 [tremat-antur,
962 5760 1206 5828 sequitur
1251 5764 1390 5820 haud
1431 5765 1592 5822 dubie
1621 5781 1742 5821 esse
1786 5767 1882 5822 Se-

1989 4577 2570 4649 llieronymusharum
2599 4580 2842 4634 omnium
2869 4580 3167 4635 editionum
3197 4581 3552 4648 adminiculo,

1986 4685 2202 4726 summo
2249 4671 2432 4726 labore
2482 4680 2537 4726 et
2597 4673 2942 4728 accuratione
2996 4673 3362 4729 concinnavit.
3434 4673 3550 4730 Etsi

1985 4777 2147 4832 porro
2179 4778 2300 4816 cum
2335 4766 2800 4833 interpretaretur,
2840 4765 3080 4836 Hexapla
3126 4769 3240 4836 ipsa
3279 4781 3389 4836 prae
3436 4783 3552 4822 ma—

1984 4854 2145 4909 nibus
2174 4855 2442 4921 habuerit,
2475 4873 2583 4911 non
2626 4857 2714 4911 ille
2743 4857 2967 4912 fortuito
3001 4859 3259 4914 lectiones
3288 4859 3552 4930 interpre-

1985 4948 2325 5020 tationesque
2363 4951 2634 5020 quaslibet
2662 4950 3100 5020 amplexabatur;
3143 4950 3234 5004 sed
3282 4965 3406 5004 cum
3449 4950 3548 5004 de-

1983 5037 2120 5092 lectu
2149 5049 2203 5092 et
2224 5041 2451 5094 consilio
2481 5041 2916 5096 doctissimorum
2946 5056 3011 5093 ex
3049 5038 3286 5093 Hebraeis
3313 5053 3405 5093 eas
3426 5053 3550 5108 qua

1983 5128 2232 5184 meliores
2253 5140 2306 5184 et
2327 5132 2392 5184 ad
2423 5146 2601 5184 veram
2631 5129 2877 5185 Hebraici
2909 5128 3234 5198 exemplaris
3255 5128 3542 5183 lectionem

1983 5221 2496 5277 accommodatiores
2518 5231 2692 5284 crant,
2713 5220 2901 5274 Latine
2922 5221 3224 5290 exprimere
3249 5217 3545 5289 satagebat.

1982 5314 2227 5383 Aquilam
2254 5324 2307 5369 et
2329 5315 2736 5386 Symmachum,
2769 5313 3121 5382 interpretum
3152 5313 3393 5366 omnium
3419 5321 3545 5378 prte-

1981 5404 2370 5468 stantissimos,
2401 5405 2608 5460 creteris
2635 5402 2902 5458 anteferre
2934 5403 3176 5468 solebat;
3213 5402 3266 5455 in
3310 5398 3545 5453 Psalmis

1981 5504 2161 5547 autem
2204 5505 2257 5549 et
2303 5496 2576 5564 prophetis
2624 5494 2920 5565 majoribus
2965 5493 3301 5566 frequentius
3345 5489 3542 5557 Aquila

1980 5601 2142 5654 quam
2177 5585 2502 5655 Symmacho
2545 5603 2677 5642 usus
2697 5602 2816 5641 esse
2845 5583 3301 5654 deprehenditur;
3334 5579 3386 5632 in
3416 5593 3542 5646 prn-
3628 5643 3631 5645 _

1981 5677 2157 5745 phetis
2184 5692 2312 5730 vero
2345 5679 2646 5732 minoribus
2678 5693 2784 5732 non
2819 5692 2942 5730 raro
2987 5675 3243 5739 Quintam
3293 5669 3539 5722 adhibuit

1981 5767 2272 5822 editionem
2329 5767 2632 5836 Aliquando
2669 5767 2854 5830 etiam,
2910 5762 3093 5818 missis
3133 5757 3539 5814 ca>terisiutero
