4052 6388
627 325 696 380 99
1947 353 2463 416 ΡΒΑΞῌΜΙΝΑΠΙΑ

623 445 885 513 Ρτθίῖῦυεο
941 451 1079 506 LXX
1111 456 1425 526 editionem.
1471 471 1651 534 υιροιε
1700 465 1964 526 Hebraico
2015 477 2179 530 textui
2210 485 2255 541 Α
2283 489 2384 547 est,
2411 486 2790 552 occurrebant,
2825 490 3104 562 diligentia
3133 495 3465 570 solertiaque
3488 518 3623 559 usus
3647 518 3876 578 semper

624 536 1062 578 nrnninnninmm
1135 550 1495 578 οηη..ηιυ....--
1545 571 1642 578 ..μ
1688 559 1815 578 εαιιη
2429 573 2485 578 ___

621 536 1085 610 propinquiorem,
1134 550 1497 617 sequebatur;
1545 571 1645 612 nec
1688 559 2055 631 infrequenter
2087 584 2184 622 no-

617 641 740 680 vam
769 629 856 685 ille
881 641 932 687 et
954 649 985 688 a
1015 639 1225 693 caeteris
1245 641 1511 700 diversam
1540 647 2034 718 interpretationem
2058 658 2185 713 effe-

615 718 790 781 rebat.
825 726 1041 792 quando
1079 730 1304 796 scilicet,
1351 737 1616 794 consultis
1664 739 2010 801 Hebraeorum
2062 765 2181 804 ma-

614 807 818 879 gistris,
852 816 1056 871 nullam
1083 835 1146 874 ex
1174 823 1334 878 editis
1369 828 1585 895 penitus
1621 834 1890 901 quadrare
1933 839 2180 894 animad-

612 904 873 960 vertebat.
912 906 1032 962 Pari
1073 912 1128 966 in
1178 915 1342 971 variis
1371 919 1657 993 dubiisque
1696 924 1943 983 Hebraici
1989 945 2174 984 exem-

609 992 779 1062 plaris
807 997 1153 1070 lectionibus,
1181 1021 1302 1074 quae
1325 992 1655 1081 frequenter,
1684 1026 1743 1072 ut
1769 1035 1932 1089 supra
1967 1021 2172 1076 dictum

2284 580 2369 626 est
2428 573 2819 650 Hieronymus;
2866 584 3069 652 quiout
3116 589 3376 656 optimam
3428 593 3706 662 deligeret,
3753 573 3870 652 non

2282 666 2444 720 modo
2483 666 2776 739 Scriptura:
2810 689 2980 732 sacra:
3014 678 3233 746 seriem,
3267 684 3361 737 sed
3394 686 3558 741 etiam
3600 687 3868 745 Hebraeo-

2281 770 2401 809 rum
2428 760 2784 826 peritissimos
2810 765 3014 821 adibat.
3040 766 3220 834 Quare
3247 773 3379 828 nihil
3399 778 3596 832 mirum
3629 780 3674 834 si
3706 789 3867 835 tanto

2279 847 2480 913 studio,
2530 857 2750 922 tamque
2807 858 2995 913 solerti
3039 877 3202 930 opera
3236 865 3492 921 emissam
3537 870 3860 936 editionem,

2279 944 2463 1005 utpote
2492 943 2735 999 omnium
2766 953 3297 1021 praestantissimam,
3331 955 3571 1014 Ecclesia
3606 959 3862 1018 Romana

2277 1026 2348 1080 ab
2377 1031 2633 1088 omnibus
2663 1038 2995 1105 sequendam
3023 1056 3145 1098 esse
3176 1043 3423 1101 edixerit.

1778 1285 2159 1376 CAPUT
2235 1289 2716 1383 NONUM.

841 1416 910 1478 ln
952 1418 1241 1500 singulos
1286 1427 1628 1508 Scriptura;
1669 1433 1888 1514 libros,
1925 1447 1994 1501 ut
2041 1441 2109 1502 in
2163 1444 2469 1524 Hexaplis
2503 1456 2705 1527 erant,
2737 1451 2842 1513 hic
2871 1456 3158 1532 quzedam
3192 1458 3596 1528 adnotantur.

669 1636 858 1710 Opera:
886 1649 1114 1715 pretium
1147 1654 1252 1708 erit
1279 1656 1368 1713 hic
1405 1661 1648 1733 singulos
1682 1667 1974 1742 Scriptura:
1999 1694 2166 1737 sacrae

595 1726 762 1786 libros
797 1735 970 1791 obiter
1002 1755 1339 1812 percurrere,
1375 1757 1428 1803 et
1475 1757 1720 1820 quaedam
1760 1763 2020 1822 adnotare
2043 1785 2164 1840 qua:

592 1827 708 1876 tum
742 1824 807 1879 de
841 1827 956 1896 ipso
1003 1831 1369 1905 Hexaplorum
1418 1853 1558 1898 statu
1605 1859 1658 1902 et
1710 1855 1920 1921 ordine,
1954 1824 2076 1915 tum.
2097 1864 2162 1918 de

591 1913 662 1968 iis
691 1931 812 1985 quae
847 1936 945 1977 nos
971 1923 1022 1976 in
1059 1942 1386 2002 unoquoque
1414 1934 1554 1991 libro
1581 1946 1952 2013 praestitimus,
1975 1953 2161 2010 obser-

588 2008 762 2062 vanda
788 2025 1098 2080 supersunt.

663 2094 717 2150 ln
765 2099 959 2158 Genesi
1007 2115 1060 2160 et
1106 2108 1160 2162 in
1206 2111 1463 2184 Levitico,
1508 2132 1689 2192 atque,
1723 2135 1783 2181 ut
1823 2131 2056 2202 videtur,
2101 2137 2155 2193 in

589 2185 713 2242 aliis
748 2188 1098 2252 Pentateuchi
1130 2201 1301 2272 libris,
1340 2219 1533 2277 praeter
1567 2230 1660 2270 sex
1695 2208 1816 2275 illas
1848 2225 2151 2294 columnas,

585 2279 784 2348 quibus
811 2282 1050 2359 Hexapla
1092 2298 1575 2371 constituebantur,
1613 2307 1814 2375 Quinta
1847 2317 2010 2372 etiam
2041 2279 2155 2376 edi:

516 2447 521 2451 ι
581 2371 679 2434 tio,
716 2374 761 2427 si
806 2375 940 2434 fides
969 2391 1054 2436 est
1095 2383 1414 2457 fragmentis
1455 2411 1577 2465 qua
1619 2416 1946 2472 supersunt,
1989 2427 2148 2469 suum

581 2465 797 2520 tenebat
845 2469 1058 2541 locum;
1115 2477 1333 2535 Sextam
1389 2486 1550 2542 etiam
1607 2465 1849 2550 adfuisse
1897 2465 2148 2572 superius

576 2555 864 2624 probatum
902 2574 1008 2620 est.
1043 2565 1308 2628 Praeterea
1349 2576 1619 2637 interdum
1656 2587 1879 2644 aderant
1919 2555 2148 2650 inrmar-

576 2646 818 2716 ginibus,
852 2661 912 2708 ut
941 2658 1158 2726 quidem
1185 2665 1496 2735 opinamur,
1528 2673 1794 2734 lectiones
1818 2680 2145 2744 Samaritani

578 2739 908 2812 interpretis,
943 2758 1108 2820 atque
1136 2756 1298 2812 etiam
1349 2759 1558 2820 Hebrzei
1604 2771 1886 2838 cujusdam
1929 2787 1982 2832 et
2022 2779 2142 2852 Syri

575 2828 903 2903 interpretis,
931 2839 997 2893 de
1026 2843 1225 2910 quibus
1264 2847 1385 2904 fuse
1427 2868 1545 2923 cap.
1582 2858 1632 2910 1.
1663 2828 1775 2915 ἑ]ιεὶ
1811 2875 1989 2920 autem
2020 2828 2141 2925 taJn-

572 2927 681 2974 tam
717 2939 784 2979 ex
821 2935 1204 3003 manuscriptis
1247 2947 1302 2993 et
1347 2957 1413 2996 ex
1449 2946 1608 3001 editis
1651 2950 1806 3007 libris
1848 2956 2138 3016 lectionum

567 3017 937 3074 accessionem
967 3022 1279 3096 fecerimus,
1325 3041 1384 3088 ut
1408 3035 1476 3092 iis
1506 3053 1834 3110 comparata:
1862 3048 1985 3117 illae,
2017 3068 2138 3122 qure

1631 3101 1646 3110 .
2021 3101 2135 3122 νη

566 3116 598 3154 ³
646 3101 842 3160 θ¹Ί¹⁵Ῐ⁰
888 3112 1128 3170 “mecm
1188 3129 1352 3186 ευηῑν
1407 3129 1754 3193 paucissimae
1813 3137 2134 3210 videantur;
2165 3159 2207 3217 α

566 3191 720 3217 lg“..-
751 3197 942 3217 -.._!.,_-,
1038 3204 1050 3217 I
1162 3207 1176 3217 ι
1227 3210 1240 3217 -
1287 3211 1300 3217 -
1327 3213 1337 3217 -
1409 3214 1423 3217 _

566 3191 723 3261 longe
751 3197 1007 3266 majorem
1038 3204 1178 3261 haud
1209 3210 1372 3267 dubie
1400 3214 1595 3272 facturi
1629 3237 1868 3291 eramus,
1903 3231 2007 3286 nisi
2042 3231 2138 3287 Ba-

564 3284 800 3343 siliensis
830 3292 998 3348 codex
1037 3305 1146 3353 tota
1182 3316 1318 3370 pene
1363 3305 1555 3365 Genesi
1596 3320 1897 3388 temporum
1933 3322 2134 3393 injuria

563 3377 858 3437 mulctatus
908 3384 1120 3444 fuisset.
1175 3390 1332 3451 Hunc
1381 3408 1560 3456 tamen
1607 3377 1878 3466 defectum
1920 3377 2134 3472 abhnde

560 3483 917 3538 compensant
955 3477 1255 3551 fragmenta
1302 3498 1545 3546 veterum
1590 3496 1949 3570 interpretum
1995 3508 2132 3564 bene

559 3561 729 3616 multa
778 3580 844 3620 ex
887 3567 1224 3630 Coisliniano
1281 3578 1374 3634 illo
1425 3561 1751 3659 perantiquo
1797 3561 2128 3654 codice

553 3668 759 3727 cerpta.

625 3746 682 3802 ln
717 3749 901 3808 Exodo
928 3771 1027 3824 par
1059 3757 1338 3830 diligentia
1371 3766 1442 3822 ab
1474 3766 1706 3842 Origene
1733 3775 1971 3832 adhibita
2003 3779 2123 3835 fue-

552 3851 656 3898 rat.
692 3843 792 3901 llic
820 3850 1040 3916 perinde
1081 3864 1241 3924 atque
1275 3857 1329 3911 in
1361 3859 1555 3919 Genesi
1603 3864 1966 3934 Samaritani,
2003 3871 2122 3943 Syri

549 3939 606 3984 et
632 3929 842 3991 Hebraei
871 3939 1130 3997 lectiones
1159 3945 1534 4007 observantur.
1561 3953 1639 4008 Ex
1665 3955 1863 4022 Quinta
1887 3929 2122 4020 editio‘ne

547 4026 705 4095 nihil,
737 4045 835 4086 nec
862 4033 986 4089 inde
1019 4046 1198 4092 tamen
1235 4040 1434 4099 inferas
1479 4061 1585 4100 non
1631 4049 1869 4106 adfuisse
1896 4053 1948 4106 in
1979 4053 2120 4110 Exo-

543 4115 615 4169 do
642 4132 656 4168 :
691 4135 818 4175 nam
842 4125 934 4193 qui
970 4136 1079 4181 tam
1108 4146 1309 4198 paucas
1338 4149 1402 4188 ex
1431 4136 1555 4192 aliis
1592 4137 1939 4198 Pentateuchi
1965 4145 2118 4203 libris

537 4208 801 4266 exhibent
843 4221 1196 4290 manuscripti
1231 4224 1469 4290 codices,
1515 4245 1624 4283 non
1669 4233 1866 4289 mirum
1902 4237 1948 4291 si
1996 4239 2118 4292 nul-

539 4298 648 4356 lam
684 4302 738 4357 in
773 4303 962 4362 Exodo
994 4315 1292 4370 attulerint.
1329 4317 1616 4377 Lectiones
1648 4339 1814 4392 porro
1849 4328 2116 4402 interpre-

538 4399 675 4459 tum,
702 4397 869 4454 vicies
891 4401 1080 4457 saltem
1113 4408 1386 4467 auctiores
1412 4413 1741 4482 proferimus
1776 4434 1940 4489 quam
1967 4426 2110 4494 apud

2271 1685 2406 1739 nihil
2439 1701 2502 1740 ex
2547 1685 2746 1752 Quinta
2783 1689 3021 1746 editione
3049 1705 3345 1764 comparet.
3370 1698 3588 1770 Aliquot
3625 1701 3681 1757 in
3709 1703 3847 1762 locis

2194 1815 2237 1868 Β
2268 1779 2467 1834 inserta
2497 1782 2928 1851 conspiciuntur,
2963 1792 3018 1838 et
3060 1786 3278 1855 quidem
3310 1788 3380 1842 ab
3413 1790 3551 1859 ipso,
3583 1803 3641 1847 ut
3675 1807 3842 1864 puta—

2267 1879 2373 1934 tur,
2401 1867 2652 1941 Origene,
2689 1871 2807 1926 loca
2832 1872 2941 1938 illa,
2977 1891 3098 1944 qua:
3128 1878 3181 1932 in
3209 1878 3555 1938 Samaritano
3586 1893 3734 1942 textu
3773 1905 3840 1945 ex

2260 1958 2684 2018 Deuteronomio
2718 1964 2771 2017 in
2801 1963 3068 2023 Numeros
3107 1973 3362 2028 translata
3407 1974 3641 2031 fuerant.
3677 1979 3842 2045 Qua:-

2259 2052 2384 2107 dam
2427 2055 2676 2110 similiter
2732 2072 2796 2112 ex
2841 2059 3078 2116 editione
3125 2063 3236 2117 τῶν
3277 2068 3352 2131 0',
3389 2067 3714 2138 Origeniana
3769 2074 3837 2127 ad

2259 2143 2418 2199 fidem
2452 2147 2658 2203 codicis
2705 2147 3002 2206 Golbertini
3050 2169 3173 2209 cum
3226 2160 3501 2215 asteriscis
3553 2171 3606 2216 et
3659 2164 3838 2220 obelis

2256 2234 2567 2290 referuntur
2605 2255 2618 2290 :
2653 2238 3018 2311 lectionesque
3064 2244 3419 2316 interpretum
3459 2253 3663 2316 multm,
3696 2271 3836 2325 qua-

2254 2341 2376 2380 rum
2404 2328 2750 2396 paucissimae
2789 2331 3088 2391 observata:
3121 2336 3339 2394 fuerant
3368 2358 3400 2397 a
3428 2342 3645 2400 Drusio.

2324 2418 2381 2472 ln
2426 2419 2564 2475 libro
2615 2419 3036 2492 Deuteronomii,
3088 2428 3220 2483 nihil
3259 2447 3326 2486 ex
3373 2432 3699 2502 Origeniana
3733 2437 3829 2493 illa

2250 2511 2527 2583 hexaplari
2563 2514 2810 2570 habetur.
2837 2516 3040 2573 Cretera
3069 2537 3198 2576 vero
3222 2524 3410 2580 eadem
3446 2526 3579 2594 fere,
3615 2545 3741 2601 qua:
3769 2531 3828 2585 in

2248 2601 2386 2658 libro
2429 2601 2827 2672 Numerorum,
2881 2609 3312 2677 conspiciuntur.
3356 2613 3609 2671 Veterum
3654 2619 3832 2674 inter—
3909 2693 3916 2697 _

2245 2697 2596 2764 pretationes,
2623 2714 2793 2754 novas
2813 2715 2952 2769 pene
2981 2716 3192 2767 omnes,
3217 2705 3516 2772 aﬂ‘erimus,
3549 2719 3603 2765 et
3634 2711 3827 2780 plures

2249 2804 2414 2858 quam
2448 2790 2501 2843 in
2535 2790 2657 2846 aliis
2689 2791 2864 2846 libris.

2313 2899 2370 2954 ln
2406 2901 2544 2955 libro
2572 2901 2739 2957 Josue
2779 2903 2964 2958 eadem
3015 2907 3580 2981 praestitit.0rigenes,
3611 2929 3734 2983 quae
3761 2915 3821 2970 in

2240 2999 2355 3046 toto
2403 2992 2791 3050 Pentateucho.
2848 2993 3154 3053 Editionem
3212 3009 3388 3056 tamen
3438 3002 3691 3070 Quintam
3739 3009 3818 3064 ibi

2242 3099 2348 3139 non
2385 3087 2650 3156 adiecisse
2683 3087 2913 3143 videtur.
2941 3089 3084 3146 Loca
3125 3093 3357 3162 plurima
3391 3099 3578 3152 mutila
3611 3101 3666 3154 in
3698 3102 3820 3157 edi-

2243 3175 2388 3230 tione
2415 3177 2521 3232 τῶν
2556 3182 2633 3241 0’,
2669 3196 2734 3235 ex
2761 3183 2882 3238 aliis
2923 3184 3310 3255 interpretibus
3341 3189 3607 3257 restituit,
3642 3207 3817 3263 appo-

2239 3266 2359 3320 sitis
2387 3271 2683 3337 asteriscis,
2716 3288 2837 3342 quae
2879 3289 3001 3341 nos,
3030 3286 3088 3330 ut
3122 3287 3276 3332 erant
3317 3279 3372 3333 in
3419 3282 3606 3338 codice
3650 3283 3813 3342 Basi-

2234 3356 2414 3423 liensi,
2453 3359 2571 3415 sine
2624 3363 2900 3419 asteriscis
2945 3366 3241 3436 nimirum,
3282 3371 3580 3439 edidimus,
3613 3384 3668 3430 et
3696 3391 3813 3433 non

2232 3463 2404 3518 pauca
2454 3467 2521 3506 ex
2580 3453 2915 3512 Coisliniano
2961 3459 3150 3515 codice
3197 3462 3520 3532 adiecimus.
3575 3465 3810 3525 Drusius

2230 3557 2360 3597 vero
2415 3545 2748 3613 paucissima
2800 3550 3074 3606 attulerat.
3124 3551 3264 3619 Quid
3318 3570 3448 3609 vero
3499 3571 3682 3612 causae
3733 3560 3812 3616 sit

2230 3646 2328 3686 cur
2361 3633 2619 3692 lectiones
2647 3653 2677 3691 a
2708 3640 2866 3696 nobis
2907 3642 3101 3707 allatae,
3138 3659 3261 3698 cum
3301 3645 3408 3700 illis
3437 3661 3576 3716 quas
3598 3647 3808 3704 Masius

2227 3737 2353 3777 cum
2405 3728 2685 3784 asteriscis
2740 3731 2938 3796 edidit,
2990 3749 3230 3805 persaepe
3280 3751 3387 3790 non
3436 3740 3804 3807 consentiant,

2227 3813 2368 3870 haud
2399 3817 2615 3874 difficile
2652 3830 2737 3876 est
2779 3823 3098 3894 intelligere.
3128 3826 3264 3880 Cum
3303 3829 3448 3884 enim
3478 3829 3703 3899 Masius,
3741 3842 3807 3888 ut

2224 3904 2342 3974 ipse
2372 3909 2716 3977 testificatur,
2751 3913 2818 3967 ad
2847 3915 2961 3971 haec
2993 3918 3324 3974 restituenda
3361 3921 3544 3995 codice
3576 3921 3806 3994 Syriaco

2219 3995 2296 4050 sit
2333 4013 2488 4064 usus,
2533 4009 2593 4055 ut
2631 4002 2918 4061 lectionem
2965 4007 3206 4064 Grmcam
3242 4010 3476 4081 Syriacae
3508 4027 3611 4082 ope
3641 4029 3800 4071 asse-

2220 4098 2510 4157 queretur,
2548 4109 2690 4165 saépe
2735 4098 2991 4156 divinarit
3039 4112 3271 4173 oportet.
3315 4104 3678 4170 Quamobrem
3715 4109 3799 4163 le—

2218 4182 2428 4238 ctiones
2473 4195 2673 4242 nostrae
2726 4191 2883 4261 longe
2927 4195 3253 4251 sinceriores
3303 4205 3431 4251 sunt
3477 4213 3640 4268 quam
3673 4197 3794 4256 hia-

2213 4288 2402 4330 mana}.

2285 4389 2343 4444 ln
2374 4391 2516 4448 libro
2542 4392 2795 4452 Judicum
2837 4399 2994 4471 longe
3039 4401 3195 4471 plura
3239 4419 3402 4474 quam
3441 4405 3496 4460 in
3531 4406 3671 4460 libro
3696 4405 3792 4462 Jo-

534 4479 791 4542 Drusium
823 4489 1174 4551 haberentur.
1206 4498 1262 4554 In
1284 4479 1570 4570 postremis
1597 4479 1889 4579 capitibus,
1924 4479 2016 4570 ubi
2045 4533 2107 4572 ea
2141 4509 2185 4564 Ι)
2215 4495 2337 4579 sue}
2365 4483 2418 4536 in
2439 4484 2698 4579 deone
2731 4488 3010 4558 hexaplari
3044 4491 3113 4546 ab
3143 4490 3373 4562 ougene
3413 4504 3659 4550 resmum
3694 4497 3792 4549 de-

535 4589 658 4644 quae
690 4578 743 4632 iu
776 4582 1013 4641 editione
1035 4588 1144 4641 τῶν
1172 4595 1226 4644 Ο’
1251 4608 1577 4664 praepostere
1605 4578 1779 4670 posita
1807 4615 1981 4672 erant,
2007 4624 2108 4664 suo

534 4669 712 4726 ordini
756 4677 994 4733 restituit
1042 4681 1324 4755 Origenes,
1374 4705 1481 4744 non
1528 4669 1703 4761 pauca
1753 4712 1819 4752 ex
1868 4699 2106 4756 editione

528 4761 620 4816 illa
656 4763 936 4836 hexaplari
969 4771 1047 4825 sic
1075 4776 1356 4844 restituta,
1388 4795 1512 4834 cum
1541 4786 1818 4840 asteriscis
1852 4797 1906 4841 et
1933 4789 2103 4844 obelis

527 4854 853 4923 proferimus
875 4876 942 4915 ex
968 4865 1154 4921 codice
1181 4870 1494 4926 Colbertino
1517 4874 1921 4945 antiquissimo,
1945 4881 2103 4950 cujus

526 4949 802 5015 specimen
850 4955 1100 5014 dedimus
1146 4960 1569 5036 Palcographiw
1615 4969 1815 5025 Grazca:
1869 4973 1961 5028 lib.
2017 4949 2098 5042 nt,

521 5052 642 5109 cap.
679 5041 730 5095 1.

590 5127 648 5184 In
690 5129 932 5190 Levitico
975 5139 1162 5195 eadem
1207 5143 1567 5202 observantur
1611 5165 1732 5219 quae
1776 5152 1828 5207 in
1884 5153 2092 5211 Exodo.

519 5218 704 5278 Lectio
736 5223 951 5290 Quintae
983 5231 1239 5289 editionis
1269 5236 1498 5292 habetur
1527 5241 1593 5294 ad
1631 5218 1750 5312 cap.
1779 5259 1817 5297 ιι
1846 5243 2091 5302 Levitici.

521 5311 617 5366 Hic
663 5314 1010 5377 Colbertinus
1062 5323 1221 5395 longe
1269 5327 1427 5406 plura
1486 5332 1795 5402 suppeditat
1838 5352 2000 5407 quam
2037 5340 2090 5393 in

502 5403 739 5474 Exodo,
783 5424 850 5463 ex
891 5413 1130 5470 editione
1159 5417 1266 5469 τῶν
1299 5404 1357 5471 Οί
1388 5418 1715 5491 Origeniana
1768 5429 1882 5482 sive
1922 5431 2090 5485 hexa-

514 5495 670 5562 plari.
708 5497 997 5559 Lectiones
1025 5513 1204 5560 autem
1246 5517 1488 5564 veterum
1536 5512 1886 5585 interpretum
1907 5563 1919 5586 ,
1952 5537 2091 5592 quas

514 5602 710 5659 magno
744 5609 971 5651 numero
995 5597 1346 5668 proferimus,
1375 5619 1567 5662 omnes
1593 5623 1728 5677 pene
1756 5627 1928 5680 novae,
1959 5630 2087 5670 nec-

510 5676 639 5731 dum
673 5680 974 5740 observata:
1009 5695 1155 5740 sunt.

580 5769 654 5824 De
691 5770 1052 5834 Numerorum
1098 5779 1235 5836 libro
1260 5782 1413 5854 paria
1462 5785 1714 5846 dicimus.
1761 5790 1858 5848 Hic
1905 5803 2084 5852 tamen

2213 4572 2646 4641 prehenduntur,
2681 4594 2802 4647 qua:
2846 4596 2909 4635 ex
2961 4580 3332 4638 Theodotione
3381 4595 3441 4640 ut
3488 4588 3787 4657 plurimum

2208 4672 2492 4718 mutuatus
2529 4677 2613 4720 est
2654 4665 2934 4739 Origenes.
2963 4669 3040 4726 Ea
3091 4688 3221 4728 vero
3268 4691 3414 4730 nunc
3456 4679 3691 4745 primum
3727 4679 3784 4734 in

2208 4751 2382 4806 lucem
2415 4755 2646 4823 edimus,
2674 4758 2906 4816 Drusius
2940 4763 3084 4816 enim
3117 4764 3229 4820 fere
3262 4766 3394 4819 nihil
3422 4767 3633 4824 habuit.
3671 4771 3771 4827 Ca-

2204 4843 2312 4911 pite
2363 4855 2542 4900 autem
2595 4865 2740 4902 nono
2789 4867 2854 4905 ac
2892 4853 3135 4922 decimo,
3170 4857 3415 4925 quaedam
3469 4861 3781 4931 hexaplaris

2204 4934 2311 4987 τῶν
2339 4937 2393 4989 O'
2419 4939 2672 4993 editionis
2714 4957 2779 4994 ex
2810 4944 3179 4999 vetustissimo
3207 4945 3336 5001 folio
3361 4958 3552 5005 nostro
3577 4967 3779 5007 manu-

2203 5027 2410 5095 scripto
2444 5029 2816 5098 proferuntur.

2271 5137 2328 5192 in
2381 5140 2522 5196 libro
2574 5141 2745 5209 Ruth,
2794 5147 2897 5201 etsi
2940 5147 3090 5216 paria
3133 5149 3444 5216 praeStiterit
3489 5154 3774 5224 Origenes,

2159 5264 2169 5273 ι
2196 5229 2331 5283 nihil
2359 5246 2496 5301 pene
2526 5248 2714 5287 eorum
2751 5247 3017 5305 superest.

2264 5342 2321 5396 ln
2350 5344 2505 5400 libris
2538 5343 2807 5404 Samuelis
2831 5358 2884 5405 et
2906 5348 3113 5422 Regum
3142 5353 3300 5409 solita
3329 5354 3602 5413 industria
3633 5376 3775 5419 usus

2192 5431 2452 5504 Origenes
2499 5438 2940 5508 deprehenditur.
2988 5444 3064 5497 lbi
3107 5445 3271 5500 etiam
3325 5447 3448 5520 Syri
3504 5451 3775 5513 lectiones

2192 5540 2299 5579 non
2335 5542 2460 5582 raro
2492 5529 2810 5586 afferuntur.
2849 5533 3097 5589 Monetur
3129 5545 3309 5592 autem
3343 5541 3396 5593 in
3437 5540 3545 5598 fine
3580 5547 3769 5614 primi,

2191 5632 2360 5670 unum
2391 5619 2519 5673 olim
2563 5621 2733 5676 fuisse
2772 5623 2970 5679 librum
3018 5625 3307 5694 Samuelis,
3358 5633 3452 5702 qui
3493 5634 3637 5692 duos
3668 5640 3770 5692 ho-

2189 5705 2408 5760 diernos
2434 5709 2912 5778 complectebatur,
2943 5731 3044 5769 nec
3089 5719 3340 5786 Aquilam
3364 5722 3621 5781 divisisse
3649 5729 3767 5798 pri-

2189 5812 2337 5852 mum
2369 5812 2400 5852 a
2431 5800 2690 5856 secundo.
2733 5801 2922 5873 Magna
2965 5821 3133 5876 porro
3162 5821 3404 5867 veterum
3439 5816 3768 5888 interpreta-
