4052 6388
221 386 281 438 illi
1508 384 1577 440 ΙΝ
1618 379 1946 438 HEXAPLA
1987 377 2332 432 ORIGENIS.

221 505 376 558 tionutn
411 503 609 568 silva,
651 521 892 575 quam
965 509 1217 572 edimus,
1250 521 1394 562 nunc
1423 505 1601 576 primo
1640 501 1822 572 prodit
1845 501 1899 554 in

2006 494 2153 549 πίὸα
2236 493 2350 562 τῆς
2452 494 2750 562 σωτηρίας

1996 602 2156 655 μου;
2185 584 2292 648 ἕως
2319 582 2440 648 τοῦ,
2476 585 2578 637 ἵνα
2609 585 2750 637 ἀνα-

221 597 374 660 lueem;
409 594 700 653 Drusius
739 616 922 654 vero
957 601 1114 654 nihil
1147 612 1279 670 pene
1307 596 1614 666 collegerat.

270 685 311 739 lu
332 685 495 741 libris
547 685 1137 758 Paralipomenon
1178 701 1342 756 pauca
1393 683 1758 754 Hexaplorum
1786 682 1900 736 fra-

225 787 391 850 gnenta
421 779 873 843 exhibemus,
915 779 1068 846 quia
1101 775 1369 831 rarissima
1399 774 1454 828 in
1486 775 1584 828 hos
1613 774 1902 827 Commen-

228 872 330 926 taria
356 885 385 922 a
428 869 682 938 priscis
725 869 1163 938 scriptoribus
1202 867 1343 920 edita
1389 873 1560 919 sunt:
1593 872 1646 918 et
1683 865 1734 917 in
1779 879 1900 917 ma-

231 964 545 1032 nuscriptis,
615 973 943 1017 veterum
1011 964 1366 1030 interpretum
1422 958 1682 1013 lectiones
1735 956 1900 1011 infre-

238 1067 430 1130 quenter
462 1072 583 1126 pro
590 1055 742 1109 feru
753 1065 880 1109 ntu
891 1071 948 1108 r.

291 1148 343 1202 ln
377 1148 568 1201 libros
617 1144 887 1209 Esdrae,
944 1142 1252 1206 Nehemiaz,
1287 1139 1532 1194 Estheris
1561 1139 1695 1192 nihil
1725 1136 1905 1192 Hexa-

247 1243 429 1314 plorum
465 1247 800 1310 superest,
843 1237 1004 1291 licet
1045 1233 1332 1303 Origenes,
1363 1241 1422 1286 ut
1451 1231 1723 1292 existimo,
1755 1229 1807 1283 in
1837 1229 1904 1283 iis

254 1331 472 1388 eamdem
501 1344 697 1400 quam
737 1328 808 1381 in
851 1325 1099 1381 ueteris
1129 1337 1340 1391 operam
1376 1321 1673 1374 navaverit.
1704 1317 1904 1373 Verum

258 1429 302 1482 in
325 1425 615 1480 codicibus
656 1421 774 1490 qui
811 1421 879 1474 in
920 1431 1136 1472 manus
1172 1415 1499 1478 inciderunt,
1539 1414 1673 1467 nihil
1703 1413 1904 1482 margi-

263 1517 442 1572 nalium
479 1521 808 1572 notarum,
851 1507 1012 1562 nihil
1041 1505 1555 1560 commentariorum
1585 1503 1756 1558 adest.

319 1606 371 1662 ln
398 1608 542 1660 libro
574 1612 788 1657 autem
826 1599 951 1654 Job
978 1597 1118 1667 quid
1148 1597 1451 1666 praestiterit
1473 1595 1754 1666 Origenes,
1789 1595 1904 1664 ipse

268 1701 488 1756 declarat
514 1699 575 1751 in
613 1693 901 1764 Epistola
934 1690 1012 1745 ad
1036 1687 1352 1742 Africanum
1386 1706 1398 1742 :
1435 1687 1596 1758 hujus
1628 1689 1715 1744 hic
1742 1689 1903 1743 verba

271 1793 604 1861 subiicimus.

329 1907 401 1960 Ex
445 1905 552 1959 Job
601 1903 794 1958 etiam
857 1899 936 1952 ab
989 1896 1084 1949 his

271 2002 438 2055 verbis
472 2018 485 2052 :
525 1997 832 2068 Scriptum
858 2001 943 2046 est
977 2007 1085 2044 au-
1166 1984 1302 2051 Ἰὼϐ,
1329 1984 1399 2039 τὰ
1427 1987 1536 2040 ἀπὸ
1567 1987 1660 2039 τοῦ
1690 1986 1903 2054 Γέγρα-

1152 2093 1288 2132 πται
1339 2079 1407 2132 se
1468 2081 1655 2134 αὐτὸν
1717 2079 1902 2134 πάλιν

1151 2173 1615 2240 ἀναστήσεσθαι,
1628 2177 1755 2245 μεθ’
1768 2171 1854 2229 ὧν
1869 2179 1901 2229 ὁ

1150 2268 1364 2334 Κύριος
1403 2269 1746 2335 ἀνίστησιν,
1773 2269 1899 2340 ἄχρι

1149 2360 1365 2424 τέλους,
1413 2361 1477 2414 οὐ
1530 2364 1706 2415 κεῖται
1750 2362 1902 2432 παρὰ

1151 2459 1259 2518 τοῖς
1339 2456 1608 2527 Ἑϐραίοις
1637 2476 1648 2487 ·
1713 2457 1900 2530 διόπερ

1151 2549 1265 2602 οὐδὲ
1321 2551 1470 2621 παρὰ
1529 2551 1607 2621 τῷ
1669 2551 1897 2622 Ἀκύλᾳ,

1152 2641 1297 2712 παρὰ
1325 2641 1381 2694 δὲ
1407 2645 1520 2706 τοῖς
1553 2647 1606 2695 O'
1643 2643 1734 2696 καὶ
1771 2643 1900 2696 Θεο-

276 2108 365 2151 “at
382 2099 557 2166 ipsum
583 2100 1079 2147 resurrecturum,

269 2206 379 2242 cum
415 2187 616 2259 quibus
651 2183 948 2238 Dominus
986 2194 1080 2231 re-

272 2283 462 2352 surgit,
503 2293 698 2348 usque
753 2275 826 2329 ad
877 2273 1079 2332 ﬁnem,

268 2375 408 2437 haec,
467 2374 756 2442 inquam.
817 2381 936 2420 non
971 2380 1080 2419 ex-

268 2477 411 2522 stant
475 2465 633 2535 apud
709 2461 992 2516 Hebrmos
1061 2473 1076 2508 :

270 2575 434 2628 quare
466 2573 576 2612 nec
613 2555 776 2626 apud
803 2551 1078 2622 Aquilam

271 2652 573 2715 habentur;
601 2648 706 2703 sed
744 2644 899 2714 apud
924 2640 1073 2695 LXX

2003 679 2322 747 παύσωμαι
2352 676 2472 730 τῶν
2495 677 2743 745 μόχθων

1998 787 2117 840 μου
2161 769 2259 823 καὶ
2318 768 2438 821 τῶν
2477 767 2732 831 ὀδυνῶν,

2003 862 2066 914 αἳ
2096 877 2173 928 με
2223 860 2339 914 νῦν
2376 859 2738 927 συνέχουσι.

2008 953 2188 1004 Μόνον
2215 952 2324 1022 γὰρ
2354 951 2422 1004 τὰ
2477 951 2615 1022 ῥητὰ
2642 950 2741 1019 τῆς

2005 1043 2263 1110 γυναικὸς
2304 1043 2739 1115 ἀναγέγραπται,

2007 1138 2091 1192 τόδ
2121 1138 2286 1192 Ἀλλ’
2301 1133 2476 1190 εἶπόν
2503 1155 2555 1190 τι
2578 1137 2746 1205 ῥῆμα

2009 1229 2163 1297 πρὸς
2214 1229 2454 1296 Κύριον,
2512 1230 2611 1282 καὶ
2659 1244 2745 1281 τε·

2004 1326 2210 1380 λεύτα.

2079 1413 2246 1466 Πάλιν
2272 1431 2330 1466 τε
2385 1409 2452 1467 αὖ
2509 1413 2736 1466 πλεῖστά

2005 1522 2062 1558 τε
2111 1505 2210 1557 ὅσα
2264 1503 2351 1557 διὰ
2395 1505 2559 1574 μέσου
2621 1505 2743 1558 ὅλου

2009 1596 2103 1648 τοῦ
2149 1592 2268 1648 Ἰὼϐ
2302 1598 2434 1667 παρ’
2473 1595 2746 1668 Ἑϐραίοις

2017 1687 2116 1758 μὲν
2143 1690 2341 1752 κεῖται,
2364 1689 2494 1758 παρ’
2522 1689 2654 1758 ἡμῖν
2687 1687 2745 1740 δὲ

2009 1780 2151 1850 οὐχί.
2207 1779 2317 1833 Kal.
2348 1779 2608 1842 πολλάκις
2644 1779 2748 1850 μὲν

1234 1892 1392 1946 Ἀλλὰ
1461 1894 1552 1946 καὶ
1624 1894 1730 1947 ἀπὸ
1807 1893 1900 1946 τοῦ
1934 1865 1980 1925 Β
2014 1871 2118 1942 ἔπη
2181 1871 2421 1942 τέσσαρα
2479 1871 2512 1942 ἢ
2586 1870 2747 1943 τρία,

2012 1965 2126 2020 ἔσθ’
2151 1967 2240 2019 ὅτε
2266 1965 2323 2019 δὲ
2368 1965 2460 2018 καὶ
2488 1964 2748 2017 δεκατέσ-

2012 2077 2154 2131 σαρα
2189 2059 2283 2113 καὶ
2317 2057 2606 2111 δεκαεννέα
2647 2059 2741 2111 καὶ

2006 2154 2222 2219 δεκαέξ.
2241 2154 2354 2207 Καὶ
2375 2154 2428 2206 τί
2461 2170 2527 2223 με
2555 2152 2638 2204 δεῖ
2650 2170 2742 2205 κα·

2005 2247 2274 2313 ταλέγειν,
2306 2229 2364 2298 ἃ’
2379 2243 2515 2315 μετὰ
2545 2242 2740 2296 πολλοῦ

2007 2356 2078 2391 κα
2088 2337 2256 2407 μάτου
2341 2334 2737 2404 ἀνελεξάμεθα,

2007 2423 2150 2493 ὑπὲρ
2177 2421 2271 2474 τοῦ
2316 2421 2390 2492 μὴ
2451 2420 2740 2474 λανθάνειν

2006 2519 2154 2589 ἡμᾶς
2187 2516 2286 2588 τὴν
2314 2515 2580 2587 διαφορὰν
2630 2513 2740 2568 τῶν

2005 2609 2158 2681 παρὰ
2195 2608 2470 2671 Ἰουδαίοις
2493 2607 2589 2661 καὶ
2607 2607 2737 2677 ἡμῖν

2005 2704 2355 2776 ἀντιγράφων
2369 2721 2383 2769 ;

3465 381 3569 436 109.

2832 509 3008 566 usque
3035 495 3102 550 ad
3139 495 3255 551 haec
3284 497 3468 562 verba,
3510 510 3567 551 ut

2832 591 3157 659 requiescam
3204 591 3270 643 ab
3311 607 3420 645 ιεηι
3429 593 3566 645 mnis

2834 683 2984 744 meis,
3025 692 3073 735 et
3101 700 3132 736 a
3159 683 3427 737 doloribus
3450 699 3572 754 qua

2830 789 2911 825 me
2955 789 3092 826 nunc
3133 775 3387 829 detinent.
3431 775 3566 831 Nam

2833 867 2927 937 (in
2960 868 3264 942 Hebraico)
3306 873 3419 926 haec
3449 881 3571 927 tan-

2833 969 2945 1016 tum
3010 964 3173 1018 verba
3217 967 3402 1022 uxoris
3447 968 3568 1036 ejus

2831 1054 3033 1123 scripta
3087 1066 3214 1110 sunt
3267 1075 3281 1111 :
3336 1057 3438 1112 Sed
3480 1061 3568 1114 die

2831 1145 3041 1197 verbum
3066 1158 3247 1200 contra
3262 1148 3564 1216 Dominum,

2832 1246 2881 1289 et
2909 1252 3129 1291 morere.

2910 1403 3149 1458 Rursum
3225 1404 3458 1474 plurima
3517 1404 3573 1460 in

2836 1495 3017 1550 medio
3090 1505 3204 1552 toto
3257 1498 3397 1553 libro
3459 1496 3570 1554 Job

2830 1587 2971 1655 apud
3000 1585 3256 1644 llebraeos
3291 1591 3579 1660 reperiun-

2832 1687 2886 1730 tu
2896 1693 3068 1747 r,quae
3085 1678 3136 1732 in
3167 1679 3574 1749 exemplaribus

2832 1769 3443 1836 nostrisdesiderantur;
3465 1788 3568 1828 sae-

2835 1861 2958 1928 pius
3004 1859 3222 1928 quidem
3265 1862 3573 1933 (versiculi)

2834 1959 3072 2020 quatuor
3097 1951 3180 2006 vel
3222 1962 3374 2016 tres;
3409 1953 3578 2008 inter-

2846 2041 2975 2095 dum
2999 2057 3132 2097 vero
3144 2044 3575 2112 quatuordecim,

2847 2139 3242 2204 novemdecim,
3280 2141 3364 2195 vel
3397 2142 3581 2196 sexde-

2850 2231 2977 2285 cim.
3011 2230 3078 2285 Et
3102 2231 3230 2301 quid
3260 2248 3345 2286 me
3366 2241 3580 2300 oportet

2847 2323 2936 2378 hic
3006 2337 3368 2387 enumerare,
3455 2338 3580 2394 quae

2848 2417 3018 2472 multo
3036 2417 3220 2473 labore
3235 2417 3575 2486 collegimus,

2847 2524 2912 2562 ne
2936 2523 3038 2563 nos
3063 2509 3254 2564 lateret
3281 2508 3577 2564 discrimen

2843 2604 2987 2673 quod
3002 2603 3226 2659 Iudaica
3251 2605 3390 2658 inter
3409 2613 3462 2660 et
3476 2617 3578 2658 ηο-

2843 2705 2953 2748 stra
2977 2695 3309 2766 exemplaria
3346 2694 3578 2752 interce-

271 2753 324 2797 et
363 2742 509 2812 apud
565 2737 1078 2797 Theodotionem,

269 2836 444 2906 quoad
533 2848 784 2890 sensum
876 2829 1079 2883 eadem

273 2941 418 2983 sunt.
466 2929 785 2982 lnnumera
845 2933 1083 2990 quoque

276 3021 381 3074 alia
426 3019 762 3073 invenimus
819 3014 880 3068 in
935 3011 1076 3079 Job',

278 3125 391 3168 tum
419 3113 748 3169 deﬁcientia
771 3153 788 3176 ,
828 3119 950 3163 tum
989 3123 1083 3161 re-

284 3205 580 3260 dundantia
692 3202 753 3256 in
865 3198 1083 3254 nostris

285 3297 735 3366 exemplaribus,
783 3293 832 3347 si
883 3289 1054 3346 confe

289 3399 472 3443 rantur
506 3405 637 3444 cum
671 3385 953 3441 Judaicis.
982 3382 1086 3437 De-

293 3481 520 3536 ﬁcientia
552 3482 815 3552 quidem,
852 3488 914 3533 ut
947 3491 1082 3531 cum

297 3573 383 3628 his
401 3576 577 3631 verbis
600 3594 614 3630 :
641 3574 890 3643 Surgens
918 3587 1084 3625 mane

301 3667 538 3732 oﬁ’erebat
569 3685 671 3736 pro
702 3666 817 3719 illis
858 3663 1084 3731 sacri/i-

305 3758 389 3808 cio
401 3800 415 3822 ,
445 3760 736 3812 secundum
789 3766 1083 3810 numerum

305 3863 503 3913 «rem;
547 3851 797 3916 additur,
844 3848 1083 3902 vitulum

309 3956 463 3994 unum
525 3961 621 4012 pro
682 3951 909 4012 peccato
979 3956 1082 4009 pro

311 4035 571 4090 animabus
605 4053 814 4089 eorum.
849 4034 917 4087 Et
946 4048 1079 4087 cum

315 4123 422 4180 his:
452 4127 708 4181 Venerunt
737 4126 922 4196 angeli
953 4124 1079 4188 Dei,

317 4228 376 4268 at:
402 4230 620 4274 astarent
647 4236 834 4274 coram
865 4218 1004 4279 Deo,
1031 4226 1082 4269 et

319 4309 542 4365 diabolus
591 4315 730 4367 venit
800 4327 930 4364 cum
1000 4310 1083 4362 eis

322 4404 637 4460 subnectitur
675 4423 689 4456 :
728 4404 1084 4459 Circumiens

323 4505 495 4550 terram
510 4539 525 4561 ,
571 4509 621 4552 et
678 4496 1083 4567 perambulatis

321 4588 375 4641 in
397 4607 463 4644 ea.
486 4589 751 4646 Praeterea
786 4599 921 4660 post
961 4589 1086 4641 haec

321 4685 462 4738 verba
477 4729 490 4750 ,
544 4686 811 4740 Dominus
890 4683 1050 4737 dedit
1070 4724 1085 4747 ,

323 4773 551 4832 Dominus
597 4779 871 4842 abstulit,
929 4774 1085 4844 apUd

317 4863 546 4927 ﬂebrzeos
577 4888 686 4927 non
727 4878 903 4925 erant
939 4869 1085 4930 haec,

308 4963 430 5017 sicut
454 4965 682 5020 Domino
710 4962 977 5035 placuit,
1007 4960 1090 5013 ita

302 5054 483 5123 factum
505 5071 602 5114 est.

354 5173 510 5230 Plura
528 5187 724 5231 autem
749 5174 811 5228 in
844 5167 1074 5224 nostris

287 5279 436 5332 qvam
485 5268 540 5321 in
590 5261 869 5319 Hebreis
935 5263 1075 5310 sunt

279 5372 335 5413 ea
361 5377 482 5430 qua:
536 5359 692 5415 Jobo
728 5353 894 5410 dixit
922 5362 1076 5402 uxor

272 5455 381 5523 ejus
459 5458 531 5511 ab
612 5455 716 5508 his
792 5443 1072 5500 verbis:

265 5547 543 5620 Quousque
555 5537 980 5619 perseverabis
1001 5533 1080 5585 di-

257 5642 413 5695 teudo
449 5659 470 5695 :
543 5637 815 5693 Manebo
882 5627 1075 5680 adhuc

251 5749 406 5799 Pareo
486 5743 758 5801 tempore
873 5729 1070 5776 exspe-

248 5837 392 5881 ﬂans
415 5841 570 5898 spem
626 5813 872 5875 salutis
912 5820 1074 5868 mca’,

1150 2733 1354 2787 δοτίωνι
1375 2733 1443 2787 τὰ
1478 2734 1900 2806 ἰσοδυναμοῦντα

1151 2826 1414 2896 ἀλλήλοις.
1477 2829 1585 2881 Kal.
1647 2829 1780 2882 ἄλλα
1843 2829 1900 2882 δὲ

1157 2919 1318 2991 μυρία
1385 2919 1619 2991 εὕρομεν
1693 2923 1750 2974 ὲν
1825 2921 1901 2992 τῷ

1165 3010 1314 3074 Ἰὼϐ,
1369 3015 1463 3066 καὶ
1514 3013 1632 3067 κατ’
1693 3014 1898 3082 ὀλίγον,

1153 3107 1242 3158 καὶ
1297 3108 1390 3160 ἐπὶ
1453 3108 1613 3161 πλέον
1674 3111 1731 3160 ἐν
1789 3111 1902 3171 τοῖς

1149 3198 1435 3270 ἡμετέροις
1467 3200 1837 3269 ἀντιγράφοις,
1930 3224 1974 3286 C

1155 3293 1209 3344 ὲν
1252 3294 1362 3355 τοῖς
1408 3292 1557 3363 παρὰ
1607 3292 1898 3356 Ἰουδαίοις·

1156 3387 1269 3438 κατ’
1291 3386 1468 3454 ὀλίγον
1500 3386 1618 3456 μὲν,
1647 3387 1756 3449 ὅτε,
1784 3385 1904 3439 ἀνι-

1155 3477 1444 3545 στάμενος
1460 3478 1525 3531 τὸ
1543 3477 1692 3545 πρωῒ
1719 3492 1903 3546 προσ-

1155 3567 1322 3638 έφερε
1370 3571 1501 3638 περὶ
1553 3569 1752 3624 αὐτῶν
1803 3575 1903 3625 θυ-

1155 3664 1290 3728 σίας
1328 3664 1474 3718 κατὰ
1510 3664 1616 3717 τὸν
1654 3664 1904 3734 ἀριθμὸν

1154 3754 1364 3809 αὐτῶν·
1400 3757 1486 3810 τό·
1520 3759 1760 3826 μόσχον
1796 3757 1905 3810 ἕνα

1155 3847 1281 3916 περὶ
1309 3848 1594 3918 ἁμαρτίας
1627 3849 1759 3917 περὶ
1787 3850 1905 3904 τῶν

1154 3938 1368 4007 ψυχῶν
1400 3939 1615 3994 αὐτῶν.
1654 3943 1760 3994 Καὶ
1792 3941 1900 4005 ὅτε,

1154 4025 1340 4098 ἦλθον
1395 4033 1449 4082 οἱ
1501 4027 1740 4098 ἄγγελοι
1797 4031 1902 4083 τοῦ

1158 4121 1300 4174 Θεοῦ
1347 4121 1725 4188 παραστῆναι
1761 4121 1903 4174 ἐννώ-

1157 4231 1290 4268 πιον
1333 4215 1437 4268 τοῦ
1489 4214 1665 4280 Θεοῦ,
1713 4215 1811 4268 καὶ
1872 4219 1904 4269 0'

1156 4307 1429 4375 διάϐολος
1461 4305 1608 4377 ἦλθε
1645 4309 1771 4378 μετ’
1797 4310 1904 4362 αὺ-

1157 4398 1289 4451 τῶν·
1326 4400 1402 4452 τό·
1434 4399 1760 4468 περιελθὼν
1792 4401 1906 4469 τὴν

1158 4491 1286 4560 γῆν,
1308 4493 1403 4546 καὶ
1421 4493 1904 4561 ἐμπεριπατήσας

1157 4585 1223 4637 ἐν
1252 4585 1424 4654 αὐτῇ.
1459 4586 1579 4638 Ἔτι
1620 4585 1676 4638 δὲ
1713 4587 1812 4638 οὐκ
1837 4581 1905 4656 ἦν
1938 4565 1981 4618 D

1159 4680 1285 4750 παρ’
1327 4677 1595 4749 Ἑϐραίοις
1637 4678 1772 4748 μετὰ
1816 4678 1900 4730 τό·

1171 4771 1222 4822 '0
1282 4771 1494 4837 Κύριος
1557 4769 1804 4832 ἔδωκεν,
1875 4773 1907 4823 ό

1161 4863 1371 4929 Κύριος
1394 4862 1692 4929 ἀφείλετο·
1726 4861 1805 4927 ὼς
1829 4859 1908 4925 τῷ

1160 4956 1350 5021 Κυρίῳ
1413 4953 1660 5018 ἔδοξεν,
1723 4953 1907 5018 οὕτως

1164 5048 1259 5099 καὶ
1294 5045 1549 5115 ἐγένετο.

1233 5162 1460 5216 Πλείονα
1477 5161 1531 5213 δὲ
1560 5161 1742 5222 ἐντοῖς
1761 5161 1887 5230 ἡμε-

1162 5250 1335 5322 τέροις
1377 5249 1526 5320 παρὰ
1569 5249 1636 5301 τὰ
1681 5248 1889 5319 Ἑϐραῖο

1164 5339 1262 5403 κὰ,
1311 5340 1398 5391 ὅτε
1461 5334 1578 5389 εἷπε
1633 5335 1710 5406 τῷ
1767 5335 1886 5388 ’1ὼὸ

1166 5431 1352 5501 ὴγυνὴ
1399 5428 1584 5492 αὑτοῦ,
1632 5428 1739 5482 ἀπὸ
1769 5427 1884 5492 τοῦ,

1164 5523 1346 5588 Μέχρι
1395 5521 1559 5584 τίνος
1616 5517 1890 5585 καρτερή-

1164 5616 1532 5684 σεις,.1ἑγων’
1567 5613 1890 5669 Ἰδοὺ.ἀνα-

1159 5709 1313 5779 μένω
1331 5712 1552 5780 χρόνον
1567 5709 1652 5762 ἔτι
1673 5709 1888 5778 μικρὸν

1165 5806 1640 5875 προσδεχόμενος
1664 5804 1777 5873 τὴν
1797 5807 1888 5864 ἑλ-

2843 2787 2957 2841 dit?

2077 2885 2134 2939 ln
2168 2885 2308 2938 libro
2353 2883 2518 2953 igitur
2545 2881 2668 2948 Job,
2698 2890 2892 2951 praeter
2927 2877 3140 2932 solitam
3167 2891 3260 2931 sex
3295 2876 3580 2931 columna-

2007 2994 2128 3032 rum
2160 2991 2402 3046 operam,
2432 2973 2692 3044 Origenes
2727 2972 2784 3025 in
2840 2969 3078 3024 editione
3109 2967 3218 3020 τῶν
3250 2968 3306 3020 0'
3339 2966 3575 3036 plurima

2007 3068 2199 3123 mutila
2216 3082 2284 3120 ex
2315 3065 2709 3128 Theodotione,
2730 3070 2785 3118 et
2818 3058 3110 3130 aliquando
3140 3073 3203 3112 ex
3230 3057 3351 3112 aliis
3379 3057 3576 3111 editio-

2008 3161 2192 3224 nibus,
2241 3157 2520 3215 asteriscis
2572 3153 2879 3226 praepositis
2909 3148 3260 3214 restauravit,
3296 3157 3349 3202 et
3395 3147 3577 3203 hiatus

2006 3266 2240 3324 magnos
2268 3248 2572 3311 resarcivit,
2603 3255 2664 3300 ut
2692 3250 2807 3315 ipse
2829 3257 2990 3312 supra
3033 3247 3318 3294 memorat.
3361 3237 3578 3308 Septin-

2002 3352 2198 3413 gentos
2224 3340 2309 3395 vel
2338 3339 2681 3405 octingentos
2701 3334 3000 3391 versiculos
3027 3331 3094 3385 ab
3119 3329 3350 3400 Origene
3376 3327 3575 3399 praedi—

2002 3446 2092 3492 cto
2115 3435 2277 3490 modo
2299 3433 2354 3487 iu
2384 3432 2520 3488 locis
2542 3431 2631 3485 ubi
2667 3430 2890 3484 deerant
2911 3424 3180 3495 repositos
3208 3423 3380 3477 fuisse
3412 3429 3578 3478 testa-

2002 3537 2094 3583 tur
2125 3527 2512 3598 Hieronymus,
2548 3524 2640 3594 qui
2669 3523 2867 3576 librum
2893 3516 2994 3571 Job
3019 3515 3099 3570 sic
3126 3515 3438 3570 restitutum
3469 3512 3575 3568 La-

2001 3620 2114 3674 tine
2167 3615 2460 3678 transtulit,
2515 3622 2576 3668 ut
2610 3614 2840 3668 habetur
2890 3611 3068 3681 primo
3128 3617 3276 3663 tomo
3320 3607 3580 3664 editionis

2000 3709 2230 3764 Joannis
2263 3706 2555 3778 Martianaei
2581 3706 2774 3759 nostri.
2803 3703 2929 3756 Haec
2961 3700 3331 3770 supplementa
3376 3713 3445 3753 ex
3486 3712 3579 3753 co-

2001 3800 2122 3856 dice
2145 3797 2379 3868 quodam
2413 3795 2752 3858 Colhertino,
2805 3802 2858 3848 et
2901 3807 2964 3847 ex
2993 3791 3230 3845 editione
3263 3787 3577 3860 Hieronymi

2003 3897 2341 3942 mutuamur.
2374 3884 2640 3939 Prteterea
2670 3883 2932 3939 lectiones
2953 3889 3194 3936 veterum
3222 3879 3578 3948 interpretum

2003 3979 2163 4048 longe
2195 3976 2469 4032 auctiores
2491 3983 2546 4030 et
2567 3974 2964 4030 emendatiores
2995 3972 3212 4035 damus,
3250 3985 3415 4040 quam
3442 3969 3579 4024 Dru-

2005 4069 2122 4123 sius
2145 4067 2408 4122 ediderat.
2451 4066 2551 4121 Hic
2594 4065 2906 4135 frequentes
2947 4060 3245 4116 aﬂ‘eruntur
3292 4059 3574 4123 lectiones,

2006 4156 2111 4210 hac
2137 4155 2334 4226 praevia
2371 4164 2498 4209 nota
2539 4154 2598 4207 Ὀ
2633 4153 2898 4224 Ἐϐραῖος,
2929 4166 3036 4221 qua
3065 4150 3133 4205 de
3179 4164 3239 4204 re
3288 4159 3468 4204 actum
3495 4158 3580 4205 est

2005 4247 2179 4318 capite
2199 4247 2396 4316 primo.

2076 4339 2132 4394 ln
2165 4339 2303 4393 libro
2333 4337 2702 4400 Psalmorum,
2725 4342 2920 4405 praeter
2945 4348 3038 4388 sex
3062 4331 3250 4388 solitas
3271 4328 3576 4390 columnas,

2009 4430 2285 4486 tres‘alias
2340 4427 2715 4498 superaddidit
2767 4425 3058 4494 Origenes,
3122 4434 3245 4491 quae
3291 4417 3575 4485 Quintam,

2013 4521 2230 4576 Sextam
2262 4529 2315 4576 et
2344 4521 2639 4592 Septimam
2687 4517 2979 4572 editionem
3022 4511 3384 4569 exhibebant:
3437 4526 3577 4580 qua-

2012 4627 2132 4666 rum
2163 4611 2408 4666 omnium
2472 4610 2732 4664 lectiones
2771 4605 2957 4661 multis
3015 4603 3260 4675 partibus
3306 4604 3579 4658 auctiores

2009 4701 2254 4756 dedimus
2279 4715 2441 4770 quam
2472 4697 2697 4754 Drusius
2725 4697 2989 4751 ediderat.

2081 4791 2137 4846 In
2165 4790 2477 4846 Proverbiis
2508 4789 2726 4844 solitum
2762 4802 2856 4842 sex
2897 4784 3276 4840 columnarum
3298 4795 3435 4853 opus
3462 4780 3581 4836 edi-

2008 4884 2090 4937 dit
2121 4882 2404 4953 Origenes.
2441 4881 2637 4936 Multas
2675 4894 2805 4933 vero
2855 4892 3043 4931 earum
3082 4875 3342 4932 lectiones
3363 4890 3428 4929 ex
3458 4873 3576 4928 edi-

2009 4975 2156 5030 tione
2187 4976 2430 5028 Romana
2472 4971 2695 5043 protulit
2724 4967 2976 5030 Drusius,
3017 4965 3218 5036 quibus
3251 4978 3352 5018 nos
3373 4963 3578 5033 aliquot

2005 5069 2323 5138 adjecimus,
2348 5075 2401 5120 et
2433 5079 2540 5118 non
2569 5078 2769 5133 paucas
2801 5058 3224 5115 emendavimus.

2080 5159 2139 5214 ln
2172 5158 2500 5214 Ecclesiaste
2523 5155 2676 5225 paria
2702 5152 2954 5223 praestitit
2978 5149 3340 5219 llexaplorum
3367 5154 3576 5202 auctor.

2006 5253 2086 5307 lbi
2142 5267 2272 5308 vero
2344 5250 2600 5306 lectiones
2657 5248 2795 5303 bene
2846 5246 3046 5300 multas
3105 5241 3390 5297 Drasianis
3434 5239 3582 5309 adje-

2005 5345 2201 5400 chnus.
3177 5385 3181 5388 -

2075 5438 2132 5490 In
2158 5434 2399 5490 Canticis
2429 5432 2575 5497 item,
2603 5437 2797 5500 praeter
2827 5426 3089 5495 Hexapla,
3116 5422 3240 5478 duae
3266 5421 3458 5476 saltem
3481 5433 3573 5472 c0«

2005 5529 2206 5583 lumine
2232 5524 2452 5593 adjectae
2475 5521 2710 5583 fuerant,
2746 5533 2937 5586 nempe
2969 5515 3191 5581 Quintae
3239 5522 3293 5567 et
3349 5508 3525 5562 Sextaa
3558 5527 3572 5563 :

2009 5613 2077 5676 an
2116 5617 2352 5688 Septima
2381 5616 2506 5668 item
2536 5613 2704 5674 editio
2755 5610 3008 5670 adfuerit,
3061 5608 3356 5666 incertum;
3411 5599 3580 5666 Quin.

2007 5723 2116 5768 tam
2144 5724 2272 5764 vero
2293 5715 2347 5762 et
2371 5705 2588 5760 Sextam
2614 5701 2854 5757 adfuisse
2876 5699 3107 5768 probant
3125 5693 3436 5749 earumdem
3459 5691 3576 5746 loca

2005 5821 2127 5876 quae
2157 5807 2470 5872 supersunt.
2536 5794 2898 5864 Hieronymus
2949 5799 3126 5843 tamen
3162 5782 3485 5839 Praefatione
3519 5782 3574 5835 in
