4052 6388
551 359 652 415 1113

1873 348 2390 407 ΡΒΕΙᾸΜΙΝΔΜΑ

3678 351 3698 403 1
3711 349 3791 405 (id

545 481 852 544 Canticum,
884 479 1137 546 Quintam
1173 478 1349 532 solum
1375 476 1667 532 editionem
1703 485 1996 542 memorat,
2026 483 2110 530 at-
2143 479 2182 533 Α
2211 484 2261 528 et
2285 473 2539 544 Origenes
2595 474 2658 527 de
2693 469 3060 526 Theodotionis
3101 484 3252 538 opere
3296 469 3352 523 in
3394 469 3623 522 editione
3657 466 3792 522 Vul-

545 589 652 643 que
686 573 761 627 ita
793 572 1072 642 loquitur:
1136 570 1386 640 Origenes
1439 585 1560 623 eam
1609 571 1663 624 in
1704 569 1906 624 caeteris
1930 568 2111 623 'libris

545 679 724 717 omnes
751 662 955 723 vicerit,
989 663 1043 716 in
1075 660 1300 716 Cantica
1347 662 1673 714 canticorum
1720 660 1828 730 ipse
1876 676 1929 713 se
1967 660 2109 712 vicit.

549 754 690 810 Nam
722 756 898 810 decem
950 755 1301 809 voluminibus
1337 752 1600 821 explicitis
1620 793 1635 817 ,
1690 767 1806 822 quae
1833 749 1901 804 ad
1928 751 2112 820 viginti

546 863 704 916 usque
740 863 979 900 versuum
1046 845 1218 898 millia
1276 860 1401 914 pene
1449 844 1749 912 perueniunt
1795 858 1813 903 :
1883 843 2113 910 primunt

544 936 691 991 LXX
731 938 1084 1004 Interpretes,
1137 935 1322 989 deinde
1373 933 1622 1005 Aquilam
1659 932 2110 1003 et'Symmachum

542 1037 590 1084 et
616 1027 1038 1091 Theodotionem,
1058 1037 1106 1081 et
1130 1027 1198 1080 ad
1220 1037 1509 1081 extremum
1533 1024 1784 1090 Quintam
1809 1026 2109 1087 editionem,

543 1136 703 1192 quant
758 1121 812 1174 in
862 1121 1013 1173 Actio
1041 1119 1218 1174 littore
1249 1118 1507 1172 invenisse
1559 1135 1613 1172 se
1645 1119 1854 1179 scribit,
1904 1126 2007 1171 etc.
2036 1115 2113 1171 De

547 1213 709 1268 Sexta
730 1228 858 1267 vero
889 1213 1149 1277 editione,
1202 1228 1325 1282 quae
1347 1221 1523 1266 tamen
1581 1211 1634 1264 in
1662 1209 1903 1264 Canticis
1939 1207 2113 1263 Hexa-

543 1306 648 1377 plis
679 1314 814 1369 erat,
851 1321 918 1360 ne
951 1305 1175 1360 verbum
1210 1305 1428 1374 quidem
1458 1304 1853 1374 Hieronymus;
1911 1303 2027 1357 sive
2047 1302 2114 1355 il-

543 1395 653 1451 lam
679 1395 966 1450 editionem
992 1395 1285 1465 neglexerit
1321 1394 1581 1465 Origenes
1608 1393 1660 1447 in
1693 1392 2112 1447 Commentariis

545 1488 679 1552 suis,
709 1487 823 1542 sive
871 1488 1016 1542 illam
1067 1486 1431 1558 llieronymus
1473 1484 1883 1558 prmtermiserit
1919 1501 1931 1538 :
1967 1483 2113 1553 quod

542 1580 896 1636 verisimilius
917 1589 1031 1646 est;
1057 1595 1181 1634 nam
1212 1588 1275 1633 ut
1315 1579 1426 1648 jam
1463 1593 1607 1648 saepe
1638 1579 1898 1642 vidimus,
1936 1593 1999 1631 ex
2041 1577 2115 1632 si—

543 1673 711 1729 lentio
742 1672 1078 1742 huiusmodi,
1105 1671 1239 1726 nihil
1270 1679 1448 1741 potest
1488 1669 1759 1726 concludi.
1792 1669 1853 1723 ln
1877 1667 2113 1723 Canticis

543 1779 672 1821 vero
706 1776 900 1836 praeter
925 1765 1242 1828 Drusianas,
1277 1765 1410 1818 alias
1436 1765 1568 1819 bene
1588 1763 1788 1818 multas
1814 1762 2110 1832 adjecimus

543 1864 784 1910 veterum
815 1855 1164 1924 interpretum
1197 1854 1478 1908 lectiones.

582 1945 674 2001 ‘ln
701 1945 894 2002 Hesaia
951 1956 1145 2016 praeter
1204 1945 1508 2014 Hexaplare
1553 1959 1711 2015 opus,
1759 1959 1868 1999 non
1926 1959 2112 2014 pauca:

546 2035 669 2108 Syri
706 2037 967 2092 lectiones
1018 2037 1469 2091 observabantur.
1503 2033 1578 2088 lbi
1615 2049 1746 2089 vero
1794 2033 2114 2100 interpreta-

546 2128 727 2184 tiones
777 2128 1008 2197 Aquilae,
1065 2125 1378 2198 Symmachi
1411 2135 1464 2180 et
1511 2124 1898 2180 Theodotionis
1957 2124 2114 2194 longe

547 2224 818 2276 auctiores
849 2221 1044 2276 damus
1072 2236 1236 2290 quam
1269 2220 1410 2290 apud
1440 2217 1696 2273 Drusium
1721 2217 2040 2272 habeantur.

618 2311 677 2366 ln
701 2310 933 2366 Jeremia
978 2321 1173 2382 praeter
1203 2311 1348 2365 illam
1403 2325 1497 2365 sex
1553 2309 1930 2364 columnarum
1987 2320 2115 2376 ope-

545 2415 689 2468 ram,
731 2403 900 2456 multa
927 2418 991 2457 ex
1046 2402 1418 2457 Theodotione
1470 2415 1595 2456 cum
1637 2399 1916 2455 asteriscis
1957 2398 2116 2453 resti-

546 2494 656 2548 tuit
685 2492 968 2564 Origenes,
1003 2509 1123 2563 quae
1152 2492 1296 2546 LXX
1335 2493 1666 2562 Interpretes
1693 2491 1945 2544 consulto
1985 2505 2116 2558 prte-

547 2585 920 2651 termiserant,
961 2599 1019 2640 ut
1076 2589 1154 2640 ait
1202 2586 1502 2655 saepissime
1564 2583 1929 2655 Hieronymus
1959 2581 2118 2638 Cont-

547 2676 807 2732 mentario
838 2678 891 2730 in
927 2676 1238 2731 Jeremiam.
1271 2675 1346 2730 Ibi
1372 2676 1538 2729 multa
1571 2691 1696 2732 cum
1721 2673 1996 2730 asteriscis
2022 2672 2118 2728 ad-

546 2765 659 2830 dita
710 2775 858 2831 sunt,
906 2767 1194 2834 multaeque
1232 2766 1681 2836 transpositiones
1736 2773 1911 2831 erant,
1958 2774 2017 2819 ttt
2043 2765 2120 2819 ait

547 2853 809 2925 Origenes
831 2857 990 2925 epist.
1056 2857 1124 2910 ad
1180 2856 1495 2912 Africanum
1532 2875 1547 2910 :
1604 2856 1781 2908 Πολλὰ
1819 2856 1875 2908 δὲ
1893 2855 2120 2909 τοιαῦτα

547 2947 642 3000 καὶ
673 2949 730 3001 ὲν
758 2946 834 3017 τῷ
878 2947 1116 3020 Ἱερεμίᾳ
1164 2951 1566 3020 κατενοήσαμεν
1587 2987 1602 3011 ,
1639 2950 1696 3000 ὲν
1797 2948 1892 3000 καὶ
1925 2945 2119 3016 πολλὴν

550 3037 834 3108 μετάθεσιν
860 3039 953 3091 καὶ
978 3039 1273 3110 ἐναλλαγὴν
1293 3039 1390 3110 τῆς
1423 3037 1621 3105 λέξεως
1647 3037 1753 3092 τῶν
1787 3053 2121 3110 προφητευσ-

2213 578 2338 639 gata
2373 568 2654 623 asterisros
2701 565 2896 634 posuit,
2945 562 3134 616 docens
3167 560 3397 630 defuisse
3437 577 3553 631 qua:
3594 559 3794 613 addita

2212 670 2442 725 sunt;et
2466 675 2650 712 rursus
2689 657 2942 728 quosdam
2995 670 3173 710 versus
3226 652 3386 707 obelis
3445 651 3791 721 prwnotavit,

2212 753 2481 821 superﬂua
2505 766 2720 822 qumque
2745 749 3043 818 designans.
3096 747 3330 816 Cuntque
3360 761 3535 799 omnes
3581 744 3790 800 Christi

2215 844 2488 906 Ecclesiae,
2517 852 2623 895 tam
2655 839 2956 895 Cra'corum
3007 856 3163 909 quam
3217 838 3552 902 Latinorum,
3611 835 3787 908 Syro-

2215 952 2433 1005 rumqtte
2455 946 2502 989 et
2529 933 2924 1003 ligyptiorum,
2956 932 3090 985 hanc
3120 929 3215 984 sub
3242 931 3514 984 asteriscis
3545 938 3594 983 et
3616 928 3786 983 obelis

2213 1027 2490 1081 editionem
2524 1027 2718 1094 legant.
2779 1024 3051 1093 ignoscant
3101 1023 3266 1076 invidi
3309 1021 3481 1075 labori
3526 1037 3661 1086 meo,
3692 1021 3789 1090 qui

2211 1120 2351 1173 volui
2381 1117 2560 1172 haberi
2616 1127 2820 1170 nostros
2846 1116 2984 1184 quod
3015 1114 3187 1170 σι’ωεὶ
3210 1116 3264 1168 in
3293 1115 3500 1185 Aquila
3527 1124 3574 1168 et
3611 1112 3787 1168 Theo-

2212 1211 2441 1266 dotionis
2467 1227 2528 1264 ac
2558 1209 2858 1280 Symmachi
2888 1207 3205 1262 editionibus
3229 1207 3492 1260 lectitant.
3520 1204 3590 1259 Et
3616 1207 3663 1259 si
3698 1206 3787 1259 illi

2212 1305 2267 1358 in
2300 1303 2459 1356 tantis
2490 1303 2690 1357 divitiis
2720 1301 3079 1353 doctrinarum
3103 1316 3206 1353 non
3234 1308 3571 1353 contemnunt
3601 1299 3799 1352 studia

2212 1396 2480 1450 hominum
2499 1393 2832 1455 Judteorum,
2863 1407 2960 1445 cur
2982 1390 3179 1444 Latina
3211 1400 3496 1461 paupertas
3521 1391 3784 1460 despiciat

2213 1489 2469 1541 hominem
2492 1486 2893 1542 Christianum?
2913 1484 3076 1552 Cujus
3107 1487 3152 1538 si
3175 1500 3301 1554 Opus
3325 1483 3625 1553 displiceat,
3647 1490 3790 1537 certe

2213 1579 2451 1633 uoluntas
2493 1577 2790 1648 recipienda
2847 1586 2944 1631 est.
2977 1576 3089 1630 Hoc
3120 1583 3298 1630 autem
3360 1575 3483 1628 loco
3515 1573 3790 1645 Hierony-

2213 1687 2337 1726 mus
2387 1671 2558 1741 prima
2614 1670 2790 1725 fronte
2845 1669 2947 1724 sibi
3010 1668 3112 1737 ipsi
3166 1681 3470 1736 repugnare
3542 1665 3782 1719 videtur.

2213 1761 2504 1832 Postquam
2531 1763 2675 1816 enim
2707 1760 2940 1823 dixerat,
2972 1757 3248 1812 Danielem
3283 1773 3391 1812 non
3419 1758 3580 1828 juxta
3605 1755 3786 1824 LXX,

2217 1855 2483 1922 sedjuxta
2541 1851 2965 1906 Theodotionem
3016 1848 3290 1904 Ecclesias
3339 1848 3536 1919 legere,
3598 1849 3787 1903 statim

2215 1945 2436 2014 subiicit
2455 1959 2646 2000 omnes
2697 1941 2902 1997 Christi
2953 1941 3246 2005 Ecclesias,
3299 1948 3408 1995 tam
3461 1940 3786 1996 Graecorum

2214 2052 2377 2106 quam
2439 2035 2779 2098 Latinorum,
2839 2033 3209 2104 Syrorumque
3255 2042 3311 2086 et
3363 2029 3788 2101 Egyptiorum,

2215 2128 2507 2197 editionem
2553 2125 2838 2197 Vulgalam
2897 2126 3094 2195 legere,
3155 2124 3362 2179 scilicet
3393 2124 3499 2177 τῶν
3531 2129 3608 2188 0’,
3648 2138 3792 2194 qua:

2215 2221 2284 2274 ab
2311 2219 2540 2287 Origene
2557 2234 2624 2274 ex
2648 2218 2886 2274 editione
2917 2215 3308 2271 Theodotionis
3340 2225 3498 2270 aucta
3525 2225 3580 2270 et
3597 2231 3791 2270 emen-

2216 2315 2340 2367 data
2368 2311 2546 2368 fuerat
2575 2327 2698 2366 cum
2747 2310 3022 2366 asteriscis
3070 2319 3124 2364 et
3157 2309 3347 2364 obclis.
3378 2307 3434 2362 In
3485 2323 3552 2362 eo
3600 2317 3788 2362 autem

2217 2403 2320 2457 sita
2352 2411 2436 2458 est
2456 2401 2764 2464 dillicultas,
2819 2400 2961 2471 quod
2997 2414 3120 2453 cum
3184 2398 3260 2452 ait
3308 2397 3794 2468 Ecclesiaslegere

2218 2493 2606 2550 Theodotionis
2637 2493 2950 2554 editionem,
2990 2500 3044 2545 et
3095 2500 3284 2560 postea
3337 2489 3554 2551 easdem
3607 2489 3794 2560 legero

2217 2588 2506 2644 editionem
2537 2586 2643 2640 τῶν
2702 2587 2758 2638 0'
2812 2583 3181 2654 bexaplarem,
3233 2582 3474 2637 indicare
3532 2582 3790 2638 videatur

2218 2692 2506 2750 utramque
2533 2678 2823 2735 editionem
2851 2680 2905 2732 in
2945 2677 3177 2746 publicis
3212 2674 3468 2730 Ecclesia:
3504 2676 3797 2730 conventi-

2217 2771 2322 2827 bus
2351 2772 2454 2842 legi
2489 2771 2635 2841 quod
2665 2770 2856 2839 utique
2878 2770 2966 2823 vix
2997 2769 3146 2824 credi
3183 2769 3353 2837 possit
3378 2788 3391 2824 :
3438 2784 3618 2838 neque
3639 2769 3789 2824 enim

2217 2864 2511 2919 verisimile
2541 2872 2624 2919 est
2646 2863 2784 2917 duas
2805 2861 3048 2932 ejusdem
3103 2863 3377 2932 prophetae
3407 2861 3681 2916 editiones
3705 2862 3793 2916 in-

2219 2955 2637 3010 discriminatim
2693 2954 2748 3008 in
2801 2953 3056 3008 omnibus
3104 2951 3363 3008 Ecclesiis
3394 2953 3561 3007 lectas
3595 2951 3791 3007 fuisse.

2217 3045 2439 3102 Certum
2464 3045 2682 3116 quidem
2721 3053 2804 3099 est
2833 3042 3132 3099 Ecclesiam
3183 3042 3424 3098 Grrecam
3453 3041 3792 3098 Theodotio-

551 3126 730 3199 μένων
759 3128 1010 3200 εὕρομεν.
1039 3129 1094 3182 Id
1123 3139 1207 3184 est
1246 3149 1259 3184 :
1298 3127 1512 3184 Similia
1559 3129 1726 3183 multa
1775 3129 2112 3198 deprehendi-
2143 3161 2184 3218 ρ
2221 3138 2306 3194 nis
2328 3137 2620 3193 editionem
2652 3136 2823 3191 solam
2857 3134 3074 3206 legisse,
3105 3142 3161 3188 ut
3196 3134 3271 3188 ait
3308 3143 3493 3204 postea
3518 3133 3793 3204 Hierony-

549 3235 666 3274 mus
692 3236 895 3290 quoque
920 3221 974 3273 in
1014 3219 1267 3285 Jeremia,
1301 3221 1357 3274 in
1380 3235 1482 3291 quo
1514 3221 1807 3292 frequentes
1835 3221 2119 3290 transposi-

550 3312 719 3366 tiones
745 3321 794 3364 et
818 3313 1230 3381 permutationes
1271 3313 1645 3367 uaticiniorum
1671 3311 1980 3366 invenimus.
2009 3311 2119 3367 Ho-

549 3420 673 3459 rum
703 3406 948 3459 omnium
998 3405 1330 3474 peramplatn
1382 3404 1755 3460 collectionem
1784 3413 1886 3474 ope
1920 3419 2118 3458 manu-

549 3496 878 3566 scriptorum
918 3493 1146 3552 fecimus
1178 3515 1192 3551 :
1219 3495 1448 3551 Drusius
1473 3496 1806 3566 paucissima
1835 3495 2010 3551 atl'ert.

620 3582 1210 3641 ln'l‘hrenisJeremiae
1261 3587 1432 3642 solius
1466 3585 1778 3658 Symmachi
1826 3588 2118 3642 editionem

550 3691 678 3731 cum
711 3676 852 3731 LXX
881 3680 1060 3748 posuit
1091 3677 1373 3749 Origenes,
1400 3691 1460 3734 ut
1487 3681 1602 3750 ipse
1645 3681 1699 3735 in
1730 3681 1967 3751 quadam
1995 3689 2118 3734 nota

551 3771 896 3826 testiﬁcatur.
943 3773 1053 3826 Cur
1103 3780 1282 3824 autem
1343 3772 1431 3826 hic
1460 3790 1566 3827 non
1620 3774 1838 3830 solitam
1897 3788 2117 3842 operam

554 3863 885 3932 prastiterit,
917 3865 1007 3919 sed
1039 3866 1288 3935 Aquilam
1315 3875 1368 3921 et
1394 3865 1819 3921 Theodotionem
1850 3865 2119 3930 omiserit,

549 3957 910 4026 coniectando
934 3958 1109 4012 solum
1136 3959 1313 4015 dicere
1347 3974 1640 4029 possumus
1668 3977 1682 4014 :
1711 3961 1837 4030 quia
1861 3958 2121 4014 nimirum

552 4042 769 4099 videbat
822 4043 961 4098 LXX
1010 4045 1332 4115 lnterpretes
1372 4063 1481 4101 non
1540 4049 1768 4104 deiicere
1823 4064 1926 4119 pro
1973 4061 2124 4102 more

551 4149 679 4202 suo,
730 4137 824 4192 sed
881 4153 1004 4192 cum
1055 4139 1246 4207 Aquila
1289 4148 1343 4193 et
1392 4139 1763 4195 Theodotione
1808 4139 2120 4205 convenire,

551 4227 853 4282 asteriscos
881 4228 1195 4285 rarissimos
1224 4232 1429 4302 posuit,
1483 4231 1596 4285 imo
1630 4247 1807 4302 neque
1855 4232 2122 4287 editiones

555 4318 680 4373 illas
706 4318 771 4373 ad
807 4333 1036 4388 quarum
1079 4319 1238 4375 ﬁdem
1286 4337 1406 4391 quae
1457 4321 1780 4378 deﬁciebant
1828 4339 1951 4379 eum
1979 4335 2122 4381 aste-

555 4410 717 4464 riscis
738 4411 1044 4480 supplebat,
1069 4427 1189 4482 quae
1216 4412 1589 4468 redundabant
1633 4414 1790 4469 obelo
1821 4425 2006 4471 notare
2028 4431 2117 4471 so-

2220 3244 2343 3282 mus
2374 3227 2762 3281 Commentario
2788 3229 2840 3279 in
2874 3224 3168 3289 Danielem,
3212 3241 3330 3293 cap.
3374 3240 3447 3288 tv,
3480 3241 3536 3278 v.
3571 3225 3604 3278 5
3632 3242 3646 3278 :
3680 3223 3796 3277 Ea:-

2220 3321 2379 3390 ceptis
2412 3317 2566 3373 LXX
2622 3317 3052 3382 translatoribus,
3091 3318 3184 3388 qui
3235 3317 3344 3371 haec
3390 3317 3568 3369 omnia
3618 3317 3795 3372 nescio

2221 3430 2324 3484 qua
2356 3413 2559 3464 ratione
2584 3411 2975 3479 prieterierunt,
3022 3419 3125 3463 tres
3155 3408 3362 3478 reliqui,
3404 3408 3671 3476 collegam
3709 3410 3795 3462 in-

2223 3505 2658 3572 terpretatisttnt.
2697 3500 2853 3555 Unde
2888 3502 3095 3570 judicio
3140 3501 3513 3569 magistrorum
3539 3498 3795 3554 Ecclesia:

2221 3595 2385 3648 editio
2413 3610 2593 3648 eorum
2625 3594 2676 3646 in
2704 3594 2796 3646 hoc
2824 3593 3080 3646 volumine
3109 3591 3386 3660 repudiata
3416 3600 3514 3654 est,
3545 3600 3595 3644 et
3625 3589 3794 3645 Theo-

2221 3685 2451 3739 dotionis
2510 3684 2663 3755 vulgo
2715 3683 2936 3754 legitur,
2971 3699 3086 3752 qua:
3118 3692 3164 3736 et
3210 3681 3452 3746 Hebraeo,
3499 3691 3549 3736 et
3585 3684 3791 3738 cazteris

2225 3776 2636 3831 translatoribns
2664 3774 2928 3842 congruit.
2967 3771 3066 3827 SS.
3129 3787 3344 3843 quoque
3379 3772 3566 3827 Patres
3593 3772 3789 3840 Graeci,

2221 3867 2664 3936 Chrysostomus,
2699 3863 3073 3918 Theodoretus
3119 3871 3172 3918 et
3197 3863 3308 3929 alii,
3339 3863 3508 3918 solani
3542 3861 3792 3919 Theodo-

2223 3957 2388 4012 tionis
2410 3957 2703 4019 editionem
2740 3971 2954 4026 semper
2984 3955 3258 4010 aderunt:
3308 3955 3451 4010 unde
3485 3957 3688 4011 accidit
3733 3963 3794 4011 ut

2223 4047 2366 4102 LXX
2411 4048 2766 4116 interpretum
2820 4047 2983 4101 editio
3038 4046 3295 4112 Danielis,
3347 4060 3454 4103 tam
3506 4047 3660 4120 κοινὴ
3699 4049 3794 4104 illa

2224 4155 2384 4207 quam
2437 4139 2746 4209 hexaplaris
2804 4141 2871 4194 ab
2916 4139 3144 4212 Origene
3200 4141 3504 4209 emendata,
3565 4157 3794 4212 prorsus

2224 4231 2487 4296 interiret,
2511 4232 2754 4301 exceptis
2779 4231 3104 4300 quibusdam
3140 4233 3354 4292 laciniis
3391 4249 3512 4303 qua:
3548 4232 3686 4287 infra
3737 4235 3791 4287 in

2226 4321 2546 4376 collectione
2573 4331 2757 4376 nostra
2787 4323 3162 4378 observantur.
3197 4321 3333 4377 Cum
3364 4325 3440 4378 ait
3471 4323 3635 4392 igitur
3669 4322 3796 4378 Hie-

2225 4429 2486 4485 ronymus
2516 4414 2807 4470 editionem
2849 4415 3190 4485 hexaplarem
3223 4415 3276 4468 in
3307 4414 3560 4468 omnibus
3608 4413 3796 4469 Eccle-

557 4503 721 4571 lehat,
748 4519 779 4558 e
808 4505 1027 4575 regione
1080 4507 1295 4560 locavit.
1354 4504 1454 4562 llic
1501 4517 1681 4564 autem
1727 4508 1885 4579 longe
1938 4510 2122 4579 plures
2153 4512 2196 4567 D
2226 4505 2323 4561 siis
2351 4505 2513 4559 etiam
2567 4503 2879 4561 Graecorum
2937 4506 3062 4576 legi,
3099 4505 3366 4574 intelligas
3419 4513 3631 4572 oportet
3671 4519 3793 4558 eam

556 4595 869 4666 Symmachi
892 4596 1152 4652 lectiones
1207 4598 1439 4666 damus,
1495 4614 1657 4668 quam
1701 4597 1931 4654 Drusius
1981 4608 2125 4654 attu-

557 4687 717 4743 lerat.

628 4776 686 4832 ln
717 4777 998 4834 Ezechiele
1022 4795 1122 4850 pro
1146 4796 1298 4836 more
1351 4779 1591 4850 I-lexapla
1627 4781 1973 4835 concinnavit
1999 4779 2124 4836 Ori-

556 4883 745 4938 genes,
793 4884 858 4925 ac
915 4880 1174 4941 praeterea
1229 4870 1652 4942 quamplurima,
1676 4885 1796 4941 quae
1826 4871 1882 4926 in
1922 4875 2034 4936 τοῖς
2071 4875 2125 4927 0'

555 4959 906 5028 deﬁciebant,
941 4977 1008 5017 ex
1052 4957 1446 5029 Theodotione;
1491 4964 1788 5034 prmmissis
1826 4967 2125 5035 asteriscis,

562 5050 822 5106 restituit.
862 5050 1069 5106 llorum
1104 5068 1271 5124 porro
1297 5063 1375 5109 tot
1395 5064 1655 5125 tantaque
1700 5070 1766 5109 ex
1795 5070 1929 5110 mss.
1966 5057 2128 5112 colle-

563 5141 762 5212 simus,
789 5152 851 5198 ut
888 5145 956 5199 iis
985 5157 1316 5215 comparata,
1341 5162 1404 5202 ea
1433 5161 1555 5216 quae
1591 5145 1818 5201 Drusius
1841 5147 2010 5202 edidit
2041 5149 2127 5202 ni-

563 5234 636 5288 hil
665 5251 802 5304 pene
823 5251 945 5291 esse
975 5237 1280 5291 videantur.

631 5324 770 5390 Quid
794 5327 847 5381 in
882 5326 1104 5380 Daniele
1153 5325 1405 5396 praestitit
1455 5324 1719 5395 Origenes
1749 5323 1907 5381 docet
1936 5325 2128 5382 Hiero-

561 5413 1098 5487 nyrnustl‘atione
1125 5415 1176 5468 in
1207 5413 1477 5467 Danielem
1507 5431 1519 5466 :
1550 5411 1818 5466 Lectorem
1851 5413 2127 5480 admoneo,

561 5506 760 5576 inquit,
793 5505 1067 5560 Danielem
1123 5521 1224 5558 non
1255 5505 1416 5574 juxta
1440 5502 1593 5558 LXX
1645 5503 1986 5574 Interpretes,
2037 5507 2128 5560 sed

562 5595 716 5650 iuxta
747 5595 1151 5651 Theodotionem
1183 5594 1450 5649 Ecclesias
1475 5595 1664 5666 legere,
1693 5598 1783 5666 qui
1813 5599 1989 5667 utique
2015 5607 2130 5666 post

559 5689 840 5742 aduentum
874 5687 1073 5742 Christi
1097 5687 1396 5742 incredulus
1427 5688 1525 5757 fuit
1553 5702 1570 5741 :
1619 5688 1740 5742 licet
1772 5706 1885 5743 eum
1914 5692 2128 5760 quidam

560 5779 742 5834 dicant
769 5779 1095 5848 Ebionitam,
1125 5780 1215 5850 qui
1244 5780 1412 5835 altero
1446 5797 1625 5851 genere
1651 5780 1872 5837 Judtetts
1907 5794 2005 5837 est.
2026 5783 2128 5837 Sed

2227 4611 2337 4667 pra:
2369 4597 2624 4652 manibus
2645 4598 2891 4652 omnium
2923 4597 3161 4650 habitam
3220 4606 3276 4650 et
3315 4595 3565 4665 privatim
3597 4595 3792 4650 lectam

2227 4688 2418 4752 fuisse,
2456 4703 2566 4742 non
2631 4699 2809 4744 autem
2863 4688 2918 4743 in
2973 4687 3204 4757 publicis
3257 4687 3639 4752 conventibus,
3701 4689 3795 4743 ubi

2227 4771 2622 4835 Théodotionis
2673 4783 2839 4837 editio
2886 4798 2989 4838 una
3051 4781 3347 4850 legebatur,
3397 4779 3587 4834 saltem
3649 4779 3796 4849 apud

2227 4871 2464 4928 Graecos.
2491 4871 2564 4927 De
2592 4873 2893 4929 diﬂ'erentia
2915 4889 3074 4944 porro
3103 4871 3492 4927 Hebraicorum
3520 4872 3795 4938 exempla-

2228 4963 2368 5018 rium
2405 4964 2473 5018 ab
2497 4964 2730 5019 editione
2758 4964 2866 5018 τῶν
2895 4963 2951 5018 0'
2977 4973 3031 5019 et
3051 4961 3458 5027 Theodotionis,
3485 4961 3601 5016 haec
3637 4963 3803 5018 habet

2227 5052 2484 5126 Origenes
2510 5056 2666 5125 epist.
2696 5056 2760 5110 ad
2785 5055 3122 5110 Africanum.

2301 5148 2439 5202 Ἴσθι
2472 5147 2644 5202 τοίνυν
2667 5149 2801 5219 πρὸς
2824 5148 2954 5202 ταῦ-

2227 5255 2315 5302 τα,
2350 5238 2401 5290 τί
2437 5237 2542 5308 χρὴ
2575 5239 2719 5308 ἡμᾶς
2781 5238 2955 5311 πράτ-

2228 5345 2340 5382 τειν
2373 5329 2431 5381 οὑ
2473 5330 2598 5401 περὶ
2651 5330 2757 5383 τῶν
2817 5330 2956 5383 κατὰ

2230 5416 2516 5470 Σωσάνναν
2568 5415 2746 5486 μόνον,
2772 5419 2829 5469 ἐν
2857 5417 2956 5487 μὲν

2229 5507 2309 5578 τῷ
2340 5507 2461 5560 καθ’
2513 5508 2780 5575 ’Έλληνας
2843 5508 2958 5560 Ἐλ-

2229 5597 2430 5670 ληνικῷ
2453 5597 2763 5667 φερομένων
2784 5600 2841 5650 ὲν
2862 5599 2958 5652 πάη

2234 5706 2302 5762 σῃ
2340 5690 2633 5761 Ἐκκλησίᾳ
2689 5691 2923 5761 Χριστοῦ
2940 5731 2955 5754 ,

2233 5781 2381 5852 παρὰ
2392 5781 2448 5834 δὲ
2468 5781 2735 5851 Ἑϐραίοις
2758 5783 2832 5856 μὴ
2855 5800 2960 5837 κει-

3133 5145 3287 5199 Scias
3313 5146 3497 5215 itaque
3539 5145 3606 5200 ad
3659 5146 3796 5213 haec,

3062 5235 3188 5307 quid
3212 5235 3369 5291 nobis
3401 5237 3674 5305 agendum
3726 5238 3797 5291 sit

3063 5345 3168 5385 non
3201 5329 3376 5384 solum
3413 5330 3466 5382 in
3491 5328 3558 5384 iis
3587 5345 3712 5399 quae
3733 5331 3800 5385 de

3064 5420 3335 5484 Susanna,
3362 5421 3412 5473 in
3431 5419 3622 5476 Graeco
3653 5419 3798 5476 Grae-

3063 5527 3248 5568 corum
3273 5511 3566 5582 exemplari
3596 5528 3693 5582 per
3714 5523 3799 5566 to-

3065 5613 3176 5658 tam
3231 5601 3436 5657 Christi
3496 5601 3800 5659 Ecclesiam

3062 5695 3535 5757 circumferentur,
3574 5707 3699 5763 qua
3719 5701 3801 5748 ta-

3064 5801 3188 5842 men
3212 5784 3351 5856 apud
3387 5782 3649 5841 Hebraeos
3694 5802 3802 5842 non
