4052 6388
527 311 627 364 107

1877 299 2394 358 ρηΑειιΜιΝΑηιΑ

3681 305 3700 357 i
3712 306 3780 360 08

524 430 637 486 cuti
677 444 900 485 sumus:
942 427 1146 498 aliquot
1180 436 1360 481 tamen
1417 433 1710 496 supersunt
1745 441 1881 495 quas
1921 426 2095 480 inter—
2123 431 2164 487 Α
2196 437 2256 479 ut
2297 424 2499 479 dictum
2542 434 2624 479 est
2657 424 2834 494 capite
2874 424 2927 490 5,
2965 424 3127 478 editio
3171 423 3481 494 hexaplaris
3533 421 3641 476 τῶν
3699 423 3782 490 0',

527 519 732 592 pretari
768 519 969 575 frustra
999 518 1348 573 tentavimus.
1391 515 1433 569 E
1487 531 1545 572 re
1589 526 1769 571 autem
1799 515 1914 571 fore
1941 526 2099 586 puta-

528 613 706 668 vimus
775 627 869 667 eas
923 625 1112 666 omnes
1147 610 1234 664 hic
1282 608 1563 679 proferre:
1599 608 1775 679 primo
1814 609 2006 679 positis
2032 609 2100 664 iis

524 717 760 771 quorum
821 715 1014 755 sensus
1041 699 1094 752 in
1127 697 1376 752 notitiam
1439 697 1606 760 venit,
1659 705 1936 766 postremo
1974 695 2097 750 aliis

525 810 648 866 qum
679 794 941 848 hactenus
969 793 1165 862 ignotae
1195 791 1354 846 nobis
1384 798 1532 844 sunt.

605 881 1162 951 Ἐξαπλᾶγιπεωαρια.
1205 880 1330 936 Haec
1362 896 1465 935 vox
1501 881 1582 936 sic
1611 881 1731 935 sine
1777 880 2100 949 compendio

523 990 738 1045 semper
785 974 1086 1030 scribitur:
1121 974 1441 1043 aliquando
1495 983 1676 1028 tamen
1739 971 1962 1037 Ἑξαπλ.
2004 986 2101 1041 per

522 1078 715 1120 omnes
758 1078 943 1129 casus,
997 1063 1125 1133 qui,
1160 1073 1241 1117 =-ut
1294 1063 1632 1132 plurimum,
1705 1078 1800 1131 per
1853 1061 2100 1132 praemis-

524 1171 646 1212 sum
757 1156 1048 1210 articulum
1127 1155 1482 1222 indicantur,
1538 1156 1604 1208 τὰ
1693 1155 1910 1220 Ἐξαπλ.
1989 1157 2099 1220 τοῖς

537 1249 760 1315 Ἐξαπλ.

597 1343 696 1395 Δπ.
726 1341 1039 1413 Τετραπλᾶ,
1087 1341 1356 1410 Tetrapla,
1402 1341 1506 1396 hac
1559 1355 1798 1411 persaepe
1844 1349 1972 1395 nota
2007 1355 2102 1408 per

525 1444 717 1484 omnes
747 1444 907 1486 casus
933 1429 1333 1501 signiﬁcantur.
1355 1428 1614 1500 Exempla
1642 1445 1749 1485 non
1784 1445 1956 1501 pauca
1979 1429 2103 1485 vide

525 1521 581 1574 in
615 1521 760 1576 libro
791 1520 914 1576 Job.
944 1522 1252 1592 Aliquando
1280 1522 1910 1578 etiam'solam-litteram
1936 1525 1974 1575 Δ
2023 1523 2100 1578 si-

526 1615 785 1683 gniﬁcare
810 1624 939 1684 puto
969 1615 1290 1688 Τετραπλᾶ·
1345 1614 1438 1671 sed
1486 1631 1574 1670 res
1607 1629 1715 1668 non
1761 1630 1936 1685 usque
1966 1615 2102 1670 adeo

525 1707 802 1778 explorata
836 1715 938 1762 est.
969 1705 1103 1762 Vide
1137 1722 1261 1777 quae
1294 1723 1358 1762 ea
1409 1707 1476 1762 de
1530 1722 1590 1761 re
1627 1706 1870 1762 diximus
1902 1703 2097 1759 Ezech.

528 1815 640 1863 xvr,
672 1815 724 1855 v.
750 1798 784 1854 4
812 1807 866 1854 et
887 1797 978 1858 30,
1013 1799 1065 1853 in
1097 1799 1261 1852 notis.

595 1896 659 1944 Ο.
691 1892 752 1945 0t
793 1889 1217 1962 Ἐϐδομήκοντα,
1243 1889 1593 1960 Septuaginta
1627 1887 1972 1957 lnterpretes.

597 1986 663 2038 Α.
709 1981 958 2046 Ἀκύλας,
1005 1982 1220 2051 Aquila.

593 2070 658 2126 C.
695 2070 1011 2142 Σύμμαχος,
1044 2070 1426 2142 Symmachus.

596 2164 658 2217 Θ.
691 2163 1002 2228 Θεοδοτίων,
1022 2162 1392 2218 Theodotion.

596 2256 659 2310 E.
690 2254 923 2326 Πέμπτη
957 2254 1187 2318 ἔκδυσις,
1215 2253 1413 2321 Quinta
1444 2253 1630 2309 editio.

599 2351 688 2414 φ.
719 2347 892 2418 Ἕκτη
926 2346 1156 2411 ἔκδοσις,
1183 2345 1347 2401 Sexta
1383 2347 1568 2402 editio.

597 2442 656 2494 Ζ.
701 2439 936 2510 Ἑϐδόμη
969 2439 1201 2504 ἔκδυσις,
1234 2439 1476 2510 Septima
1505 2438 1693 2493 edit-io.

592 2529 641 2600 έ
677 2541 730 2586 et
753 2534 844 2586 Λο.
886 2533 1098 2599 Λοιποί,
1133 2532 1344 2602 Reliqui
1395 2534 1736 2602 interpretes.
1774 2530 1873 2587 Ubi
1908 2531 2100 2586 adver-

527 2623 750 2678 tendum
779 2632 862 2678 est
898 2623 1039 2678 hanc
1067 2632 1260 2678 notam
1277 2623 1476 2694 apponi
1508 2622 1801 2692 aliquando
1830 2637 1953 2676 cum
1983 2637 2102 2676 om-

535 2729 632 2770 nes
661 2714 753 2768 alii
794 2713 1116 2782 interpretes
1143 2714 1195 2769 in
1222 2715 1473 2769 versione
1494 2730 1603 2770 sua
1640 2713 1995 2780 conveniunt,
2048 2719 2101 2766 et

528 2822 558 2859 a
585 2805 726 2858 LXX
757 2805 1053 2861 diﬁ‘erunt:
1085 2806 1443 2876 similiterque
1473 2815 1593 2876 post
1618 2805 1834 2860 allatam
1869 2805 2096 2868 Aquilae,

530 2898 844 2969 Symmachi
875 2898 956 2953 vel
992 2897 1386 2953 Theodotionis
1447 2897 1778 2964 lectionem;
1827 2896 1872 2950 si
1906 2896 2100 2966 reliqui

529 2991 855 3059 interpretes
901 2989 1021 3059 pari
1076 2992 1238 3047 modo
1291 3005 1417 3044 cum
1475 2987 1617 3041 LXX
1652 2988 2096 3057 interpretentur,

2203 517 2360 587 longe
2385 517 2596 572 diversa
2624 525 2741 572 erat
2763 517 2832 571 ab
2863 516 2951 571 illa
2983 517 3174 587 Κοινῇ,
3208 515 3281 572 ita
3308 524 3365 571 ut
3394 515 3558 570 etiam
3585 516 3638 569 in
3665 530 3782 568 ma—

2201 607 2496 677 nuseriptis
2538 607 2756 674 rcin',
2789 606 3082 662 editionem
3118 605 3500 671 referentibus,
3534 605 3590 660 in
3635 621 3780 660 mar-

2200 699 2326 769 gine
2353 701 2401 752 oi
2425 701 2502 765 0',
2530 699 2687 768 quasi
2723 699 2995 754 diversam
3022 699 3246 754 omnino
3275 697 3778 768 interpretationem

2201 790 2466 846 habentes
2495 805 2526 843 a
2563 789 2739 845 fronte
2770 790 2930 844 variae
2964 790 3212 846 lectionis
3242 804 3384 859 saepe
3411 799 3780 858 apponantur,

2200 895 2594 952 nonnunquam
2627 881 2749 947 soli,
2789 881 3251 952 sed‘frequentius
3283 895 3408 935 cum
3456 880 3576 934 aliis
3609 880 3778 934 inter-

2198 973 2442 1044 pretibus
2493 972 2582 1027 sic
2613 989 2626 1024 :
2661 975 2736 1038 0',
2775 973 2838 1037 Θ,
2877 974 2959 1028 vel
2994 974 3053 1039 Σ,
3096 975 3171 1039 0',
3237 971 3298 1035 Θ,
3357 971 3440 1025 vel
3495 973 3560 1037 A,
3604 971 3667 1038 Σ,
3702 971 3780 1036 0',

2199 1065 2261 1130 Θ,
2295 1065 2387 1120 ubi
2421 1065 2602 1120 littera
2658 1066 2713 1117 0'
2742 1065 3034 1120 editionem
3067 1064 3411 1134 hexaplarem
3445 1063 3553 1116 τῶν
3583 1067 3639 1116 0'
3701 1063 3782 1118 si-

2199 1156 2439 1228 gniﬁcat.
2484 1159 2546 1210 Οἱ
2591 1159 2859 1211 A'autem
2903 1171 3010 1212 non
3057 1155 3366 1227 signiﬁcare
3408 1153 3689 1225 Tetrapla,
3722 1164 3784 1210 ut

2199 1248 2510 1318 suspicatur
2535 1249 2767 1304 Brianus
2797 1247 3083 1302 Waltonus
3111 1247 3165 1301 in
3196 1247 3529 1318 Appendice,
3561 1262 3618 1316 p.
3651 1247 3778 1311 ηδ,

2201 1340 2317 1411 ipse
2353 1340 2616 1395 articulus
2638 1339 2849 1409 probat.
2883 1336 3171 1407 Nunquam
3202 1338 3346 1393 enim
3375 1337 3672 1393 dicitur‘Oi
3694 1354 3782 1392 τε·

2199 1429 2447 1502 τραπλοζ
2477 1432 2538 1483 Οἱ
2569 1429 2810 1496 ὲξαπλοῖ,
2842 1429 2935 1483 sed
2963 1431 3029 1483 τὰ
3057 1429 3366 1500 Τετραπλᾶ,
3409 1429 3478 1482 τὰ
3497 1426 3778 1494 Ἐξαπλᾶ.

2203 1522 2372 1593 Igitur
2406 1519 2861 1591 quemadmodum
2879 1522 2926 1573 οἱ
2954 1521 3026 1582 1",
3045 1521 3094 1573 ot
3119 1522 3297 1591 Τρεῖς,
3327 1521 3378 1575 id
3400 1532 3506 1586 est,
3527 1519 3664 1574 .Tres
3695 1522 3782 1574 in-

2205 1623 2470 1684 terpretes,
2489 1613 2570 1667 sic
2592 1621 2740 1676 nota,
2769 1615 2817 1666 οἱ
2846 1615 2922 1676 Δ’,
2947 1615 2993 1666 oi
3016 1613 3309 1684 Τέτταρες,
3331 1611 3574 1679 Quatuor
3611 1617 3782 1667 inter-

2187 1717 2371 1776 ,pretes
2415 1705 2707 1776 signiﬁcat,
2753 1715 2809 1761 et
2836 1705 3076 1776 quidem,
3117 1714 3407 1761 utcertum
3446 1705 3684 1772 videtur,
3715 1720 3785 1762 eo

2131 1781 2178 1840 Β
2207 1814 2316 1869 quo
2342 1813 2508 1868 supra
2531 1796 2771 1852 diximus
2800 1796 2981 1851 modo.

2274 1892 2340 1946 Π.
2378 1889 2502 1945 Haec
2524 1889 2698 1944 littera
2727 1889 2995 1961 signiﬁcat
3022 1889 3240 1952 πάντες,
3266 1887 3316 1941 id
3347 1896 3675 1953 est,.omnes
3700 1888 3788 1942 in-

2203 1992 2464 2053 terpretes
2499 1995 2644 2050 :qua
2687 1980 2754 2035 de
2781 1995 2840 2034 re
2876 1981 3021 2034 nulla
3073 1979 3183 2050 jam
3247 1988 3429 2049 potest
3474 1993 3594 2034 esse
3639 1978 3784 2034 ditii-

2203 2076 2413 2141 cultas;
2471 2072 2739 2144 siquidem
2801 2071 2895 2126 ubi
2937 2073 3106 2127 codex
3149 2070 3462 2126 Basiliensis
3492 2072 3539 2124 II
3595 2070 3782 2136 habet,

2203 2167 2574 2224 Coislinianus
2601 2165 2806 2235 passim
2839 2165 3038 2228 πάντες
3061 2178 3316 2233 expresse
3341 2162 3520 2218 refert.
3545 2161 3788 2218 Joannes

2204 2259 2492 2314 Curterius
2524 2257 2850 2313 Praefatione
2874 2257 2926 2310 in
2952 2255 3274 2325 Procopium
3307 2253 3782 2324 putatlegendum

2204 2352 2506 2424 Πάμφιλος,
2550 2350 2884 2420 Pamphilus,
2924 2363 3128 2419 nempe
3159 2358 3362 2419 martyr
3397 2347 3483 2403 ille
3529 2348 3622 2418 qui
3653 2363 3782 2403 cum

2203 2445 2439 2500 Eusebio
2493 2443 2748 2513 ilexaplis
2776 2440 3130 2497 emendandis
3162 2449 3216 2494 ct
3247 2440 3584 2500 illustrandis
3615 2455 3788 2496 vaca-

2204 2538 2300 2592 vit.
2351 2535 2417 2590 Et
2464 2535 2682 2606 quidem
2739 2549 2934 2604 negare
2983 2547 3090 2588 non
3145 2532 3323 2586 ausim
3372 2531 3512 2586 hanc
3541 2531 3784 2586 litteram

2201 2629 2485 2700 Pamphilo
2518 2625 2807 2681 indicando
2835 2639 3219 2694 nonnunquam
3259 2623 3526 2692 deputari,
3548 2631 3615 2678 aut
3664 2623 3782 2695 Ὠρ.

2207 2723 2482 2790 Origenem
2528 2717 2830 2790 signiﬁcat;
2868 2716 2963 2772 sed
3015 2715 3222 2769 nullum
3272 2714 3451 2770 adhuc
3487 2729 3551 2769 ea
3594 2713 3661 2768 de
3721 2730 3788 2768 re

2203 2815 2551 2886 perspicuum
2599 2809 2906 2880 exemplum
2946 2807 3184 2863 occurrit
3225 2805 3380 2872 mibi,
3422 2805 3785 2876 quamobrem

2205 2923 2293 2962 res
2327 2907 2380 2960 in
2403 2903 2572 2958 dubio
2595 2911 2866 3004 versatur.

2503 3003 2512 3004 κ
2545 2983 2573 3003 ω
2621 3001 2633 3004 -

2271 3005 2317 3057 Il
2339 3022 2416 3074 χω
2437 2983 2578 3074 vel;
2614 2968 2712 3055 δῗῶ
2761 3017 2843 3065 ου,
2875 2999 3071 3070 saepius
3126 3013 3254 3054 vero
3291 2997 3488 3068 legitur
3521 2968 3630 3052 πῖιν
3680 3013 3789 3068 pro

523 3081 657 3138 ‘unc
683 3084 973 3153 apponitur
995 3093 1120 3137 nota
1144 3081 1198 3149 ἒ,
1225 3100 1240 3148 ;
1280 3097 1378 3138 nec
1412 3097 1538 3137 raro
1561 3081 1745 3146 etiam,
1790 3097 1919 3137 cum
1959 3097 2101 3136 unus

2203 3097 2272 3151 II.
2306 3095 2398 3150 Ure
2428 3102 2571 3149 nota:
2621 3107 2863 3163 persaepe
2915 3099 3211 3146 occurrunt
3261 3090 3315 3144 in
3368 3090 3460 3144 lib.
3487 3088 3667 3144 Judic.
3713 3090 3788 3145 ad

526 3176 752 3229 omnino
781 3175 959 3230 differt
987 3176 1055 3230 ab
1084 3175 1225 3241 aliis,
1261 3175 1439 3230 caeteri
1473 3183 1652 3230 autem
1692 3191 1914 3245 parvam
1942 3174 2100 3229 exhi-

526 3268 657 3321 bent
684 3282 876 3322 vocum
902 3267 1344 3338 discrepantiam,
1377 3277 1508 3322 tunc
1554 3267 1698 3322 enim
1740 3266 1979 3338 neglecta
2011 3266 2100 3319 illa

527 3359 675 3414 tenui
702 3359 1001 3414 lectionum
1050 3360 1341 3423 varietate,
1405 3359 1568 3415 unius
1617 3359 1780 3414 lectio
1836 3358 2098 3422 affertur,

526 3451 863 3520 pratcedente
900 3460 1026 3505 nota
1076 3458 1125 3522 έ,
1161 3451 1244 3505 vel
1273 3449 1351 3516 λο,
1388 3451 1531 3520 quod
1565 3465 1672 3505 non
1706 3451 1870 3505 semel
1894 3449 2102 3521 experti

527 3558 762 3597 sumus:
801 3557 1194 3612 nonnunquam
1260 3542 1424 3595 etiam
1488 3541 1709 3612 quando
1755 3541 1865 3596 duo
1917 3541 2097 3596 solum

526 3635 875 3691 consentiunt
894 3652 908 3700 ;
928 3633 1014 3688 vel
1043 3635 1205 3690 etiam
1233 3649 1356 3690 cum
1382 3644 1542 3689 tenue
1565 3634 1705 3688 inter
1733 3633 1883 3704 ipsos
1913 3633 2100 3690 discri-

528 3745 651 3782 men
692 3727 1002 3794 intervenit,
1065 3743 1172 3782 una
1223 3743 1324 3797 pro
1377 3727 1591 3783 duobus
1645 3727 1805 3782 lectio
1855 3727 2098 3797 ponitur,

527 3836 650 3875 cum
680 3829 805 3874 nota
834 3820 896 3873 Οἱ
918 3819 1116 3873 λοιποί.
1165 3818 1434 3874 Interdum
1466 3819 1592 3874 item
1613 3821 1661 3872 οἱ
1687 3819 1868 3873 λοιποί
1904 3819 2101 3874 dicitur

528 3911 750 3980 quando
781 3927 926 3968 unus
963 3919 1170 3966 tantum
1212 3912 1481 3982 interpres
1514 3911 1736 3966 allatam
1791 3912 2098 3967 versionem

530 4003 714 4067 habet,
735 4013 794 4058 ut
815 4004 1074 4059 exemolis
1100 4020 1240 4074 saepe
1274 4004 1625 4076 probavimus
1649 4005 1702 4059 in
1733 4004 1897 4075 hujus
1920 4003 2100 4075 operis

527 4095 781 4150 decursu.

599 4189 660 4241 Οἱ
688 4189 762 4252 1",
788 4187 922 4245 Tres
948 4189 1286 4260 interpretes,
1323 4191 1530 4246 scilicet
1575 4191 1795 4261 Aquila,
1851 4190 2100 4262 Symma-

528 4278 665 4334 chus
685 4289 738 4334 et
765 4279 1086 4336 Theodotio.
1125 4281 1424 4339 Rarissime
1445 4283 1632 4349 etiam,
1674 4283 1765 4337 ubi
1801 4284 1883 4338 vel
1906 4282 2101 4351 Aquila

530 4375 612 4428 vel
643 4391 785 4430 unus
817 4376 1111 4444 extribus,
1137 4376 1641 4445 interpretationem
1687 4375 1847 4430 habet
1878 4390 1908 4428 a
1958 4373 2098 4428 LXX

2209 3201 2382 3255 marg.
2433 3185 2552 3238 cod.
2577 3181 2789 3248 BasiL,
2821 3180 3206 3251 etaliquando
3259 3179 3340 3234 sic
3376 3177 3560 3251 διωρθ.
3595 3197 3674 3232 ου.
3709 3180 3784 3234 Π.

2205 3293 2305 3346 χω.
2339 3289 2460 3344 qua:
2497 3272 2770 3327 interdum
2805 3271 3137 3341 conjunctim
3163 3269 3353 3339 posita:
3379 3276 3526 3332 sunt,
3557 3285 3667 3323 non
3698 3269 3792 3323 in-

2204 3368 2516 3436 frequenter
2540 3364 2702 3418 etiam
2729 3372 3070 3434 separantur.
3106 3362 3303 3416 Earum
3327 3375 3491 3432 porro
3515 3361 3792 3431 interpre-

2203 3460 2462 3514 tationem
2494 3457 2852 3528 conjectando
2882 3457 3132 3512 dedimus
3161 3455 3214 3509 in
3240 3464 3364 3509 nota
3386 3453 3600 3508 adJud.
3619 3471 3660 3519 ι,
3689 3454 3786 3514 14,

2206 3555 2280 3609 ita
2307 3562 2368 3606 ut
2392 3532 2525 3622 διῶρ
2551 3549 2818 3620 signiﬁcet
2847 3548 3151 3620 διώρϐωσα,
3181 3547 3472 3610 emendavi,
3522 3562 3632 3616 quo
3681 3562 3789 3616 pa-

2203 3659 2294 3701 cto
2321 3645 2519 3715 legitur
2563 3643 2617 3697 in
2649 3642 2893 3714 margine
2934 3641 3136 3696 codicis
3163 3639 3278 3693 RR.
3314 3638 3417 3694 PP.
3443 3636 3791 3694 Jesuitarum

2203 3731 2398 3788 Ezech.
2445 3747 2562 3802 cap.
2593 3749 2715 3799 va,
2771 3749 2820 3796 v,
2869 3731 2956 3797 12,
3015 3731 3175 3784 itaut
3211 3729 3358 3783 nulla
3391 3729 3536 3784 circa
3592 3739 3790 3783 notam

2203 3824 2345 3879 hanc
2381 3823 2668 3879 difﬁcultas
2702 3837 2988 3893 superesse
3011 3821 3274 3883 videatur,
3298 3835 3358 3871 ou
3393 3817 3660 3887 signiﬁcet
3689 3815 3792 3871 οὗ·

2202 3932 2329 3979 τως,
2367 3916 2464 3968 sic.
2508 3912 2606 3968 Ubi
2641 3919 2797 3969 notes
2829 3909 3024 3983 διωρθ.
3062 3923 3452 3978 nonnunquam
3482 3907 3615 3978 poni
3661 3907 3793 3966 sine

2202 4007 2495 4078 subjuncto
2529 4024 2588 4059 au
2612 4023 2625 4036 ο
2659 4020 3003 4077 perspectum
3032 4019 3161 4059 vero
3194 4001 3327 4056 mihi
3353 4000 3564 4055 videtur
3587 3999 3784 4072 διωρθ.

2203 4120 2285 4156 ου.
2338 4099 2653 4172 signiﬁcare
2706 4098 2992 4170 διώρθωσα
3036 4095 3230 4161 οὓτως,
3276 4094 3543 4148 emendavi
3582 4095 3682 4161 sic,
3728 4104 3790 4149 et

2204 4211 2324 4265 cap.
2359 4209 2436 4260 xt,
2464 4195 2517 4263 ᾖ.
2566 4193 2654 4257 54,
2685 4191 2870 4264 διωρθ,
2893 4189 3170 4261 ἀγαπητὴ,
3195 4187 3482 4252 emendavi,
3501 4186 3786 4258 ἁγαπητή,

2203 4286 2417 4352 dilecta,
2449 4285 2588 4355 quia
2623 4283 2775 4354 prius
2809 4282 3086 4353 legebatur
3118 4278 3430 4350 μονογενής,
3482 4278 3784 4348 unigenita.

2205 4374 2340 4432 Nota
2375 4367 2503 4430 v‘cro
2538 4375 2585 4426 Π
2610 4373 2876 4444 signiﬁcat
2907 4370 3048 4425 haud
3071 4369 3232 4424 dubie
3261 4369 3476 4433 πάντες,
3496 4383 3675 4420 omnes
3701 4369 3791 4421 in-

529 4468 825 4535 diversam,
857 4479 911 4524 et
958 4467 1100 4522 LXX
1131 4483 1254 4523 cum
1306 4468 1427 4523 aliis
1474 4469 1690 4523 duobus
1743 4467 2096 4532 conveniunt,
2133 4483 2176 4537 ι)
2205 4477 2477 4538 terpretes,
2519 4475 2578 4520 ut
2620 4481 2685 4519 ex
2719 4463 3044 4534 supradictis
3099 4460 3365 4530 liquidum
3413 4468 3496 4513 est
3535 4476 3548 4511 :
3583 4474 3685 4528 χω,
3729 4458 3789 4513 id

530 4569 663 4616 tunc
715 4565 763 4615 οἱ
816 4563 870 4614 Γ⁹
933 4561 1240 4632 signiﬁcare
1285 4566 1514 4630 possunt
1543 4558 1685 4612 LXX
1719 4571 1773 4614 et
1802 4559 1939 4614 duos
1963 4559 2101 4615 alios

529 4653 774 4707 eamdem
794 4654 1080 4709 lectionem
1101 4653 1391 4716 habentes;
1411 4651 1554 4722 quod
1573 4663 1905 4722 postremum
1921 4661 2102 4707 tamen

529 4746 870 4815 exploratum
893 4745 1073 4800 adhuc
1102 4760 1210 4799 non
1245 4754 1348 4799 est.
1374 4743 1607 4798 Brianus
1634 4742 1924 4798 Waltonus
1949 4750 2103 4813 putat

532 4849 714 4891 notam
773 4839 822 4890 οἱ
864 4839 918 4890 1"
951 4836 1088 4892 alios
1143 4847 1256 4892 tres
1313 4837 1634 4905 interpretes
1686 4836 1948 4898 indicare,
1991 4850 2100 4890 non

534 4924 805 4992 Aquilam,
847 4924 1080 4996 Symm.,
1130 4934 1183 4980 et
1240 4923 1533 4990 Theodot.,
1572 4927 1667 4980 sed
1717 4941 1783 4979 ne
1834 4925 2103 4994 probabili

535 5019 747 5088 quidem
785 5019 999 5073 ratione
1024 5019 1241 5087 ductus,
1269 5028 1328 5074 ut
1361 5020 1499 5076 infra
1527 5021 1864 5090 probabitur.

602 5109 664 5159 Oi
695 5108 766 5171 A',
803 5109 1048 5175 Quatuor
1084 5109 1428 5180 interpretes.
1477 5110 1602 5166 Hrec
1654 5119 1778 5165 nota
1820 5109 2105 5179 aliquoties

534 5200 769 5254 occurrit
807 5202 860 5255 in
904 5199 1122 5266 llesaia,
1162 5210 1220 5256 ut
1258 5217 1376 5271 cap.
1427 5218 1503 5265 rx,
1548 5203 1600 5272 ᾗ.
1638 5202 1725 5265 id,
1771 5201 1860 5254 ubi
1895 5201 1963 5255 ad
1995 5202 2107 5256 haec

533 5290 796 5348 Hebraica
823 5294 1007 5358 verba,
1027 5302 1200 5352 urat-in
1225 5304 1342 5358 κττ,
1375 5293 1570 5362 legitur
1602 5292 1743 5362 apud
1777 5292 2104 5360 Curterium,

534 5382 595 5435 Ut
625 5384 698 5447 A’,
729 5381 888 5446 αὐτός
913 5384 1147 5454 κεφαλή,
1171 5383 1262 5438 ubi
1295 5386 1347 5436 in
1373 5381 1513 5436 LXX
1543 5380 1797 5436 editionis
1827 5379 2107 5449 Romanae,

533 5472 668 5542 αὕτη
695 5474 728 5543 ἡ
759 5473 921 5545 ἀρχή.
971 5473 1070 5527 Hic
1107 5481 1287 5527 autem
1331 5473 1394 5525 Οἱ
1428 5473 1480 5524 Δ¹
1514 5485 1622 5526 non
1651 5471 1840 5526 dubito
1872 5472 2002 5541 quin
2034 5474 2111 5526 si-

529 5568 788 5636 gniﬁcent
816 5577 1052 5635 quatuor
1069 5565 1286 5620 Grazeos
1309 5566 1631 5635 interpretes
1649 5565 1742 5636 qui
1762 5565 1815 5620 in
1852 5565 2109 5636 chaplis

529 5667 684 5710 erant
703 5671 896 5726 nempe
920 5657 1008 5720 A.,
1027 5655 1109 5721 Σ.,
1134 5656 1209 5718 0',
1239 5655 1300 5708 Θ.
1329 5655 1508 5710 Altera
1541 5671 1668 5710 vero
1693 5657 1870 5720 lectio,
1906 5657 2043 5729 αὕτη
2073 5660 2106 5728 ἠ

531 5747 692 5815 item.
731 5754 843 5798 erat
871 5743 969 5812 τῆς
1010 5743 1228 5812 Κοινῆς,
1257 5759 1352 5797 seu
1377 5743 1615 5814 Vulgata:
1648 5745 1919 5801 editionis.
1951 5745 2108 5815 Nam,

2201 4571 2304 4630 est,
2333 4569 2394 4615 ut
2431 4574 2655 4630 prorsus
2697 4557 2968 4621 existimo,
3017 4555 3204 4626 χωρίς,
3246 4552 3552 4621 separatim.
3612 4551 3690 4606 Ita
3725 4561 3793 4608 ut

2203 4654 2286 4708 ha:
2330 4665 2470 4707 nota:
2496 4637 2628 4720 διῶρ
2656 4668 2741 4715 ου,
2767 4649 2834 4700 Il.
2861 4666 2960 4718 χω,
2984 4648 3098 4702 sive
3118 4645 3470 4714 conjunctim,
3496 4645 3612 4699 sive
3633 4660 3794 4715 sepa-

2204 4743 2364 4799 ratim
2397 4743 2608 4812 positze,
2643 4738 2949 4810 signiﬁcent
2994 4736 3263 4792 emendavi
3295 4735 3391 4802 sic,
3424 4749 3603 4788 omnes
3627 4749 3792 4804 sepa-

2205 4836 2386 4900 ratim,
2415 4835 2466 4890 id
2497 4843 2600 4900 est,
2631 4847 2821 4887 omnes
2851 4833 3173 4900 interpretes
3215 4826 3506 4898 separatim
3551 4828 3793 4896 spectati

2207 4929 2286 4983 sic
2308 4927 2526 4982 habent.
2556 4925 2675 4979 Dixi
2708 4924 2761 4977 in
2789 4931 2915 4976 nota
2938 4920 3062 4976 Jud.
3098 4936 3217 4990 cap.
3244 4936 3282 4987 ι,
3315 4921 3369 4990 ᾖ.
3394 4919 3482 4985 14,
3515 4918 3794 4977 editiones

2210 5019 2499 5090 separatim
2534 5019 2618 5072 vel
2666 5016 2895 5073 seorsim
2931 5014 3159 5084 positas,
3199 5028 3304 5067 non
3331 5027 3430 5067 eas
3476 5011 3795 5082 signiﬁcare

2207 5127 2328 5182 quae
2361 5112 2414 5165 in
2447 5110 2702 5179 Hexaplis
2744 5107 2932 5177 positre
2955 5115 3131 5171 erant,
3172 5104 3263 5158 ubi
3295 5104 3508 5173 aliquot
3544 5101 3794 5160 fortasse

2210 5202 2544 5257 mutationes
2583 5201 2806 5255 invectae
2840 5197 3076 5262 fuerant,
3115 5195 3208 5251 sed
3233 5209 3330 5251 eas
3361 5210 3482 5265 qua:
3516 5199 3796 5266 separatis

2210 5294 2263 5348 in
2299 5293 2453 5348 libris
2479 5291 2766 5361 descripta:
2788 5301 2974 5353 erant;
3003 5302 3192 5341 verum
3223 5301 3283 5341 re
3312 5286 3629 5356 diligentius
3657 5302 3797 5343 exa-

2209 5386 2436 5447 minata,
2468 5382 2818 5437 verisimilius
2855 5395 2975 5435 esse
3003 5388 3134 5450 puto
3164 5393 3257 5433 eas
3281 5378 3428 5447 ipsas
3448 5391 3572 5446 qua:
3592 5377 3650 5432 in
3686 5377 3798 5432 He-

2213 5477 2388 5547 xaplis
2423 5474 2706 5544 descriptae
2731 5482 2888 5528 erant
2919 5472 3006 5526 hic
3034 5471 3280 5526 indicari.
3308 5468 3408 5524 Vix
3433 5472 3581 5525 enim
3602 5473 3799 5527 crede-

2211 5582 2323 5620 rem
2355 5564 2608 5619 librarios
2638 5572 2692 5618 et
2711 5562 3034 5616 scholiastas
3060 5562 3152 5630 qui
3185 5560 3486 5626 notas,illas
3513 5562 3797 5632 margina-

2211 5658 2290 5711 les
2326 5657 2664 5716 invexerunt,
2715 5659 2908 5723 praeter
2958 5651 3218 5723 llexapla,
3271 5652 3336 5706 ad
3372 5668 3600 5708 manum
3625 5655 3795 5709 etiam

2214 5749 2471 5803 habuisse
2506 5747 2770 5803 editiones
2808 5752 3086 5814 separatas
3121 5745 3516 5813 distinctasque
3557 5745 3794 5816 Aquilae,
