4052 6388
204 335 270 391 409
1525 352 1588 406 ΙΝ
1628 349 1858 406 IIEXAP

1991 345 2334 404 OBIGENIS.
3440 355 3462 408 1
3481 355 3540 410 l0

204 459 455 531 Symmachi
530 476 604 521 et
671 467 1184 530 Theodouonis,
1239 473 1433 529 vocem
1502 482 1681 528 autem
1756 492 1862 543 χωρ
1890 468 2160 536 ΑΑᾳιιίΙιι
2218 469 2300 522 vel
2356 467 2740 539 Symmachus,
2792 471 2872 525 vel
2903 468 3202 529 Thcodotio
3247 488 3369 527 cum
3397 474 3539 530 LXX

203 554 273 627 ρίς,
291 559 626 627 separatim,
663 563 845 619 ideo
876 570 1232 637 apposuisse
1254 568 1499 623 videntur
1523 568 1864 623 uteditiones
1971 570 2279 615 consonant
2306 567 2366 616 et
2405 562 2690 617 lectionem
2719 564 2915 619 habent
2941 566 3183 620 eamdem
3218 581 3340 635 qna;
3370 568 3424 619 in
3460 576 3541 621 te—

204 649 283 704 illas
303 651 716 721 interpretum
765 659 1231 733 distinguerent
1260 679 1287 717 a
1321 664 1643 719 lectionibus
1671 679 1862 718 eorum

1970 660 2068 705 xtu
2098 650 2206 704 τῶν
2238 654 2295 705 0’
2327 652 2545 723 legitur,
2579 653 2632 706 in
2662 656 2905 723 margine
2934 654 3190 709 scribitur
3221 656 3284 708 Δ.
3320 655 3381 709 τὸ
3411 654 3538 723 ἔσω,

204 756 285 812 qua
306 742 349 796 in
368 743 670 803 editione
736 752 891 805 τῶν
928 758 1003 806 0'
1039 755 1311 825 hexaplari
1338 770 1460 811 cum
1491 755 1765 811 asteriscis
1789 756 1865 810 in-
1971 744 2031 797 Σ·
2069 743 2128 796 τδ
2176 743 2304 808 ἔσων
2342 744 2397 798 id
2426 754 2532 811 θεῖν
2562 745 2756 815 Δαυίιει
2786 746 2869 800 "el
2910 745 3268 816 Symmadlus
3308 748 3542 817 “ipsum

207 830 602 901 set-latuerant,
633 855 804 908 quas,
842 842 1147 899 lectiones
1167 860 1268 899 non
1294 845 1403 914 jam
1438 846 1865 914 separaume
1971 834 2197 901 habent,
2247 835 2393 906 quod
2443 836 2589 892 intus
2617 836 2731 891 sive
2760 835 2813 890 in
2844 845 2987 893 textu
3026 838 3238 907 legitur.
3277 835 3546 894 Peculiari

209 924 501 993 coniunctim
580 944 747 984 cum
823 932 949 988 illa
1028 934 1169 989 LXX
1224 935 1577 1006 interpretum
1630 937 1863 993 editione

1971 936 2152 979 autem
2179 927 2342 982 modo
2367 936 2588 1006 notatur
2623 927 2799 997 lReg.
2836 944 2960 992 xxv,
2986 929 3074 996 51,
3105 929 3196 983 ubi
3229 928 3454 985 Coislin.
3491 930 3544 983 in

211 1018 571 1087 spectabantur
605 1038 623 1075 :
659 1022 835 1077 illud
870 1041 1032 1080 vero
1061 1026 1172 1097 jam
1206 1029 1356 1097 quasi
1371 1003 1479 1097 ‘pro
1505 1041 1653 1083 certo
1686 1037 1741 1083 ct
1768 1044 1863 1083 ex-

1972 1025 2122 1069 textu
2155 1017 2265 1072 τῶν
2291 1019 2368 1085 0',
2397 1003 2698 1091 βὲἑλυγμός
2728 1020 2799 1074 ita
2832 1021 3046 1090 punctis
3078 1029 3323 1075 notatum
3349 1021 3544 1086 habet;

217 1109 381 1181 plorato
422 1110 661 1166 habeo.
736 1113 834 1169 Ut
903 1119 988 1172 ad
1048 1118 1383 1188 supradictas
1443 1129 1599 1175 notas
1648 1121 1864 1175 redeam

222 1201 370 1265 ludi,
393 1219 457 1257 v.
478 1203 592 1268 2|,
630 1206 750 1259 ubi
786 1207 860 1261 in
906 1218 1083 1263 textu
1110 1210 1297 1278 legitur
1317 1210 1777 1283 ἐκληρονόμησαν,
1811 1213 1862 1267 in

229 1297 431 1363 margine
480 1298 733 1353 codicis
776 1299 1147 1358 Basiliensis
1175 1302 1365 1371 legitur
1395 1302 1616 1374 ὲξῇραν,
1653 1315 1707 1359 et
1739 1320 1864 1359 mox

236 1390 449 1458 adjicitur
473 1375 628 1457 πᾶν,
658 1391 726 1447 id
756 1400 891 1455 est,
923 1410 1116 1447 omnes
1137 1395 1210 1449 sic
1229 1395 1437 1459 habent,
1463 1396 1659 1468 ἐξῇραν
1679 1397 1867 1453 videli-

239 1495 316 1547 eet,
334 1493 383 1536 et
408 1483 492 1538 sic
529 1499 700 1554 sape
747 1485 884 1539 πᾶν
924 1487 1121 1541 solum
1142 1489 1375 1558 ponitur.
1407 1488 1473 1544 Et
1493 1505 1545 1545 ν.
1568 1489 1661 1552 27,
1690 1491 1783 1545 ubi
1810 1493 1864 1546 in

242 1581 360 1625 textu
384 1571 739 1630 Basiliensis
790 1576 1029 1647 legitur
1059 1576 1237 1649 ἐξῇρε,
1295 1579 1347 1632 in
1387 1595 1559 1650 marg.
1610 1581 1861 1647 habetur,

241 1664 651 1736 ἐκληρονόμησε,
671 1682 822 1722 cum
849 1683 924 1723 su
934 1669 991 1738 bj
1000 1678 1166 1724 uncta
1187 1679 1333 1737 nota,
1352 1688 1510 1727 παντ.
1529 1691 1625 1743 χω.
1644 1673 1865 1739 πάντες

245 1758 410 1825 χωρίς,
432 1773 547 1828 qua
580 1760 981 1831 signiﬁcatur
1007 1776 1203 1817 omnes
1232 1763 1548 1833 interpretes
1573 1767 1861 1834 separatim

246 1850 290 1902 in
310 1850 576 1905 columnis
616 1853 760 1907 suis
814 1862 1137 1923 spectatos,
1180 1855 1607 1927 ἐκληρονόμησεν
1646 1858 1864 1926 habere,

246 1950 290 1997 et
321 1944 391 1999 sic
432 1943 763 1999 identidem
798 1947 1016 2001 eadem
1053 1956 1180 2001 nota
1210 1965 1363 2002 παντ.
1400 1967 1498 2019 χω.
1534 1951 1769 2020 ponitur.
1802 1953 1868 2010 Et

248 2050 349 2104 cap.
391 2052 454 2099 ιι.
492 2052 550 2089 v.
578 2038 643 2104 9,
705 2037 773 2091 in
820 2046 988 2092 textu
1023 2037 1268 2107 ejusdem
1310 2040 1518 2096 codicis
1560 2041 1774 2112 legitur,
1812 2047 1867 2097 ἐν

248 2127 609 2200 Θαμναθαρὲς,
638 2131 745 2184 ubi
775 2130 850 2183 ad
888 2129 1202 2200 marginem
1228 2130 1452 2185 habetur
1496 2132 1655 2189 πάντ.
1687 2152 1769 2187 ου.
1799 2135 1869 2189 ἐν

244 2220 633 2289 θαμγαθαρές,
685 2237 829 2292 qua:
863 2230 1023 2276 certe
1048 2221 1185 2275 nihil
1220 2222 1364 2277 aliud
1402 2223 1708 2293 signiﬁcare
1741 2242 1869 2296 pos-

245 2322 552 2382 suntquam
588 2329 810 2368 omnes
852 2314 941 2368 sic
975 2313 1185 2368 habere
1223 2316 1279 2367 ἐν
1308 2316 1685 2389 Θαμναθαρές.
1724 2318 1869 2374 Lon-

242 2403 661 2467 gedilliciliores
703 2404 1005 2474 explicatur
1045 2413 1175 2459 sunt
1199 2407 1315 2461 alia:
1337 2417 1477 2462 notae
1508 2409 1631 2462 eod.
1659 2424 1777 2481 cap.
1812 2427 1863 2477 v,

246 2495 324 2559 15,
347 2496 433 2550 ubi
460 2497 530 2550 ad
563 2496 741 2560 illud,
774 2496 863 2567 τῷ
890 2496 1074 2560 Βαάλ,
1098 2497 1289 2567 legitur
1312 2499 1414 2554 hac
1438 2498 1630 2555 forma.

664 2598 667 2599 '
873 2589 938 2643 ϐ’.
976 2587 1085 2659 τῷ.
1113 2590 1159 2642 ό.
1190 2592 1277 2661 τῇ.

874 2683 926 2736 ὀ.
965 2701 1079 2753 χω.
1108 2682 1161 2736 Θ.
1187 2701 1267 2736 ου.

308 2772 410 2829 Ubi
444 2775 603 2846 prior
643 2786 789 2833 nota
840 2778 994 2831 haud
1031 2777 1197 2832 dubie
1230 2778 1496 2849 signiﬁcat
1538 2779 1868 2838 Theodolio-

243 2880 361 2921 lem
381 2869 585 2939 legere,
612 2870 700 2941 τῷ
730 2871 916 2937 Βαάλ,
942 2869 1097 2924 LXX
1131 2887 1256 2926 vero
1283 2875 1347 2945 τῇ
1381 2873 1544 2927 Βαάλ.
1570 2873 1707 2930 Nota
1736 2891 1867 2930 vero

245 2972 474 3027 sequens
506 2976 640 3031 quae
663 2962 757 3018 sic
784 2963 1104 3032 exponitur
1134 2966 1194 3015 0.
1225 2965 1409 3037 χωρίς.
1440 2966 1483 3019 θ’
1514 2966 1707 3031 οὕτως.
1734 2967 1867 3037 quid

247 3050 350 3103 sibi
374 3053 502 3106 velit
526 3068 645 3108 non
671 3054 825 3109 satis
857 3053 1138 3125 intelligo.
1172 3051 1293 3111 Haec
1323 3071 1452 3110 vero
1494 3066 1623 3111 nota
1660 3057 1865 3128 passim

1969 1105 2023 1159 in
2047 1108 2291 1179 margine
2310 1125 2435 1165 vero
2456 1112 2520 1165 Δ.
2552 1111 2615 1166 Θ.
2638 1111 2701 1164 τὸ
2724 1110 2851 1175 ἔσω,
2884 1111 2935 1165 id
2961 1119 3068 1182 est,
3093 1111 3288 1181 Aquila
3307 1121 3360 1165 et
3379 1109 3549 1165 Theo-

1968 1198 2119 1253 dotio
2153 1201 2353 1257 habent
2384 1218 2448 1259 ea
2493 1218 2616 1273 quae
2638 1203 2803 1266 intus,
2824 1189 2955 1257 isive
2992 1203 3046 1256 in
3083 1213 3227 1257 textu
3254 1211 3402 1266 sunt,
3435 1218 3545 1256 non

1968 1299 2152 1346 notata
2176 1295 2414 1363 punctis,
2442 1311 2636 1365 nempe
2663 1296 2889 1367 λυγμὸς.
2925 1293 2991 1349 Et
3020 1311 3145 1349 vere
3177 1294 3267 1349 alii
3288 1310 3421 1350 mss.
3451 1294 3548 1349 ha-

1967 1380 2198 1459 bentA.
2229 1384 2293 1440 Θ.
2327 1386 2555 1459 λυγμός,
2591 1388 2876 1459 singultus.

2045 1457 2155 1599 (ιβ.
2187 1501 2397 1558 Hesaiae
2425 1457 2536 1570 inv,
2562 1520 2612 1556 v.
2636 1457 2692 1567 6,
2720 1510 2775 1558 et
2808 1501 2936 1556 alibi
2957 1517 3099 1571 saepe
3132 1501 3401 1573 signiﬁcat
3424 1498 3549 1558 Ori-

1968 1596 2151 1667 genes,
2200 1606 2261 1651 ut
2320 1597 2560 1652 diximus
2627 1596 3048 1667 Palwographia!
3102 1596 3300 1652 ercw
3324 1612 3379 1667 p.
3419 1598 3552 1656 225.

1966 1689 2207 1748 Joannes
2232 1689 2520 1747 Curterius
2544 1690 2692 1745 illam
2720 1690 2912 1761 siglam
2939 1691 3209 1760 expressit
3257 1707 3356 1761 per
3402 1691 3549 1748 litte-

1968 1798 2085 1837 ram
2126 1785 2190 1849 Φ,
2221 1784 2368 1854 quod
2400 1792 2584 1837 notam
2612 1783 2817 1838 codicis
2846 1781 3218 1861 Marchaliani.
3258 1799 3402 1837 nunc
3430 1781 3547 1841 RR.

1973 1874 2077 1929 PP.
2103 1874 2456 1942 Jesuitarum,
2485 1889 2594 1929 non
2621 1875 2964 1946 intelligeret.
2984 1873 3122 1929 Nam
3152 1875 3226 1930 ibi
3252 1875 3332 1931 sic
3361 1887 3548 1932 notata

1971 1965 2282 2038 depingitur
2311 1975 2509 2020 uteam
2545 1966 2634 2020 hic
2659 1966 3054 2035 expressimus.

2038 2041 2104 2113 έῧ
2128 2059 2518 2131 ἀνεπίγραφος.
2557 2057 2708 2114 lianc
2741 2067 2925 2114 notam
2978 2060 3355 2129 apponendam
3388 2061 3553 2118 duri-

1970 2166 2115 2217 mus,
2143 2151 2271 2222 quia
2295 2151 2565 2218 Nobilius,
2592 2167 2656 2207 ac
2689 2161 2814 2223 post
2832 2168 2958 2208 eum
3000 2154 3231 2211 Drusius
3262 2157 3550 2213 existima-

1969 2252 2118 2309 runt,
2164 2244 2252 2299 hic
2280 2244 2578 2318 ἀνέσπερον
2606 2244 2920 2314 signiﬁcari,
2955 2261 3184 2317 esseque
3220 2263 3418 2304 nomen
3453 2266 3554 2305 cu-

1966 2334 2184 2403 jusdam
2208 2338 2519 2407 interpretis
2549 2337 2634 2392 vel
2655 2336 2985 2406 scholiastaa,
3010 2354 3172 2409 quem
3206 2340 3548 2411 Anesperutn

1969 2439 2187 2486 vocant.
2219 2428 2502 2500 Signiﬁcat
2527 2439 2709 2484 autem
2742 2431 3068 2500 Anonymus,
3100 2432 3184 2487 vel
3222 2432 3288 2487 ad
3315 2433 3549 2488 litteram

1966 2521 2391 2592 Anepigraphus,
2450 2520 2565 2576 sive
2610 2520 2723 2574 sine
2768 2522 2999 2575 auctoris
3058 2523 3355 2593 epigtaphe.
3412 2523 3548 2580 Vide

1967 2610 2129 2667 Num.
2155 2626 2276 2681 cap.
2315 2626 2465 2679 xxix,
2493 2611 2549 2679 ὶ.
2577 2607 2664 2663 16.
2696 2609 2765 2665 Ut
2792 2621 2972 2665 autem
3002 2611 3146 2665 scias
3175 2622 3434 2681 quantam
3455 2628 3546 2666 er-

1967 2720 2154 2759 rorum
2191 2703 2384 2760 silvam
2432 2705 2550 2757 haec
2579 2711 2706 2756 nota
2739 2702 2820 2757 sic
2850 2702 3025 2771 poslta
3055 2705 3342 2772 pepererit,
3373 2719 3547 2775 pauca

1968 2796 2273 2853 exscribam
2304 2811 2370 2850 ex
2405 2794 2760 2850 adnotatione
2779 2792 3014 2863 quadam
3043 2804 3232 2849 nostra
3271 2795 3324 2849 in
3355 2798 3546 2851 codice

1967 2887 2569 2951 Coisliniano,nnmero
2595 2885 2644 2938 5.
2678 2882 2877 2938 Eodem
2897 2884 2950 2938 in
2976 2885 3182 2952 codice,
3211 2886 3305 2956 qui
3332 2895 3416 2941 est
3440 2886 3549 2940 Ca-

1968 2987 2092 3033 tena
2142 2981 2197 3032 in
2228 2977 2548 3040 Leviticum,
2593 2974 2882 3040 Numeros,
2921 2976 3550 3046 etc.,imperitnslibra-

1971 3071 2088 3126 rius
2110 3070 2205 3139 qui
2230 3069 2476 3125 codicem
2507 3067 2747 3138 scripsit,
2781 3068 2926 3122 illam
2972 3075 3157 3122 notam
3212 3069 3265 3121 in
3301 3069 3542 3136 antigra-

252 3146 501 3211 repetitur
528 3164 543 3200 :
577 3145 736 3202 forte
765 3146 1061 3215 signiﬁcat
1094 3144 1437 3217 Septuaginta
1475 3150 1783 3217 separatim,
1816 3159 1863 3202 et

1972 3162 2079 3231 pho
2105 3175 2206 3215 suo
2229 3159 2438 3227 videns,
2470 3159 2769 3230 saepissime
2799 3143 2926 3231 legit
2958 3157 3220 3223 Ἀνεσιου,
3253 3158 3546 3229 aliquando

258 3232 664 3292 Theodotionem
722 3239 1012 3292 similiter.
1070 3237 1250 3293 Altera
1273 3250 1398 3295 nota
1437 3239 1732 3308 saepissime
1767 3257 1863 3296 oe-

255 3328 438 3393 currit,
474 3346 683 3399 nempe
728 3333 798 3384 Ο.
837 3328 892 3382 θ.
926 3347 1037 3398 χω.
1074 3328 1126 3381 id
1162 3338 1241 3384 est
1284 3327 1423 3383 LXX
1464 3339 1519 3384 et
1563 3330 1865 3387 Theodotio

259 3421 537 3486 separatim
562 3423 650 3476 sic.
672 3421 913 3475 habent.
940 3418 1013 3472 Et
1032 3433 1154 3488 cap.
1190 3435 1263 3482 tv,
1285 3435 1336 3474 ν.
1364 3419 1417 3483 5,
1443 3420 1534 3475 ubi
1554 3423 1746 3493 legitur
1767 3423 1864 3495 τῆς

262 3507 472 3583 amoti,
490 3514 545 3566 in
579 3512 846 3582 margine
874 3511 1152 3580 scriptum
1182 3520 1299 3565 est:

911 3603 1021 3673 τῆς
1059 3602 1087 3654 ό
1120 3601 1149 3654 ό
1178 3619 1237 3655 ου

943 3694 1057 3749 όθ¹
1089 3711 1171 3763 χω

338 3784 561 3844 Primam
595 3804 736 3844 vero
782 3796 983 3843 notam
1016 3786 1102 3841 sic
1131 3786 1247 3857 lego
1279 3789 1340 3841 Ο.
1375 3788 1435 3840 0.
1470 3787 1664 3853 οὕτως,
1697 3788 1748 3843 id
1778 3798 1862 3843 est

274 3884 490 3948 utraque
542 3880 717 3934 editio
763 3879 880 3932 τῶν
911 3878 996 3942 0',
1036 3890 1232 3945 nempe
1256 3877 1421 3948 Κοινὴ
1471 3887 1524 3931 et
1555 3877 1862 3947 hexaplaris

275 3964 356 4020 sic
380 3968 577 4035 habent,
602 3970 728 4041 τῆς.
751 3971 947 4024 Altera
973 3981 1110 4021 vero
1128 3977 1251 4020 nota
1278 3968 1338 4020 Ο.
1373 3967 1423 4020 θ.
1457 3967 1620 4039 χωρίς
1652 3968 1860 4037 signiti-

275 4067 386 4123 αι,
432 4062 481 4114 ni
529 4061 711 4129 fallor,
768 4058 919 4115 LXX
969 4060 1293 4127 separatim,
1338 4058 1390 4113 id
1423 4068 1507 4114 est
1538 4059 1761 4131 Καινήν,
1807 4069 1861 4115 et

278 4150 687 4211 Theodotionem
715 4157 773 4210 in
798 4169 907 4210 sua
947 4152 1235 4215 columna,
1273 4152 1564 4221 separatim
1596 4153 1745 4217 item,
1781 4154 1861 4209 sic

280 4241 481 4301 habere.
510 4247 824 4317 Aliquando
866 4246 957 4302 sic
983 4243 1315 4300 ordinantur
1347 4243 1660 4314 huiusmodi
1692 4253 1856 4313 notae,

281 4334 543 4407 ntﬂidipo
574 4352 806 4408 prorsus
829 4344 1065 4407 egeant,
1094 4345 1155 4389 ut
1175 4349 1291 4404 cap.
1322 4351 1398 4401 IV,
1426 4351 1478 4389 v.
1513 4334 1600 4400 12,
1620 4336 1673 4390 in
1710 4344 1858 4392 textu

283 4421 568 4485 Basiliensis
599 4431 802 4502 legitur
821 4432 930 4493 εἰς,
966 4428 1029 4482 in
1072 4428 1317 4499 margine
1341 4443 1468 4483 vero
1505 4428 1597 4484 ἐπί
1638 4438 1691 4483 et
1711 4439 1859 4500 post-

280 4532 341 4571 α
372 4520 754 4592 subiunguntur
788 4531 943 4578 notae
971 4520 1087 4575 hoc
1110 4520 1252 4575 situ:

865 4613 941 4668 θ’.
975 4630 1081 4683 χω.
1116 4613 1177 4666 0.
1210 4631 1270 4667 ου

862 4707 915 4761 ό.
948 4704 1022 4759 θ’.
1051 4704 1161 4758 ἀπὸ

958 4797 1007 4849 0'
1037 4813 1123 4849 ou.

341 4890 579 4951 Utautem
605 4893 1028 4956 concludatur,
1055 4889 1171 4946 haec
1190 4907 1298 4949 uno
1323 4895 1490 4951 verbo
1505 4895 1702 4960 dicam,
1731 4900 1859 4948 nota

265 4970 353 5042 δέ»
370 4990 499 5046 haud
528 4990 701 5046 dubie
735 4984 1084 5059 signiﬁcare
1102 4980 1328 5052 videtur,
1354 4986 1658 5059 διώρθωσα,
1687 5000 1861 5040 corre-

259 5086 331 5149 xi,
354 5087 634 5152 emendavi,
661 5092 728 5138 ut
755 5076 1045 5147 exemplo
1069 5079 1472 5148 comprobatur,
1499 5097 1564 5133 ou
1586 5080 1772 5145 οὕτως
1793 5076 1863 5131 si-

255 5176 301 5229 bi
330 5180 453 5235 νειιε
477 5181 570 5234 vi;
599 5186 689 5235 es:
710 5172 884 5247 quod
916 5168 1209 5225 dubitetur
1233 5185 1297 5225 ex
1329 5171 1682 5241 supradictis;
1715 5161 1821 5228 πᾶν
1841 5213 1858 5239 ,

250 5268 295 5324 id
314 5282 406 5344 est,
438 5273 786 5336 certissime,
822 5262 1097 5327 πάντες,
1119 5268 1180 5315 ut
1207 5262 1468 5332 exemplis
1489 5260 1862 5332 frequentibus

240 5368 502 5436 arguitur;
534 5378 776 5438 χωιηοη
819 5355 1067 5411 videtur
1090 5352 1233 5408 aliud
1257 5369 1419 5426 quam
1445 5372 1625 5424 χωρίς
1649 5356 1861 5427 signia-

232 5473 342 5515 care
362 5475 549 5532 posse.
578 5455 825 5512 Harum
866 5457 1017 5501 vero
1042 5451 1293 5500 notarum
1317 5460 1453 5501 usus
1484 5460 1675 5501 omnes
1696 5446 1861 5517 expli-

223 5566 353 5620 care,
385 5553 569 5609 donec
589 5545 746 5620 quid
783 5536 1023 5597 clarius
1056 5544 1311 5607 emergat,
1348 5537 1600 5592 humana:
1633 5553 1741 5593 non
1774 5539 1859 5593 vi-

217 5643 359 5699 detur
382 5660 508 5701 esse
541 5632 913 5697 facultatis.

273 5737 344 5791 Τδ
366 5738 497 5791 ἔσω.
532 5732 746 5798 Hujus
782 5727 966 5779 notae
996 5729 1134 5771 usus
1164 5718 1486 5789 conspicuus
1514 5727 1599 5774 est
1626 5718 1679 5773 in
1710 5719 1857 5773 codi-

210 5845 261 5885 ce
284 5829 641 5887 Coisliniano
673 5811 967 5892 egregia:
1006 5818 1150 5863 uota:
1184 5825 1217 5864 ι
1251 5811 1455 5879 saeculi,
1511 5810 1602 5869 ubi
1644 5810 1860 5883 quando

1983 3255 2271 3324 Ἁνέμπου,
2332 3252 2461 3306 item
2517 3252 2864 3324 Ἀναπέμπη,
2912 3250 3039 3305 alibi
3081 3248 3340 3314 Ἀνοσίου,
3373 3250 3540 3305 semel

1972 3345 2318 3409 .‘AOavasiou,
2347 3344 2640 3415 aliquando
2661 3346 2822 3401 etiam
2847 3354 2988 3399 recte
3021 3343 3417 3414 ἁνεπιγράφου,
3453 3358 3542 3397 se-

1966 3437 2071 3490 mel
2094 3436 2223 3490 item
2258 3434 2532 3488 Συνεσίου.
2568 3432 2691 3490 Haec
2712 3449 2875 3504 porro
2908 3443 3030 3487 nota
3063 3442 3248 3489 nostra
3278 3433 3545 3489 asseritur

1965 3544 2029 3584 ex
2058 3528 2347 3583 collatione
2381 3529 2607 3584 alterius
2634 3529 2854 3584 Catenae
2883 3528 3127 3597 ejusdem
3175 3528 3538 3596 bibliothecae,

1963 3623 2056 3678 ubi
2080 3622 2147 3677 ad
2169 3623 2380 3693 singula
2409 3638 2573 3694 supra
2597 3633 2892 3679 memorata
2908 3623 3127 3677 nomina
3156 3622 3348 3692 legitur
3370 3622 3540 3676 ἀνεπ-

1966 3719 2017 3773 id
2041 3728 2145 3781 est,
2171 3719 2565 3791 ἀνεπιγράφου.

1970 3832 1975 3837 ·
2033 3811 2172 3864 ΔΥΝ
2208 3810 2491 3877 διάλειψις,
2541 3812 2679 3866 ΔΥΝ
2710 3812 3031 3876 ἀνάπαυσις.
3081 3810 3173 3867 Sic
3227 3812 3423 3882 legitur
3477 3810 3532 3867 iu

1962 3902 2208 3974 margine
2234 3902 2435 3957 codicis
2487 3901 2806 3958 Coisliniani
2860 3902 3031 3958 Levit.
3090 3918 3228 3968 xxv,
3297 3900 3370 3967 6,
3416 3915 3542 3971 qua

1963 3996 2264 4065 respiciunt
2290 4010 2475 4050 vocem
2491 4006 2625 4055 natu
2642 4036 2656 4058 ,
2680 3995 2734 4049 in
2752 3993 2896 4049 LXX
2922 4009 3239 4064 expressam
3258 3991 3536 4057 Σάσόατα,

1964 4084 2224 4140 Sabbata.
2290 4085 2391 4141 Vix
2436 4096 2612 4158 potest
2647 4087 2975 4158 deprehendi
3017 4101 3086 4141 an
3144 4084 3431 4155 legendum
3464 4090 3538 4137 s:t

1964 4178 2124 4242 ΔΥΗ,
2164 4178 2249 4234 vel
2273 4179 2431 4243 ΔΥΝ,
2462 4179 2556 4234 sed
2600 4196 2708 4234 non
2736 4180 2921 4235 dubito
2952 4180 3083 4249 quin
3130 4176 3416 4247 legendum
3465 4177 3538 4228 sit

1915 4288 1923 4297 τ
1963 4269 2120 4334 ΔΥΝ,
2160 4278 2214 4324 et
2243 4269 2575 4340 signiﬁcetur
2599 4270 2841 4325 δύναται.
2882 4268 2959 4323 Ita
2993 4276 3053 4321 ut
3076 4268 3191 4321 haec
3227 4277 3371 4327 nota,
3413 4277 3537 4333 qum

1962 4362 2182 4431 respicit
2218 4378 2405 4417 vocem
2429 4372 2581 4428 nam,
2607 4363 2688 4419 sic
2723 4364 2958 4432 legatur,
2985 4361 3226 4422 δύναται,
3248 4357 3533 4427 διάλειψις,

1961 4454 2202 4517 δύναται,
2238 4456 2564 4520 ἀνάπαυσις,
2593 4456 2643 4511 id
2672 4466 2775 4519 est,
2799 4471 2899 4507 vox
2929 4453 3203 4507 Σάϐϐατον
3240 4451 3375 4506 vald
3419 4450 3535 4505 sive

1888 4529 1933 4585 Ῑ)
1960 4549 2248 4620 signiﬁcat,
2288 4549 2543 4612 cessatio,
2566 4558 2615 4602 et
2647 4548 2911 4618 signiﬁcat
2959 4545 3193 4616 requies.

2419 4639 2482 4693 ll.
2510 4641 2586 4694 De
2617 4640 2751 4694 notis
2782 4639 3084 4709 incognitis.

2032 4733 2072 4812 β.
2127 4710 2225 4812 [ᾗ
2286 4732 2341 4792 Ei.
2382 4733 2507 4790 Haec
2559 4742 2684 4788 nota
2744 4732 3010 4801 reperitur
3060 4728 3164 4783 Job
3208 4742 3328 4795 cap.
3396 4740 3530 4789 xvn,

1966 4836 2018 4906 ᾖ.
2050 4835 2105 4897 3.
2144 4835 2198 4889 in
2238 4831 2425 4889 codice
2459 4825 2797 4893 Colbcrtlno,
2839 4838 2990 4879 num.
3020 4822 3179 4889 i952,
3214 4819 3304 4875 ubi
3339 4820 3404 4874 azl
3428 4819 3533 4873 bos

1965 4936 2200 5000 quatuor
2231 4922 2552 4989 versiculos,

2103 5022 2199 5099 ne
2228 5014 2650 5099 ἐστινθδτοςρῇ
2674 5016 2814 5099 κξιρε
2846 5031 2946 5099 eo"
2972 5009 3295 5099 σρνςεοήῖςετε

2105 5079 2224 5145 "ait
2253 5091 2479 5162 καρδίαν
2511 5079 2955 5162 είρτξῦνίέδὲρυψᾳν
2996 5081 3105 5162 ᾲπδ
3126 5079 3457 5152 φρονήσεως.

2102 5164 2205 5217 Διὰ
2229 5152 2386 5216 “caiisa
2410 5162 2471 5214 οὐ
2504 5159 2578 5230 μὴ
2859 5152 3078 5230 ᾲὺτούς.

2104 5234 2185 5306 Τῇ
2214 5233 2390 5305 μερίδι
2420 5225 2738 5299 ἀνάγίίῦςλει
2766 5225 2961 5288 itania;
2987 5240 3000 5253 ’

1960 5348 2079 5403 haec
2106 5346 2434 5401 adnotantur
2465 5346 2534 5413 Χ
2565 5343 2631 5395 ὲκ
2674 5340 2727 5396 θ.
2761 5341 2808 5392 οἱ
2839 5339 2881 5392 δ’
2901 5379 2915 5401 ,
2962 5336 3016 5391 id
3048 5342 3169 5401 est,
3217 5333 3273 5388 hi
3309 5340 3540 5403 quatuor

1959 5439 2165 5507 στίχοι
2201 5453 2291 5489 seu
2325 5432 2571 5489 versiculi
2599 5446 2664 5486 ea:
2692 5428 3084 5491 Tlteodotione;
3117 5423 3314 5479 deinde
3347 5417 3539 5490 adjici-

1960 5540 2051 5587 tur
2083 5527 2122 5603 β.
2155 5508 2239 5599 [ᾗ
2278 5525 2393 5598 ax
2426 5541 2476 5581 c.
2498 5527 2564 5593 Ἀ(
2592 5526 2658 5593 Χ
2682 5522 2806 5578 Haec
2837 5529 3014 5574 autem
3041 5516 3359 5603 signiﬁcare
3379 5523 3539 5580 pror-

1960 5639 2058 5679 sus
2088 5602 2348 5678 ividentur
2373 5619 2531 5691 μόνος
2557 5617 2693 5690 πρὸς
2716 5612 2929 5683 πρῶτον
2948 5649 2962 5675 ,
2990 5609 3132 5663 satus
3169 5604 3237 5660 ad
3281 5602 3533 5691 primunt,

1962 5714 2016 5771 id
2049 5723 2153 5779 est,
2193 5714 2428 5784 primum
2483 5708 2810 5765 versiculum
2858 5718 2924 5758 ex
2986 5694 3358 5755 Theodotione
3410 5690 3531 5747 solo

1962 5807 2312 5876 desumptum
2367 5814 2523 5869 esse;
2575 5796 2770 5856 deinde
2828 5790 3128 5852 secundum
3204 5785 3424 5842 tertium
3478 5791 3530 5840 et
