4052 6388
581 347 677 402 HI

1909 345 2429 401 PRELIMlNARIA

3718 347 3824 400 ΗΞ

576 481 834 539 quartum
873 468 1182 541 Symmachi
1221 468 1422 539 pariter
1456 479 1509 524 et
1541 466 1934 525 Theodotionis
1969 484 2090 524 esse
2121 487 2135 523 :
2170 475 2212 530 Α
2242 468 2293 519 Γ¹
2315 484 2479 538 quam
2511 484 2537 522 a
2571 483 2628 523 sc
2653 467 2879 524 invicem
2907 467 3126 523 diversi.
3171 467 3302 522 Dein
3344 483 3463 538 cap.
3498 484 3608 522 xui
3636 508 3650 532 ,
3689 469 3722 538 ᾗ
3761 470 3819 532 9,

576 563 828 633 idemque
858 578 992 617 usus
1013 561 1322 631 huiusmodi
1358 571 1608 618 notarum
1640 563 1766 616 alibi
1800 563 1963 616 etiam
1995 577 2150 630 repe-

578 655 735 709 ritur.
769 652 894 707 Haec
933 669 1094 722 porro
1126 653 1215 706 vix
1245 652 1525 722 quidpiam
1569 653 1900 708 difﬁcultatis
1948 654 2148 708 habere

577 747 910 811 viderentur,
951 747 997 800 si
1019 753 1297 800 constaret
1327 760 1650 816 semperque
1686 747 1827 800 idem
1870 755 2011 801 esset
2045 747 2147 799 ha‘

575 854 762 894 rumce
793 847 1045 894 notarum
1073 854 1206 893 usus
1238 859 1249 893 :
1283 853 1469 892 verum
1505 853 1612 892 non
1641 837 1713 891 ita
1741 852 1828 892 res
1860 847 1978 903 est;
2020 854 2146 892 nam

572 928 673 984 Job
709 946 800 994 xx,
835 930 926 995 25,
964 929 1016 984 in
1044 931 1157 984 haec
1183 931 1364 994 verba,
1391 929 1558 992 εῐπως
1577 929 1860 1001 πληρῶσαι
1881 930 2146 1000 γαστέρα,

571 1040 792 1087 notatur
822 1031 875 1084 in
902 1032 1086 1085 eodem
1113 1031 1298 1086 codice
1315 1031 1376 1084 6'.
1400 1033 1465 1098 Ἀ(
1491 1026 1529 1102 εἳ
1568 1026 1663 1102 ΓΠ
1716 1033 1836 1085 ἀντὶ
1865 1032 1958 1085 τοῦ
1975 1033 2143 1096 ὃπως,

571 1136 681 1189 quo
720 1120 1013 1190 significari
1039 1121 1255 1190 quidem
1277 1120 1488 1172 videtur
1514 1120 1687 1174 Solum
1717 1119 2144 1175 Theodotionem

573 1217 772 1269 habere
797 1214 984 1277 εἴπως,
1002 1223 1056 1266 et
1085 1213 1276 1267 indein
1313 1211 1453 1265 LXX
1479 1214 1750 1266 invectum
1776 1211 1980 1279 fuisse;
2011 1213 2146 1268 alios

572 1326 751 1369 autem
775 1315 922 1377 ὅπως
950 1311 1123 1384 legere
1150 1331 1164 1378 ;
1193 1313 1287 1367 sed
1319 1324 1445 1367 nota
1478 1307 1516 1384 fit
1555 1285 1644 1384 m
1687 1314 1816 1384 quid
1868 1315 1969 1369 sibi
2019 1315 2150 1370 velit

573 1425 680 1463 non
721 1411 794 1462 ita
827 1407 985 1462 facile
1011 1408 1376 1462 estdivinare.
1433 1405 1560 1460 Plus
1607 1407 1771 1460 etiam
1820 1406 2021 1476 negotii
2066 1406 2146 1460 fa~

572 1503 738 1556 cessit
772 1501 878 1555 alia
904 1509 1028 1554 nota
1053 1499 1155 1554 Job
1182 1515 1300 1570 cap.
1341 1515 1454 1562 xxi,
1479 1499 1536 1567 ᾗ.
1575 1497 1668 1564 2i,
1702 1498 1753 1552 in
1798 1498 1960 1553 hosce
2004 1499 2143 1554 duos

572 1594 866 1649 versiculos
900 1609 914 1646 :

645 1686 765 1737 Ὀτι
803 1684 863 1736 τὸ
888 1683 1097 1754 Θέλημα
1129 1679 1304 1754 αὑτοῦ
1329 1680 1539 1754 ὲνμοζκῳ
1568 1677 1731 1754 aliter?
1765 1679 1880 1750 μετ’
1909 1677 2073 1734 αὑτοῦ

643 1756 752 1809 Καὶ
780 1751 1215 1826 ἁριθμόῖμηνῶν
1250 1751 1413 1804 αὑτοῦ
1441 1751 1786 1823 διῃρέθησαν.

2249 563 2316 616 ad
2347 577 2530 616 vocem
2554 561 2847 625 ἀνατεῖλαι,
2875 577 2996 616 cum
3033 590 3093 616 τ-
3121 561 3200 615 sic
3228 577 3284 616 se
3313 562 3474 616 habet
3515 577 3705 631 margo
3731 581 3744 616 :
3770 565 3821 616 ot

2248 655 2302 706 1"
2327 653 2660 722 ἀναγγεῖλαι,
2695 653 2756 708 Θ.
2797 653 3111 722 βλαστῆσαι,
3158 653 3220 706 Α.
3267 653 3601 722 ἀναφυῆναι’
3637 668 3823 709 nonne

2249 746 2363 802 haec
2405 755 2550 802 tanta
2582 757 2798 818 tamque
2821 748 3077 802 distincta
3109 747 3612 816 interpretationum
3644 748 3824 803 varie-

2249 847 2352 903 tas,
2376 838 2691 893 varietatem
2713 838 2891 907 arguit
2907 837 3236 892 auctorum?
3262 836 3505 907 Denique
3524 852 3642 906 cap.
3666 852 3818 900 wa,

2249 929 2280 997 ᾗ
2312 929 2364 992 8,
2395 930 2460 982 ad
2503 943 2662 982 voces
2693 931 2740 981 εἰ
2775 930 2865 982 καὶ
2890 929 2992 984 sub
3023 942 3086 982 -ι-
3118 943 3305 998 margo
3332 928 3411 984 sic
3447 928 3641 983 habet:
3668 929 3822 999 ὅμως

2247 1020 2294 1070 οἱ
2328 1021 2401 1085 Γ’,
2427 1021 2474 1072 οἱ
2503 1023 2555 1072 0'
2577 1019 2632 1089 ἢ,
2663 1019 2810 1090 ὅμως
2843 1037 2902 1072 τε
2930 1021 2992 1071 Α.
3031 1019 3117 1081 Θ.,
3152 1020 3293 1074 unde
3323 1027 3536 1073 constat
3561 1020 3820 1089 Aquilam

2249 1109 2438 1163 saltem
2460 1119 2512 1163 et
2543 1107 2969 1164 Theodotionem
3000 1125 3106 1163 non
3144 1110 3321 1164 minus
3358 1110 3606 1165 diversos
3637 1125 3763 1165 esse
3787 1124 3822 1164 a

2245 1203 2358 1264 τοῖς
2382 1201 2433 1253 Γ¹
2465 1217 2628 1271 quam
2658 1203 2706 1255 οἱ
2741 1206 2795 1255 0⁸
2826 1212 2970 1257 sunt.
3007 1201 3194 1271 (Forte
3212 1219 3302 1269 per
3323 1203 3371 1255 οἱ
3400 1203 3451 1254 Γ¹
3479 1212 3582 1256 tres
3625 1203 3822 1256 editio-

2247 1309 2356 1356 nes,
2388 1293 2628 1364 Origenis
2662 1295 2738 1348 vel
2769 1293 2980 1348 Eusebii
3011 1294 3254 1362 Luciam‘,
3301 1304 3350 1349 et
3377 1293 3626 1364 Hesychii
3653 1295 3821 1348 deno-

2247 1387 2470 1456 tantur.)

2317 1483 2593 1539 Hactenus
2629 1484 2858 1540 Brianus
2885 1484 3192 1540 Waltonus.
3215 1484 3321 1540 Sed
3353 1501 3476 1540 cum
3505 1483 3817 1554 perspicuis

2244 1591 2310 1629 ac
2341 1575 2476 1630 bene
2505 1577 2693 1630 multis
2725 1577 2985 1645 exemplis
3018 1577 3432 1645 probaverimus
3475 1576 3525 1627 οἱ
3579 1576 3629 1627 1"
3672 1574 3811 1629 nihil

2247 1663 2393 1718 aliud
2431 1664 2738 1734 signiﬁcare
2783 1682 2946 1736 quam
2996 1667 3284 1736 Aquilam,
3334 1665 3729 1738 Symmachum
3767 1675 3824 1720 et

2244 1754 2694 1820 Theodotionem,
2745 1758 2888 1812 dicet
2939 1759 3080 1814 haud
3135 1759 3298 1814 dubie
3349 1759 3597 1812 eruditus
3650 1758 3823 1812 lector

642 1865 743 1921 Ubi
774 1867 970 1936 legitur
1003 1867 1056 1919 in
1096 1865 1291 1936 eodem
1325 1863 1513 1918 codice
1544 1866 1610 1932 »ζ
1645 1863 1710 1916 ὲκ
1737 1863 1800 1917 0'.
1843 1865 1890 1916 οἱ
1925 1865 1969 1935 β’
2003 1863 2144 1918 οὕτω
2171 1847 2216 1900 Β
2247 1849 2407 1902 aliam
2426 1847 2680 1904 Waltono
2704 1852 3052 1920 quaerendam
3081 1851 3251 1907 fuisse
3281 1851 3665 1906 difﬁcultatum
3694 1866 3824 1906 sua-

569 1967 664 2020 τοῡ
710 1935 845 2020 θεοῦ
868 1935 1124 2037 -ιὼτῇ
1193 1968 1256 2018 ὲκ
1277 1964 1369 2018 τοῦ
1411 1963 1932 2036 Ἐϐραῖκοῦ.Τίγάρ
1965 1962 2150 2035 χρῄζει

569 2059 669 2128 τῆς
693 2057 870 2120 οἰκίας
902 2056 1064 2109 αὑτοῦ
1103 2055 1219 2126 μεθ’
1247 2054 1461 2110 ἑαυτοῦ.
1490 2053 1621 2120 Qute
1651 2055 1833 2110 omnia
1862 2055 2019 2124 quasi
2053 2057 2150 2108 ha-

572 2151 821 2204 riolando
867 2149 939 2202 ibi
990 2149 1262 2216 explicare
1303 2148 1485 2203 conati
1527 2162 1759 2211 sumus;
1809 2147 1900 2203 sed
1935 2147 2048 2201 haec
2079 2148 2148 2202 ad

573 2243 843 2310 specimen
885 2239 1181 2295 sufﬁciant.

645 2335 705 2385 Οἱ
734 2333 794 2384 1‘.
827 2336 938 2402 χδς.
973 2330 1097 2386 llaec
1125 2344 1252 2386 nota
1287 2331 1516 2386 habetur
1557 2331 1611 2385 in
1656 2331 1844 2386 codice
1888 2331 2003 2386 RR.
2038 2332 2143 2388 PP.

570 2423 903 2479 Jesuitarum
935 2425 1126 2494 colleg.
1164 2423 1422 2480 Ludovici
1454 2425 1654 2493 Magni,
1682 2425 1777 2494 qui
1809 2426 1981 2479 codex
2016 2441 2144 2494 pro-

574 2518 767 2585 phetas
792 2519 1030 2573 minores
1053 2529 1108 2572 et
1150 2525 1339 2587 postea
1386 2517 1625 2587 majores
1656 2518 2052 2587 complectitur.
2086 2515 2143 2570 ln

573 2610 714 2663 hanc
735 2610 896 2679 igitur
930 2623 1139 2672 vocem,
1167 2593 1341 2672 πίτνει),
1374 2607 1574 2662 Thren.
1606 2625 1645 2670 ι,
1687 2607 1742 2671 8,
1791 2624 1954 2678 quam
2003 2606 2142 2660 LXX

574 2703 652 2764 εἰς
674 2701 830 2754 σάλον
857 2709 1090 2766 vertunt,
1122 2701 1202 2755 sic
1223 2709 1438 2754 notatur
1465 2699 1526 2753 C.
1549 2701 1598 2752 οἱ
1622 2699 1678 2753 Γ.
1711 2704 1802 2770 Xa;
1823 2701 2141 2758 ἀνάστατον.

579 2793 634 2845 Si
669 2801 771 2846 stet
811 2793 899 2846 illa
922 2792 1080 2847 lectio
1112 2795 1240 2861 χός,
1285 2792 1364 2854 εἰς
1401 2791 1710 2860 ἀμηχανίαν
1754 2807 1915 2860 agor;
1955 2806 2141 2844 verum

576 2892 710 2954 puto
743 2884 830 2939 hic
853 2888 946 2954 χδς
979 2898 1077 2952 pro
1119 2883 1228 2953 χώς
1259 2883 1392 2952 legi,
1437 2892 1491 2936 et
1535 2882 1636 2936 bac
1675 2897 1808 2936 voce
1849 2881 2143 2952 signiﬁcari

571 2974 770 3042 χωρίς,
803 2982 964 3044 atque
994 2975 1067 3028 ita
1115 2989 1310 3028 sensus
1349 2973 1454 3027 erit
1485 2971 1894 3044 Symmachum,
1933 2974 2028 3043 qui
2054 2989 2142 3028 so-

573 3067 659 3123 lns
681 3069 732 3122 in
773 3065 1006 3122 Threnis
1043 3082 1168 3122 cum
1202 3065 1344 3120 LXX
1403 3067 1457 3121 in
1510 3065 1767 3136 Hexaplis
1801 3065 1870 3120 ab
1908 3063 2142 3134 Origene

2250 1955 2371 1993 rum
2399 1941 2748 2006 solutionem,
2773 1951 2825 1996 et
2847 1942 3048 1998 frustra
3068 1959 3336 2014 pugnasse
3361 1943 3580 1998 doctum
3609 1942 3820 2009 virum,

2249 2041 2433 2086 notam
2457 2034 2506 2084 ot
2536 2034 2588 2085 1"
2610 2033 2747 2088 alios
2777 2050 2808 2088 a
2836 2036 3151 2090 memoratis
3175 2036 3496 2105 interpretes
3514 2036 3600 2090 vel
3622 2046 3821 2090 aucto-

2247 2139 2336 2178 res
2359 2123 2684 2192 signiﬁcare.

2317 2216 2410 2270 llla
2443 2232 2570 2271 vero
2608 2226 2733 2271 nota
2763 2219 2812 2270 ot
2860 2218 2912 2270 1"
2948 2233 3055 2272 non
3115 2218 3167 2272 in
3213 2218 3401 2274 codice
3449 2217 3823 2274 Marchaliano

2243 2314 2456 2360 tantum
2488 2309 2768 2372 occurrit,
2819 2309 2912 2365 sed
2957 2310 3119 2363 etiam
3156 2309 3210 2364 in
3258 2310 3378 2365 aliis
3429 2311 3823 2367 vetustissimis

2245 2401 2557 2466 codicibus,
2597 2407 2663 2456 ad
2716 2403 2884 2457 libros
2947 2403 3181 2457 maxime
3229 2401 3516 2468 Judicum,
3576 2404 3820 2474 Regum,

2243 2488 2586 2546 Psalmorum
2615 2502 2666 2547 et
2686 2491 3078 2562 Prophetarum
3110 2495 3374 2550 omnium.
3417 2494 3494 2548 Ex
3533 2495 3618 2549 his
3655 2511 3821 2565 porro

2244 2584 2398 2640 libris
2430 2585 2676 2655 exempla
2702 2586 3095 2653 mutuabimur,
3120 2601 3242 2657 qua:
3275 2586 3407 2640 nihil
3439 2585 3612 2650 dubii,
3643 2597 3702 2642 ut
3728 2604 3822 2642 ar-

2243 2675 2436 2738 bitror,
2472 2676 2799 2746 relinquant.

2311 2766 2436 2821 Jud.
2501 2782 2621 2836 cap.
2673 2783 2724 2829 1,
2771 2767 2863 2831 3|,
2906 2766 2997 2821 ubi
3053 2765 3376 2822 Hebraicum
3434 2768 3600 2823 habet
3647 2751 3817 2836 55:13.

2243 2858 2408 2912 editio
2441 2857 2686 2912 Romana
2721 2858 2978 2928 Δωμανὰ,
3003 2858 3376 2914 Coislinianus
3409 2861 3821 2917 vetustissimus

2241 2952 2434 3012 codex,
2464 2951 2679 3020 septimi
2709 2952 2923 3007 circiter
2955 2953 3162 3018 saeculi,
3203 2953 3256 3007 in
3281 2955 3527 3024 margine
3559 2955 3722 3010 habet
3748 2953 3821 3012 0'.

2239 3039 2412 3094 F'xat
2430 3041 2491 3116 re
2535 3041 2856 3114 Ἐϐραῖκὸν,
2892 3045 3161 3101 Nandi.
3223 3046 3289 3101 Et
3351 3061 3510 3101 versu
3567 3049 3820 3116 sequenti

573 3115 732 3123 _---
783 3115 1005 3122 _-_--____
1047 3115 1168 3122 ---η
1202 3115 1344 3120 ,--,-
1511 3115 1765 3136 ---πτη
1804 3115 1864 3120 η

573 3157 782 3212 locatus
807 3155 1002 3222 fuerat,
1036 3165 1094 3210 ut
1128 3172 1286 3226 supra
1313 3157 1572 3223 diximus,
1601 3157 1800 3211 habere
1817 3156 2134 3222 ἀνάστατον,

2243 3131 2406 3186 Hebr.
2445 3115 2619 3199 alvi-ia,
2652 3134 2792 3189 Lxx
2818 3136 3025 3208 Δαλάφ,
3054 3138 3281 3194 Coislin.
3312 3139 3366 3193 in
3388 3115 3656 3210 margine,
3671 3141 3734 3194 οε
3762 3139 3820 3196 ἰν

2376 3225 2432 3251 ,λ
3544 3231 3665 3251 -.η

574 3259 628 3305 et
682 3260 789 3305 tres
831 3250 1152 3318 interpretes
1203 3249 1510 3319 separatim,
1561 3258 1617 3304 et
1665 3257 1817 3304 extra
1868 3247 2134 3318 Hexapla,

577 3359 770 3410 nempe
796 3343 1046 3413 Aquilam
1089 3353 1142 3398 et
1173 3342 1562 3415 Symmachum
1602 3353 1654 3398 et
1689 3342 2140 3408 Theodotionem,

575 3439 820 3492 eamdem
851 3437 1105 3506 praeferre
1127 3436 1438 3492 lectionem.

649 3525 798 3587 οκῶο
843 3526 874 3586 ’ἕ
912 3533 974 3586 Ο.
1022 3530 1144 3585 llaec
1189 3530 1273 3584 vel
1318 3528 1512 3584 similis
1561 3528 1661 3598 ipsi
1699 3535 1825 3581 nota
1875 3525 2145 3596 signiﬁcat

573 3627 774 3695 ὁμοίως
819 3629 928 3689 τοῖς
955 3627 1032 3690 0’,
1064 3639 1227 3693 quam
1277 3637 1400 3677 cum
1451 3636 1560 3675 non
1612 3621 1933 3691 intelligeret
1980 3618 2138 3674 Joan.

575 3720 878 3785 Curterius,
903 3719 1048 3789 ὅμως
1077 3733 1135 3770 τε
1166 3718 1219 3768 0’
1240 3714 1350 3769 fere
1377 3729 1589 3784 semper
1610 3713 1756 3784 legit.

517 3857 520 3860 η
579 3831 672 3887 Ill.
711 3831 974 3887 Probatur
1012 3838 1196 3883 contra
1238 3827 1489 3882 Brianum
1528 3826 1835 3881 Waltonum
1887 3836 2065 3880 notam
2093 3829 2142 3880 οἱ

655 3903 708 3955 1"
738 3903 1038 3971 signiﬁcare
1075 3911 1176 3954 tres
1227 3899 1527 3967 interpretes
1576 3899 1843 3968 Aquilam,
1899 3897 2144 3968 Symma-

646 3974 799 4027 chum
823 3985 871 4027 et
905 3971 1327 4025 Theodotionem.

645 4066 875 4121 Brianus
907 4064 1188 4118 Waltonus
1217 4062 1268 4116 in
1301 4062 1592 4133 Appendice
1642 4061 1906 4132 Pulyglot.
1956 4059 2142 4130 Angli-

577 4175 723 4224 can.,
753 4173 805 4227 p.
840 4157 962 4222 125,
1018 4156 1277 4226 exemplis
1310 4156 1536 4224 probare
1587 4155 1776 4208 nititur
1807 4155 1856 4206 οἱ
1891 4154 1967 4217 I",
2021 4167 2143 4221 quae

581 4248 1015 4319 frequentissime
1049 4247 1105 4301 in
1146 4246 1331 4301 codice
1376 4245 1744 4301 Marchaliano
1769 4287 1784 4312 ,
1832 4260 1978 4300 nunc
2021 4242 2139 4297 RR.

576 4337 681 4395 PP.
705 4339 1054 4403 Jesuitarum,
1084 4336 1342 4402 occurrit,
1377 4353 1487 4392 non
1519 4336 1830 4405 signiﬁcare
1862 4336 2139 4406 Aquilam,

577 4428 962 4503 Symmachum
993 4436 1046 4482 et
1078 4425 1543 4491 Theodotionem;
1590 4424 1709 4496 ejus
1743 4423 1908 4478 verba
1941 4422 2142 4478 referre

577 4539 644 4578 ne
670 4537 955 4595 gravemur
985 4537 1001 4577 :

653 4634 672 4667 ι
707 4616 768 4668 Οἱ
796 4615 869 4677 Γ’,
901 4615 991 4683 qui
1027 4613 1186 4668 toties
1213 4619 1506 4666 occurrunt
1557 4610 1609 4664 in
1657 4610 1898 4681 margine
1939 4609 2142 4666 codicis

577 4706 948 4771 Marchaliani,
977 4721 1083 4759 non
1112 4705 1365 4760 videntur
1394 4703 1561 4760 fuisse
1610 4703 1802 4773 Aquila
1827 4744 1841 4769 ,
1893 4703 2144 4774 Symma-

578 4799 715 4852 chus
752 4807 806 4850 et
842 4795 1160 4858 Theodotio,
1195 4795 1337 4864 quod
1370 4794 1646 4848 nonnullis
1705 4794 1916 4848 visum:
1977 4793 2143 4863 idque

580 4890 754 4960 primo
786 4889 910 4958 quia
956 4887 1163 4942 l-lesaia:
1210 4903 1263 4952 ι,
1314 4886 1404 4952 29,
1447 4885 1513 4938 ad
1554 4900 1736 4938 vocem
1792 4885 2021 4952 Ἀγγαί,
2057 4899 2144 4938 se-

579 4982 810 5052 paratim
841 4981 892 5034 bi
917 4995 1106 5034 omnes
1145 4990 1196 5034 et
1231 4979 1484 5034 distincte
1536 4975 1902 5041 adducuntur,
1931 4977 2040 5030 imo
2089 4983 2144 5030 et

577 5073 931 5129 diversimode
988 5073 1422 5141 interpretantes.
1481 5070 1540 5123 Θ.
1580 5084 1709 5125 vero
1749 5069 2026 5136 signanter
2075 5083 2142 5122 eo

576 5168 681 5223 loci
712 5167 995 5237 κατάδυμα
1038 5164 1262 5219 vertisse
1304 5163 1519 5229 dicitur,
1555 5163 1699 5232 quod
1739 5161 2026 5229 κατάλυμα
2066 5161 2143 5215 le-

577 5261 809 5329 gendum
842 5259 1044 5328 potius,
1079 5256 1166 5310 cui
1215 5270 1339 5309 mox
1373 5255 1662 5324 apponitur
1695 5254 1842 5321 ὅμως
1888 5253 1938 5303 ot
1972 5252 2046 5306 1".
2081 5253 2146 5306 At

575 5365 705 5405 vero
723 5351 767 5405 si
798 5348 927 5404 dicti
955 5348 1113 5402 modo
1139 5348 1458 5415 interpretes
1478 5345 1636 5398 iidem
1664 5354 1846 5398 essent
1867 5345 1959 5414 qui
1987 5346 2036 5398 οἱ
2068 5345 2141 5411 1",

576 5451 722 5497 certe
748 5441 893 5511 quod
929 5439 1276 5508 subjungitnr
1305 5438 1454 5506 ὅμως
1481 5437 1530 5488 οἱ
1567 5436 1618 5487 1"
1654 5451 1761 5490 non
1813 5437 1993 5491 minus
2045 5453 2147 5491 nu-

576 5534 779 5603 gaciter
809 5543 862 5585 et
896 5531 1074 5598 inepte
1101 5528 1409 5593 adderetur,
1456 5542 1618 5596 quam
1673 5528 1717 5581 si
1759 5527 1882 5597 quis
1921 5529 2143 5594 diceret,

574 5621 792 5686 Clotho,
849 5621 1113 5676 Lachesin
1162 5628 1216 5674 et
1249 5620 1488 5687 Atropon
1517 5659 1531 5682 ,
1590 5619 1876 5673 imminere
1925 5621 2145 5674 stamini

575 5717 697 5769 vita:
732 5716 1002 5778 humanae,
1029 5712 1158 5782 quin
1189 5712 1350 5765 etiam
1379 5719 1431 5765 et
1463 5719 1574 5766 tres
1613 5709 1808 5766 Parcas
1841 5712 1941 5767 hoc
1968 5714 2144 5783 ipsum

574 5806 752 5863 facere
789 5824 803 5860 :
844 5805 1065 5860 fuerunt
1105 5817 1235 5874 ergo
1264 5802 1355 5858 alii
1379 5811 1433 5858 et
1455 5803 1568 5871 alii,
1615 5818 1724 5859 non
1756 5803 1937 5860 minus
1965 5820 1992 5858 a
2031 5807 2143 5869 τοῖς

2244 3226 2335 3278 καὶ
2375 3225 2435 3278 τὸ
2484 3225 2807 3299 Ἐϐραῖκὸν,
2851 3229 3078 3284 Ἀαλάᾶ
3124 3230 3358 3296 Quinam
3417 3230 3494 3284 illi
3538 3233 3589 3283 οἱ
3615 3231 3665 3283 Γ’
3709 3231 3818 3287 nisi

2243 3316 2462 3386 Aquila,
2493 3316 2856 3389 Symmachus
2884 3329 2938 3376 et
2964 3320 3304 3377 Theodotio?
3325 3322 3600 3392 quomodo
3624 3323 3678 3378 hi
3707 3332 3818 3380 tres

2241 3407 2420 3479 legere
2448 3410 2726 3478 potuerint
2753 3411 2851 3466 has
2886 3427 3046 3467 voces
3080 3412 3395 3480 chraicas,
3422 3415 3524 3470 nisi
3556 3424 3616 3469 ut
3649 3431 3815 3484 supra

2240 3499 2495 3570 leguntur
2525 3509 2648 3571 post
2675 3511 2859 3556 notam
2889 3504 2936 3556 οἱ
2962 3504 3054 3557 1"?
3077 3504 3188 3558 Cur
3221 3520 3348 3560 vero
3373 3506 3698 3563 scholiastes
3729 3508 3820 3562 ille

2241 3591 2448 3646 codicis
2473 3591 2698 3647 Coislin.
2733 3603 2841 3648 tres
2877 3593 2999 3649 illos
3022 3594 3203 3650 claros
3244 3597 3566 3666 interpretes
3616 3597 3820 3652 omise-

2241 3683 2332 3748 rit,
2379 3699 2520 3754 quos
2573 3700 2714 3754 saepe
2768 3686 3064 3755 separatim
3099 3687 3152 3740 in
3206 3687 3442 3742 medium
3478 3689 3718 3750 adducit,
3758 3697 3822 3744 ut

2242 3784 2352 3831 tres
2396 3777 2533 3832 alias
2581 3777 2867 3841 editiones,
2903 3794 3025 3849 quae
3067 3795 3338 3849 nusquam
3386 3791 3480 3835 aut
3518 3783 3817 3852 separatim

2243 3876 2338 3923 aut
2359 3869 2693 3938 conjunctim
2718 3880 3091 3926 memorantur
3111 3873 3440 3928 adduceret?
3462 3873 3616 3940 Quod
3634 3883 3820 3930 autem

2243 3965 2416 4035 magis
2445 3975 2599 4036 urget
2631 3965 2820 4020 eodem
2862 3981 3010 4035 cap.,
3044 3982 3098 4020 v.
3137 3966 3226 4022 55.
3259 3965 3340 4021 Ad
3381 3969 3481 4022 has
3524 3983 3683 4022 voces
3712 3965 3824 4023 He-

2241 4056 2454 4114 braicas
2475 4042 2762 4123 cunmm
2783 4042 2960 4147 115’s:
2983 4067 3134 4115 notat
3155 4059 3544 4125 Coislinianus,
3569 4061 3633 4113 Oi
3649 4060 3701 4111 1"
3725 4062 3821 4115 καὶ

2241 4147 2302 4201 τὸ
2343 4149 2660 4222 Ἐὁραῖκὸν,
2691 4150 2762 4204 ἐν
2797 4151 2994 4206 Αιλὼν
3042 4150 3140 4206 καὶ
3183 4151 3252 4204 ἐν
3294 4152 3630 4214 Σαλαὸείν;
3665 4149 3822 4206 Basi-

2243 4239 2429 4295 liensis
2454 4255 2582 4295 vero
2609 4241 2777 4296 codex
2810 4251 3177 4313 pervetustus,
3213 4243 3278 4296 Οἱ
3308 4243 3503 4306 λοιποὶ,
3533 4241 3822 4297 ἑνΑιλὼν

2243 4333 2341 4386 καὶ
2377 4333 2446 4385 ἐν
2476 4334 2790 4389 Σαλαὸἳίν.
2822 4333 2994 4389 Nemo
3024 4335 3299 4404 ambigere
3329 4342 3503 4404 potest
3531 4335 3579 4388 οἱ
3607 4335 3660 4386 1"
3691 4346 3744 4390 et
3769 4336 3820 4389 oi

2244 4424 2420 4478 λοιποί
2447 4425 2681 4496 idipsum
2729 4441 2850 4482 esse
2884 4443 2898 4479 :
2928 4428 2975 4480 ot
3009 4426 3184 4480 λοιποί
3231 4435 3434 4490 autem,
3489 4439 3585 4481 seu
3630 4426 3820 4497 reliqui

2169 4542 2219 4601 Β
2246 4516 2578 4586 interpretes,
2607 4527 2664 4571 ut
2685 4517 2952 4587 liquidum
2977 4526 3081 4584 est,
3110 4517 3274 4572 iidem
3303 4531 3519 4587 semper
3543 4526 3691 4584 sunt,
3721 4519 3821 4582 qui

2245 4609 2298 4663 in
2323 4607 2575 4678 Hexaplis
2596 4609 2777 4664 locum
2810 4610 3098 4664 habebant.
3131 4608 3197 4662 Et
3237 4607 3362 4664 Jud.
3403 4624 3523 4678 cap.
3556 4625 3656 4672 xtt,
3697 4611 3728 4678 il
3764 4611 3820 4676 1,

2245 4701 2309 4755 ad
2331 4715 2513 4755 vocem
2533 4705 2778 4767 nummo!
2801 4700 3112 4772 Γ¹βορῤᾶν.
3133 4701 3202 4755 At
3227 4701 3524 4756 secundum
3550 4699 3790 4774 Hierony
3806 4731 3819 4743 -

2245 4791 2494 4856 mum,A.
2524 4793 2585 4847 Σ.
2609 4793 2696 4848 hic
2711 4792 2912 4864 βορῤἄν
2941 4793 3160 4860 habent,
3194 4801 3353 4862 atque
3377 4792 3541 4847 etiam
3567 4790 3822 4848 Theodo-

2246 4887 2324 4940 tio
2354 4885 2405 4939 in
2439 4894 2585 4939 textu
2606 4885 2712 4939 τῶν
2743 4888 2822 4950 0’,
2846 4889 2938 4955 qui
2974 4886 3041 4941 ad
3071 4885 3501 4942 Theodotionem
3537 4897 3818 4940 correctus

2245 4975 2441 5032 fuerat.
2474 4976 2576 5032 Ubi
2599 4988 2754 5034 notes
2783 4977 3075 5033 Eusebium
3103 4988 3159 5033 et
3195 4976 3613 5048 Hieronymum,
3647 4977 3820 5046 Aqui-

2247 5070 2350 5123 lam
2383 5078 2435 5124 et
2481 5069 2867 5141 Symmachum
2926 5078 3134 5124 tantum
3159 5110 3174 5134 ,
3211 5067 3639 5123 Theodotionem
3692 5083 3819 5124 vero

2244 5161 2524 5217 rarissime
2550 5177 2976 5216 commemorare
3008 5162 3061 5215 in
3086 5161 3223 5215 libro
3252 5159 3326 5215 De
3349 5160 3479 5213 locis
3515 5158 3816 5216 Hebraicis.

2249 5249 2353 5304 Sed
2382 5267 2448 5306 en
2471 5241 2777 5320 exemplum
2821 5252 2957 5306 adeo
2991 5250 3359 5320 perspicuum,
3419 5258 3480 5303 ut
3511 5264 3579 5303 ne
3619 5249 3822 5306 mutire

2249 5343 2466 5411 quidem
2507 5353 2695 5399 contra
2747 5345 2906 5400 liceat
2960 5359 3079 5413 cap.
3143 5359 3212 5397 xv
3263 5341 3412 5406 Jud.,
3475 5343 3506 5412 Ῡ
3551 5342 3606 5396 9.
3649 5340 3816 5396 Hebr.

2249 5417 2397 5498 "1'73,
2433 5433 2573 5488 LXX
2599 5436 2657 5487 ὲν
2682 5435 2834 5506 Λεχι,
2853 5435 3079 5490 Coislin.
3101 5450 3230 5490 vero
3247 5437 3296 5489 in
3315 5433 3580 5502 margine,
3601 5434 3663 5486 Οἱ
3683 5434 3735 5487 1"
3750 5433 3823 5489 ἐν

2247 5525 2500 5597 σιάγονι,
2536 5527 2870 5595 Basiliensis,
2901 5529 2960 5582 Οἱ
2989 5529 3185 5592 λοιποὶ,
3229 5529 3300 5582 ἐν
3335 5525 3592 5595 σιάγονι,
3647 5526 3821 5583 Euse-

2248 5621 2390 5684 bius,
2414 5622 2476 5675 A.
2503 5623 2558 5674 Σ.
2584 5621 2653 5674 ἐν
2673 5619 2929 5691 andron,
2956 5621 3340 5692 Hieronymus,
3365 5621 3558 5689 Aquila
3580 5631 3628 5673 et
3659 5619 3821 5676 Theo-

2247 5715 2392 5767 dotio
2422 5716 2836 5782 interpretantur
2868 5715 3181 5778 maxillam;
3211 5715 3324 5782 ipsa
3348 5712 3470 5766 luce
3501 5713 3708 5769 clarius
3737 5720 3819 5768 est

2249 5803 2338 5860 hic
2357 5805 2406 5856 οἱ
2434 5804 2502 5874 1"_
2543 5805 2590 5858 cl
2618 5803 2815 5870 λοιποί,
2840 5815 2895 5860 et
2926 5805 3014 5866 Α..
3040 5805 3124 5873 Σ.,
3158 5804 3220 5859 Θ.
3260 5804 3496 5873 idipsum
3531 5817 3677 5858 esse.
