4052 6388
559 385 660 436 115

1915 388 2433 446 ΡΒᾸΞΜΜΙΝΑΒΙΑ

3689 392 3791 448 Ιὶϐ

559 512 673 551 σου.
722 496 844 554 llaec
890 502 1114 556 omnino
1158 503 1475 559 verisimilia
1515 519 1662 561 sunt.
1709 506 1766 562 Si
1799 517 1976 565 tamen
2017 510 2124 564 alio
2154 516 2196 571 Α
2226 520 2592 567 commentum
2618 512 2684 566 de
2717 512 2890 567 tribus
2923 510 3254 567 editionibus
3285 511 3397 581 jam
3442 510 3791 567 exsuﬁlatum

558 590 721 645 modo
750 601 801 646 te
828 593 1080 663 expedire
1114 596 1280 661 velis,
1311 612 1443 652 cave
1478 597 1629 653 dicas
1666 616 1904 670 unquam
1925 645 1942 663 ,
1988 603 2038 654 οἱ
2072 603 2123 654 I"

556 696 663 737 non
693 684 999 753 signiﬁcare
1029 686 1119 754 A.,
1147 689 1231 752 Σ.,
1255 688 1343 757 8.,
1382 690 1434 744 id
1464 691 1663 761 quippe
1693 707 1800 747 non
1845 693 1971 748 licet
2000 704 2123 763 post

557 778 635 825 tot
656 773 816 827 allata
848 776 1182 832 testimonia.
1204 777 1474 835 Caeterum
1503 781 1653 852 ὅμως
1689 782 1831 838 male
1871 799 1901 837 a
1938 782 2126 838 Curte-

554 864 639 919 rio
666 865 865 921 lectum
896 866 1066 922 fuisse
1088 884 1188 939 pro
1221 871 1444 942 ὁμοίως,
1471 888 1614 943 saepe
1635 874 1999 931 ostendimus.
2026 875 2124 932 Hic

553 957 714 1011 etiam
739 960 882 1015 male
904 961 1212 1034 κατάδυμα,
1241 980 1340 1036 pro
1371 965 1660 1038 κατάλυμα
1685 967 1881 1040 legitur
1900 1009 1915 1034 ,
1948 978 2007 1025 ut
2033 970 2124 1026 ob-

552 1057 731 1104 servat
764 1048 1074 1109 Waltonus.
1118 1116 1121 1119 _

621 1140 873 1198 Alterum
924 1143 1165 1203 Waltoni
1216 1157 1594 1221 argumentum
1645 1152 1950 1221 bujusmodi
1990 1162 2119 1210 est:

551 1230 688 1285 Dein
715 1249 834 1303 cap.
864 1252 993 1302 xui,
1028 1239 1084 1307 ᾗ.
1120 1239 1173 1305 9,
1212 1241 1281 1293 ad
1312 1257 1483 1294 vocem
1509 1242 1786 1295 ἀνατεῖλαι
1806 1259 1924 1296 cum
1955 1273 2015 1299 τ
2045 1243 2121 1297 sic

549 1341 605 1379 se
639 1325 795 1381 habet
822 1343 1003 1399 margo
1020 1345 1039 1383 :
1062 1332 1125 1384 Οἱ
1157 1332 1231 1398 Γ’,
1254 1334 1622 1403 ἀναγγεῖλαι,
1656 1335 1719 1389 Θ.
1742 1334 2118 1405 βλαστῆσαι,

548 1416 614 1470 Δ.
644 1416 1027 1488 ἀναφυῆναι;
1059 1437 1229 1476 nonne
1261 1424 1371 1479 haec
1414 1433 1563 1479 tanta
1614 1435 1825 1496 tamque
1867 1425 2122 1479 distincta

549 1508 1016 1578 intepretationum
1032 1514 1262 1568 varietas
1287 1517 1594 1570 varietatem
1616 1517 1794 1586 arguit
1819 1521 2122 1575 auctorum?

619 1597 748 1656 Haec
772 1602 820 1657 si
850 1603 1162 1659 accuratius
1191 1606 1562 1662 examinasset
1590 1605 1901 1673 Waltonus,
1944 1610 2121 1664 mani-

547 1690 683 1748 festa
705 1693 789 1749 vel
815 1694 1026 1750 librarii
1058 1696 1144 1751 vel
1165 1695 1401 1753 Curterii
1440 1699 1636 1754 menda
1667 1700 1778 1756 duo
1818 1700 2120 1770 deprehen-

548 1784 741 1842 disset.
772 1786 1014 1842 Primum
1045 1800 1151 1855 cst,
1187 1791 1336 1861 quod
1359 1792 1408 1845 οἱ
1448 1792 1501 1844 I"
1537 1792 1751 1863 legatur
1783 1808 1882 1862 pro
1914 1796 1993 1862 θ’,
2026 1793 2115 1857 0.,

2226 612 2327 658 est.

2296 694 2449 760 Quod
2483 695 2548 749 ad
2590 704 2771 749 notam
2794 711 2924 750 vero
2965 697 3179 762 attinet,
3216 697 3340 751 dico
3384 697 3455 751 ita
3503 697 3791 766 legendum

2224 800 2367 846 esse,
2409 785 2640 855 Ὁμοίως
2664 786 2713 838 οἱ
2734 786 2806 850 I",
2839 787 2889 838 oi
2913 787 2989 848 θ’,
3021 786 3054 855 ἦ
3081 784 3281 856 ὁμοίως
3326 788 3437 850 τοῖς
3477 788 3579 850 Λα,
3611 786 3700 842 Θ..
3732 795 3794 838 ιιι

2223 878 2427 948 passim
2477 878 2738 947 probatur
2785 878 2839 931 in
2893 879 3038 933 notis
3099 879 3164 933 ad
3208 878 3508 934 Hesaiam:
3562 894 3686 933 nam
3734 879 3792 932 in

2223 967 2594 1024 Marclialiano
2627 968 2835 1034 codice,
2876 968 2965 1021 ubi
2999 968 3147 1038 ὅμως
3176 967 3405 1038 legitur,
3439 976 3563 1038 post
3588 967 3662 1023 Μ.
3704 983 3796 1023 su-

2224 1076 2320 1131 pra
2359 1060 2615 1116 scribitur
2643 1059 2841 1114 lineola
2871 1074 2994 1129 quze
3010 1058 3279 1128 signiﬁcat
3309 1075 3357 1111 οι
3390 1078 3405 1112 :
3434 1058 3791 1129 quamobrem

2223 1154 2505 1225 legendum
2534 1152 2765 1223 ὁμοίως·
2802 1150 2892 1205 ubi
2919 1149 3202 1205 Curterius
3252 1148 3379 1217 legit
3419 1165 3512 1215 τε,
3543 1148 3588 1201 Τ
3612 1148 3793 1203 solum

2224 1243 2473 1309 habetur,
2531 1258 2695 1312 supra
2728 1242 2906 1311 posita
2943 1257 3175 1295 recurva
3232 1240 3399 1305 linea,
3458 1254 3581 1309 quae
3626 1237 3796 1294 efﬁcit

2223 1336 2511 1390 articulum
2543 1338 2676 1398 τοῖς,
2702 1345 2761 1389 ιιι
2801 1334 2936 1404 ipsis
2972 1334 3148 1389 oculis
3190 1330 3419 1401 inspexi.
3457 1328 3570 1386 Hac
3616 1330 3793 1399 posita

2221 1427 2452 1481 lectione
2479 1426 2603 1481 dico
2637 1427 2866 1497 primam
2897 1433 3083 1480 notam
3119 1424 3349 1495 Ὁμοίως
3363 1424 3412 1477 οἱ
3435 1423 3486 1477 I"
3521 1423 3603 1478 vel
3628 1422 3799 1493 perti-

2222 1534 2348 1573 nere
2378 1519 2445 1573 ad
2490 1519 2725 1588 aliquam
2749 1534 2937 1573 vocem
2964 1518 3120 1588 prius
3151 1517 3383 1586 positam
3404 1556 3420 1581 ,
3460 1516 3545 1571 vel
3584 1516 3798 1586 signiﬁ-

2221 1625 2345 1665 care
2376 1621 2485 1665 tres
2514 1610 2831 1680 interpretes
2886 1612 2934 1663 ει
2982 1610 3075 1663 καί
3116 1609 3334 1675 habere,
3386 1608 3461 1663 ita
3506 1616 3689 1663 tamen
3735 1617 3796 1663 ut

2219 1704 2268 1755 οἱ
2298 1704 2351 1756 0’
2384 1702 2417 1774 ἢ
2448 1703 2647 1773 ὁμοίως
2666 1705 2777 1766 τοῖς
2816 1704 2904 1768 Α.,
2937 1702 2998 1756 Θ.
3035 1701 3086 1757 id
3119 1709 3223 1770 est,
3256 1699 3398 1756 LXX
3426 1709 3479 1756 et
3505 1699 3701 1771 Aquila
3739 1707 3795 1756 et

2223 1793 2524 1850 Theodotio
2553 1796 2588 1866 ἦ
2628 1810 2726 1866 pro
2752 1798 2800 1849 si
2825 1795 3080 1851 habeant.
3118 1794 3187 1850 Ut
3232 1803 3293 1849 ut
3326 1809 3452 1850 vero
3489 1793 3585 1857 sit,
3632 1808 3792 1848 erro-

547 1875 604 1930 id
639 1886 723 1932 est
762 1877 905 1931 LXX
933 1888 988 1933 et
1011 1878 1392 1950 Symmachus,
1423 1897 1545 1952 quae
1566 1883 1796 1937 mutatio
1838 1883 2030 1940 facilis.
2059 1882 2116 1938 Id
2148 1868 2189 1922 Β
2221 1903 2335 1943 rem
2363 1888 2569 1943 librarii
2596 1889 2680 1944 his
2708 1888 2761 1943 in
2795 1889 3012 1944 casibus
3050 1889 3233 1959 potius
3259 1888 3552 1958 suspiceris
3572 1926 3587 1951 ,
3622 1901 3789 1957 quam

546 1982 681 2024 vero
712 1968 874 2024 docet
921 1971 1111 2026 eadem
1143 1971 1466 2028 Curteriana
1513 1973 1701 2041 editio,
1746 1974 1837 2029 ubi
1883 1975 1949 2030 ad
2001 1974 2116 2030 haec

546 2054 712 2109 verba
740 2054 937 2125 legitur
963 2059 1018 2112 in
1050 2058 1443 2115 Commentario
1473 2061 1746 2133 Procopii,
1769 2065 1798 2117 ὁ
1824 2062 2115 2134 Σύμμαχος

545 2142 721 2215 εἶπεν,
750 2149 858 2221 πρὸ
874 2150 969 2203 τοῦ
996 2152 1336 2221 ἀναγγεῖλαι,
1359 2162 1465 2210 etc.
1515 2154 1825 2225 Secundum
1858 2155 2117 2210 mendum

545 2248 653 2306 est,
681 2239 828 2310 quod
862 2242 1152 2313 utrobique
1186 2244 1396 2313 legatur
1430 2241 1748 2316 ἀναγγεῖλαί
1781 2262 1879 2318 pro
1904 2247 2118 2301 ἀνατεῖ-

544 2326 657 2395 λαι,
697 2347 976 2400 nunquam
1008 2335 1153 2388 enim
1187 2351 1374 2392 vocem
1402 2348 1649 2400 remain
1676 2340 1928 2395 vertisset
1959 2337 2118 2411 Sym-

545 2425 777 2481 machus
800 2427 1136 2495 ἁναγγεῖλαι.
1187 2428 1375 2500 Itaque
1396 2441 1580 2487 notam
1610 2434 1691 2489 sic
1733 2434 1882 2505 legas
1922 2437 2001 2502 0',
2028 2434 2115 2498 Σ.,

532 2516 886 2583 ἀνατεῖλαι,
914 2519 975 2575 Θ.
1029 2520 1381 2590 ,ϐλαστῆσαι
1405 2564 1422 2588 ,
1468 2525 1532 2578 Α.
1569 2525 1933 2595 ἀναφυῆναι.
1979 2524 2114 2580 Nam

546 2606 690 2662 LXX
727 2618 786 2665 ut
814 2609 1178 2683 Symmachus
1194 2616 1470 2669 ἀνατεῖλαι
1499 2617 1754 2686 primitus
1782 2619 2042 2674 habuere.

617 2701 861 2761 Tertium
883 2717 1264 2778 argumentum
1291 2710 1495 2780 profert
1513 2711 1799 2768 Waltonus
1826 2728 1840 2765 :
1860 2711 2112 2784 Denique,

536 2796 652 2863 ait,
681 2812 799 2867 cap.
832 2815 980 2865 uvr,
1021 2816 1068 2854 υ.
1097 2801 1153 2867 8,
1204 2801 1274 2855 ad
1314 2820 1459 2858 voces
1486 2806 1534 2858 sl
1563 2805 1658 2858 καί
1703 2804 1797 2860 sub
1833 2819 1895 2861 σιν-
1930 2823 2114 2876 margo

543 2888 623 2940 sic
647 2887 820 2954 habet,
853 2892 1043 2963 Ὅμως
1062 2895 1111 2949 οἱ
1136 2898 1213 2959 0',
1245 2896 1301 2966 ἢ,
1329 2897 1477 2967 ὅμως
1507 2914 1566 2950 τε
1592 2897 1681 2963 Δ.,
1710 2897 1797 2958 Θ.,
1831 2897 1968 2951 unde
1990 2914 2116 2951 can-

543 2988 652 3033 εισι
680 2978 929 3050 Aquilam
958 2984 1145 3037 saltem
1170 2994 1219 3038 et
1253 2984 1295 3038 Τ
1296 2986 1655 3041 heodotionem
1690 3003 1794 3041 non
1820 2989 1993 3041 minus
2027 2988 2114 3039 di-

543 3084 717 3125 uersos
740 3088 867 3136 esse,
884 3091 916 3127 a
943 3077 1056 3139 τοῖς
1083 3076 1135 3128 I"
1158 3094 1317 3146 quam
1345 3081 1391 3132 οἱ
1425 3081 1478 3133 0'
1508 3089 1649 3135 sunt.
1683 3078 1867 3150 (Forte
1879 3096 1971 3149 per
1998 3080 2113 3133 oiI"

2217 1994 2331 2033 rem
2369 1980 2490 2034 luce
2539 1980 2824 2036 clariorem
2877 1995 3061 2049 neges,
3113 1978 3363 2033 videlicet
3412 1980 3536 2042 τοὺς
3585 1978 3638 2030 Γ¹
3668 1993 3793 2033 esse

2216 2070 2493 2140 Aquilam,
2518 2069 2905 2141 Symmachum
2938 2079 2994 2126 et
3029 2069 3478 2125 Theodotionem.

2285 2161 2444 2216 Certe
2465 2161 2723 2218 librarios
2753 2163 2805 2216 in
2832 2162 3147 2232 bujusmodi
3171 2162 3316 2218 notis
3338 2177 3447 2217 non
3478 2159 3795 2231 infrequen-

2218 2260 2297 2305 ter
2316 2268 2501 2308 errare
2521 2254 3002 2324 deprehendimus,
3026 2254 3331 2310 utCoislin.
3356 2253 3591 2309 eximius
3619 2253 3795 2308 codex

2217 2341 2282 2395 Ill
2313 2342 2444 2415 Reg.
2481 2361 2573 2410 xv,
2610 2345 2676 2399 l2
2705 2364 2719 2401 :
2747 2350 2824 2411 θ’,
2852 2347 2926 2413 I",
2954 2347 3053 2411 τὰς
3077 2344 3300 2409 τελετὰς
3326 2386 3341 2410 ,
3380 2344 3581 2416 ὁμοίως
3623 2346 3673 2398 οἱ
3712 2344 3793 2408 I“,

2218 2437 2309 2491 ubi
2334 2438 2423 2492 illa
2458 2440 2705 2509 repetitio
2736 2438 2832 2493 τοῦ
2857 2440 2908 2492 Γ¹
2934 2440 3067 2495 vitio
3097 2440 3317 2495 inducta
3354 2437 3494 2505 fuit;
3536 2447 3591 2492 et
3638 2436 3793 2491 Vati-

2216 2546 2388 2586 canus
2420 2532 2619 2601 psalm.
2652 2549 2767 2598 xvi,
2796 2532 2851 2598 ‘2,
2880 2533 2943 2586 in
2966 2533 3080 2587 haec
3107 2533 3272 2587 verba
3309 2533 3356 2585 οἱ
3392 2528 3657 2601 ὀφθαλμοί
3695 2547 3793 2584 σου

2217 2623 2297 2678 sic
2316 2633 2507 2678 notat:
2546 2629 2639 2690 A.,
2672 2627 2756 2686 Σ..
2777 2624 2864 2688 Θ.,
2891 2624 3090 2695 ὁμοίως
3139 2624 3190 2676 οἱ
3216 2624 3269 2677 Γ¹
3290 2666 3304 2690 ,
3340 2636 3654 2694 quanquam
3700 2621 3795 2675 hic

2216 2724 2363 2770 recte
2383 2716 2642 2785 explicari
2677 2716 2872 2786 possit,
2903 2715 3117 2785 Aquila,
3146 2712 3495 2785 Symmachus
3533 2722 3583 2767 et
3617 2709 3792 2765 Theo-

2215 2806 2382 2867 dotio,
2422 2815 2524 2862 tres
2556 2806 3030 2873 similiterhabent,
3061 2807 3209 2877 quod
3232 2806 3309 2861 ita
3326 2805 3533 2860 Gallice
3551 2801 3791 2874 exprimi

2216 2898 2412 2962 valeat,
2449 2898 2678 2969 Aquila,
2705 2896 3025 2967 Symmaque
3069 2908 3121 2950 et
3156 2894 3478 2950 Theodotion
3529 2902 3617 2948 ont
3667 2901 3789 2946 tous

2217 2989 2348 3042 trois
2372 2987 2435 3041 de
2466 2989 2646 3043 meme.
2674 2986 2798 3042 Htec
2815 2987 3065 3056 pluribus
3092 2986 3347 3057 persequi
3373 2999 3598 3040 necesse
3624 2983 3791 3038 duxi-

2216 3097 2362 3143 mus,
2387 3096 2455 3136 ne
2485 3080 2843 3136 eruditissimi
2876 3088 2933 3135 et
2949 3079 3015 3133 de
3047 3077 3321 3148 republica
3351 3074 3610 3130 litteraria
3648 3072 3789 3128 bene

547 3170 654 3261 ’ζέε
675 3164 950 3261 edition“,
981 3165 1223 3238 Origenis
1251 3172 1330 3225 vel
1354 3171 1587 3237 Eusebii,
1615 3171 1839 3226 Luciani
1868 3182 1917 3226 et
1946 3171 2115 3242 Hesy-
2140 3202 2181 3261 ο
2216 3172 2397 3227 meriti
2430 3172 2531 3229 viri
2561 3177 2762 3228 conatu
2786 3186 2817 3227 a
2848 3186 2975 3226 vera
3010 3168 3277 3226 sententia
3306 3166 3526 3238 quidam
3552 3163 3789 3220 abduce-

540 3252 651 3308 ehii
679 3254 1039 3322 denotant-tr.)
1064 3256 1345 3318 Hactenus
1358 3261 1962 3321 Waltonus..Posterius
1983 3280 2109 3325 vero

2217 3274 2369 3323 centu
2377 3281 2421 3321 Γ,

2132 3425 2210 3442 ιι*-

1530 3548 1907 3641 CAPUT
1981 3550 2763 3643 UNDECIMUM.

541 3862 581 3916 I.
602 3862 1237 3931 HexaplqrumAapogi-aplia
1257 3877 1499 3931 perpauca
1522 3865 1645 3916 facta
1670 3873 1804 3931 sunt,
1844 3883 2016 3931 quare.
2052 3869 2113 3919 II.
2138 3868 2299 3919 Variae
2323 3868 2672 3931 Hexaplorum_
2694 3864 2939 3931 lectiones
2965 3865 3017 3931 in
3048 3859 3348 3931 marginibus
3371 3857 3642 3931 Biblici-nni
3678 3868 3783 3911 cot-

638 3921 795 3975 lecta‘e.
820 3925 903 3975 Ill.
928 3921 1217 3985 Quinam'ex
1241 3921 1560 3990 scriptoribus
1581 3921 1934 3981 ecclesiasticis
1956 3932 2291 3994 Hesaplorum
2312 3932 2448 3980 libris
2469 3921 2576 3978 'sint
2600 3925 2693 3977 usi.
2722 3927 2803 3977 IV.
2829 3927 3142 3987 Quandonam
3162 3921 3381 3984 Hexapla
3403 3921 3662 3984 perierint.

538 4066 582 4121 Ι.
614 4065 971 4136 Hexaplarum
994 4070 1296 4139 apographa
1312 4086 1571 4139 perpauca
1593 4070 1737 4139 facta
1758 4081 1901 4138 sunt,
1923 4088 2105 4142 quare.

610 4159 838 4224 Quantae
872 4157 1035 4213 fuerit
1081 4175 1259 4231 opera:
1314 4159 1549 4233 Hexapla
1598 4161 1849 4234 Origenis
1896 4165 2106 4233 integra

536 4249 865 4317 describere,
889 4261 940 4305 et
974 4267 1062 4307 nes
1100 4251 1215 4322 ipsa
1246 4269 1341 4321 per
1368 4270 1429 4309 se
1449 4255 1650 4310 clamat
1679 4294 1695 4319 ,
1748 4265 1803 4309 et
1842 4254 2105 4327 Hierony-

537 4358 662 4398 mus
683 4343 1020 4409 testiﬁcatur,
1043 4343 1136 4413 qui
1164 4345 1245 4399 ait
1267 4343 1594 4402 Pratfatione
1615 4348 1669 4401 in
1694 4346 1890 4401 librum
1915 4346 2102 4415 Josue,

536 4433 774 4505 Hexapla
814 4446 1039 4506 sumptu
1061 4445 1117 4491 et
1155 4436 1340 4493 labore
1364 4439 1605 4494 maximo
1654 4439 1915 4510 indigere.
1961 4437 2107 4495 Sane

2214 4085 2379 4141 quam
2414 4068 2694 4124 minimam
2723 4081 2855 4122 sane
2884 4073 3062 4120 textus
3100 4056 3289 4114 Biblici
3317 4067 3526 4126 partem
3550 4056 3782 4127 singulis

2214 4161 2269 4215 in
2302 4159 2514 4230 paginis
2545 4157 2730 4212 haberi
2762 4169 2984 4211 necesse
3027 4152 3168 4207 fuit:
3204 4148 3405 4220 quibus
3456 4146 3737 4219 perpensis
3762 4186 3780 4209 ,

2213 4252 2300 4306 vix
2340 4249 2733 4321 quinquaginta
2789 4246 2980 4316 amplae
3034 4241 3193 4296 molis
3224 4240 3592 4295 voluminibus
3623 4254 3781 4293 com-

2212 4340 2471 4412 prehendi
2503 4338 2737 4407 llexapla
2762 4337 2946 4391 omnia
2976 4332 3221 4405 potuisse
3255 4329 3577 4402 putaverim.
3610 4328 3772 4384 Cum-

2210 4450 2317 4506 que
2347 4434 2464 4504 ipse
2500 4429 2781 4501 Origenes,
2813 4430 2907 4499 qui
2953 4428 3161 4498 primus
3193 4423 3557 4494 Hexaplorum
3603 4437 3779 4491 opus,

531 4526 716 4595 quivis
748 4528 1021 4596 conjicere
1048 4531 1190 4585 valet
1221 4532 1409 4601 quanti
1458 4532 1664 4587 laboris
1712 4531 1876 4588 fuerit
1900 4533 2105 4589 Graecis
2136 4534 2182 4590 Ι)
2212 4535 2487 4595 sumptum
2515 4523 2913 4592 suppeditante,
2946 4528 3007 4574 ut
3039 4526 3282 4588 putatur,
3309 4515 3622 4581 Ambrosio,
3643 4529 3783 4568 con-

535 4616 907 4687 calligrapbis,
932 4616 1103 4675 Biblia
1139 4635 1296 4677 sacra
1337 4622 1574 4691 primum
1610 4620 1872 4678 Hebraica
1900 4625 2102 4695 lingua,

533 4724 697 4780 quam
734 4720 794 4766 ut
822 4714 1115 4783 plurimum
1139 4717 1483 4788 ignorabant,
1502 4718 1819 4789 depingere;
1843 4717 2107 4774 Hebraica

532 4802 728 4860 deinde
754 4805 959 4867 Graecis
986 4809 1184 4866 litteris
1208 4826 1239 4865 e
1266 4813 1488 4884 regione
1508 4812 1880 4882 perscribere;
1917 4821 2104 4883 postea

530 4909 662 4950 vero
694 4905 932 4966 quatuor
972 4910 1032 4955 ut
1071 4902 1385 4969 minimum,
1422 4903 1716 4974 aliquando
1769 4919 1865 4957 sex
1901 4903 1984 4957 vel
2018 4919 2105 4958 sev

528 4994 675 5055 ptem
704 4987 1055 5059 interpretum
1079 4991 1364 5056 editiones,
1391 5008 1501 5047 uno
1527 5001 1845 5062 cnnspectu,
1867 5001 1920 5045 et
1946 5007 1977 5045 e
2014 5008 2101 5046 re-

529 5080 691 5153 gione
716 5097 937 5152 ponere,
971 5098 1035 5137 ea
1065 5084 1272 5139 scilicet
1300 5087 1669 5149 accuratione,
1702 5093 1753 5138 et
1790 5099 1895 5137 una
1939 5083 2099 5138 aliam

528 5187 639 5227 non
669 5176 974 5228 excederet.
1012 5172 1065 5228 Id
1107 5189 1240 5229 sane
1280 5185 1540 5244 praestare
1567 5175 1726 5246 pauci
1758 5189 1820 5228 ex
1853 5172 2101 5244 calligra-

527 5264 651 5334 phis
676 5273 948 5334 poterant.
991 5265 1070 5318 Ad
1101 5267 1235 5327 ha-c,
1264 5282 1387 5321 cum
1420 5267 1511 5321 illo
1538 5282 1673 5333 aevo,
1701 5268 1752 5320 in
1796 5266 1947 5319 libris
1994 5266 2101 5320 sal-

525 5370 636 5414 tem
664 5357 998 5426 huiusmodi,
1025 5359 1239 5411 nonnisi
1269 5359 1502 5412 uncialis
1541 5357 1824 5411 character
1861 5374 2097 5427 usurpa—

523 5456 699 5513 retur,
735 5450 828 5518 qui
864 5450 1022 5518 longe
1046 5449 1222 5517 majus
1251 5450 1486 5517 spatium
1522 5449 1843 5517 occupabat,
1869 5465 1931 5503 ac
1961 5466 2099 5519 prie-

525 5550 609 5594 ter
644 5541 765 5595 illas
794 5538 1047 5594 Hebraici
1083 5552 1262 5593 textus
1294 5540 1760 5609 interpretumque
1787 5542 2094 5603 columnas,

527 5630 697 5685 multa
733 5629 788 5684 in
821 5629 1158 5697 marginibus
1195 5628 1452 5698 Origenes
1489 5630 1836 5699 apposuerit,
1891 5630 2095 5685 monita

525 5720 755 5783 scilicet,
795 5720 1075 5772 nominum
1135 5720 1477 5787 propriorum
1532 5720 1872 5775 aliorumque
1929 5720 2095 5773 inter-

526 5808 880 5875 pwtatienes,
911 5824 1030 5877 quae
1060 5809 1201 5865 latos
1230 5811 1500 5880 margines
1535 5809 1950 5874 desiderabant;
1977 5826 2095 5879 pcr—

2208 4614 2472 4677 cinnavit,
2498 4612 2600 4668 etsi
2634 4611 3033 4682 tachygraphos
3067 4615 3273 4678 septem
3306 4614 3360 4660 et
3388 4604 3612 4660 totidem
3665 4604 3782 4660 cal-

2206 4707 2482 4779 ligrapbos
2538 4705 2603 4759 ad
2665 4719 2886 4759 manum
2926 4717 3139 4771 semper
3183 4699 3437 4764 haberet,
3470 4698 3539 4753 iis
3589 4708 3776 4752 tamen

2208 4797 2536 4854 adornandis
2567 4796 2767 4850 multos
2804 4793 3217 4863 consumpserit
3251 4805 3459 4855 annos,
3491 4787 3778 4859 probabile

2207 4906 2336 4946 sane
2360 4900 2443 4945 est
2466 4901 2764 4959 perpaucos
2794 4895 2915 4957 post
2937 4882 3218 4954 Origenem
3240 4882 3431 4945 fuisse,
3456 4882 3551 4952 qui
3581 4879 3778 4950 hujus-

2205 4982 2350 5038 modi
2381 4981 2688 5046 connnoda,
2713 4995 2819 5035 una
2843 4993 2966 5034 cum
3003 4976 3336 5047 adipiscendi
3362 4972 3636 5030 desiderio
3657 5012 3672 5037 ,
3718 4981 3778 5027 et

2204 5075 2463 5145 pecunias
2491 5083 2543 5129 et
2570 5073 2934 5144 calligraplios
2966 5077 3021 5126 et
3042 5068 3389 5123 membranas
3409 5082 3509 5137 pro
3521 5075 3646 5121 voto
3671 5067 3774 5121 lia-

2201 5169 2440 5224 buerint.

2274 5260 2336 5314 ll.
2379 5253 2553 5312 Varia’
2592 5255 2953 5324 Πιναρίου-πω
2998 5255 3242 5307 lectiones
3277 5254 3341 5304 in‘
3369 5252 3701 5314 marqinibus

2690 5323 2985 5381 Bibltorum
3017 5323 3263 5378 collectae.

2271 5443 2409 5498 Hinc
2434 5452 2613 5497 autem
2636 5440 2813 5495 evenit
2833 5446 2890 5492 ut
2906 5437 3149 5508 plerique
3173 5451 3204 5489 a
3231 5432 3537 5490 tamardua
3560 5447 3621 5487 re
3645 5447 3772 5487 sus—

2200 5535 2447 5605 cipienda
2513 5531 2776 5597 deterriti,
2836 5544 2945 5598 quo
2993 5528 3295 5583 minoribus
3329 5524 3591 5596 impensis
3647 5538 3772 5596 quae

2198 5628 2467 5697 praecipua
2497 5625 2550 5678 in
2589 5623 2801 5692 Exaplis
2822 5627 2977 5676 erant
3002 5622 3468 5681 nanciscerentur,
3503 5610 3770 5673 lectiOnes

2197 5717 2424 5786 Aquilae,
2461 5713 2790 5783 Symmachi,
2826 5710 3234 5777 Theodotiouis,
3271 5719 3434 5779 atque
3463 5710 3620 5767 alias.
3646 5724 3771 5773 qua

2201 5807 2421 5877 majoris
2454 5820 2572 5860 esse
2609 5803 2865 5859 momenti
2898 5803 3215 5857 videbantur
3240 5839 3255 5867 ,
3314 5801 3368 5854 in
3402 5800 3765 5867 marginibus.
