4052 6388
245 387 305 446 υτ
1608 401 1675 456 IN
1715 395 2065 454 HEXAPLAI
2083 393 2430 452 οιηοΕΝιδ.

3509 391 3608 450 “8

244 519 594 588 exemplarium
633 526 793 581 τῶν
840 533 921 582 ()-
951 530 1213 585 exscrim
1232 536 1501 584 curarent.
1526 523 1590 578 Et
1613 523 1740 596 quia
1759 521 1815 576 in
1837 521 1928 576 de-
1957 523 2003 579 Α
2031 516 2126 585 qui
2155 513 2411 584 Hexaplis
2431 519 2557 568 sunt
2586 511 2697 574 usi,
2729 510 2775 566 si
2801 510 3049 580 quaedam
3084 510 3178 564 hic
3203 507 3390 580 paucis
3438 509 3599 581 profe

246 607 352 676 ltdu,
385 612 796 682 Opinionum
843 621 1224 691 plerumque
1250 617 1480 674 divortia
1526 615 1641 670 fieri
1693 613 1868 669 solent
1899 653 1914 678 ,

219 702 324 780 idum
349 703 486 758 alius
537 707 744 763 aliud
785 712 1237 767 adnotandum
1286 718 1456 780 putat,
1481 707 1605 761 inde
1635 704 1832 760 accidit
1860 712 1919 757 ut

228 795 281 892 {in
294 797 435 850 rariis
463 799 876 857 Bibliorum
927 805 1241 860 codicibus
1277 801 1532 857 lectiones
1563 799 1915 868 interpretum

227 889 361 964 ararim
381 890 734 962 descriptae
766 895 922 949 sint
950 915 970 962 ;
1011 897 1100 950 ita
1149 904 1201 950 et
1247 893 1401 964 pauci
1434 892 1773 961 reperiantur
1804 905 1918 943 ma-

235 982 464 1086 intstripti
494 986 614 1055 qui
652 988 959 1043 easdem
993 994 1392 1058 repraesentem
1423 1003 1436 1040 :
1497 984 1622 1039 inde
1649 997 1780 1038 vero
1815 982 1918 1036 .fa-

235 1077 354 1150 fctum
384 1086 472 1130 est
498 1087 573 1131 ut
611 1077 829 1149 longe
859 1081 1092 1150 plures
1111 1088 1345 1134 veterum
1376 1078 1632 1133 lectiones
1664 1077 1833 1132 variis
1865 1077 1918 1131 in

224 1140 364 1220 ’libris
421 1182 556 1222 sese
607 1169 1028 1225 obtulerint.
1094 1169 1238 1224 Inter
1290 1171 1390 1224 hos
1441 1179 1620 1223 autem
1662 1169 1914 1236 codices,

257 1258 375 1330 longe
423 1275 694 1317 cantet-os
753 1273 1093 1334 superant
1123 1261 1439 1317 Coisliniani
1490 1263 1642 1317 duo:
1683 1277 1920 1332 quorum

260 1367 367 1405 unus
388 1353 616 1407 unciali
683 1355 999 1424 quadro-
1043 1355 1362 1410 charactere
1424 1355 1728 1424 descriptus
1765 1363 1920 1410 sexto

262 1443 448 1498 circiter
480 1445 574 1500 vel
610 1450 916 1515 septimo
951 1447 1210 1512 saeculo,
1256 1446 1628 1516 complectitur
1664 1445 1920 1502 Octateu-

266 1536 399 1590 chum
433 1547 488 1592 et
533 1538 738 1594 libros
785 1538 1043 1610 Regum
1081 1578 1096 1602 ,
1163 1553 1282 1592 cum
1337 1539 1659 1608 quibusdam
1695 1539 1823 1595 hinc
1868 1546 1924 1594 et

271 1628 372 1684 inde
398 1630 688 1694 hiatibus,
757 1634 874 1702 qui
919 1641 1253 1702 temporum
1312 1632 1508 1701 injuria
1553 1632 1918 1698 acciderunt;

279 1723 391 1776 alter
419 1738 574 1777 vero
591 1723 830 1778 decimi
870 1725 1116 1788 smculi,
1144 1725 1310 1778 libros
1341 1723 1544 1794 Regum
1577 1766 1591 1790 ,
1644 1723 1920 1793 Paralipo-

282 1831 482 1878 menon,
513 1815 803 1879 Esdram,
845 1815 1196 1881 Esthercm,
1233 1815 1439 1880 Judith,
1475 1825 1528 1870 et
1560 1815 1920 1882 Machabaeos,

2024 621 2232 669 ramus,
2261 619 2368 658 non
2398 603 2670 672 ingratum
2703 601 2895 655 lectori
2921 600 3045 655 erit.

2095 697 2406 752 Paurnttus
2434 702 2662 763 martyr,
2717 691 2840 746 ideo
2870 693 3018 762 prior
3057 699 3378 746 numeratur
3402 729 3418 756 ,
3477 689 3603 760 quia

2025 802 2317 860 antequam
2351 787 2496 843 ullus
2519 786 2849 854 scriptorum
2899 784 2994 853 qui
3031 793 3325 852 supersunt
3352 781 3607 852 Hexaplis

2026 891 2294 948 uteretur,
2331 880 2549 936 codices
2581 877 2946 948 Hexaplorum
2977 890 3102 930 cum
3153 875 3385 930 Eusebio
3417 889 3608 929 emen-

2026 975 2187 1030 dasse
2243 972 2416 1028 fertur
2443 971 2497 1024 in
2535 978 2662 1024 nota
2697 967 2906 1023 codicis
2939 965 3053 1021 RR.
3089 966 3194 1020 PP.
3227 965 3556 1020 Jesuitarum
3588 1003 3606 1030 ,

2026 1067 2288 1136 exscripti
2325 1065 2392 1120 ad
2420 1063 2578 1118 fidem
2606 1061 2988 1131 ﬂexapiorum,
3015 1073 3138 1130 quae
3155 1073 3316 1128 penes
3330 1057 3609 1128 Apollina-
3664 1099 3670 1125 ;

2025 1159 2170 1213 rium
2190 1154 2628 1213 cmnobiarcham
2656 1152 3094 1216 asservabantur,
3116 1160 3174 1204 ut
3201 1149 3255 1203 in
3275 1149 3460 1204 eadem
3481 1157 3608 1204 nota

2026 1249 2246 1305 dicitur.
2903 1303 2906 1306 ,

2099 1343 2365 1396 Eussatus
2379 1339 2667 1410 Pamphili,
2691 1345 2886 1408 praeter
2901 1351 3022 1392 eam
3034 1335 3270 1407 Hexapla
3285 1330 3606 1393 emendandi

2027 1450 2273 1507 operam,
2324 1447 2640 1504 quamcum
2675 1429 2958 1500 Pamphilo
2985 1431 3249 1498 suscepit.
3282 1427 3488 1485 scholia
3515 1427 3610 1480 in-

2029 1543 2192 1598 super
2217 1526 2434 1596 adjecit,
2476 1534 2540 1581 ut.
2567 1525 2621 1578 in
2647 1524 2837 1580 eadem
2873 1533 3000 1576 nota
3031 1521 3221 1576 fertur.
3256 1520 3336 1574 Ad
3377 1521 3492 1574 haec
3511 1533 3610 1573 au-

2029 1627 2136 1674 tem
2160 1618 2476 1672 innumeras
2505 1629 2641 1686 pene
2667 1623 2908 1668 veterum
2933 1611 3287 1680 interpretum
3313 1609 3376 1663 A.
3414 1608 3472 1663 S.
3503 1606 3609 1662 Th.

2029 1707 2558 1770 lectiones-attulit,
2611 1703 3017 1760 Commentariis
3075 1703 3129 1754 in
3185 1697 3432 1756 Psalmos
3473 1710 3521 1754 et
3554 1699 3612 1752 in

2032 1799 2310 1866 Hesaiam,
2341 1799 2394 1854 in
2422 1799 2562 1853 libro
2596 1797 2672 1851 De
2708 1797 2837 1850 locis
2878 1793 3175 1854 Hebraicis.
3231 1793 3286 1846 in
3326 1791 3612 1860 Praepara-

288 1921 402 1960 cum
429 1922 640 1978 magna
670 1907 734 1960 in
767 1908 971 1962 libros
993 1906 1216 1976 Regum
1241 1907 1748 1976 interpretationum
1781 1922 1926 1960 mar-
1957 1887 2002 1941 Β
2032 1897 2172 1949 tione
2195 1902 2255 1948 et
2278 1889 2745 1946 Demonstratione
2777 1886 3098 1958 evangelica,
3131 1895 3186 1939 et
3206 1885 3261 1938 in
3292 1883 3610 1952 fragmentis

293 1997 534 2066 ginalium
586 1999 764 2068 copia
796 2016 814 2052 :
851 1998 963 2052 sed
999 1997 1100 2052 hic
1124 2039 1143 2065 ,
1193 2007 1252 2052 ut
1295 2006 1348 2053 et
1382 1998 1473 2052 alii
1513 2013 1704 2054 omnes
1733 2014 1927 2052 manu-

301 2087 493 2155 scripti,
522 2088 580 2140 in
627 2087 804 2142 libris
864 2085 1356 2156 Paralipoment‘bn
1386 2103 1596 2158 pauca;
1631 2088 1684 2142 in
1714 2089 1932 2144 caeteris

299 2179 424 2232 nihil
445 2180 630 2234 habet.
660 2179 769 2236 “is
796 2181 1034 2255 accedit
1072 2179 1275 2251 Regius
1300 2179 1494 2236 decimi
1539 2181 1681 2236 tertii
1715 2181 1932 2237 circiter

306 2275 500 2338 seculi;
531 2275 629 2344 qui
668 2277 898 2330 multas
928 2275 989 2328 in
1021 2274 1188 2330 libris
1224 2273 1428 2343 Regum
1485 2275 1748 2330 lectiones
1777 2284 1927 2330 vete-

309 2366 636 2420 rum‘aﬂert.
693 2370 920 2435 Magno
961 2369 1099 2420 item
1149 2367 1268 2420 usui
1315 2366 1416 2422 fuit
1462 2370 1632 2422 codex
1674 2367 1787 2422 RR.
1823 2367 1928 2423 PP.

314 2455 489 2510 Sancti
515 2455 710 2511 Basilii
736 2456 974 2521 Retine,
1001 2454 1208 2510 decimi
1239 2472 1387 2523 saec,
1416 2473 1575 2527 quem
1598 2456 1929 2514 Basilianum

311 2561 588 2611 vocamus,
619 2549 732 2605 hac
770 2549 1138 2619 supellectile
1193 2551 1474 2620 marginali
1513 2561 1782 2618 onustus,
1837 2555 1931 2622 qui

315 2636 750 2710 Heptateuchum
785 2642 1073 2704 continet,
1116 2641 1209 2695 sed
1238 2651 1346 2696 tota
1386 2656 1518 2710 pene
1544 2641 1742 2697 Genesi
1775 2653 1931 2697 trun-

314 2743 466 2787 catus
495 2745 596 2788 est.
621 2731 743 2788 Nec
787 2734 1308 2802 prmtermittendus
1348 2732 1547 2802 Regius
1599 2734 1735 2789 alter
1774 2751 1926 2790 num.

271 2901 276 2904 _
317 2822 475 2890 (δτι,
507 2826 710 2880 decimi
751 2825 979 2888 saeculi,
1004 2842 1077 2881 ex
1101 2824 1256 2893 cujus
1278 2826 1613 2896 marginibus
1641 2827 1809 2881 multa
1837 2843 1931 2881 ex-

315 2921 643 2988 cerpsimus.
683 2921 842 2974 inter
873 2919 1379 2990 praestantissimos
1410 2922 1808 2990 computandus
1839 2939 1932 2977 co-

318 3010 425 3064 dex
458 3011 876 3082 Prophetarum
939 3010 1288 3066 bibliotheca:
1317 3009 1433 3068 RR.
1469 3010 1574 3065 PP.
1600 3011 1928 3068 Jesuitarum

319 3102 527 3172 collegii
585 3101 864 3157 Ludovici
899 3100 1136 3172 Magni,
1173 3101 1312 3157 unde
1345 3102 1517 3157 multa
1548 3102 1603 3157 in
1635 3101 1931 3159 Jeremiam

2030 1983 2564 2043 Commentariorum
2593 1982 2651 2036 in
2685 1979 2823 2035 alias
2868 1977 3167 2047 Scripturae
3197 1987 3398 2047 partes.
3430 1973 3613 2040 Quare

2030 2091 2228 2148 magno
2263 2075 2420 2131 nobis
2445 2075 2498 2128 in
2530 2073 2615 2128 his
2639 2070 2868 2128 edendis
2895 2068 3143 2126 subsidio
3163 2067 3286 2122 fuit.

2101 2192 2464 2266 Aruaaasms,
2497 2187 2755 2258 Hexaplis
2781 2202 2894 2241 non
2952 2187 3024 2240 ita
3080 2184 3398 2254 frequenter
3431 2199 3565 2238 usus
3593 2224 3610 2248 ,

2030 2283 2188 2339 binas
2212 2293 2391 2338 tamen
2420 2281 2630 2351 Aquila:
2653 2280 2919 2334 lectiones
2950 2275 3314 2347 suppeditavit
3340 2293 3354 2341 ;
3382 2275 3611 2328 alteram

2032 2373 2086 2427 in
2107 2374 2247 2428 libro
2271 2372 2359 2427 cui
2393 2372 2586 2427 titulus
2617 2387 2631 2424 :
2669 2368 2862 2425 Omnia
2885 2367 3014 2420 mihi
3050 2367 3249 2420 tradita
3279 2373 3399 2419 sunt
3427 2381 3461 2419 a
3501 2362 3616 2419 Pa-

2033 2477 2145 2532 tre;
2175 2467 2399 2521 alteram
2427 2465 2482 2519 in
2515 2461 2921 2519 Commentariis
2951 2461 3006 2514 in
3038 2458 3310 2514 Psalmos.

2102 2561 2450 2623 CHALCIDIUS,
2478 2557 2571 2628 qui
2595 2572 2662 2610 an
2691 2554 3060 2621 Christianus,
3082 2569 3150 2608 an
3180 2551 3396 2624 gentilis
3427 2551 3612 2616 fuerit,

2032 2651 2302 2706 incertum
2328 2658 2435 2713 est,
2465 2647 2655 2702 eodem
2673 2645 2903 2701 circiter
2931 2654 3196 2713 tempore,
3242 2639 3613 2712 ilexaplorum

2033 2744 2213 2799 locum
2247 2739 2448 2803 attulit,
2482 2746 2543 2792 ut
2573 2737 2758 2792 videas
2793 2735 2847 2788 in
2882 2733 3154 2804 principio
3197 2732 3448 2788 Genesis.
3509 2730 3614 2785 Alii

2033 2849 2160 2889 eum
2189 2842 2348 2888 aetate
2373 2832 2534 2901 longe
2571 2829 2935 2899 posteriorem
2955 2853 2966 2861 --
2991 2841 3112 2881 esse
3163 2835 3382 2895 putant;
3436 2824 3528 2878 sed
3561 2823 3615 2878 id

2033 2926 2336 2994 disquirere
2359 2941 2468 2980 non
2501 2932 2587 2978 est
2617 2921 2902 2992 praesentis
2929 2918 3182 2974 instituti.

2102 3018 2375 3072 ASTERIUS
2403 3016 2671 3086 sophista,
2702 3013 2798 3084 qui
2823 3012 3011 3068 eodem
3030 3024 3167 3080 pene
3196 3017 3438 3076 tempore
3466 3003 3644 3060 Coma

2034 3111 2293 3166 mentaria
2316 3109 2370 3162 in
2388 3106 2632 3162 Psalmos
2667 3103 2972 3164 adornavit,
2995 3118 3061 3156 an
3086 3098 3344 3169 llexaplis
3368 3096 3616 3161 sittusus,
3637 3147 3655 3160 ,η

323 3201 388 3246 c'.
411 3192 758 3248 Ezechielem
811 3192 1329 3248 mutuati-sumus:
1380 3210 1506 3247 nam
1544 3194 1768 3250 llesaias
1817 3195 1930 3265 jam
1959 3236 2002 3296 Ο
2037 3216 2229 3264 necne,
2266 3198 2512 3254 nondum
2540 3185 2617 3252 ita
2650 3205 2996 3266 perspectum
3031 3199 3134 3246 est.

323 3285 500 3341 (alitus
525 3301 554 3340 a
588 3285 810 3340 Joanne
844 3284 1115 3340 Curterio
1145 3282 1340 3350 fuerat,
1380 3294 1436 3341 et
1482 3285 1534 3339 in
1565 3286 1775 3342 caeteris
1807 3302 1932 3357 pro-

322 3378 500 3448 }iietis
529 3379 644 3434 fere
675 3381 812 3434 nihil
861 3377 1259 3449 marginalium
1292 3378 1796 3448 interpretationum
1833 3379 1933 3434 ha-

331 3467 751 3524 betur.'Pr:rter
782 3479 1037 3524 veterum
1073 3467 1433 3538 interpretum
1482 3468 1744 3526 lectiones
1771 3511 1786 3535 ,
1846 3471 1934 3526 hic

330 3563 573 3618 asterisci
608 3574 666 3618 et
714 3564 857 3618 obeli
895 3562 1116 3633 passim
1150 3601 1166 3625 ,
1216 3577 1608 3633 nonnunquam
1640 3564 1694 3617 in
1739 3573 1886 3618 textu
1916 3604 1930 3628 ,

332 3655 526 3722 Saepius
556 3655 610 3708 in
657 3655 1011 3725 marginibus
1053 3652 1406 3708 adnotantur.
1465 3653 1542 3708 Ex
1595 3654 1701 3710 hoc
1751 3655 1937 3712 codice

333 3744 487 3813 plura
519 3763 819 3816 excerpere
839 3755 1195 3816 poteramus,
1226 3745 1330 3800 nisi
1357 3746 1686 3816 praecipitem
1718 3747 1768 3804 ei
1804 3764 1938 3820 ope-

337 3850 454 3890 ram
479 3838 606 3892 dare
643 3839 821 3893 coacti
852 3852 1121 3894 essemus
1153 3854 1167 3891 :
1215 3853 1335 3891 nam
1362 3839 1426 3892 ad
1459 3847 1697 3908 quatuor
1727 3853 1939 3898 tantum

340 3925 472 3991 dies,
506 3940 735 4000 rogante
763 3927 1075 3984 Maecenate
1108 3939 1295 3984 nostro
1333 3945 1440 3984 em.
1474 3930 1939 4001 canl.d’Estrées,

341 4016 454 4085 ejus
483 4020 638 4073 nobis
675 4020 836 4089 copia
871 4018 1025 4074 facta
1057 4025 1160 4074 est.
1197 4016 1586 4079 Memorandus
1619 4025 1743 4080 item
1771 4028 1940 4082 codex

343 4108 683 4167 Colbertinus
717 4113 772 4166 in
801 4111 1013 4167 Jobum
1036 4152 1053 4175 ,
1110 4125 1300 4164 recens
1343 4114 1589 4184 quidem,
1632 4119 1725 4172 sed
1754 4133 1820 4172 ex
1853 4135 1944 4172 ve-

347 4204 465 4270 teri,
490 4213 548 4258 ut
582 4204 851 4270 creditur,
885 4199 1228 4270 descriptus,
1257 4207 1404 4260 unde
1431 4207 1596 4262 multa
1624 4209 1691 4262 ad
1727 4210 1944 4264 institu~

351 4301 455 4347 tum
482 4305 725 4351 nostrum
761 4294 1084 4367 spectantia
1116 4298 1352 4351 mutuati
1380 4297 1726 4354 sumus.Non
1763 4309 1944 4356 tacen-

351 4383 444 4440 dus
467 4388 588 4442 item
635 4387 988 4443 Barberinus
1014 4385 1078 4440 in
1118 4384 1438 4459 Pr0phetas,
1469 4392 1628 4461 cujus
1659 4393 1837 4447 varias
1870 4393 1946 4446 le-

353 4480 546 4535 ctiones
578 4483 632 4535 in
667 4480 1008 4551 Appendice
1043 4477 1472 4551 Polyglottorum
1513 4484 1679 4538 edidit
1713 4483 1946 4538 Brianus

2110 3290 2565 3350 Dtovuusctecus,
2591 3283 3016 3348 Alexandrinus,
3035 3277 3403 3349 Hexaplorum
3434 3275 3621 3330 lectio-

2042 3400 2140 3440 nes
2163 3384 2220 3440 iu
2253 3381 2682 3440 Commentariis
2715 3378 2831 3435 suis
2861 3375 3062 3440 attulit,
3095 3374 3190 3428 sed
3245 3385 3358 3426 non
3392 3369 3466 3424 ita
3503 3368 3617 3422 fre-

2041 3486 2293 3548 quenter.

2116 3566 2440 3622 Tusonoaus
2467 3563 2806 3627 ileracleota,
2831 3560 3090 3622 Arianus,
3144 3555 3383 3625 Hexapla
3416 3551 3622 3624 passim

2047 3661 2321 3724 adhibuit,
2358 3674 2532 3728 eaque
2559 3657 2718 3712 docte
2751 3653 3028 3718 tractavit,
3063 3661 3124 3706 ut
3172 3649 3361 3704 multis
3391 3647 3445 3700 in
3487 3645 3625 3699 locis

2047 3754 2238 3818 videre
2266 3761 2368 3808 est.
2403 3745 3099 3821 Ejus-Commentariorum
3153 3740 3454 3812 fragmenta
3489 3737 3626 3791 bene

2049 3847 2222 3902 multa
2252 3851 2479 3899 exstant
2503 3844 2560 3896 in
2590 3840 2814 3897 Catenis
2837 3837 3021 3893 variis.

2110 3938 2371 3993 Euszews
2418 3934 2719 3990 Emesenus
2773 3932 2830 3986 in
2889 3926 3331 3989 Commentariis,
3388 3936 3626 3993 quorum

2050 4029 2352 4100 fragmenta
2379 4027 2594 4081 Catena:
2625 4023 2904 4087 exhibent,
2937 4019 3194 4090 Hexaplis
3221 4027 3304 4072 est
3347 4031 3500 4078 usus,
3535 4012 3628 4066 sed

2050 4137 2200 4183 raro,
2233 4129 2311 4175 ut.
2330 4119 2564 4173 videtur.

2122 4213 2379 4268 HILARIUS
2411 4210 2579 4266 semel
2601 4207 2839 4278 Ilerapla
2885 4219 3181 4274 usurpasse
3210 4194 3633 4270 deprehenditur

2053 4305 2442 4362 Commentario
2462 4305 2514 4357 in
2549 4301 2817 4356 Psalmox.

2126 4397 2390 4454 Euscmus
2425 4392 2786 4449 Vercellensis
2827 4385 3252 4444 Commentarios
3311 4377 3532 4435 Eusebii
3583 4375 3640 4428 in

2055 4488 2298 4542 Psalmos
2329 4484 2520 4539 Latine
2553 4480 2850 4547 transtulit,
2904 4475 3232 4532 lectionibus
3274 4469 3644 4539 llexaplorum

360 4567 647 4628 Waltonus.
672 4573 750 4628 De
777 4572 910 4627 aliis
936 4575 1340 4644 manuscriptis
1368 4576 1594 4630 minoris
1613 4576 1791 4645 pretii,
1810 4591 1944 4645 quor
1980 4604 2024 4658 ο
2054 4594 2355 4649 respersos.

353 4678 459 4718 rum
489 4683 741 4739 magnam
774 4665 1009 4736 copiam
1034 4668 1183 4721 nacti
1216 4684 1428 4732 sumus,
1463 4669 1516 4722 in
1552 4667 1729 4724 fronte
1761 4669 1950 4737 singu-

355 4756 510 4814 lorum
542 4761 823 4815 librorum
856 4769 1056 4815 actum
1099 4769 1202 4814 est.
1233 4759 1324 4814 lla:
1367 4760 1539 4814 nobis-
1564 4760 1947 4831 ﬂeraplarium

354 4848 870 4924 interpretationum
896 4851 1485 4928 reliquim‘supersunt
1533 4852 1586 4905 in
1638 4853 1950 4908 manuscri—

351 4945 463 5010 ptis.
495 4945 628 5003 Nam
662 4947 934 5017 Hexapla
971 4944 1119 5014 ipsa,
1153 4952 1210 4998 ut
1239 4945 1306 4998 ab
1339 4941 1571 5014 Origene
1624 4944 1952 5001 concinnata

343 5032 562 5108 fuerant,
599 5041 675 5095 ita
723 5036 1006 5094 funditus
1063 5033 1385 5102 perierunt,
1422 5041 1480 5086 ut
1535 5047 1601 5088 ne
1630 5034 1951 5104 particulam

336 5131 537 5200 quidem
559 5149 764 5190 eorum
809 5129 919 5186 ulli
958 5125 1178 5195 uspiam
1202 5125 1515 5196 conspicere
1537 5125 1769 5182 licuerit.

325 5245 403 5304 ΠΙ.
431 5251 669 5318 Quinam
702 5265 776 5305 ea:
792 5241 1184 5365 scripltgribus
1202 5241 1571 5364 efclest'astt'cis
1594 5242 1956 5314 Hexaplorum

970 5328 988 5365 ι
1033 5327 1109 5364 ns
1139 5327 1220 5364 sm
1273 5329 1374 5365 usi.

970 5327 1109 5366 20113
1139 5327 1243 5364 διηι
1273 5329 1374 5366 υδΐ.

379 5411 589 5472 Praeter
614 5413 870 5471 codices
910 5403 1331 5472 manuscriptos
1356 5446 1370 5471 ,
1414 5407 1557 5463 unde
1605 5417 1844 5463 veterum
1881 5409 1959 5464 in-

309 5511 788 5580 terpretationem
839 5515 989 5573 pars
1029 5511 1228 5565 magna
1262 5497 1460 5567 prodit,
1498 5499 1737 5570 amplam
1795 5499 1958 5555 nobis

305 5614 538 5674 segetem
580 5601 956 5659 obtulerunt
1009 5589 1342 5659 scriptorum
1379 5586 1616 5647 veterum
1663 5593 1960 5649 Commen-

306 5700 449 5764 tarii,
485 5699 582 5770 qui
611 5712 728 5768 pro
776 5693 1011 5746 litterae
1051 5698 1216 5737 sensu
1263 5685 1604 5754 assequendo
1634 5686 1961 5756 plerumque

295 5789 527 5860 Aquilae,
573 5778 974 5861 Symmachi,
1012 5773 1407 5831 Theodotionis
1425 5777 1767 5848 aliorumque
1793 5776 1964 5833 inter-

299 5898 512 5943 uratum
543 5885 854 5943 lectiones
915 5880 1290 5941 usurparunt.
1325 5872 1399 5930 De
1429 5873 1659 5945 singulis
1684 5889 1854 5946 porro
1890 5875 1960 5931 iis

2127 4647 2400 4726 Riononus
2421 4665 2734 4732 Tarsensis,
2761 4665 2817 4718 in
2876 4674 3033 4716 sacra
3068 4655 3356 4727 Scriptura
3405 4647 3664 4720 apprime-

2053 4773 2335 4830 versatus;
2359 4761 2731 4833 Hexaplorum
2751 4755 3002 4812 notitiam
3026 4751 3246 4821 plenam
3276 4746 3534 4802 habuisse
3561 4740 3646 4794 vi-

2055 4858 2234 4921 detur,
2271 4865 2330 4912 ut
2361 4871 2426 4910 ex
2447 4856 2570 4928 ejus
2601 4847 2927 4924 fragmentis
2947 4859 3070 4916 qua:
3108 4843 3163 4895 in
3193 4839 3428 4894 Catenis.
3462 4849 3653 4905 super-

2059 4961 2210 5015 sunt,
2237 4936 2690 5020 deprehenditur.

2132 5044 2458 5100 Erwmmus
2493 5039 2688 5109 Cypri,
2715 5036 2975 5089 lectiones
3021 5034 3264 5082 veterum
3297 5023 3654 5090 interpretum

2059 5155 2168 5194 non
2205 5134 2373 5192 semel
2404 5131 2609 5196 attulit,
2639 5141 2693 5185 et
2739 5124 3031 5183 Historiam
3069 5117 3431 5188 Hexaplorum
3459 5110 3656 5185 partim

2061 5247 2126 5286 ex
2159 5227 2413 5298 Origene,
2443 5233 2520 5290 ut.
2539 5224 2776 5285 videtur,
2825 5225 3130 5278 mutuatus,
3184 5211 3304 5266 fuse
3341 5205 3650 5276 descripsit.

2133 5320 2380 5376 BASILIUS
2401 5315 2760 5373 Caesariensis
2804 5309 3128 5380 hexaplares
3180 5299 3656 5374 interpretationes

2065 5426 2258 5483 parum
2293 5407 2563 5464 tractavit.

2135 5504 2442 5560 Caesonius
2470 5503 2596 5555 item
2635 5496 2934 5569 Nyssenus,
2976 5493 3097 5564 ejus
3147 5489 3333 5551 frater,
3398 5480 3656 5550 Hexaplis

2065 5615 2193 5652 raro
2223 5613 2355 5652 usus
2389 5603 2492 5648 est.
3157 5595 3164 5601 '

2139 5691 2532 5743 APOLLtNARIUS
2559 5684 2903 5743 baodicenus
2956 5681 3010 5734 in
3047 5666 3473 5729 Commentariis
3539 5664 3656 5719 suis

2070 5779 2432 5850 chapiorum
2465 5777 2727 5832 lectiones
2762 5770 3083 5843 parcissime
3115 5762 3315 5818 attulit.

2141 5875 2453 5928 Annnosrus
2506 5864 2929 5924 Mediolanensis
2977 5858 3250 5916 modicum
3290 5852 3656 5923 llexaplorum
