4052 6388
588 407 688 462 119

1935 407 2448 465 ΡΒᾸΞΜΜῙΝΑΒΙΑ

3715 411 3809 466 120

581 540 744 582 usum
769 525 1023 580 habuisse
1069 524 1510 595 deprehenditur,
1570 526 1927 597 similiterque
1972 529 2152 584 Aucu-
2182 532 2231 588 Α
2324 527 2626 584 Paocopws
2647 529 2872 584 Cazreus
2902 529 2954 581 in
2990 525 3465 590 Oclateuclmm,in
3498 526 3660 579 libros
3710 525 3817 581 Re-

581 631 769 673 srmus
791 627 843 673 et
859 617 1240 673 Pmmsrmus.

654 709 907 773 RUFINUS,
943 710 1035 780 qui
1087 724 1337 782 magnam
1381 709 1629 783 Origeuis
1675 728 1897 783 operum
1945 723 2152 784 partem

580 799 772 856 Latine
805 803 1190 873 interpretatus
1212 813 1313 870 est,
1344 803 1706 874 Hexaplorum
1761 806 2019 866 notitiam
2042 807 2153 876 ple-

579 910 706 948 nam
743 895 998 951 habuisse
1023 897 1230 950 videtur
1263 912 1276 948 :
1307 897 1506 967 quibus
1535 907 1715 952 tamen
1747 914 1872 953 raro
1890 907 1973 952 est
1996 913 2150 966 usus,

579 994 640 1038 ut
671 1001 736 1039 ex
780 985 921 1055 ejus,
966 1003 1086 1056 qua:
1119 997 1431 1058 supersunt,
1464 989 1680 1060 scriptis
1711 990 2147 1058 deprehenditur.

652 1072 884 1132 loss-ses
920 1077 1343 1134 Cnnvsos'rouus
1399 1080 1658 1135 lectiones
1693 1091 1934 1134 veterum
1983 1081 2152 1135 inter-

575 1176 788 1235 pretum
815 1167 1251 1240 frequentissime
1269 1173 1492 1241 profert,
1523 1173 1758 1227 maxime
1784 1182 1962 1226 autem
1996 1172 2153 1228 Com-

577 1261 851 1314 mentariis
877 1262 931 1315 in
959 1262 1226 1334 Psalmos,
1264 1266 1355 1319 ubi
1387 1280 1511 1318 raro
1556 1264 1879 1334 interpretes
1930 1265 2150 1321 nomine

578 1364 680 1405 suo
709 1355 984 1421 exprimit,
1017 1355 1109 1410 sed
1133 1372 1263 1411 voce
1293 1359 1512 1420 Ἀλλος
1537 1358 1728 1412 utitur.

643 1440 989 1501 Hisnonvaus
1019 1447 1141 1517 plus
1168 1464 1331 1518 quam
1359 1449 1539 1504 caueri
1572 1464 1784 1516 omnes,
1817 1466 1925 1503 uno
1955 1449 2148 1505 fortas-

573 1532 650 1587 sis
670 1532 904 1590 Eusebio
921 1548 1165 1608 excepto,
1195 1539 1448 1611 Hexaplis
1469 1552 1552 1597 est
1573 1559 1704 1598 usus
1737 1559 1751 1596 :
1781 1542 1847 1597 de
1880 1542 2150 1612 Hexaplo-

573 1641 694 1680 rum
732 1627 923 1683 ordine
946 1645 1088 1700 szepe
1113 1631 1394 1698 disseruit,
1419 1633 1486 1688 de
1505 1634 1734 1704 singulis
1764 1635 2149 1704 interpretibus

571 1717 742 1771 multa
775 1718 910 1773 dixit
947 1739 960 1774 :
995 1736 1182 1776 eorum
1210 1723 1682 1794 interpretationes
1710 1726 1764 1779 in
1800 1724 2150 1780 Commenta-

569 1810 669 1866 riis
696 1811 813 1867 suis
840 1813 973 1867 etin
1005 1815 1128 1870 aliis
1167 1816 1450 1884 opusculis
1491 1833 1632 1888 saepe
1681 1818 1878 1873 attulit.
1942 1817 2148 1873 Editio-

569 1917 693 1955 nem
739 1902 988 1959 Latinam
1024 1916 1258 1962 veterem
1287 1878 1583 1977 adjunctis.
1610 1911 1887 1966 asteriscis
1924 1919 1977 1964 et
2016 1910 2146 1965 obe-
2177 1878 2222 1938 Β

566 1993 638 2071 lis
680 1996 997 2064 publicavit.
1049 1997 1314 2053 Praeterea
1358 2000 1859 2070 interpretationem
1897 1999 2147 2055 Latinam

568 2101 767 2142 novam
795 2087 1102 2158 adornavit,
1146 2106 1266 2160 qua:
1327 2091 1588 2149 hodierna
1645 2092 1868 2164 Vulgata
1917 2103 2022 2160 est,
2057 2093 2148 2148 ubi

566 2179 786 2249 Aquila,
835 2179 1184 2252 Symmacho,
1236 2191 1428 2239 etnon
1455 2185 1621 2239 semel
1679 2183 1842 2240 Sexta
1887 2186 2144 2252 editione,

567 2272 788 2338 quando
813 2285 876 2325 ea
898 2272 1104 2338 aderat,
1131 2289 1264 2329 usus
1287 2284 1388 2330 est.
1420 2274 1485 2330 Et
1515 2277 1569 2330 iu
1595 2275 1716 2332 aliis
1750 2277 1967 2348 quidem
1991 2275 2144 2333 libris

570 2360 956 2432 Symmachum
1002 2363 1316 2436 frequenter
1379 2369 1647 2438 sequitur,
1701 2369 1954 2440 Aquilam
2013 2371 2143 2424 item

567 2468 676 2505 non
709 2468 874 2522 raro;
916 2455 970 2509 in
1007 2454 1242 2512 Psalmis
1265 2473 1412 2526 vero,
1458 2461 1667 2530 Aquila:
1723 2471 1784 2515 ut
1846 2461 2142 2530 plurimum

566 2544 754 2608 haeret,
782 2544 1108 2616 Symmacho
1166 2549 1582 2621 infrequentius,
1639 2554 1930 2624 aliquando
1978 2555 2141 2610 etiam

568 2633 710 2687 LXX
743 2634 931 2692 Latine
947 2641 1222 2710 exprimit.
1257 2642 1382 2698 llaec
1405 2647 1637 2714 sparsim
1670 2646 2052 2704 adnotavimus
2087 2649 2140 2702 in

565 2725 730 2794 hujus
759 2729 940 2797 operis
965 2730 1220 2787 decursu.

635 2818 933 2878 Hesvcmus
968 2821 1451 2897 Salonitauus,qui
1481 2844 1511 2883 a
1535 2832 1811 2886 nonnullis
1831 2848 1954 2887 cum
1985 2833 2137 2890 Jero—

563 2912 888 2982 solytuitano
927 2913 1299 2983 confunditur,
1363 2921 1812 2978 Commentarium
1866 2926 2035 2982 edidit
2081 2929 2137 2982 in

561 3003 872 3070 Leviticum,
915 3023 1076 3077 quem
1130 3007 1318 3064 Latine
1359 3014 1611 3082 primitus
1669 3017 1930 3086 scriptum
1967 3018 2137 3075 fuisse

562 3112 788 3165 prorsus
820 3100 1074 3157 existimo
1105 3119 1118 3155 :
1151 3119 1326 3174 neque
1355 3107 1498 3161 enim
1524 3110 1794 3166 ullatenus
1825 3113 1932 3169 olet
1969 3114 2136 3170 inter-

562 3188 920 3256 pretationem
946 3206 1011 3244 ex
1039 3190 1224 3248 Graeco
1248 3194 1464 3250 factam.
1493 3197 1570 3252 lbi
1618 3215 1746 3256 vero
1777 3214 2018 3259 veterum
2045 3206 2131 3259 in-

564 3287 858 3348 terpretum
894 3281 1127 3352 Aquilae,
1170 3283 1484 3357 Symmachi
1523 3299 1576 3344 et
1624 3273 2010 3352 Thcodotionis
2055 3299 2131 3354 le-

561 3369 773 3424 ctiones
805 3370 1118 3441 frequenter
1150 3376 1392 3433 adhibet.
1424 3377 1827 3438 Commentaria
1853 3387 2002 3442 illum
2031 3405 2131 3445 sua

561 3473 671 3514 non
693 3459 901 3530 Graece,
926 3465 1018 3519 sed
1045 3465 1236 3522 Latine
1275 3469 1509 3526 edidisse
1537 3473 1621 3527 vel
1676 3474 1802 3530 hinc
1842 3479 2130 3550 evincitur,

559 3555 705 3624 quod
741 3556 798 3610 in
839 3554 1058 3615 Catenis
1092 3559 1294 3618 Grzecis
1326 3565 1379 3616 in
1411 3563 1716 3633 Leviticum,
1771 3585 1891 3640 quae
1937 3589 2131 3646 magno

559 3663 791 3704 numero
818 3651 987 3706 variis
1011 3653 1064 3706 in
1095 3653 1437 3712 bibliothecis
1465 3657 1753 3728 habentur,
1774 3663 1908 3717 nihil
1929 3681 1995 3720 ex
2026 3665 2130 3721 He-

557 3740 752 3810 sychio
774 3743 960 3798 Graece
989 3746 1200 3814 uspiam
1239 3759 1570 3818 compareat.

629 3829 952 3889 Tueononus
975 3834 1387 3905 Mopsuestenus
1416 3843 1572 3912 cujus
1601 3853 1654 3898 et
1697 3843 2130 3902 Commentario-

556 3937 678 3975 rum
719 3922 1022 3993 fragmenta
1052 3927 1107 3982 in
1136 3928 1354 3986 Catenis
1381 3943 1616 4000 exstant,
1641 3947 1696 3990 et
1735 3935 2130 3994 Commentaria

555 4013 613 4066 in
646 4011 938 4084 Prophetas
971 4019 1181 4090 integra
1205 4021 1260 4075 in
1293 4022 1955 4096 bibliothecisservantur,
1985 4029 2126 4083 LXX

557 4122 772 4176 semper
801 4111 1066 4180 sequitur,
1099 4111 1461 4183 Ilexaplorum
1494 4133 1620 4174 vero
1656 4120 2128 4189 interpretationes

553 4199 734 4254 varias
757 4215 946 4268 parum
973 4203 1175 4259 adiisse
1197 4207 1425 4262 videtur.

626 4287 836 4345 Vtcron
865 4293 1258 4361 Antiochenus,
1304 4299 1356 4351 iu
1413 4296 1731 4370 fragmentis
1778 4299 2126 4358 Commenta-

552 4384 783 4450 riorum,
815 4401 938 4456 quae
967 4387 1024 4440 in
1050 4387 1270 4444 Catenis
1304 4401 1614 4461 supersunt,
1645 4393 1969 4464 interpretes
2021 4394 2126 4451 He-

554 4476 840 4544 xaplorum
867 4493 990 4534 raro
1016 4481 1334 4537 adhibuisse
1358 4485 1798 4553 deprehenditur.
1840 4548 1843 4552 ,

2257 636 2378 690 gum
2410 628 2458 674 et
2481 618 2936 691 Paralipomenén
2966 629 3014 674 et
3040 619 3094 672 in
3126 616 3817 682 Hesaiam,Commentaria

2252 711 2441 778 edidit,
2467 727 2530 767 ac
2559 728 2796 783 persaepe
2824 710 3295 781 interpretationes
3327 718 3568 765 veterum
3607 725 3730 780 qua:
3761 711 3818 765 in

2254 800 2508 873 Hexaplis
2524 812 2679 859 erant
2695 804 2748 858 in
2764 803 3000 857 medium
3026 802 3270 866 adduxit,
3291 802 3634 870 maximeque
3662 800 3820 857 Com-

2253 896 2512 950 mentario
2537 897 2590 950 in
2623 895 2900 959 Hesaiam,
2926 910 3088 964 quem
3120 895 3195 949 ita
3214 894 3466 949 mutilum
3495 894 3562 949 ad
3588 907 3692 949 nos
3719 893 3819 950 de-

2251 988 2465 1044 venisse
2491 989 2754 1043 dolemus.

2321 1080 2658 1136 Amsnsws
2707 1081 2980 1136 secundus
3035 1079 3428 1146 Antiochenus,
3476 1094 3586 1134 non
3653 1076 3820 1134 infre-

2249 1181 2480 1241 quenter
2504 1173 2558 1226 in
2583 1187 2682 1228 suo
2729 1171 3098 1228 Hexaemeron
3162 1187 3328 1242 opere
3370 1179 3611 1226 veterum
3646 1170 3817 1226 inter-

2249 1272 2461 1333 pretum
2493 1262 2792 1334 fragmenta
2825 1264 3022 1320 attulit.

2318 1355 2670 1421 Anasrasws,
2707 1355 2958 1412 Nicaenus
3009 1355 3371 1426 metr0polita,
3432 1353 3820 1410 Commentario

2248 1449 2304 1502 in
2336 1446 2580 1502 Psalmos
2613 1447 2818 1513 Graece,
2849 1448 2943 1517 qui
2976 1447 3186 1518 integer
3226 1455 3473 1502 servatur
3516 1445 3568 1498 in
3622 1445 3818 1500 biblioo

2248 1537 2402 1592 theca
2429 1538 2782 1604 Coisliniana,
2821 1548 3060 1594 veterum
3085 1540 3438 1608 interpretum
3460 1536 3716 1592 lectiones
3733 1551 3821 1592 ra-

2249 1642 2310 1682 ro
2337 1628 2576 1683 adhibet.

2320 1719 2620 1776 llesvcmus
2697 1718 3186 1793 Jerosolymitanus
3261 1718 3710 1774 Commentarium
3761 1719 3817 1774 in

2250 1810 2492 1866 Psalmos
2517 1813 2720 1879 emisit,
2763 1815 2856 1882 qui
2894 1813 3160 1882 hodieque
3192 1811 3244 1864 in
3289 1811 3494 1880 aliquot
3525 1811 3820 1866 bibliothe-

2251 1905 2330 1960 cis
2352 1905 2535 1961 Graece
2564 1913 2894 1972 asservatur,
2927 1905 3083 1975 cujus
3108 1913 3162 1959 et
3191 1903 3491 1974 fragmenta
3522 1906 3576 1958 in
3599 1904 3819 1962 Catenis

2249 1996 2391 2051 edita
2414 2004 2561 2060 sunt,
2579 2003 2822 2051 veterum
2843 1996 3195 2066 interpretum
3223 1994 3480 2050 lectiones
3501 1993 3819 2068 infrequen-

2251 2097 2331 2144 ter
2360 2087 2561 2143 attulit.

2317 2171 2752 2240 Ouuriononus,
2784 2177 3071 2246 episcopus
3100 2175 3318 2234 Tricces
3342 2179 3396 2233 in
3421 2179 3728 2245 Thessalia,
3757 2187 3818 2232 ut

2247 2264 2301 2319 in
2331 2267 2518 2322 codice
2545 2269 2783 2338 quodam
2841 2267 3178 2324 Coisliniano
3228 2271 3424 2326 decimi
3479 2272 3694 2327 circiter
3735 2271 3818 2327 vel

2246 2357 2514 2412 undecimi
2540 2359 2726 2414 saeculi
2760 2358 2981 2427 dicitur,
3013 2360 3422 2418 Commentariis
3449 2364 3505 2417 in
3549 2362 3820 2418 Ecclesia-

2244 2454 2376 2510 sten,
2404 2447 2457 2500 in
2480 2445 2581 2501 Job
2611 2456 2665 2502 et
2683 2449 2737 2502 in
2759 2447 3066 2515 Jeremiam,
3091 2451 3425 2517 nobilitatur,
3454 2454 3546 2508 ubi
3564 2452 3820 2525 Hexaplis

2244 2535 2704 2606 frequentissime,
2736 2543 2971 2598 maxime
2993 2545 3046 2598 in
3076 2542 3197 2610 Job,
3235 2561 3364 2600 usus
3392 2553 3494 2600 est.
3803 2555 3806 2558 ’

2310 2629 2626 2688 Euruvutus
2679 2631 2998 2704 Zygabenus
3031 2637 3424 2692 Commentario
3467 2640 3521 2692 in
3565 2638 3813 2696 Psalmos

2241 2721 2442 2785 emisit,
2474 2724 2567 2778 ubi
2600 2723 2986 2795 Hexaplarium
3018 2729 3317 2783 editionum
3350 2730 3677 2787 lectionibus
3707 2731 3814 2787 ali-

2240 2814 2460 2882 quando
2489 2815 2679 2882 utitur,
2717 2831 2783 2870 ex
2823 2817 3160 2887 marginibus
3183 2819 3390 2874 scilicet
3418 2818 3718 2875 Bibliorum
3759 2828 3818 2876 et

2238 2915 2303 2955 ex
2349 2902 2470 2958 aliis
2497 2906 2909 2961 commentariis
2928 2916 3236 2972 mutuatus;
3279 2910 3364 2964 vix
3391 2911 3536 2965 enim
3587 2920 3816 2982 putave-

2238 2993 2338 3047 rim
2368 2993 2605 3065 Hexapla
2637 2998 2702 3051 ad
2727 2998 2846 3068 ejus
2870 3007 3083 3070 tempus
3136 3000 3438 3070 devenisse,
3501 3017 3630 3057 nam
3674 3003 3816 3059 vixit

2238 3083 2525 3141 undecimo
2544 3088 2763 3143 saeculo.

2499 3179 2588 3234 IV.
2633 3179 2984 3246 Quandonam
3009 3181 3254 3254 Hexapla
3281 3186 3549 3255 perierint.

2303 3268 2422 3324 1am
2456 3282 2626 3327 restat
2649 3284 2707 3328 ut
2733 3274 3105 3344 disquiramus
3136 3291 3246 3346 quo
3290 3288 3531 3347 tempore
3563 3286 3672 3333 tam
3707 3294 3810 3335 no-

2233 3363 2340 3418 bile
2369 3373 2627 3435 tantoque
2651 3367 2838 3422 labore
2865 3378 3080 3438 partum
3097 3386 3236 3440 opus
3258 3369 3786 3426 funditusinterierit

2232 3451 2288 3508 Id
2310 3468 2377 3508 ex
2409 3455 2634 3511 raritate
2660 3458 3052 3528 exemplarium
3098 3460 3382 3526 accidisse,
3419 3468 3480 3515 ut
3529 3477 3694 3532 supra
3727 3461 3811 3516 dia

2231 3554 2377 3600 ctum
2411 3556 2512 3612 est,
2546 3558 2750 3603 certum
2775 3549 3038 3607 habemus
3068 3567 3081 3604 :
3115 3551 3272 3606 initio
3301 3553 3446 3606 enim
3471 3555 3609 3609 satis
3640 3554 3808 3610 babe-

2231 3637 2384 3706 bant,
2419 3640 2464 3694 si
2496 3656 2612 3709 eas,
2669 3656 2808 3712 quas
2845 3643 3097 3698 meliores
3145 3644 3529 3699 existimabant
3559 3655 3806 3700 veterum

2231 3731 2587 3802 interpretum
2644 3734 2940 3806 lectiones,
2996 3738 3052 3793 in
3102 3740 3436 3810 marginibus
3500 3738 3807 3798 Bibliorum

2230 3825 2615 3883 describerent.
2678 3829 2882 3886 inﬁmis
2937 3847 3063 3888 vero
3121 3833 3332 3888 saeculis
3370 3833 3534 3888 etiam
3590 3833 3660 3888 ab
3705 3834 3810 3891 hac

2231 3916 2611 3986 marginalium
2657 3920 2954 3976 lectionum
2989 3921 3335 3977 adnotatione
3374 3931 3645 3977 cessatura
3677 3933 3802 3989 est;

2232 4009 2374 4062 unde
2425 4010 2685 4078 contingit
2759 4021 2819 4066 ut
2875 4012 3135 4068 lectiones
3189 4012 3293 4066 illze
3349 4022 3401 4067 et
3472 4012 3805 4082 interpreta-

2231 4099 2411 4154 tiones
2443 4101 2496 4153 in
2521 4101 2915 4171 antiquissimis
2939 4104 3218 4159 codicibus
3263 4104 3458 4174 saepius
3517 4105 3806 4174 reperian-

2232 4201 2342 4258 tur,
2373 4207 2532 4247 sccus
2561 4203 2742 4248 autem
2775 4196 2828 4248 in
2859 4197 3270 4253 recentioribus.
3311 4197 3448 4250 Cum
3490 4197 3677 4267 priora
3709 4199 3808 4270 igi-

2232 4295 2321 4340 tur
2376 4285 2740 4356 Hexaplorum
2785 4292 3114 4361 exemplaria
3153 4300 3418 4348 vetustate
3477 4304 3805 4363 consumpta

2230 4375 2480 4443 fuissent,
2499 4378 2842 4434 cxscribendi
2862 4383 3185 4454 negligentia
3214 4393 3384 4437 totum
3425 4397 3562 4452 opus
3586 4383 3641 4437 in
3673 4399 3805 4454 per-

2229 4467 2430 4521 niciem
2467 4468 2582 4522 ivit.
2609 4469 2668 4523 Id
2699 4485 2827 4525 vero
2843 4474 3188 4541 quandonam
3213 4473 3470 4528 acciderit
3488 4474 3640 4528 nullo
3663 4475 3805 4531 scri-

619 4568 1050 4635 Poncnaoums,
1080 4581 1225 4627 utex
1253 4572 1572 4643 fragmentis
1606 4578 1725 4648 ejus
1767 4581 1821 4634 in
1875 4582 2120 4653 Cantica,
2152 4596 2202 4657 ι)
2228 4563 2779 4657 Ριθτυηξίθῗίίωμθηίθ
2795 4563 3103 4657 ξηδίθθῳτο
3145 4564 3363 4657 αθτιμω
3395 4567 3614 4636 quwem
3650 4568 3804 4624 ᾔδε’

548 4661 604 4714 in
633 4659 759 4728 Job,
794 4664 850 4716 in
877 4662 1202 4720 Ezechielem
1241 4674 1296 4722 et
1325 4669 1378 4721 in
1411 4668 1703 4737 Danielcm,
1737 4688 1859 4742 qua;
1876 4675 1929 4729 in
1959 4677 2122 4733 Cate-

549 4751 636 4805 nis
664 4761 901 4820 exstant,
929 4756 1193 4825 arguitur,
1225 4756 1488 4816 Hebraice
1517 4761 1708 4816 doctus
1729 4762 1852 4829 fuit,
1887 4764 2123 4834 Hexapla

547 4860 716 4916 penes
741 4862 801 4902 se
823 4848 1030 4917 habuit,
1072 4851 1249 4922 iisque
1299 4852 1608 4924 frequenter
1655 4873 1787 4912 usus
1828 4869 1910 4913 est
1941 4860 1995 4914 in
2025 4877 2121 4915 ex—

549 4937 915 5006 positionibus
939 4943 1078 4999 suis.

617 5026 884 5087 Crurcws
907 5032 1311 5092 Alexandrinus
1339 5037 1702 5110 Hexaplorum
1743 5043 2000 5098 lcetiones
2036 5061 2120 5099 ra-

545 5120 766 5176 rissime
791 5123 990 5178 attulit.

617 5211 1014 5273 'l‘neonoaerus
1047 5217 1101 5272 in
1135 5218 1556 5278 Commentariis
1597 5223 1712 5279 suis
1739 5233 1981 5278 veterum
2036 5226 2119 5280 in-

545 5304 1144 5372 terpretumleetiones,
1167 5315 1224 5361 ut
1249 5309 1300 5361 in
1330 5306 1586 5379 Hexaplis
1607 5320 1784 5378 erant,
1817 5313 2118 5381 smpissime

542 5396 716 5460 affert,
754 5395 931 5464 iisque
978 5397 1244 5465 sagaciter
1296 5397 1484 5461 utitur,
1547 5413 1814 5470 opemque
1864 5416 2116 5471 magnam

540 5486 664 5542 tulit
694 5487 748 5540 in
784 5486 887 5543 hac
919 5489 1125 5544 edenda
1152 5490 1492 5545 collectione.

608 5575 840 5632 Joannes
878 5576 1214 5648 Philoponus
1228 5577 1616 5634 Commentario
1646 5581 1700 5634 in
1727 5580 2112 5650 Hexaemeron,

539 5665 766 5724 Genesis
798 5668 1036 5736 primum
1076 5668 1186 5723 fere
1209 5678 1374 5740 caput
1397 5669 1665 5741 integrum
1707 5673 2006 5728 secundum
2030 5675 2114 5729 in-

538 5761 957 5828 terpretationes
989 5759 1219 5829 Aquilae,
1265 5762 1575 5831 Symmachi
1623 5773 1676 5819 et
1727 5762 2114 5822 Theodotionis

538 5852 697 5907 nobis
720 5853 1084 5908 conservavit.

2228 4659 2318 4703 tur
2370 4650 2752 4722 primigenium
2795 4652 3167 4724 Tctraplorum
3200 4667 3254 4712 et
3275 4656 3642 4726 llexaplorum
3671 4659 3800 4714 Uri-

2226 4741 2380 4810 genis
2414 4742 2695 4811 exemplar
2727 4744 2781 4797 in
2811 4746 3009 4799 celebri
3035 4746 3123 4800 illa
3163 4746 3484 4803 Caesariensi
3537 4751 3801 4820 martyris

2225 4829 2492 4902 Pamphili
2527 4833 2852 4888 bibliotheca
2883 4839 3244 4904 remansisse;
3275 4853 3392 4892 eam
3409 4839 3796 4896 bibliothecam

2223 4934 2618 4978 commemorat
2645 4925 2814 4979 codex
2847 4925 3212 4994 Epistolarum
3246 4925 3303 4980 S.
3327 4925 3478 4982 Pauli
3506 4928 3799 4984 Coislinia-

2223 5031 2350 5082 nus,
2385 5033 2493 5086 quo
2512 5017 2792 5087 antiquior
2825 5017 2962 5073 alter
2996 5034 3101 5073 non
3151 5030 3420 5088 superest,
3470 5030 3529 5074 ut
3571 5023 3796 5091 quidem

2222 5108 2478 5164 arbitror.
2515 5107 2570 5161 In
2607 5119 2734 5164 nota
2768 5109 2967 5179 quippe
3011 5109 3083 5166 ad
3109 5112 3310 5165 calcem
3348 5113 3522 5181 posita
3570 5116 3794 5184 dicitur,

2223 5200 2373 5254 illum
2418 5201 2590 5270 ipsum
2649 5199 2889 5255 codicem
2935 5201 3186 5255 collatum
3245 5201 3412 5257 fuisse
3442 5202 3704 5260 Caesareae
3739 5210 3797 5264 in

2221 5292 2546 5349 bibliotheca
2578 5294 2634 5348 S.
2655 5293 2945 5364 Pamphili,
2983 5295 3051 5348 ad
3093 5296 3371 5365 exemplar
3408 5296 3579 5364 ipsius
3627 5296 3794 5354 Patu-

2219 5385 2352 5455 phili
2378 5401 2543 5440 manu
2566 5386 2897 5454 descriptum
2930 5403 2942 5438 :
2984 5387 3307 5458 Ἀντεϐλήθη
3337 5388 3431 5440 καὶ
3470 5387 3606 5459 πρὸς
3646 5389 3708 5441 τὸ
3734 5393 3795 5444 ὲν

2218 5479 2494 5552 Καισαρίᾳ
2524 5478 2542 5549 (
2563 5481 2638 5535 sic
2656 5480 2672 5550 )
2706 5479 3035 5550 ἀντίγραφον
3049 5480 3144 5550 τῆς
3161 5479 3508 5552 βιϐλιοθήκης
3521 5482 3616 5534 τοῦ
3634 5482 3794 5551 ἁγίου

2216 5574 2500 5644 Παμφίλου
2539 5575 2680 5645 χειρὶ
2711 5573 3094 5644 γεγραμμένου
3123 5572 3216 5626 τοῦ
3276 5572 3462 5627 αὐτοῦ.
3501 5573 3558 5627 In
3597 5577 3793 5631 eadem

2215 5667 2540 5722 bibliotheca
2557 5667 2861 5736 descriptus
2891 5665 3358 5736 fueratexemplar
3384 5666 3598 5721 abbatis
3621 5667 3792 5739 Apol-

2216 5759 2836 5825 linariicmuobiarchae,
2864 5759 2956 5830 qui
3001 5759 3058 5814 in
3099 5759 3294 5814 vicinis
3341 5758 3606 5816 Caasareaz
3651 5761 3790 5818 locis

2216 5853 2428 5926 degissc
2452 5854 2660 5910 videtur
2693 5872 2704 5908 :
2738 5868 2864 5908 nam
2887 5853 3165 5919 exemplar
3187 5852 3356 5919 illius,
3383 5853 3531 5925 quod
3557 5855 3623 5912 ad
3650 5869 3783 5926 pro-

3273 5992 3286 6030 5
