4052 6388
648 379 753 431 αι
2001 369 2525 428 PRAELIMINARIA
3661 350 3668 355 ’
3780 367 3897 428 tu

989 650 1768 791 .TES'I‘IMONIA
1823 696 1948 785 IN
2021 695 2559 791 VETERES
2633 696 3500 788 INTERPBETES.

1907 1044 2142 1101 [renuens
2164 1044 2261 1100 tib.
2290 1060 2512 1116 iu,.cap.
2540 1044 2631 1101 Ωιι

710 1204 834 1264 ἱίοη
856 1223 986 1264 vera
1016 1212 1101 1264 est
1157 1202 1556 1275 interpretatio,
1614 1200 1745 1257 Ecce
1794 1202 2210 1268 adolescentuta,
2243 1208 2289 1265 Α
2314 1201 2674 1272 interpretati.

640 1312 711 1359 ut
758 1300 1059 1358 Theodotio
1118 1298 1386 1370 Ephesius
1430 1304 1486 1353 et
1533 1295 1731 1366 Aquila
1780 1293 2042 1352 Ponticus
2097 1304 2224 1351 sunt
2331 1294 2507 1348 aiunt.

2757 1199 2901 1257 Hinc
2966 1200 3208 1257 Ebionaai
3288 1216 3356 1258 ex
3415 1199 3615 1272 .loseph
3696 1210 3896 1257 natura

1351 1416 1500 1488 Orig.
1532 1415 1821 1471 Comment.
1851 1417 1905 1470 in
1934 1415 2269 1483 Matt/im,
2300 1412 2463 1468 Huet.
2488 1429 2541 1482 ρ.
2569 1411 2696 1478 581,
2723 1423 2852 1467 tom.
2880 1411 2921 1469 l.

718 1512 872 1568 Nunc
902 1522 1080 1569 autem
1125 1526 1321 1583 magna
1367 1511 1790 1581 deprehenditur
1816 1512 2211 1581 exemplarium

2388 1508 2525 1563 Νυνὶ
2555 1509 2612 1562 δὲ
2641 1509 2880 1581 δηλονότι
2903 1509 3071 1579 πολλὴ
3098 1512 3318 1579 γέγονεν
3346 1511 3379 1583 ή
3403 1507 3521 1562 τῶν
3535 1506 3899 1581 ἀντιγράφων

638 1604 980 1669 diﬁ'erentia,
1033 1614 1145 1659 tum
1189 1611 1409 1674 propter
1449 1604 1749 1658 scribarum
1785 1602 2210 1676 indiligentiam,
2316 1602 2345 1655 δ

2316 1601 2563 1673 διαφορὰ,
2582 1600 2691 1654 εἴτε
2716 1602 2822 1655 ἀπὸ
2849 1602 3119 1674 ῥᾳθυμίας
3145 1602 3307 1656 τινῶν
3335 1601 3610 1673 γραφέων,
3630 1600 3744 1654 εἴτε
3782 1600 3901 1655 ἀπὺ

646 1702 763 1747 tum
834 1701 1052 1764 propter
1098 1692 1460 1763 quorumdam
1526 1692 1808 1748 audaciam
1883 1708 2214 1764 pravamque
2317 1712 2348 1748 τ

2317 1694 2523 1765 τόλμης.
2550 1692 2710 1746 τινῶν
2755 1692 3032 1765 μοχθηρᾶς
3075 1709 3134 1745 τε
3177 1691 3512 1763 διορθώσεως
3541 1691 3650 1745 τῶν
3679 1706 3901 1763 γραφο-

640 1784 931 1854 scriptura:
980 1783 1449 1852 emendationem;
1499 1793 1613 1839 tum
1657 1785 1820 1840 etiam
1861 1794 2080 1855 propter
2118 1799 2214 1840 eos
2322 1804 2348 1858 μ

2322 1786 2523 1858 μένων,
2550 1784 2660 1838 εἴτε
2699 1785 2793 1838 καὶ¹
2823 1784 2931 1837 ἀπὸ
2959 1784 3069 1837 τῶν
3099 1783 3165 1837 τά
3215 1784 3427 1847 ἑαυτοῖς
3450 1782 3710 1837 δοκοῦντα
3735 1785 3798 1836 ὲν
3826 1785 3900 1854 τῇ

634 1876 773 1944 qui,
804 1876 933 1930 dum
967 1876 1339 1947 corrigerent,
1373 1875 1621 1947 quaedam
1659 1890 1756 1946 pro
1785 1876 2012 1932 arbitrio
2062 1875 2216 1931 addi-

638 1967 846 2022 derunt
876 1967 958 2022 vel
984 1967 1352 2023 detraxerunt.
1394 1966 1533 2023 Huic
1559 1982 1718 2038 porro
1752 1967 2066 2022 diﬂ‘erentia:
2095 1983 2217 2038 quae

643 2057 703 2113 in
736 2060 1137 2128 exemplaribus
1170 2058 1374 2115 Veteris
1403 2058 1736 2115 Testamenti
1782 2060 2057 2125 occurrit,
2104 2059 2215 2117 Deo

636 2149 866 2220 juvante
911 2151 1211 2205 remedium
1262 2152 1574 2218 attulimus,
1613 2152 1836 2223 reliquis
1883 2151 2211 2208 editionibus

645 2242 733 2294 usi
754 2283 768 2302 ,
817 2251 874 2297 ut
903 2258 970 2297 ex
1002 2242 1069 2298 iis
1105 2242 1373 2313 judicium
1403 2242 1727 2300 faceremus.
1759 2242 1892 2299 Nam
1922 2260 2042 2315 quae
2065 2244 2208 2315 apud

2314 1877 2595 1951 διορθώσει
2637 1877 3069 1950 προστιθέντων,
3112 1878 3144 1949 ἢ
3198 1874 3595 1948 ἀφαιρούντων.
3629 1876 3744 1946 Τὴν
3795 1874 3902 1945 μὲν

2314 1967 2408 2025 οὖν
2438 1974 2497 2024 ὲν
2527 1974 2636 2034 τοῖς
2665 1970 3016 2040 ἀντιγράφοις
3047 1968 3144 2038 τῆς
3178 1968 3412 2031 παλαιᾶς
3458 1965 3723 2038 διαθήκης
3772 1966 3900 2020 δια-

2317 2061 2555 2133 φωνίαν,
2601 2061 2734 2115 Θεοῦ
2772 2061 3004 2124 διδόντος
3036 2059 3268 2132 εὕρομεν
3303 2058 3589 2123 ίάσασθαι,
3622 2056 3904 2131 κριτηρίῳ

2317 2155 2649 2227 χρησάμενοι
2678 2155 2798 2216 ταῖς
2840 2152 3053 2216 λοιπαῖς
3084 2151 3378 2206 ὲκδόσεσιν.
3416 2150 3537 2204 Τῶν
3577 2154 3687 2224 γὰρ
3720 2151 3903 2221 ἀμφι-

2318 2240 2660 2312 ϐαλλομένων
2705 2239 2857 2313 παρὰ
2897 2243 3009 2305 τοῖς
3058 2240 3457 2313 Ἐϐδομήκοντα
3504 2238 3595 2293 διά
3636 2240 3737 2311 τὴν
3788 2238 3902 2293 τῶν

638 2329 786 2385 LXX
804 2330 1127 2404 lnterpretes
1146 2342 1362 2404 propter
1374 2337 1759 2405 exemplarium
1778 2336 2091 2391 varietatem
2110 2336 2213 2392 du-
2315 2332 2348 2386 ἀ

2315 2332 2662 2405 ἀντιγράφων
2700 2332 3018 2403 διαφωνίαν,
3050 2334 3151 2404 τὴν
3178 2334 3359 2404 κρίσιν
3393 2331 3754 2404 ποιησάμενοι
3788 2331 3904 2385 ἀπὸ

646 2422 733 2501 bin
768 2432 945 2492 erant,
980 2440 1011 2480 e
1035 2425 1260 2496 reliquis
1284 2425 1618 2483 editionibus
1655 2429 2017 2483 aestimatione
2044 2427 2214 2495 facta,
2243 2492 2283 2501 ᾳ
2316 2443 2348 2478 τ

2316 2425 2425 2480 τῶν
2454 2425 2653 2479 λοιπῶν
2678 2425 2940 2479 ὲκδόσεων
2960 2464 2974 2489 ,
3008 2424 3070 2479 τὸ
3105 2425 3325 2497 συνᾷδον
3352 2424 3587 2486 ἐκείναις
3625 2421 3903 2492 ἐφυλάξα-

640 2492 768 2582 quae
805 2529 928 2568 cum
971 2514 1079 2572 illis
1126 2492 1520 2573 conveniebant
1562 2521 1920 2585 retinuimus;
1964 2492 2208 2589 quaedam
2243 2492 2287 2548 Β
2319 2536 2348 2590 μ

2319 2534 2417 2590 μεν
2441 2556 2455 2583 ,
2490 2520 2586 2571 καὶ
2613 2516 2734 2571 τινά
2769 2518 2865 2589 μὲν
2891 2492 3232 2588 ὠϐελίσαμεν
3264 2519 3323 2569 ὲν
3365 2514 3444 2586 τῷ
3497 2512 3772 2587 Ἑϐραῖκῷ
3826 2513 3904 2585 μὴ

643 2618 797 2669 vero,
829 2616 1015 2677 utpote
1046 2624 1168 2679 quae
1203 2611 1255 2665 in
1304 2610 1571 2670 Hebraico
1604 2628 1712 2668 non
1738 2619 2013 2669 exstarent
2040 2612 2213 2669 obelis
2316 2628 2348 2665 κ

2316 2610 2563 2682 κείμενα,
2595 2610 2654 2663 οὐ
2685 2609 3051 2681 τολμήσαντες
3071 2608 3212 2663 αὐτά
3245 2607 3419 2679 πάντη
3446 2606 3905 2679 πριελεῖνντινά

640 2698 953 2753 notavimus
974 2740 989 2764 ,
1021 2716 1084 2756 ea
1113 2703 1331 2773 penitus
1363 2704 1579 2761 auferre
1631 2721 1739 2760 non
1784 2706 1936 2769 ausi,
1965 2706 2214 2775 quaedam
2314 2703 2348 2757 δὲ

2314 2703 2372 2757 δὲ
2413 2704 2531 2774 μετ’
2562 2701 2899 2775 ἀστερίσκων
2931 2700 3357 2774 προσεθήκαμεν
3376 2741 3390 2767 ,
3436 2701 3524 2755 ἵνα
3553 2699 3718 2771 δῆλον
3815 2699 3902 2754 ὅτι

642 2796 829 2843 autem
860 2791 966 2845 alia
997 2806 1121 2846 cum
1152 2796 1428 2852 asteriscis
1455 2796 1756 2866 adiecimus
1777 2837 1791 2860 ,
1830 2807 1889 2851 ut
1914 2797 2042 2852 hinc
2075 2798 2215 2851 indi-
2319 2813 2348 2866 μ

2319 2794 2394 2866 μὴ
2427 2795 2655 2865 κείμενα
2685 2793 2834 2865 παρὰ
2865 2797 2978 2858 τοῖς
3013 2793 3415 2865 Ἐὁδομήκοντα
3445 2795 3509 2845 ὲκ
3547 2790 3658 2845 τῶν
3695 2790 3905 2845 λοιπῶν

640 2890 862 2935 aretur
911 2897 1012 2938 nos
1046 2898 1128 2951 ea,
1161 2886 1287 2954 quia
1317 2887 1369 2940 in
1401 2885 1541 2941 LXX
1572 2886 1958 2959 lnterpretibus
1991 2902 2098 2943 non
2133 2904 2218 2944 re-
2316 2887 2348 2939 ὲκ

2316 2886 2587 2941 ὲκδόσεων
2619 2885 2922 2957 συμφώνως
2951 2884 3029 2957 τῷ
3062 2884 3335 2958 Ἐὁραῖκῷ
3362 2884 3807 2958 προσεθήκαμεν.

643 2971 1015 3041 periebantur,
1043 2992 1111 3031 ex
1160 2978 1384 3049 reliquis
1427 2980 1758 3037 editionibus
1807 2990 1867 3036 ut
1906 2981 1960 3035 in
1994 2979 2237 3038 Hebrazo-
3242 3008 3246 3012 '

636 3072 799 3120 erant
825 3064 1110 3137 adjecisse.

2064 3164 2229 3231 Ibidi,
2252 3182 2306 3236 p.
2335 3164 2459 3221 459;

715 3246 869 3313 Quod
922 3250 968 3305 si
1020 3251 1149 3308 dicti
1198 3269 1416 3311 sensum
1462 3268 1713 3315 accurate
1754 3258 1995 3315 ediscere
2039 3260 2205 3325 velis,

2382 3260 2445 3312 El.
2484 3258 2539 3311 δὲ
2576 3258 2637 3311 τὸ
2682 3256 2908 3331 ἀκριϐὲς
2943 3254 3121 3325 βούλει
3150 3254 3342 3325 μαθεῖν
3368 3253 3463 3324 τῆς
3493 3252 3694 3317 λέξεως
3739 3253 3905 3308 ἄκουε

638 3338 772 3393 audi
803 3339 1057 3411 Aquilam
1086 3345 1166 3400 sic
1195 3346 1661 3419 interpretantem.
2194 3361 2201 3367 ’
2333 3353 2347 3374 ’

2333 3351 2556 3405 Ἀκύλου
2589 3349 3044 3423 ὲρμηνεύσαντος.

1547 3440 1695 3512 Orig.
1729 3442 2020 3499 Comment.
2046 3445 2102 3498 in
2125 3442 2311 3511 Joan.,
2343 3442 2501 3498 liuet.
2534 3453 2663 3501 tom.
2688 3444 2754 3512 ll,
2788 3460 2841 3513 p.
2871 3444 2993 3497 151.

714 3545 878 3604 Notat
903 3552 1147 3625 Γέργεσα
1178 3556 1333 3627 lapsu
1362 3560 1618 3629 graphico
1647 3572 1909 3619 mutatum
1940 3565 2108 3621 fuisse
2138 3567 2192 3620 in
2213 3566 2348 3638 Γέρα

2313 3583 2445 3621 ιασαι
2476 3565 2672 3637 Aitque
2695 3565 2939 3634 Γέργεσα
2969 3560 3235 3618 Hebraice
3255 3557 3565 3629 signiﬁcare
3585 3596 3600 3622 ,
3634 3554 3908 3631 παροικία

636 3642 1071 3718 ἐκϐεϐληκότων,
1096 3652 1148 3706 id
1181 3661 1266 3707 est
1288 3653 1547 3709 incolatu:
1569 3656 1911 3726 ejicientium.
1944 3657 2146 3713 Deinde
2172 3658 2250 3713 sic
2274 3673 2348 3729 pel

2313 3658 2446 3729 ergit
2475 3676 2489 3711 :

714 3734 902 3794 Simile
947 3738 1257 3810 frequenter
1304 3758 1543 3801 erratum
1590 3750 1642 3804 in
1693 3750 1809 3820 lege
1840 3761 1894 3804 et
1930 3750 2208 3820 prophetis

2386 3749 2461 3802 Τὸ
2495 3748 2552 3802 δὲ
2597 3749 2784 3820 ὅμοιον
2815 3748 2941 3820 περὶ
2977 3748 3045 3801 τά
3076 3747 3314 3818 ὀνόματα
3350 3743 3578 3815 σφάλμα
3630 3744 3908 3818 πολλαχοῦ

631 3826 785 3883 circa
818 3830 1041 3885 nomina
1073 3831 1255 3889 videre
1278 3844 1362 3890 est
1383 3877 1398 3901 ,
1426 3845 1485 3891 ut
1511 3848 1764 3894 accurate
1792 3838 2117 3893 edidicimus
2140 3837 2209 3891 ab
2313 3859 2345 3895 τ

2313 3840 2407 3895 τοῦ
2424 3840 2597 3912 νόμου
2622 3842 2716 3894 καὶ
2741 3840 2849 3895 τῶν
2878 3838 3172 3912 προφητῶν
3200 3838 3347 3891 ἔστιν
3378 3837 3525 3903 ἰδεῖν,
3549 3836 3627 3901 ὼς
3652 3838 3907 3910 ὴκριὸώ-

640 3918 883 3978 Ηεὺιυαξίε
946 3924 1153 3989 edocti,
1202 3935 1255 3981 et
1306 3938 1492 3984 nostra
1553 3945 1742 3986 eorum
1808 3929 2210 4000 exemplaribus
2238 3964 2279 4020 ε
2317 3950 2348 3986 σ

2317 3949 2491 4005 σαμεν
2521 3933 2630 3987 ἀπὸ
2657 3932 2921 4004 Ἑϐραίων
2958 3932 3250 4003 μαθόντες,
3280 3931 3373 3984 καὶ
3398 3931 3508 3993 τοῖς
3537 3930 3909 4002 ἀντιγράφοις

638 4023 1022 4082 comparantes
1051 4034 1065 4070 :
1092 4031 1214 4087 qua:
1267 4020 1635 4075 testimonium
1668 4022 1867 4077 habent
1905 4021 1974 4076 ab
2019 4020 2211 4075 editio-
2316 4043 2348 4079 α

2316 4025 2494 4079 αὐτῶν
2523 4025 2591 4078 τά
2618 4025 2862 4097 ἡμέτερα
2896 4025 3285 4096 συγκρίναντες
3337 4021 3769 4094 μαρτυρηθεῖσιν
3801 4023 3910 4077 ύπδ

639 4105 830 4170 nibus,
878 4109 1120 4163 nondum
1165 4109 1505 4181 depravatis,
1537 4113 1777 4184 Aquilae,
1816 4112 2131 4185 Symmachi
2156 4120 2215 4167 et
2316 4136 2348 4171 τ

2316 4117 2424 4171 τῶν
2473 4116 2696 4188 μηδέπω
2727 4114 3160 4188 διαστραφεισῶν
3192 4113 3459 4169 ὲκδόσεων
3509 4112 3777 4181 Ἀκύλου,
3811 4115 3909 4169 καὶ

638 4191 1053 4253 Theodotionis.
1754 4232 1757 4235 ν
2315 4202 2348 4256 ε

2315 4202 2674 4266 Θεοδοτίωνος
2702 4205 2795 4257 καὶ
2824 4204 3139 4276 Συμμάχου.

1710 4296 1925 4367 Origen.
1957 4297 2015 4350 in
2046 4297 2292 4363 Cantica,
2317 4298 2444 4352 edit.
2473 4296 2817 4354 Genebrardi.

612 4412 632 4460 φ,
706 4379 905 4451 Aquila
926 4381 1250 4442 Hebraicam
1277 4389 1587 4458 exprimens
1621 4392 1929 4445 veritatem.

1484 4481 1697 4552 Origen.
1722 4483 1875 4552 epist.
1902 4482 1972 4535 ad
1996 4483 2310 4553 Africanum
2338 4482 2467 4537 edit.
2502 4481 2782 4548 Wetsten.,
2814 4499 2866 4553 p.
2897 4482 3025 4538 2‘24.

707 4586 800 4643 Sic
824 4588 967 4644 enim
1004 4591 1221 4661 Aquila,
1254 4590 1530 4648 llebraicae
1559 4593 1785 4659 lectioni,
1822 4594 2069 4650 serviens
2095 4594 2213 4648 edi-

2386 4594 2540 4648 Οὕτω
2581 4594 2688 4666 γὰρ
2730 4595 2959 4659 Ἀκύλας
2998 4594 3263 4649 δουλεύων
3312 4597 3377 4667 τῇ
3432 4595 3698 4670 Ἐὁραῖκῇ
3726 4576 3730 4580 ”
3759 4598 3905 4668 λέξει

634 4678 764 4735 dit:
802 4696 963 4751 quem
1000 4680 1172 4738 Judaei
1224 4684 1637 4740 accuratissime
1689 4685 1935 4739 omnium
1985 4683 2216 4740 credunt
2309 4689 2348 4739 ἐπ

2313 4687 2604 4741 ἐκδέδωκεν
2630 4687 2819 4752 εἰπών,
2844 4688 3250 4760 φιλοτιμότερον
3283 4688 3717 4762 πεπιστευμένος
3751 4696 3907 4768 παρὰ

636 4770 1050 4842 interpretatum
1085 4791 1205 4831 esse
1252 4774 1588 4847 Scripturam
1621 4794 1634 4831 :
1669 4793 1779 4848 quo
1839 4777 2078 4832 maxime
2134 4776 2211 4829 uti
2321 4780 2348 4831 ’1

2321 4778 2594 4843 Ἰουδαίοις
2638 4780 3044 4852 ἠρμηνευκέναι
3096 4780 3195 4852 τὴν
3244 4782 3501 4855 Γραφὴν,
3659 4785 3903 4857 μάλιστα

636 4864 818 4919 solent
861 4867 953 4936 qui
1000 4866 1321 4926 Hebraicam
1371 4871 1664 4926 dialectum
1703 4871 1989 4941 ignorant,
2023 4877 2209 4938 utpote
2284 4866 2348 4941 γει

2313 4863 2559 4920 εἰώθασιν
2589 4868 2637 4920 οἱ
2667 4867 2988 4934 ἀγνοοῦντες
3022 4868 3123 4939 τὴν
3158 4868 3423 4941 Ἐϐραίων
3452 4871 3741 4929 διάλεκτον
3765 4877 3905 4948 χρῆ-

636 4958 731 5027 qui
774 4960 1020 5016 omnium
1063 4964 1299 5018 maxime
1342 4979 1562 5019 sensum
1616 4972 1901 5019 assecutus
1938 4977 2061 5017 esse
2110 4976 2210 5030 pu-
2315 4974 2348 5009 σ

2315 4954 2459 5020 σθαι,
2491 4957 2567 5022 ὠς
2598 4959 2814 5013 πάντων
2849 4955 3051 5031 μᾶλλον
3078 4962 3539 5035 ὲπιτετευγμένῳ.

640 5060 801 5106 tetur.
920 5056 926 5061 ’

1846 5148 1995 5219 Orig.
2023 5147 2093 5202 ad
2116 5144 2453 5215 Africanum,
2483 5158 2536 5211 ρ.
2566 5140 2691 5197 226.

704 5259 943 5318 Rursum
992 5266 1228 5335 plurima
1278 5280 1377 5337 per
1424 5267 1664 5324 medium
1701 5276 1873 5323 totum
1915 5265 2019 5321 Job
2063 5266 2203 5336 apud
2238 5267 2283 5321 Ι)

2381 5259 2550 5314 Πάλιν
2581 5277 2639 5313 τε
2671 5254 2738 5314 αὖ
2774 5261 2999 5314 πλεῖστα
3038 5261 3141 5315 ὅσα
3167 5262 3257 5317 διὰ
3291 5263 3457 5333 μέσου
3487 5264 3609 5318 ὅλου
3635 5264 3759 5319 τού
3781 5265 3905 5322 ’1ὥὸ

637 5352 896 5411 llebrzeos
919 5358 1095 5426 posita
1124 5360 1491 5429 reperiuntur,
1524 5377 1631 5417 non
1660 5361 1787 5416 item
1815 5361 1956 5432 apud
1982 5376 2102 5428 nos,
2132 5362 2209 5414 in-
2310 5370 2348 5406 π

2313 5354 2441 5424 παρ’
2475 5351 2746 5422 Ἑϐραίοις
2791 5350 2889 5423 μὲν
2922 5355 3128 5407 κεῖται·
3175 5355 3305 5426 παρ’
3342 5357 3477 5426 ἡμῖν
3515 5355 3575 5409 δὲ
3613 5357 3907 5428 οὐχὶ,.καὶ

636 5439 852 5495 terdum
888 5445 1332 5512 quatuordecim,
1352 5447 1479 5501 alibi
1497 5449 1895 5518 novemdecim,
1913 5452 2207 5523 aliquando

631 5531 907 5586 sexdecim
946 5534 1222 5590 versiculi.
1269 5536 1335 5591 Et
1359 5538 1488 5607 quid
1522 5549 1735 5609 oportet
1781 5557 1865 5597 me
1906 5545 2020 5599 lure
2068 5560 2206 5598 enu-

638 5640 873 5692 merare,
904 5643 1025 5698 qua:
1053 5631 1224 5685 multo
1254 5632 1438 5689 labore
1467 5634 1807 5705 collegimus,
1841 5654 1908 5692 ne
1942 5639 2203 5723 nos,late-

643 5726 723 5770 n't
754 5718 1081 5785 discrimen,
1111 5724 1255 5792 quod
1291 5725 1431 5781 inter
1459 5724 1694 5784 Judaica.
1720 5738 1771 5785 et
1801 5740 1979 5785 nostra
2024 5718 2208 5787 ciem-

644 5806 813 5878 plaria
844 5808 1141 5866 intercedit.

2310 5443 2569 5507 πολλάκις
2612 5445 2710 5514 μὲν
2754 5446 2847 5499 ἐπὶ
2878 5445 3119 5518 τέσσαρα
3154 5448 3186 5518 ἢ
3220 5448 3380 5520 τρία·
3427 5448 3540 5501 ἐσθ’
3569 5449 3659 5502 ὅτε
3702 5450 3764 5503 δὲ
3807 5451 3906 5505 καὶ

2308 5534 2715 5605 δεκατέσσαρα,
2751 5536 2844 5588 καὶ
2871 5535 3164 5592 δεκαεννέα
3202 5538 3297 5590 καὶ
3348 5537 3562 5603 δεκαέξ.
3596 5538 3710 5593 Καὶ
3742 5540 3797 5594 τί
3834 5557 3906 5613 με

2310 5627 2391 5680 δεῖ
2410 5625 2732 5693 καταλέγειν
2754 5625 2790 5680 ἀ
2820 5626 2958 5697 μετά
2991 5628 3185 5683 πολλοῦ
3218 5629 3469 5701 καμάτου
3495 5629 3900 5705 ἀνελεξάμεθα.

2315 5719 2454 5788 ὑπὲρ
2484 5717 2577 5771 τοῦ
2606 5717 2679 5789 μὴ
2707 5718 2990 5773 λανθάνειν
3013 5723 3161 5793 ἡμᾶς
3186 5723 3282 5791 τὴν
3309 5722 3573 5795 διαφορὰν
3603 5724 3715 5782 τῶν
3746 5728 3904 5797 παρὰ.

2331 5809 2598 5873 Ἰουδαίοις
2627 5811 2721 5863 καὶ
2751 5812 2880 5883 ἡμῖν
2910 5812 3275 5886 ἀντιγράφων.
