4052 6388
692 380 795 436 H7

2046 397 2565 461 PRAELIMINARIA

3839 427 3932 484 ιεε

686 513 813 557 nam
847 519 877 558 a
927 504 1079 560 nobis
1110 507 1176 561 de
1207 509 1484 568 Altissimo
1525 529 1589 570 ac
1632 514 1699 570 de
1729 515 1963 574 Domino
2008 519 2260 574 traditam

2376 521 2632 590 ’Υψξστηυ
2668 525 2759 578 καὶ
2809 527 2936 597 περὶ
2977 526 3070 581 τοῦ
3119 531 3322 602 Κυρίου
3371 535 3765 606 ἀποδεδομένον
3804 540 3934 612 ἡμῖν

683 607 993 666 suspectam
1020 599 1300 658 habentes.

2364 614 2558 686 δόγμα.

2125 707 2268 762 Ibid.
2297 726 2351 776 ρ.
2383 709 2470 766 86.

754 781 1065 843 Admodum
1101 791 1422 850 mirabiliter
1453 794 1834 868 Symmachus.

2437 809 2647 881 Σφόδρα
2683 811 3010 882 θαυμαστῶς
3039 816 3066 867 ὁ
3101 814 3412 886 Σύμμαχος.

2123 894 2266 950 Ibid.
2289 899 2490 968 p.199.

751 969 1069 1033 Mirabiliter
1097 980 1480 1052 interpretatus
1506 995 1588 1043 est
1620 985 2002 1058 Symmachus.

2195 1087 2338 1143 Ibid.

751 1157 1053 1223 Theodotio
1110 1171 1204 1241 qui
1248 1188 1478 1231 numero
1534 1177 1934 1235 accuratiorem
1984 1181 2256 1253 interpre-

678 1256 795 1306 tum
824 1265 908 1311 est

2444 998 2814 1070 Ἥρμήνευσεν
2845 1001 3172 1073 θαυμαστῶς
3199 1004 3227 1055 ὁ
3260 1002 3580 1075 Σύμμαχος.

2430 1188 2539 1240 Καὶ
2568 1190 2596 1242 ὁ
2630 1189 2920 1244 Θεοδοτίων
2951 1191 3029 1255 δὲ,
3068 1185 3148 1255 εἷς
3180 1192 3275 1247 καὶ
3319 1192 3479 1258 αὐτὸς
3509 1193 3618 1249 τῶν
3662 1195 3934 1268 ἐπιμελέις

2359 1282 2809 1354 ἑρμηνευσάντων
2837 1286 3139 1355 τυγχάνων.

1526 1382 1879 1456 Hieronymus
1918 1388 2146 1462 Prologo
2171 1393 2223 1446 in
2255 1392 2515 1463 Genesim,
2550 1398 2702 1450 initio
2735 1399 2893 1467 primi
2918 1400 3066 1452 tomi.

745 1456 899 1524 Quod
933 1472 990 1516 ut
1021 1467 1295 1536 auderem,
1329 1471 1580 1544 Origenis
1613 1491 1698 1530 me
1721 1480 1960 1534 studium
1986 1456 2249 1551 provoca-

675 1552 773 1617 vit,
799 1555 892 1623 qui
929 1558 1153 1614 editioni
1191 1565 1429 1634 antiquae
1469 1569 1879 1625 translationem
1914 1571 2246 1631 Theodotio-

672 1643 758 1697 nis
791 1646 1032 1713 miscuit,
1071 1654 1330 1709 asterisco
1373 1660 1438 1726 ἓ(
1469 1670 1521 1713 et
1563 1661 1720 1717 obelo
1749 1678 1833 1730 πε,
1879 1665 1928 1719 id
1960 1675 2042 1721 est
2077 1668 2232 1722 stella

670 1742 724 1788 et
768 1752 922 1802 veru.
972 1758 1110 1812 opus
1143 1751 1307 1802 omne
1332 1749 1670 1822 distinguens
1697 1771 1715 1808 ἓ
1756 1757 1885 1812 dum
1937 1767 2031 1814 aut
2061 1761 2249 1817 illuce-

670 1842 827 1884 scere
875 1829 1006 1888 facit
1033 1853 1154 1906 qua:
1186 1840 1370 1898 minus
1406 1856 1531 1900 ante
1564 1846 1813 1915 fuerant;
1852 1860 1947 1906 aut
1977 1854 2247 1922 superﬂua

2356 1489 2411 1542 in
2461 1490 2664 1544 nostris
2709 1491 2988 1545 codicibus
3035 1505 3143 1545 non
3180 1491 3470 1560 habentur,
3509 1500 3569 1547 ut
3616 1503 3702 1548 est
3752 1493 3926 1548 illud:

2357 1579 2442 1632 Ea:
2467 1580 2700 1650 Egypto
2728 1583 2902 1634 vocavi
2927 1581 3127 1635 Filium
3158 1599 3346 1649 meum,
3367 1595 3419 1637 et
3437 1602 3449 1638 :
3469 1587 3722 1654 quoniam
3746 1584 3930 1640 Naza-

2356 1689 2492 1726 razus
2519 1673 2810 1738 vocabitur,
2834 1681 2922 1728 et:
2960 1673 3215 1727 Videbunt
3241 1675 3292 1728 in
3316 1692 3466 1745 quem
3489 1687 3926 1746 rontpunxerunt,

2355 1774 2442 1818 et:
2479 1763 2733 1818 Flumina
2767 1765 2830 1818 de
2861 1778 3032 1820 ventre
3072 1765 3184 1834 ejus
3235 1767 3398 1835 fluent
3451 1785 3602 1838 aqua
3645 1770 3797 1834 viva,
3838 1781 3924 1825 et:

2354 1873 2470 1926 qua:
2497 1873 2586 1910 nec
2617 1857 2798 1910 oculus
2843 1858 2994 1922 vidit,
3044 1875 3134 1912 nec
3178 1860 3324 1913 auris
3355 1860 3579 1926 audivit,
3617 1879 3710 1916 nec
3755 1864 3811 1916 in
3844 1880 3930 1916 cor

667 1933 899 1990 Quaeque
918 1925 1132 1997 jugulat
1165 1942 1219 1986 et
1265 1935 1528 2000 confodit,
1559 1941 1794 1995 maxime
1818 1958 1939 2012 quae
1979 1920 2250 2016 evangeli-
2280 1920 2322 1975 Β
2353 1920 2579 2003 Itaminis
2607 1920 3118 2022 ascenderunt,iq_ua:
3141 1955 3458 2023 praeparavit
3489 1920 3628 2009 Deus
3657 1955 3928 2027 diligenti-

669 2020 876 2068 starum
917 2027 970 2071 et
1012 2025 1380 2090 apostolorum
1414 2031 1711 2087 auctoritas
1752 2037 2156 2107 promulgavit;
2191 2039 2245 2094 in

668 2105 870 2172 quibus
914 2113 1085 2167 multa
1125 2115 1192 2170 de
1236 2115 1415 2172 Veteri
1453 2119 1804 2180 Testamento
1841 2105 2093 2197 legimus,
2125 2147 2248 2200 qua:

2355 2045 2449 2098 bus
2483 2062 2557 2117 se,
2586 2057 2691 2100 etc.

2159 2246 2225 2301 Et
2263 2247 2446 2317 infra:

737 2337 804 2393 Et
830 2343 1016 2399 nescio
1049 2347 1173 2416 quis
1209 2350 1419 2418 primus
1467 2364 1662 2410 auctor
1694 2355 2045 2430 Septuaginta
2077 2364 2247 2418 cellu-

663 2428 745 2486 las
797 2431 1139 2494 Alexandria!
1191 2445 1474 2501 mendacio
1519 2463 1622 2502 suo
1661 2455 2008 2518 exstruxerit,
2047 2456 2246 2524 quilus

663 2523 822 2580 divisi
867 2529 1054 2584 eadem
1088 2535 1487 2606 scriptitarcnt,
1521 2557 1646 2596 cum
1688 2544 1952 2602 Aristaeus
2001 2523 2244 2617 ejusdem

661 2611 935 2674 Ptolemzei
964 2624 1400 2702 ὑπερασπιστὴς,
1427 2643 1477 2686 et
1513 2635 1686 2690 multo
1717 2647 1838 2706 post
1873 2611 2112 2709 tempere
2151 2640 2246 2695 Jo-

661 2710 886 2778 Sephus,
918 2713 1055 2769 nihil
1096 2719 1202 2772 tale
1244 2723 1569 2780 retulerint:
1621 2730 1714 2783 sed
1765 2729 1818 2783 in
1864 2748 1971 2786 una
2021 2732 2246 2787 basilica

662 2813 1043 2874 congregatos,
1072 2813 1369 2869 contulisse
1413 2818 1672 2884 scribant,
1708 2837 1812 2875 non
1862 2825 2238 2892 prophetasse.

659 2889 822 2946 Aliud
854 2905 936 2949 est
980 2898 1124 2953 enim
1161 2912 1361 2970 vatem,
1397 2906 1542 2961 aliud
1592 2925 1712 2964 esse
1747 2889 2116 2982 interpretem.
2164 2914 2238 2968 lbi

660 2983 884 3052 spiritus
916 2999 1142 3046 ventura
1174 2999 1450 3064 praedicit;
1489 3001 1576 3056 hic
1601 3003 1837 3058 eruditio
1863 3013 1918 3059 et
1947 3008 2238 3061 verborum

2348 2367 2524 2435 copia,
2557 2381 2620 2420 ea
2645 2381 2768 2437 qua:
2793 2366 3062 2437 intelligit,
3102 2368 3374 2425 transfert.
3403 2370 3516 2427 Nisi
3551 2372 3696 2430 forte
3721 2386 3921 2446 putan-

2350 2457 2453 2512 dus
2479 2466 2564 2513 est
2592 2458 2802 2513 Tullius
2833 2458 3243 2514 (Economicum
3277 2460 3677 2532 Xenophontis,
3717 2477 3772 2522 et
3810 2468 3929 2523 Pla-

2348 2548 2492 2602 tonis
2539 2547 2910 2619 Protagoram,
2938 2561 2991 2604 et
3026 2549 3405 2607 Demosthenis
3438 2571 3532 2623 pro
3564 2555 3923 2627 Ctesiphonte,

2349 2639 2560 2696 alllatus
2612 2641 2886 2696 rhetorico
2934 2642 3128 2711 spiritu
3190 2646 3553 2700 transtulisse.
3613 2649 3725 2703 Aut
3773 2651 3926 2705 aliter

2347 2733 2413 2787 de
2440 2733 2642 2787 eisdem
2679 2734 2830 2789 libris
2853 2748 2949 2804 per
2983 2734 3352 2808 Septuaginta,
3387 2740 3542 2794 aliter
3566 2755 3664 2810 per
3703 2753 3927 2812 aposto-

2348 2824 2430 2878 los
2463 2821 2697 2893 Spiritus
2727 2833 2950 2879 sanctus
2979 2826 3284 2881 testimonia
3317 2827 3517 2894 texuit;
3551 2840 3608 2882 ut
3651 2829 3802 2900 quod
3851 2829 3925 2883 illi.

2347 2923 2657 2982 tacuerunt,
2695 2916 2748 2970 hi
2778 2916 3038 2986 scriptum
3071 2933 3190 2973 esse
3233 2920 3440 2974 mentiti
3471 2923 3597 2976 sint.

1418 3121 1772 3196 Hieronymus
1817 3127 2144 3198 Prwfatione
2170 3131 2223 3184 in
2250 3129 2442 3184 librum
2463 3128 2644 3194 Iosue,
2668 3129 2768 3183 col.
2799 3129 2927 3192 247,
2954 3138 3078 3181 tom.
3114 3126 3154 3180 1.

729 3199 791 3255 Et
822 3212 882 3257 ut
912 3205 966 3260 in
1010 3208 1220 3277 primis,
1251 3214 1395 3282 quod
1447 3233 1586 3286 stupe
1635 3229 1864 3276 testatus
1903 3236 2050 3290 sum,
2097 3225 2234 3281 sciat
2261 3233 2302 3288 C
2335 3225 2664 3292 delectant),
2706 3234 2764 3277 ut
2801 3239 2900 3293 pro
2954 3223 3266 3277 Graecorum
3310 3222 3610 3287 Ἐξαπλοῖς,
3682 3241 3812 3294 qtne
3869 3235 3922 3282 et

657 3305 746 3348 me
793 3310 898 3350 non
937 3298 990 3352 in
1033 3303 1511 3370 reprehensionem
1545 3320 1784 3364 veterum
1837 3328 1976 3366 nova
2009 3314 2232 3380 cudere,

655 3381 797 3436 sicut
829 3385 990 3442 amici
1028 3392 1133 3444 mei
1185 3392 1584 3450 criminantur:
1630 3400 1723 3454 sed
1770 3416 1869 3470 pro
1906 3403 2046 3456 virili
2087 3412 2238 3472 parte

654 3473 850 3532 olferre
882 3479 1077 3551 lingua:
1107 3500 1240 3540 mea:
1275 3486 1588 3544 hominibus
1623 3492 1782 3562 (quos
1829 3505 2012 3549 tamen
2045 3507 2232 3552 nostra

2190 3593 2314 3648 Ibid

2341 3328 2560 3384 sumptu
2594 3325 2646 3370 et
2694 3317 2881 3370 labore
2924 3315 3162 3369 maxime
3196 3315 3455 3385 indigent,
3485 3315 3790 3371 editionem
3825 3333 3924 3375 no-

2345 3415 2513 3462 stram
2555 3407 2811 3462 habeant.

726 3665 906 3732 Quare
939 3669 1178 3740 Danielis
1207 3677 1362 3746 juxta
1391 3677 1781 3740 Theodotionis
1813 3690 2223 3745 translationem
2264 3689 2520 3745 Ecclesia:
2548 3696 2931 3759 susceperunt.

1150 3798 1298 3854 Idem
1333 3804 1386 3855 in
1422 3803 1748 3875 Prwfatione
1774 3809 1837 3864 de
1862 3814 2102 3866 omnibus
2127 3814 2278 3868 libris
2314 3812 2514 3866 Veteris
2561 3811 2902 3875 Testamenti,
2928 3825 2979 3879 p.
3005 3808 3135 3874 517,
3173 3818 3310 3862 tomo
3346 3805 3396 3863 I.

727 3909 1051 3970 Samaritani
1101 3922 1262 3974 etiam
1304 3921 1733 3983 Pentateuchum
1772 3930 1943 4003 Moysi
1997 3935 2222 3991 totidem

653 3996 849 4056 litteris
896 4005 1222 4075 scriptitarit,
1257 4011 1443 4082 ﬁguris
1475 4026 1683 4072 tantum
1719 4028 1772 4075 et
1809 3996 2059 4092 apicibus
2108 4025 2230 4080 dis-

654 4101 957 4160 crepantes.
1017 4096 1346 4171 Certumque
1379 4116 1462 4160 est
1495 4106 1718 4164 Esdram
1766 4114 2022 4178 scribam,
2065 4116 2227 4188 legis-

651 4195 757 4249 que
784 4181 1082 4251 doctorem,
1116 4200 1237 4256 post
1264 4205 1473 4262 captam
1500 4195 1916 4272 Jerosolymam,
1945 4215 1998 4260 et
2025 4207 2229 4261 instau-

648 4274 913 4329 rationem
944 4280 1124 4348 templi
1155 4283 1257 4337 sub
1299 4283 1619 4354 Zorobabcl,
1653 4292 1787 4348 alias
1831 4296 2040 4353 litteras
2075 4315 2224 4369 repe-

645 4366 784 4420 risse
809 4368 1009 4435 quibus
1036 4387 1180 4428 nunc
1210 4375 1432 4441 utimur,
1459 4396 1581 4433 cum
1613 4383 1678 4437 ad
1713 4386 1844 4440 illud
1880 4405 2052 4459 usque
2084 4400 2221 4445 tem-

645 4471 747 4524 pus
783 4455 946 4512 iidem
979 4458 1449 4552 Samaritanorum
1474 4479 1528 4523 et
1557 4468 1910 4529 Hebraeorum
1943 4455 2222 4532 characte-

2328 3951 2416 3990 res
2444 3935 2664 3988 fuerint.
2697 3935 2756 3986 ln
2805 3932 2945 3986 libro
2989 3946 3209 4002 quoque
3255 3926 3776 3984 Numerorumhzec
3824 3944 3916 3983 ea-

2329 4028 2449 4082 dem
2509 4025 2842 4094 supputatio,
2899 4024 3001 4079 sub
3062 4022 3372 4077 Levitarum
3435 4030 3489 4074 et
3557 4022 3914 4076 sacerdotmn

2329 4133 2514 4182 sensu,
2544 4117 2772 4188 mystice
2802 4115 3127 4171 ostenditur.
3167 4113 3232 4168 Et
3264 4128 3459 4168 nomen
3488 4111 3708 4166 Domini
3747 4122 3920 4167 tetra-

2328 4219 2672 4280 grammaton
2728 4210 2780 4262 in
2843 4207 3170 4277 quibusdam
3239 4204 3442 4260 Graecis
3503 4203 3912 4269 voluminibus,

2329 4319 2505 4373 usque
2561 4302 2721 4356 hodie
2780 4301 3022 4371 antiquis
3072 4312 3386 4369 expressum
3440 4297 3639 4352 litteris
3698 4297 3918 4352 iuveni-

2329 4410 2472 4449 mus.

1475 4565 1624 4622 Idem
1651 4569 1976 4642 Prwfatione
2008 4577 2063 4629 in
2089 4576 2282 4630 librum
2314 4575 2501 4642 Isaiae,
2532 4577 2633 4633 col.
2664 4577 2802 4641 474,
2835 4587 2960 4629 tom.
2996 4574 3036 4629 l.

718 4643 785 4702 Ut
811 4652 1084 4718 quomodo
1112 4652 1282 4710 Grzeci
1317 4667 1439 4727 post
1470 4659 1610 4715 LXX
1636 4662 2035 4734 Translatores,
2065 4669 2224 4738 Aqui-
2255 4672 2298 4726 Ι)
2327 4669 2606 4723 collationt
2669 4685 2859 4726 eorum
2912 4667 3255 4738 intelligant:
3311 4666 3390 4719 sic
3444 4673 3495 4718 et
3557 4663 3644 4718 isti
3707 4665 3914 4720 saltem

645 4739 752 4794 lam
795 4751 847 4794 et
899 4741 1285 4812 Symmachum
1321 4761 1376 4804 et
1407 4751 1835 4812 Theodotionem
1880 4760 2085 4830 legunt,
2137 4760 2218 4815 vel

645 4832 716 4888 ob
749 4835 988 4889 studium
1043 4839 1302 4898 doctrina:
1349 4860 1480 4912 suae,
1515 4848 1599 4902 vel
1642 4861 1699 4903 ut
1745 4849 1885 4903 LXX
1938 4853 2113 4918 magis
2153 4869 2217 4907 ex

2327 4775 2494 4814 unum
2561 4772 2686 4826 post
2742 4760 2956 4831 priores
3013 4760 3212 4814 habere
3276 4755 3564 4826 dignentur
3627 4755 3912 4828 interpre-

2327 4861 2453 4906 tem.

1526 4961 1876 5033 Hieronymus
1919 4962 2245 5033 Prwfatione
2268 4966 2324 5018 in
2357 4963 2480 5031 Job,
2505 4966 2606 5020 col.
2641 4965 2767 5030 595,
2801 4975 2926 5018 tom.
2965 4963 3005 5020 ι.

709 5063 886 5137 Cagor
928 5083 1022 5137 per
1052 5071 1296 5142 singulos
1343 5074 1638 5146 Scriptura:
1680 5079 1875 5133 divina:
1901 5079 2070 5134 libros
2117 5080 2213 5134 ad-

638 5162 1004 5217 versariorum
1052 5168 1382 5235 reSpondere
1413 5171 1735 5237 maledictis,
1768 5177 1858 5241 qui
1892 5172 2212 5240 interpreta-

640 5248 838 5304 tionem
887 5267 1087 5322 meam,
1124 5258 1604 5326 reprehensionem
1651 5261 2001 5331 Septuaginta
2037 5261 2208 5317 luter-

637 5351 844 5410 pretum
881 5345 1242 5402 criminantur
1274 5349 1348 5419 (a)
1376 5369 1387 5404 :
1415 5353 1573 5420 quasi
1604 5369 1708 5406 non
1739 5363 1793 5406 et
1819 5352 1959 5420 apud
1989 5352 2210 5409 Graecos

635 5431 852 5503 Aquila,
889 5435 1272 5507 Symmachus,
1321 5452 1374 5496 et
1407 5424 1728 5508 Theodotio,
1773 5445 1855 5497 vel
1906 5445 2130 5498 verbum
2179 5462 2208 5500 e

634 5525 799 5579 verbo
845 5528 925 5580 vel
972 5543 1192 5584 sensum
1221 5548 1250 5585 e
1282 5548 1467 5599 sensu,
1501 5536 1582 5588 vel
1619 5552 1686 5590 ex
1724 5545 1954 5604 utroque
1982 5538 2208 5590 commi-

638 5624 802 5674 stum.
855 5629 908 5670 et
961 5623 1135 5677 medic
1189 5632 1542 5691 temperatum
1603 5643 1776 5693 genus
1832 5627 2207 5682 translationis

2319 5079 2706 5148 expresserim,
2756 5087 2810 5132 et
2856 5079 3038 5132 omnia
3083 5075 3292 5132 Veteris
3333 5075 3690 5131 lnstrumenti
3741 5079 3910 5132 voln-

2319 5171 2464 5224 mina
2490 5169 2750 5239 Origenes
2776 5168 2948 5222 obelis
2975 5155 3361 5238 asteriseisque
3393 5167 3732 5231 distinxerit,
3765 5185 3916 5240 quos

2319 5262 2400 5316 vel
2433 5262 2647 5316 additos
2694 5259 2775 5312 vel
2819 5258 2886 5312 de
2932 5256 3303 5311 Theodotione
3354 5265 3627 5324 sumptos,
3664 5261 3914 5314 transla-

2318 5359 2452 5413 tioni
2484 5359 2718 5426 antiqua:
2741 5353 2994 5416 inseruit,
3026 5351 3262 5420 probans
3291 5348 3527 5403 defuisse
3552 5351 3702 5418 quod
3754 5353 3914 5406 addi-

2317 5463 2430 5506 tum
2475 5459 2577 5504 est.
2619 5449 2842 5503 Discant
2887 5445 3051 5515 igitur
3088 5445 3482 5498 obtrectatores
3513 5441 3622 5495 mei
3650 5444 3910 5514 recipere

2317 5543 2370 5596 in
2402 5551 2534 5606 toto,
2561 5543 2700 5612 quod
2731 5542 2784 5594 in
2813 5539 3060 5610 partibus
3088 5544 3463 5606 susceperunt,
3503 5544 3602 5589 aut
3634 5536 3893 5608 interpre

2317 5633 2572 5687 tationem
2608 5648 2780 5686 meam
2830 5645 2952 5685 cum
2986 5630 3261 5685 asteriscis
3291 5628 3408 5684 suis
3450 5628 3662 5682 radere.
3713 5628 3915 5706 Neque

708 5781 785 5848 (α)
825 5781 880 5835 Id
917 5787 1128 5854 repetit,
1178 5788 1330 5843 Auol.
1382 5791 1628 5847 adrersus
1667 5793 1817 5863 Rufi,
1864 5797 1954 5852 lib.
1997 5815 2056 5866 ιι,
2101 5799 2203 5854 col.
2249 5799 2369 5854 4‘29.
