4052 6388
126 227 212 281 129
1512 240 1580 296 IN
1621 238 1938 294 HEXAPLA
1973 239 2320 296 ORIGENIS.
3441 254 3543 308 130

121 348 250 400 enim
281 344 401 399 ﬁeri
438 354 680 414 Ροιεειν
731 359 810 406 ιιι
844 368 1037 423 quos
1082 359 1248 428 plura
1282 359 1636 414 intermisisse
1670 375 1847 415 susce-
1876 368 1922 423 Α
1951 375 2066 416 eos.
2110 359 2380 416 Craterum
2418 363 2564 433 apud
2613 363 2857 434 Latinos,
2893 376 3019 424 ante
3061 383 3179 424 eam
3225 369 3541 427 translatio-

121 442 300 513 perint,
347 455 467 493 non
529 442 817 498 eosdem
888 449 1101 505 etiam
1155 453 1212 505 in
1264 453 1585 522 quibusdam
1639 468 1854 507 errasse
1955 468 2104 518 nem,
2131 469 2296 520 quam
2326 456 2428 510 sub
2460 457 2741 512 asteriscis
2764 468 2818 513 et
2848 461 3020 516 obelis
3045 479 3218 533 nuper
3248 465 3539 529 edidimus,

122 534 403 594 fateantur,
465 533 821 601 pmcipue
871 536 946 590 in
1001 535 1172 593 Job:
1227 541 1314 594 cui
1368 539 1413 594 si
1467 554 1531 592 ea
1575 554 1696 608 qua:
1747 537 1852 620 sub
1954 546 2278 614 septingenti
2321 545 2492 602 ferme
2542 557 2635 602 aut
2669 550 2962 620 octingenti
2995 569 3185 609 versus
3216 555 3446 620 desunt;
3481 568 3541 612 nt

123 625 382 680 asteriscis
408 621 636 678 addita
677 637 853 681 sunt.
893 630 1306 698 subtraxeris,
1337 647 1460 701 pars
1484 632 1720 684 maxima
1751 645 1853 684 νο·
1953 637 2272 694 decurtatus
2314 649 2368 694 et
2397 640 2670 696 laceratus
2713 658 3089 715 corrosusque
3131 648 3287 714 liber,
3323 649 3540 706 foedita-

123 716 325 773 luminis
352 716 917 786 detruncabitur,
958 731 1034 778 et.
1073 724 1189 780 hoc
1235 725 1497 780 duntaxat
1525 723 1667 794 apud
1701 722 1851 780 (ἔταξε
1951 737 2059 782 tem
2099 730 2185 784 sui
2211 730 2427 800 publice
2453 733 2758 803 legentibus
2794 739 3050 806 praebeat.

1749 819 1820 874 Et
1846 822 1988 892 infra
2019 841 2036 878 :

181 910 393 965 liemini
439 925 548 966 me
606 912 702 967 ob
763 913 1265 988 intelligentiam
1319 917 1479 986 hujus
1528 917 1846 983 voluminis,
1955 921 2121 976 misse
2145 923 2387 979 nummis
2416 942 2428 978 :
2461 925 2620 995 cujus
2663 925 2910 980 doctrina
2942 941 3010 979 an
3040 926 3248 998 aliquid
3290 927 3537 999 profece-

125 1006 394 1076 Lyddaeum
444 1007 828 1076 quemdam
908 1019 1364 1080 praeceptorem,
1411 1010 1504 1081 qui
1560 1011 1702 1080 apud
1746 1009 1852 1066 lle-
1957 1014 2086 1077 rim,
2129 1015 2336 1071 nescio.

127 1101 275 1154 imos
303 1098 546 1168 primus
609 1100 870 1156 haberi
927 1104 1283 1172 putabatur,
1319 1118 1426 1158 non
1473 1103 1655 1173 parvis
1698 1104 1854 1156 rede-

1758 1223 1824 1278 Et
1857 1223 2000 1294 infra
2025 1239 2043 1276 :

180 1337 323 1405 Quod
356 1339 408 1394 si
444 1338 622 1408 apud
668 1339 995 1408 Grmcos,
1043 1352 1178 1412 post
1210 1341 1346 1396 LXX
1391 1341 1707 1404 editionem.
1731 1343 1844 1414 jam
1953 1343 2150 1398 bentur
2181 1343 2324 1414 apud
2359 1343 2650 1408 Ecclesias,
2684 1353 2733 1399 et
2779 1348 3139 1413 explanantur
3171 1344 3238 1399 ab
3277 1345 3530 1400 ecclesia-

127 1431 298 1486 Christi
342 1429 710 1502 Evangelio
747 1446 1179 1498 coruscante,
1211 1435 1428 1489 .ludzeus
1451 1435 1665 1504 Aquila,
1696 1436 1848 1508 Sym-
1955 1435 2106 1492 sticis
2138 1437 2310 1492 viris:
2353 1447 2558 1506 quanto
2592 1438 2766 1508 magis
2805 1454 2906 1508 ego
2954 1436 3321 1499 Christianus,
3371 1443 3426 1490 et
3465 1437 3531 1491 de

130 1527 326 1580 machus
368 1537 428 1578 et
483 1524 926 1593 Theodotio,
974 1525 1351 1583 Judaizantes
1405 1528 1665 1590 haeretici.
1722 1537 1849 1584 sunt
1955 1530 2267 1598 parentibus
2293 1527 2620 1585 Christianis
2655 1540 2836 1595 natus,
2874 1538 2929 1584 et
2958 1530 3213 1584 vexillum
3248 1529 3428 1584 crucis
3473 1529 3528 1582 in

128 1619 320 1686 retepti,
353 1618 458 1688 qui
501 1619 735 1673 multa
796 1620 1126 1691 mysteria
1164 1619 1461 1676 Salvatoris
1505 1621 1730 1676 subdola
1764 1622 1848 1676 in-
1955 1637 2074 1676 mea
2114 1620 2291 1677 fronte
2323 1631 2572 1691 portans,
2611 1622 2768 1692 cujus
2797 1623 3039 1677 studium
3071 1620 3175 1676 fuit
3211 1621 3415 1677 omissa
3454 1636 3532 1676 re-

128 1714 503 1781 terpretatione
560 1714 926 1778 celarunt,
971 1722 1040 1767 et
1099 1725 1281 1768 tamen
1333 1714 1386 1768 in
1429 1713 1716 1781 Ἐξαπλοῖς
1749 1715 1847 1768 ha-
1954 1721 2154 1782 petere,
2187 1723 2290 1769 etc.
2351 1696 2357 1702 ’

346 1828 798 1899 Hieronymus
852 1829 1315 1900 Praefationem
1346 1831 1539 1885 librant
1575 1831 1909 1886 Psalmorum
1927 1832 2093 1901 juxta
2128 1832 2444 1888 Hebraicam
2473 1835 2743 1888 veritatem
2780 1845 2907 1888 tom.
2942 1835 2989 1900 l,
3020 1835 3124 1890 col.
3165 1833 3294 1890 855.

182 1950 308 2016 Quia
344 1951 536 2020 igitur
586 1968 826 2023 nuper
873 1968 1038 2008 cum
1084 1952 1316 2008 Hebraeo
1363 1953 1670 2023 disputans,
1705 1970 1847 2025 quae-
1883 1964 1924 2018 B
1954 1963 2013 2010 ut
2046 1963 2102 2009 tu
2143 1953 2212 2009 de
2259 1953 2399 2007 LXX
2432 1953 2822 2025 lnterpretibus
2852 1954 3203 2023 'opponebas,
3237 1953 3530 2009 studiosis-

129 2043 231 2097 «ἔδω
260 2059 360 2112 pro
408 2043 707 2099 Domino
767 2044 1136 2099 Salvatore
1179 2045 1246 2099 de
1281 2043 1511 2100 Psalmis
1540 2048 1854 2102 testimonia
1952 2049 2090 2103 sime
2120 2045 2430 2118 pestulasti,
2475 2056 2534 2102 ut
2579 2058 2701 2117 post
2734 2047 2987 2114 Aquilam
3035 2057 3088 2102 et
3138 2045 3530 2118 Symmachum

130 2137 404 2201 protulisti,
457 2137 861 2208 volensque
921 2137 1039 2191 ille
1075 2144 1132 2192 te
1166 2136 1410 2202 illudere,
1441 2153 1534 2207 per
1572 2155 1855 2196 sermones
1952 2151 2006 2196 et
2033 2140 2455 2197 Theodotionem
2499 2156 2693 2196 novam
2723 2140 3017 2196 editionem
3050 2139 3245 2195 Latino
3278 2154 3529 2196 sermone

131 2243 243 2298 pene
274 2229 551 2301 singulos
593 2230 982 2285 asserebat
1023 2244 1142 2284 non
1183 2230 1254 2284 ita
1287 2230 1472 2284 haberi
1507 2230 1559 2284 in
1607 2231 1853 2298 Hebraeo,
1954 2235 2335 2298 transferrem,
2364 2245 2471 2291 etc.

1248 2325 1396 2380 Idem
1426 2325 1650 2396 Prwfat.
1687 2328 1741 2381 in
1770 2327 2063 2397 Danielem,
2094 2343 2221 2386 tom.
2251 2331 2291 2395 Ι,
2318 2331 2420 2384 col.
2453 2330 2578 2386 987.

186 2415 464 2474 Danielern
520 2420 955 2491 prophetam
988 2418 1163 2488 juxta
1200 2418 1337 2472 LXX
1379 2418 1722 2489 lnterpretes,
1752 2421 1852 2476 Do-
1957 2433 2039 2480 tes
2077 2423 2469 2480 Theodotionis
2504 2423 2770 2490 editione;
2797 2431 2852 2478 et
2879 2425 2983 2477 hoc
3013 2437 3111 2477 cur
3139 2419 3395 2475 acciderit
3434 2435 3528 2474 ue-

134 2515 241 2566 raini
272 2513 617 2569 Salvatoris
664 2513 910 2568 nostri
978 2512 1254 2567 Ecclesia:
1300 2528 1406 2566 non
1440 2513 1646 2580 legunt,
1690 2521 1850 2568 uten-
1958 2517 2091 2572 scio.

1195 2623 1341 2678 Idem
1373 2625 1593 2696 Prtrfat.
1626 2629 1680 2679 in
1712 2624 2066 2696 Paralipom.,
2099 2635 2223 2680 tom.
2260 2626 2301 2692 Ι,
2331 2626 2432 2680 col.
2472 2626 2631 2682 1002.

192 2721 239 2775 Si
271 2721 415 2776 LXX
458 2724 968 2794 lnterpretum,
1011 2737 1155 2791 pura
1186 2731 1237 2776 et
1266 2731 1323 2776 ut
1368 2722 1436 2776 ab
1483 2722 1561 2776 eis
1611 2722 1664 2775 in
1699 2721 1848 2777 Gree-
1952 2737 2090 2785 rem,
2127 2722 2632 2792 Constantinopolis
2682 2737 2857 2792 usque
2907 2721 3253 2776 Antiochiam
3302 2718 3528 2775 Luciani

139 2828 236 2868 tum
261 2830 422 2870 versa
452 2824 580 2872 est.
617 2815 850 2869 editio
897 2820 1294 2884 permaneret,
1327 2811 1600 2883 superﬂue
1627 2828 1733 2871 me.
1768 2817 1843 2867 mi
1953 2814 2214 2883 martyris
2247 2814 2577 2883 exemplaria
2612 2815 2836 2884 probat;
2874 2813 3066 2868 mediae
3105 2812 3248 2866 inter
3282 2811 3380 2867 has
3403 2826 3529 2881 pro-

138 2908 391 2963 Chromati
414 2911 916 2979 episcoporum
944 2905 1310 2962 sanctissime
1326 2916 1484 2976 atque
1506 2906 1840 2970 doctissime,
1950 2907 2140 2961 vincia:
2170 2906 2485 2962 Palmstinos
2511 2907 2726 2962 codices
2765 2907 2950 2974 legunt
2978 2923 2990 2959 :
3031 2921 3170 2975 quos
3197 2906 3265 2960 ab
3297 2905 3529 2976 Origene

140 2999 448 3071 impelleres,
502 3010 577 3056 ut
635 3000 952 3055 Hebrzea
1017 2995 1301 3049 volumina
1347 2995 1538 3050 Latino
1588 3009 1841 3050 sermone
1948 2999 2252 3053 elaboratus
2284 2998 2550 3054 Eusebius
2581 3009 2634 3053 et
2665 2997 2980 3067 Pamphilus
3008 2997 3404 3067 vulgaverunt:
3442 3007 3528 3053 to~

143 3094 505 3150 transferrem.
556 3093 769 3161 Quod
804 3091 1002 3146 enim
1031 3088 1206 3144 semel
1233 3103 1390 3142 aures
1424 3087 1706 3141 hominum
1747 3101 1842 3142 oc-
1947 3101 2145 3162 tusque
2173 3092 2323 3146 orbis
2349 3091 2450 3145 hac
2490 3090 2630 3146 inter
2670 3105 2729 3144 se
2762 3089 3037 3145 contraria
3062 3089 3325 3144 varietate
3370 3104 3494 3144 com

142 3198 436 3258 stipaverat,
469 3199 533 3242 et
569 3184 944 3241 nascentis
981 3180 1249 3235 Ecclesia:
1274 3181 1626 3235 roboraverat
1655 3179 1838 3245 ﬁdem,
1945 3191 2167 3255 pugnat.
2194 3181 2260 3236 Et
2287 3191 2430 3236 certe
2460 3181 2719 3251 Origenes
2754 3181 2830 3251 (a)
2875 3195 2978 3235 non
3019 3179 3194 3234 solum
3242 3179 3523 3249 exempla-

141 3281 320 3348 justum
345 3291 476 3336 erat
509 3283 724 3336 etiam
764 3285 1016 3333 nostro
1047 3274 1269 3328 silentio
1295 3271 1662 3342 comprobari.
1686 3269 1843 3326 Nunc
1945 3277 2025 3331 ria
2053 3275 2362 3344 composuit
2386 3281 2622 3344 quatuor
2655 3273 2975 3340 editionum,
3003 3287 3034 3327 e
3060 3271 3281 3342 regione
3307 3273 3524 3343 singula

145 3390 250 3429 rem
275 3392 402 3430 cum
443 3389 780 3447 germana
854 3370 972 3423 illa
1026 3367 1363 3437 antiquaque
1405 3366 1688 3421 translatio
1719 3380 1840 3420 cor-
1944 3369 2108 3424 verba
2143 3368 2480 3433 describens,
2513 3374 2574 3420 ut
2599 3381 2744 3421 unus
2776 3365 3125 3428 dissentiens,
3154 3364 3337 3418 statim
3365 3374 3526 3419 caete-

147 3480 278 3538 rupta
305 3471 400 3533 sit,
450 3479 656 3538 atque
691 3464 994 3525 violata,
1032 3461 1208 3513 uestri
1242 3459 1446 3512 arbitrii
1476 3466 1655 3528 putas,
1687 3467 1780 3512 aut
1808 3472 1839 3511 e
1945 3455 2022 3511 ris
2051 3455 2191 3509 inter
2222 3469 2281 3510 se
2304 3453 3090 3523 consentientibusarguatur;
3119 3452 3213 3508 sed
3244 3453 3391 3522 quod
3416 3469 3526 3508 ma-

145 3563 364 3631 pluribus
392 3563 699 3633 judicare
738 3554 1163 3633 quid‘yerum
1199 3553 1288 3612 sit,
1327 3563 1421 3606 aut
1455 3566 1655 3606 novum
1705 3564 1844 3619 opus
1870 3544 1914 3605 (Ξ
1943 3547 2083 3617 joris
2131 3547 2372 3602 audaciae
2413 3555 2516 3611 est,
2551 3546 2604 3600 in
2657 3545 2892 3600 editione
2945 3544 3086 3598 LXX
3133 3544 3522 3603 Theodotionis

147 3619 192 3707 in
215 3619 606 3724 veteribpere
643 3619 1453 3713 cudere‘filludentibusque
1481 3641 1702 3706 .ludaais,
1729 3655 1847 3695 cor-
1947 3639 2238 3694 editionem
2274 3639 2516 3703 miscuit,
2546 3638 2826 3695 asteriscis
2856 3637 3148 3708 designans
3183 3652 3304 3706 quae
3337 3639 3522 3694 minus

147 3750 326 3813 nicum,
367 3758 434 3802 ut
464 3747 754 3808 dicitur,
801 3739 1040 3795 oculos
1090 3736 1376 3804 conﬁgere.
1421 3734 1750 3790 Alexandria
1782 3745 1838 3789 et
1947 3741 2073 3788 ante
2111 3731 2347 3799 fuerant,
2377 3739 2431 3788 et
2461 3731 2686 3801 virgulis
2716 3744 2837 3802 qua:
2864 3744 2930 3784 ex
2959 3728 3234 3800 superﬂuo
3262 3729 3519 3785 videban-

150 3841 395 3914 iﬁgyptus
444 3843 512 3897 in
568 3836 762 3894 LXX
837 3834 984 3890 suis
1044 3830 1377 3902 Hesychium
1417 3830 1620 3893 laudat,
1655 3837 1845 3882 aucto-
1949 3833 2038 3880 tur
2071 3825 2342 3895 apposita.

1152 3947 1460 4019 Hieronymi
1492 3946 1720 4016 Prwfat.
1751 3946 1806 3998 in
1846 3942 2066 4006 Ezram,
2098 3952 2226 3997 tom.
2262 3942 2303 4009 Ι,
2333 3941 2434 3999 col.
2468 3940 2624 3995 1107.

204 4057 365 4113 Porro
415 4058 592 4113 aliud
642 4062 761 4111 est
835 4050 895 4106 si
955 4044 1195 4102 clausis.
1240 4045 1382 4114 quod
1425 4043 1633 4108 dicunt,
1669 4039 1844 4097 oculis
1944 4037 2161 4094 Judaeos
2194 4049 2248 4092 et
2274 4037 2555 4092 Ebionitas
2595 4035 2728 4107 legis
2755 4035 2951 4090 veteris
2982 4034 3322 4104 interpretes,
3351 4035 3521 4107 Aqu’»

152 4152 262 4206 mihi
301 4153 511 4208 mlum
569 4146 1019 4205 maledicere,
1053 4147 1112 4193 et
1147 4152 1252 4192 non
1297 4136 1579 4190 imitantur
1626 4135 1842 4191 Graeco-
1947 4131 2056 4184 lam
2092 4129 2360 4193 videlicet,
2390 4137 2444 4182 et
2466 4126 2876 4198 Symmachum,
2910 4135 2963 4180 et
2991 4125 3439 4190 Theodotionem,
3466 4135 3521 4180 et

155 4262 254 4302 mm
311 4249 584 4302 studium
657 4259 746 4298 ac
825 4232 1320 4296 benevolentiam,
1375 4230 1468 4300 qui
1525 4237 1648 4299 post
1697 4227 1837 4282 LXX
1942 4221 2159 4275 curiose
2197 4219 2404 4289 legunt,
2436 4227 2490 4272 et
2534 4232 2629 4287 per
2664 4215 2914 4287 Origenis
2954 4216 3198 4271 laborem
3249 4216 3303 4270 in
3360 4215 3520 4280 Ἐξαο

157 4337 560 4402 Translatores,
629 4337 784 4407 jam
861 4321 1434 4411 Chri..on.'(vangelio
1492 4335 1756 4376 coruscan

1160 4301 1434 4411 Evangelia
1492 4329 1837 4388 coruscante,
1945 4313 2096 4377 πλοῖς
2121 4311 2380 4368 Ecclesiis
2413 4310 2755 4365 dedicarunt.

1043 4436 1454 4506 Iamqurwfat.
1486 4437 1540 4490 in
1586 4435 1780 4489 libram
1814 4433 2171 4495 Psalmorum,
2205 4441 2331 4483 tom.
2365 4428 2406 4491 l,
2432 4427 2532 4480 col.
2571 4425 2728 4479 1222.

211 4547 510 4606 Νοιειεὶὶή
561 4537 1051 4610 unusquisque
1094 4531 1176 4585 vel
1201 4531 1467 4600 jacentem
1504 4529 1723 4592 lineam,
1755 4527 1837 4582 vel
1946 4525 2011 4579 la;
2047 4526 2112 4590 ᾔ(
2162 4519 2570 4618 similitudinem
2625 4515 2979 4618 perspexerit,
3026 4514 3092 4569 de
3139 4512 3378 4618 Hebreis
3425 4529 3516 4618 vo.

159 4642 290 4710 signa
317 4605 659 4699 radiantia,
708 4605 808 4688 id-
824 4637 929 4684 est
965 4622 1161 4679 obelos
1197 4636 1259 4677 -t~
1289 4622 1370 4676 vel
1411 4621 1704 4676 asteriscos
1737 4623 1834 4687 >ε<;
1946 4613 2242 4669 luminibus
2287 4607 2827 4710 additum-noverit,
2863 4615 3028 4675 atque
3082 4620 3256 4710 usque
3301 4605 3365 4658 ad
3413 4605 3522 4708 duo

159 4696 560 4802 Jumcunqne
624 4696 894 4781 ﬁderit
930 4712 1208 4783 virgulam
1239 4711 1627 4781 praeedentem
1663 4723 1725 4765 σι·
1771 4709 1840 4764 ab
1945 4705 2342 4802 puneta,‘juxta
2375 4701 3060 4802 Theodotionisdun'taitat
3085 4696 3399 4802 editionem,
3428 4699 3512 4767 qui

157 4845 210 4880 ea
244 4845 416 4898 usque
445 4789 524 4881 ad
584 4825 732 4877 duo
777 4816 1033 4886 puncta
1067 4807 1088 4874 ζ
1121 4820 1240 4874 qua:
1273 4803 1674 4872 impressimus,
1707 4803 1840 4856 sciat
1949 4797 2301 4898 simplicitate
2354 4795 2628 4852 sermonis
2688 4809 2719 4849 a
2777 4790 2920 4847 LXX
2970 4789 3360 4859 interpretibus
3413 4804 3524 4844 non

161 4889 360 4976 in
388 4908 959 4975 Translatoribus
988 4900 1115 4970 plus
1142 4897 1345 4953 haberi.
1374 4896 1476 4952 Ubi
1507 4906 1686 4952 autem
1719 4894 1842 4951 stelo
1947 4889 2243 4947 discordat.

551 5033 746 5089 Idem
787 5019 1066 5088 Praefat.
1102 5017 1154 5070 in
1184 5015 1374 5070 librum
1410 5015 1856 5084 Paralipomenon
1879 5011 2038 5082 juxta
2067 5007 2208 5063 LXX
2238 5005 2580 5076 Interpretes,
2619 5012 2745 5058 tom.
2777 5002 2820 5101 l,
2854 4998 2954 5101 eoi.
2989 4996 3147 5051 Ml8.
3403 5090 3414 5101 ο

221 5136 464 5206 Denique
499 5145 655 5188 cum
697 5118 964 5180 litteris
1002 5129 1034 5167 a
1072 5128 1155 5166 tne
1185 5128 1354 5182 nuper
1383 5111 1750 5206 ﬂagitassetis,
1779 5117 1838 5164 ut
1869 5113 1912 5167 D
1943 5107 2082 5177 apud
2114 5105 2370 5160 Hebraeos
2395 5101 2744 5206 admirationi
2784 5096 3107 5206 habebitllll‘,
3144 5096 3528 5206 θεειξπξὶξξῖςξι

168 5187 922 5294 τοῦἰῖ-ίδᾶειίροωειιοη
996 5205 1194 5259 Latino
1244 5220 1503 5277 sermone
1568 5201 1835 5257 transfer-
1942 5204 2144 5259 contuli
2172 5218 2296 5258 cum
2318 5216 2383 5256 eo
2421 5215 2451 5254 a
2497 5197 2719 5258 vertice.
2755 5203 2813 5250 ut
2843 5194 3017 5258 aiunt,
3051 5205 3222 5260 usque
3253 5187 3319 5242 ad
3345 5199 3524 5241 extre-

170 5338 284 5388 ηω,
329 5324 400 5378 de
446 5293 821 5375 TiheI-iade
883 5299 1047 5370 legis
1085 5297 1368 5367 quemdam
1412 5297 1708 5359 doctorem,
1741 5293 1835 5364 qui
1944 5312 2093 5351 mum
2131 5309 2388 5366 unguem.

1660 5411 1802 5468 Ibid.
1831 5411 1933 5466 col.
1966 5412 2123 5468 1419.

228 5530 574 5602 Ubicunque
607 5537 785 5595 ergo
841 5509 1186 5574 asteriscos,
1215 5510 1266 5564 id
1298 5520 1380 5565 est
1425 5508 1608 5565 stellas
1635 5509 1724 5573 Χ,
1743 5520 1841 5602 _r_a-
1949 5507 2109 5602 lineis
2144 5505 2412 5602 additum,
2448 5501 2594 5602 quod
2627 5501 2680 5554 in
2726 5490 3246 5602 Latinis
3273 5483 3517 5602 tif-1:313:

175 5583 563 5682 ias-.2135};
588 5583 958 5676 volumine
992 5603 1254 5670 videritis,
1300 5604 1372 5659 ibi
1426 5601 1612 5658 sciatis
1649 5599 1716 5654 de
1743 5596 1834 5654 He-
1949 5598 2124 5654 betur.
2165 5596 2264 5654 Ubi
2293 5612 2423 5652 vero
2457 5594 2668 5660 obelus,
2695 5601 3003 5646 transversa
3037 5583 3240 5640 scilicet
3273 5583 3424 5646 virga
3447 5585 3516 5632 or-

233 5755 301 5820 (τι)
341 5753 461 5809 Hoc
495 5754 720 5820 ipsum
761 5731 1007 5807 repetit
1042 5727 1079 5781 l.
1109 5743 1145 5782 ιι
1184 5740 1362 5784 contra
1390 5727 1542 5797 Ruﬁ,
1575 5724 1682 5781 col.
1711 5721 1836 5778 ηδ.
