4052 6388
631 271 726 326 151

1979 263 2496 321 ΡΒᾸΞΙΛΜΙΝΑΒΙΑ

3786 268 3901 322 1ἷέ

627 382 915 456 praeposita
945 391 1048 450 est,
1087 383 1195 439 illic
1223 383 1471 456 signatur
1530 383 1659 454 quid
1699 381 1841 438 LXX
1880 380 2205 453 lnterpretes
2237 392 2278 445 Α
2308 383 2483 439 sancti
2519 383 2919 448 auctoritatem,
2965 382 3089 438 licet
3132 383 3184 437 in
3235 383 3475 439 llcbrmis
3513 384 3899 441 voluminibus

630 477 937 533 addiderint
971 476 1052 532 vel
1087 477 1157 532 ob
1201 476 1416 532 decoris
1443 478 1694 547 gratiam,
1725 475 1809 530 vel
1849 475 1921 530 ob
1964 474 2202 540 Spiritus

2308 493 2418 532 non
2448 477 2681 550 legatur.

1416 595 1639 653 Hieron.
1669 596 1896 667 Prtefat.
1925 598 1977 650 in
2012 597 2176 652 libros
2210 596 2532 665 Salomonis,
2565 609 2691 655 tom.
2721 600 2764 667 l,
2798 601 2900 656 col.
2935 600 3091 657 1419.

699 717 831 773 Tres
863 719 1031 773 libros
1071 718 1402 794 Salomonis,
1458 718 1510 771 id
1554 728 1635 773 est
1673 717 1986 784 Proverbia,
2020 717 2201 775 Eccle-

625 811 849 878 siasten,
893 811 1179 867 Canticum
1232 814 1591 875 canticorum,
1626 813 1791 867 veteri
1836 811 1977 866 LXX
2030 812 2203 869 lnter-

624 910 833 972 pretum
880 904 1188 959 auctoritati
1237 905 1480 971 reddidi;
1537 905 1622 960 vel
1669 906 1992 975 antepositis
2042 907 2201 962 lineis

626 1013 684 1052 -ε-
735 997 1006 1067 superflua
1040 1015 1271 1070 quaeque
1314 1000 1638 1069 designans;
1688 999 1771 1054 vel
1820 1000 1992 1055 stellis
2025 1004 2092 1069 Ἀ(
2136 1001 2204 1055 ti-

2307 723 2420 778 tulo
2466 723 2800 793 praenotatis,
2830 739 2894 778 ea
2938 738 3059 793 quae
3101 723 3282 780 minus
3335 723 3678 778 habebantur
3723 723 3903 778 inter-

2308 832 2536 871 serens:
2569 832 2677 886 quo
2716 817 2949 886 plenius,
2998 832 3032 870 o
3072 814 3241 871 Paula
3282 826 3336 871 et
3381 815 3766 879 Eustochium,
3790 830 3899 872 c0-

2309 909 2586 978 gnoscatis
2611 909 2742 980 quid
2784 910 2838 964 in
2872 908 3029 965 libris
3066 910 3269 965 nostris
3298 909 3480 965 minus
3509 911 3602 976 sit,
3633 908 3770 979 quid
3796 922 3896 964 res

2308 1000 2533 1056 dundet.

1388 1092 1540 1147 Idem
1572 1094 1800 1164 Prtefat.
1832 1096 1885 1147 in
1916 1107 2145 1166 quatuor
2173 1095 2483 1167 Evangelia,
2520 1106 2645 1150 tom.
2681 1096 2698 1149 Ι
2723 1139 2737 1161 ,
2771 1098 2870 1151 col.
2903 1097 3059 1152 1426.

699 1185 816 1243 Νοη
859 1204 1046 1259 quer
1084 1190 1216 1260 quid
1263 1190 1479 1260 Aquila,
1521 1191 1651 1262 quid
1699 1190 2061 1262 Symmachus
2105 1208 2197 1247 sa-

625 1279 796 1350 piant,
830 1294 1000 1352 quare
1025 1281 1365 1339 Tlteodotion
1395 1284 1534 1338 inter
1564 1298 1732 1339 novos
1756 1292 1808 1338 et
1850 1293 2062 1340 veteres
2090 1300 2203 1340 tne-

2305 1194 2428 1248 dius
2455 1194 2686 1249 incedat.
2721 1192 2805 1247 Sit
2831 1194 2920 1247 illa
2950 1209 3075 1248 vera
3104 1193 3501 1263 interpretatio,
3529 1208 3694 1263 quam
3723 1208 3894 1264 .apo-
3958 1242 3959 1245 η

2310 1286 2431 1340 stoli
2472 1285 2854 1354 probaverunt.

1290 1377 1441 1434 Idem
1470 1378 1701 1449 Prwfat.
1733 1381 1789 1434 in
1818 1380 2013 1435 librum
2045 1380 2298 1436 Hebraic.
2330 1380 2556 1447 Quaest,
2590 1392 2714 1436 tom.
2756 1380 2819 1448 ll,
2848 1384 2948 1438 col.
2993 1383 3117 1439 505.

692 1465 877 1538 Neque
919 1484 1047 1526 vero
1076 1469 1215 1524 LXX
1250 1464 1721 1539 lnterpretum,'ut
1759 1472 1928 1527 invidi
1968 1473 2191 1539 latrant,
2226 1483 2267 1536 Β
2298 1475 2352 1528 in
2387 1474 2592 1529 nostris
2640 1473 2922 1530 codicibus
2976 1491 3084 1530 non
3129 1475 3417 1531 habentur.
3455 1474 3631 1547 Super
3676 1476 3893 1546 quibus

622 1579 840 1621 errores
890 1568 1175 1638 arguimus
1211 1587 1223 1621 :
1271 1583 1371 1622 nec
1414 1577 1663 1623 nostrum
1706 1567 1946 1623 laborem
1977 1566 2193 1621 illorum

622 1657 1105 1725 reprehensionem
1152 1669 1430 1729 putemus,
1461 1677 1584 1716 cum
1624 1660 1701 1715 illi
1746 1659 2044 1716 Ptolemaeo
2081 1659 2194 1730 regi

620 1747 981 1817 Alexandriae,
1015 1752 1244 1822 mystica
1283 1768 1514 1822 quaeque
1558 1752 1610 1806 in
1654 1751 1949 1822 Scripturis
1995 1751 2198 1808 sanctis

622 1839 853 1908 prodere
902 1842 1219 1897 noluerint:
1252 1851 1307 1898 et
1350 1844 1587 1898 maxime
1614 1859 1676 1898 ea
1708 1859 1829 1914 qua:
1862 1841 2067 1898 Christi
2101 1843 2197 1897 ad-

621 1939 840 1985 ventum
868 1932 1282 2001 pollicebantur,
1317 1949 1384 1989 ne
1429 1934 1742 1989 viderentur
1769 1933 1943 1990 Judaei
1977 1943 2031 1989 et
2062 1934 2197 1989 alte-

618 2034 744 2077 rum
774 2021 942 2078 Deum
975 2025 1151 2081 colere
1179 2041 1193 2077 :
1225 2041 1363 2096 quos
1388 2026 1478 2082 ille
1517 2025 1759 2082 Platonis
1786 2036 2043 2092 sectator,
2075 2042 2196 2080 ma»

623 2114 715 2184 gni
749 2116 954 2172 idcirco
998 2116 1248 2183 faciebat,
1288 2120 1416 2189 quia
1467 2134 1637 2174 unum
1687 2117 1855 2174 Deum
1906 2120 2084 2175 colere
2117 2117 2201 2172 di-

618 2218 893 2264 cerentur.
926 2211 1030 2266 Sed
1083 2220 1137 2266 et
1168 2212 1536 2283 evangelista},
1579 2220 1634 2269 et
1673 2211 1937 2267 Dominus
1982 2226 2200 2282 quoque

622 2306 809 2354 noster
836 2308 1001 2369 atque
1034 2299 1305 2368 Salvator,
1344 2316 1554 2357 necnon
1587 2310 1641 2358 et
1668 2300 1867 2357 Paulus
1893 2302 2196 2371 apostolus,

622 2388 790 2444 multa
818 2391 974 2461 quasi
1019 2391 1086 2447 de
1121 2391 1300 2448 Veteri
1349 2391 1698 2449 Trstamento
1727 2389 2027 2462 proferunt,
2078 2406 2200 2460 quae

2300 1567 2355 1622 in
2402 1567 2517 1622 suis
2556 1568 2692 1623 locis
2735 1567 2946 1637 plenius
2992 1568 3344 1623 disseremus.
3381 1565 3458 1621 Ex
3509 1583 3619 1638 quo
3662 1568 3891 1638 perspi-

2298 1673 2461 1713 cuum
2511 1669 2614 1726 est,
2654 1658 2743 1713 illa
2795 1660 2967 1729 magis
3012 1676 3138 1715 vera
3184 1675 3305 1715 esse
3351 1660 3703 1729 exemplaria,
3756 1675 3894 1728 quae

2298 1768 2423 1807 cum
2460 1752 2597 1809 Novi
2643 1752 2973 1809 Testamcnti
3006 1754 3330 1808 auctoritate
3375 1754 3729 1808 concordant.
3770 1751 3891 1806 Ac-

2300 1844 2442 1899 cedit
2487 1844 2554 1898 ad
2595 1844 2698 1899 hoc
2728 1859 2947 1914 quoque
2979 1844 3124 1914 quod
3153 1843 3445 1913 Iosephus,
3490 1843 3585 1914 qui
3618 1840 3763 1895 LXX
3797 1841 3895 1896 ln-

2302 1945 2598 2006 terpretum
2634 1936 2786 2006 ponit
2835 1935 3144 2000 historiam,
3172 1936 3418 2006 quinque
3452 1945 3660 1990 tantum
3697 1935 3768 1988 ab
3801 1934 3890 1988 eis

2300 2021 2469 2078 libros
2511 2021 2682 2095 Moysi
2727 2025 3018 2080 translatos
3064 2023 3273 2080 refert:
3318 2040 3458 2095 quos
3511 2041 3614 2080 nos
3655 2040 3891 2094 quoque

2300 2112 2622 2167 conﬁtemur
2655 2114 2776 2178 plus
2803 2130 2968 2185 quam
3001 2124 3228 2171 caeteros
3266 2130 3393 2170 cum
3422 2113 3705 2171 Hebraicis
3744 2130 3892 2170 con-

2302 2218 2520 2258 sonare.
2573 2202 2676 2259 Sed
2720 2216 2775 2261 et
2818 2205 2854 2259 ii
2899 2206 2993 2275 qui
3039 2216 3227 2276 postea
3275 2207 3597 2275 interpretes
3647 2206 3882 2260 exstite-

2303 2304 2449 2361 runt,
2484 2296 2735 2366 Aquilam
2761 2297 2977 2368 loquor,
3006 2308 3059 2354 et
3102 2297 3511 2372 Symmachum,
3543 2307 3597 2352 ct
3623 2295 3892 2352 Theodo-

2300 2392 2528 2457 tionem,
2561 2392 2717 2464 longe
2745 2393 2902 2447 aliter
2931 2393 3130 2448 habent
3154 2408 3318 2463 quam
3349 2395 3457 2449 nos
3481 2392 3734 2464 legimus.

1749 2506 1892 2562 Ibid.
1922 2507 2023 2562 col.
2053 2507 2179 2575 542,
2208 2510 2277 2591 ad
2302 2508 2430 2563 Gen.
2466 2527 2553 2576 ιι,
2588 2528 2636 2566 v.
2671 2512 2757 2567 16.

693 2598 1053 2670 Symmachus
1078 2614 1227 2653 more
1253 2613 1355 2654 suo
1382 2599 1621 2670 apertius
1651 2599 1948 2655 transtulit.

1608 2690 1676 2745 In
1707 2690 1878 2762 Epist.
1905 2694 1974 2746 ad
2005 2692 2321 2758 Damasum,
2358 2704 2484 2748 tom.
2517 2692 2559 2747 ll
2582 2736 2595 2757 ,
2625 2693 2727 2748 col.
2756 2694 2877 2748 567.

694 2784 891 2856 Aquila
925 2800 1158 2855 namque
1178 2786 1273 2856 qui
1304 2801 1412 2841 non
1441 2788 1853 2853 contentiosius,
1884 2797 1943 2842 ut
1975 2789 2195 2857 quidam
2235 2798 2444 2859 putant,
2475 2791 2568 2845 sed
2594 2791 2891 2847 studiosius
2917 2792 3143 2846 verbum
3176 2792 3562 2862 interpretatur
3587 2792 3656 2847 ad
3682 2804 3811 2846 ver-

621 2883 773 2939 bum.

2114 2973 2179 3029 Et
2206 2976 2348 3045 infra
2373 2989 2391 3028 :

691 3070 941 3140 Aquilam
986 3083 1116 3124 vero
1163 3077 1225 3124 ut
1269 3068 1324 3124 in
1362 3069 1593 3137 cateris,
1624 3078 1680 3126 et
1711 3070 1764 3125 in
1809 3071 1914 3127 hoc
1954 3071 2191 3126 maxime
2227 3071 2348 3127 loco
2370 3070 2589 3141 proprie
2620 3068 2964 3124 transtulisse
2992 3069 3172 3123 omnis
3194 3066 3380 3125 Iudaea
3407 3068 3737 3125 conclamat.

1629 3164 1800 3235 Epist.
1832 3166 1902 3219 ad
1931 3164 2272 3237 Evangelum,
2308 3168 2409 3222 col.
2436 3167 2563 3231 574,
2598 3175 2725 3220 tom;
2757 3164 2819 3219 ll.

693 3253 803 3310 Nec
835 3254 1020 3320 refert,
1068 3264 1252 3310 utrum
1298 3255 1479 3312 Salem
1522 3272 1591 3312 an
1643 3256 1811 3312 Salim
1864 3260 2195 3326 nominetur,
2225 3269 2268 3325 c
2302 3277 2455 3327 num,
2484 3262 2672 3316 eadem
2706 3259 2870 3315 verba
2895 3259 3126 3315 diversis
3166 3258 3316 3315 sonis
3360 3266 3523 3329 atque
3552 3259 3882 3315 accentibus

621 3364 747 3403 cum
772 3349 1054 3404 vocalibus
1076 3350 1131 3403 in
1164 3349 1344 3404 medio
1376 3350 1569 3405 litteris
1595 3366 1817 3421 perraro
1843 3360 2063 3406 utantur
2087 3350 2195 3407 He-

620 3442 773 3506 braei,
794 3450 848 3497 et
873 3457 969 3512 pro
1003 3442 1283 3498 voluntate
1311 3443 1600 3511 lectorum,
1629 3459 1695 3499 ac
1726 3444 1990 3501 varietate
2013 3445 2192 3515 regio-

2298 3354 2664 3426 proferantur.

1489 3538 1736 3611 Epistola
1769 3542 1838 3595 ad
1878 3540 2104 3597 Suniam
2138 3551 2187 3595 et
2221 3538 2510 3603 Fretelam,
2544 3547 2676 3591 tom.
2703 3534 2766 3600 ll,
2794 3552 2847 3605 p.
2885 3533 3009 3589 627.

689 3636 748 3690 ln
778 3651 888 3706 quo
932 3636 1063 3692 illud
1096 3637 1333 3692 breviter
1374 3637 1644 3693 admoneo
1664 3679 1679 3704 ,
1710 3648 1772 3693 ut
1806 3638 1992 3694 sciatis
2025 3638 2189 3693 aliam

617 3742 740 3782 esse
786 3727 1077 3783 editionem
1134 3726 1664 3802 quam'Urigenes,
1731 3739 1784 3786 et
1836 3729 2190 3786 Caesariensis

617 3817 887 3874 Eusebius
906 3861 920 3883 ,
952 3834 1256 3891 omnesque
1287 3821 1507 3878 Graecia:
1536 3831 1861 3879 tractatores
1896 3823 2103 3893 κοινήν,
2138 3822 2191 3877 id

616 3922 702 3967 est
726 3927 1050 3966 communem
1069 3955 1084 3980 ,
1115 3915 1389 3984 appellant
1412 3924 1577 3986 atque
1602 3915 1871 3986 vulgatam
1892 3957 1907 3980 ,
1934 3924 1989 3969 et
2017 3930 2047 3968 a
2077 3915 2191 3984 ple-

616 4004 802 4074 risque
836 4020 981 4060 nunc
1008 4006 1312 4070 Λουκιανός
1361 4007 1599 4071 dicitur;
1633 4008 1794 4062 aliam
1846 4004 1990 4061 LXX
2015 4006 2187 4064 lnter-

614 4108 861 4166 pretum,
894 4112 1015 4168 quas
1046 4110 1101 4154 et
1134 4098 1189 4153 in
1249 4099 1533 4166 Ἑξαπλοίς
1575 4100 1857 4156 codicibus
1900 4099 2188 4169 reperitur,

613 4198 665 4244 et
694 4204 728 4243 a
765 4191 925 4246 nobis
955 4191 1009 4245 in
1033 4190 1285 4247 Latinum
1317 4208 1625 4249 sermonem
1647 4192 1880 4248 ﬁdeliter
1900 4206 2059 4247 versa
2085 4199 2187 4255 est,

614 4290 669 4336 et
690 4280 1042 4354 Jerosolymae
1083 4294 1245 4355 atque
1271 4285 1325 4340 in
1352 4283 1593 4342 Orientis
1627 4284 1886 4341 Ecclesiis
1929 4284 2189 4339 decanta-

611 4383 814 4431 tur.....
847 4377 1017 4449 Κοινή
1046 4386 1225 4435 autem
1257 4378 1384 4445 ista,
1418 4378 1522 4435 hoc
1551 4388 1636 4433 est
1661 4376 1969 4434 communis
1994 4375 2184 4442 editio,

2297 3636 2414 3707 ipsa
2441 3642 2525 3690 est
2544 3649 2677 3704 qua:
2702 3642 2758 3688 et
2787 3630 2952 3688 LXX.
2996 3629 3101 3686 Sed
3122 3630 3231 3686 Luc
3256 3629 3481 3685 interest
3508 3630 3652 3685 inter
3673 3639 3881 3685 utram—

2297 3744 2423 3799 que,
2458 3727 2605 3798 quod
2635 3726 2789 3797 κοινή
2815 3739 2916 3795 pro
2944 3724 3079 3780 locis
3112 3731 3167 3778 et
3185 3723 3542 3793 temporibus,
3565 3732 3621 3777 et
3643 3737 3747 3794 pro
3775 3739 3877 3777 vo-

2295 3818 2503 3872 luntate
2558 3816 2922 3885 scriptorum,
2956 3824 3113 3869 vetus
3156 3820 3413 3883 corrupta
3455 3812 3624 3868 editio
3656 3824 3778 3880 est;
3811 3828 3878 3869 ea

2297 3917 2477 3964 autem
2506 3922 2628 3978 quae
2657 3907 2888 3962 habetur
2913 3906 2969 3961 in
3003 3905 3307 3971 Ἐξαπλοῖς,
3336 3913 3391 3959 et
3418 3920 3583 3975 quam
3615 3921 3722 3961 nos
3754 3923 3879 3961 ver—

2296 4002 2484 4065 timus,
2510 4000 2626 4071 ipsa
2651 4008 2735 4055 est
2764 4014 2886 4070 qua:
2916 3998 2969 4053 in
2991 3998 3333 4054 eruditorum
3362 3997 3520 4052 libris
3550 3998 3877 4070 incorrupta

2295 4104 2349 4150 et
2371 4093 2722 4149 immaculata
2751 4090 2892 4145 LXX
2918 4090 3278 4163 lnterpretum
3309 4089 3595 4145 translatio
3627 4105 3880 4146 reserva-

2296 4194 2404 4240 tur.
2457 4184 2733 4255 Quidquid
2782 4200 2915 4257 ergo
2960 4183 3029 4241 ab
3070 4186 3175 4240 hac
3220 4183 3531 4252 discrepat,
3582 4182 3722 4236 nulli
3771 4183 3879 4237 du-

2292 4279 2442 4334 bium
2473 4287 2558 4334 est
2589 4279 2720 4349 quin
2746 4278 2816 4333 ita
2848 4289 2902 4336 et
2926 4278 2975 4367 ξ’
3023 4277 3369 4334 αοὼτκονυιιι
3405 4275 3736 4331 auctoritate
3759 4276 3876 4333 dis-

2292 4371 2499 4426 cordet.

1507 4489 1727 4547 Hieron.
1759 4492 1921 4563 epist.
1949 4491 2018 4546 ad
2043 4487 2403 4551 Marcellam,
2438 4496 2569 4540 tom.
2599 4484 2666 4553 ll,
2697 4486 2798 4540 col.
2834 4454 2980 4541 767..”

681 4580 900 4652 Aquila,
935 4582 1030 4653 qui
1078 4582 1367 4639 verborum
1417 4581 1770 4639 Hebrasorum
1819 4579 2274 4652 diligentissimus
2306 4577 2603 4647 explicator
2635 4586 2735 4632 est.

1522 4676 1744 4735 Hieron.
1777 4681 1933 4749 epist.
1963 4679 2033 4734 ad
2064 4676 2378 4733 Marcellam
2406 4686 2533 4732 tom.
2563 4675 2628 4741 ll,
2662 4675 2764 4731 col.
2798 4676 2920 4730 711.

680 4769 1062 4838 Theodotion,
1118 4772 1214 4844 qui
1267 4774 1320 4828 in
1371 4774 1581 4830 caeteris
1644 4789 1771 4830 cum
1807 4774 2161 4846 Septuaginta
2201 4771 2649 4827 Translatoribus
2681 4769 2832 4827 facit.

1418 4868 1638 4924 Hieron.
1671 4872 1960 4925 Comment.
1986 4871 2042 4923 in
2079 4868 2455 4934 Ecclesiasten,
2490 4876 2617 4921 tom.
2650 4865 2714 4931 ll,
2750 4865 2852 4921 col.
2888 4866 3008 4923 740.

683 4962 942 5020 Hebraeus
976 4979 1130 5021 meus
1151 4965 1311 5036 cujus
1334 4980 1477 5036 saepe
1504 4964 1648 5021 facio
1683 4965 2184 5032 mentionem,cum
2219 4960 2583 5020 Ecclesiasten
2616 4978 2831 5019 mecum
2858 4964 3078 5034 legeret,
3117 4963 3230 5018 haec
3250 4960 3597 5028 Baracibam,
3626 4977 3795 5034 quem

607 5075 779 5114 unum
804 5060 888 5115 vel
911 5061 1149 5116 maxime
1182 5061 1525 5117 admirantur
1551 5060 1651 5133 (a).

1109 5150 1354 5205 'Hieron.
1390 5149 1719 5221 Prwfatione
1750 5151 1804 5204 in
1836 5148 2101 5204 Homilias
2140 5148 2383 5220 Origenis
2411 5146 2471 5203 in
2504 5144 2809 5207 Canticum,
2843 5153 2970 5196 tom.
2997 5139 3063 5209 ll,
3096 5140 3200 5195 col.
3235 5139 3325 5194 87.

676 5245 943 5318 Origenes
975 5261 1100 5302 cum
1130 5247 1185 5301 in
1222 5245 1436 5302 caateris
1460 5246 1617 5301 libris
1643 5261 1835 5301 omnes
1866 5245 2095 5311 vicerit,
2125 5245 2181 5299 in

604 5338 831 5394 Cantica
873 5339 1211 5394 canticorum
1244 5338 1361 5408 ipse
1391 5353 1450 5394 se
1490 5338 1640 5394 vicit.
1695 5336 1833 5393 Nam
1866 5337 2051 5393 decem
2085 5353 2183 5393 vo-

604 5431 908 5487 luminibus
934 5430 1226 5500 explicitis,
1258 5446 1381 5501 quze
1415 5430 1487 5485 ad
1507 5431 1698 5501 viginti
1726 5445 1900 5499 usque
1924 5444 2181 5485 versuum

609 5522 781 5578 millia
810 5536 945 5592 pene
970 5522 1294 5592 perveniunt
1319 5540 1333 5588 ;
1370 5522 1606 5592 primum
1644 5520 1788 5576 LXX
1817 5521 2180 5591 lnterpretes;

2283 5243 2479 5299 deinde
2506 5239 2757 5311 Aquilam
2805 5247 2859 5293 et
2901 5236 3289 5308 Symmachum
3325 5242 3380 5289 et
3403 5232 3869 5303 Theodotionem,

2284 5344 2338 5391 et
2368 5334 2436 5389 ad
2465 5340 2770 5388 extremum
2798 5329 3056 5397 Quintam
3083 5327 3401 5395 editionem,
3426 5341 3593 5398 quam
3626 5328 3682 5382 in
3706 5327 3869 5384 Actio

2283 5431 2469 5485 littore
2501 5426 2777 5484 invenisse
2804 5439 2863 5480 se
2891 5422 3099 5490 scribit,
3128 5432 3234 5478 etc.

679 5686 751 5757 (α)
793 5685 867 5744 De
893 5684 1221 5760 Symmacho
1249 5689 1451 5759 passim
1491 5689 1622 5747 dicit
1665 5688 2024 5760 Hieronymus
2060 5690 2239 5760 ipsum
2270 5689 2512 5761 apertius
2542 5694 2597 5745 et
2621 5684 2965 5743 manifeStius
2990 5685 3401 5754 interpretatum
3427 5695 3572 5738 esse.
