4052 6388
133 312 186 326 -ο

113 315 190 368 135
1451 319 1517 372 ΙΝ
1557 318 1713 373 ΗΕχέ

1915 321 2261 379 ORIGENIS.
3385 331 3481 406 ist

1177 437 1390 494 IIieron.
1420 440 1624 494 Comm.
1657 443 1709 494 in
1736 441 1962 505 Isaiam,
1999 453 2124 496 tom.
2159 442 2248 509 111,
2284 446 2385 498 col.
2420 445 2510 499 24.

163 523 202 578 Ρ
227 525 455 580 litteram
509 541 735 583 sermo
780 528 1152 590 llebraicus
1196 551 1301 589 non
1332 536 1520 598 habet;
1558 537 1653 590 sed
1691 553 1786 606 pro
1825 554 1887 593 ea
1919 555 2002 592 rm
2030 538 2222 594 Grieco
2253 539 2447 595 utitur.

1067 628 1293 683 IIieron.
1329 627 1527 682 Comm.
1565 629 1616 682 in
1663 628 1822 696 Isai.,
1847 647 1964 700 cap.
1993 647 2107 695 vin,
2140 639 2267 686 tom.
2300 631 2383 698 Ill,
2413 632 2516 688 col.
2550 633 2636 689 79.

159 714 285 769 Duas
328 715 545 770 domus
594 714 976 783 Nazareni,
1033 722 1159 790 (qui
1201 722 1273 776 ita
1320 720 1598 776 Christum
1651 723 1791 777 reci-
1820 734 1862 789 Α
1894 739 1990 794 per
2014 723 2264 779 ordinem
2292 724 2537 794 Delphon
2569 746 2580 779 :
2615 735 2668 780 et
2694 743 2913 782 rursum
2938 728 3138 800 Ioseph
3168 728 3434 788 Galilaaus
3467 753 3481 788 :

102 817 249 882 piant,
281 822 338 865 ut
362 813 884 870 observationes
926 817 1097 887 legis
1130 819 1329 872 veteris
1361 833 1468 872 non
1519 821 1798 893 amittant)
1897 825 1949 870 et
1973 830 2147 883 usque
2180 815 2246 869 ad
2276 817 2643 884 captivitatem
2672 815 2976 873 Jerusalem
3005 818 3189 876 Josue.
3235 820 3482 878 Samniti

103 907 207 956 duas
234 900 472 955 familias
521 901 1387 973 interpretantur,-Sammai
1412 916 1466 962 et
1491 906 1646 962 Hillel
1687 928 1699 962 :
1734 925 1800 964 ex
1899 905 2064 974 igitur
2091 915 2147 959 et
2177 905 2334 960 llillel
2362 922 2470 961 non
2500 907 2674 962 multo
2705 907 2857 976 prius
2889 926 3054 979 quam
3083 910 3351 968 Dominus
3382 931 3482 970 na-

102 995 267 1061 quibus
300 994 411 1048 orti
450 1004 607 1048 sunt
642 994 924 1051 Scriba:
955 1007 1022 1052 et
1074 998 1370 1065 Pharisaei;
1401 1016 1634 1070 quorum
1666 1016 1799 1057 sus-
1898 1005 2164 1061 sceretur,
2192 998 2298 1051 orti
2324 1008 2454 1053 sunt
2482 999 2534 1052 in
2564 999 2770 1067 Judaea,
2809 1017 3044 1072 quorum
3069 1006 3220 1074 prior
3253 1007 3480 1075 dissipa-

105 1085 209 1151 :epit
247 1085 504 1139 scholam
560 1087 838 1142 Akibas
869 1127 892 1152 ,
959 1105 1144 1159 quem
1221 1093 1542 1161 magistrum
1594 1093 1802 1162 Aquilae
1873 1101 1983 1162 tor
2016 1091 2438 1160 interpretatur,
2479 1108 2716 1162 sequens
2746 1096 3037 1165 profanus,
3093 1113 3158 1152 eo
3203 1101 3348 1168 quod
3388 1114 3480 1168 per

104 1178 318 1247 proselyli
348 1186 699 1233 autumant
752 1198 770 1232 :
821 1188 897 1233 et
935 1191 1084 1249 post
1115 1197 1240 1235 eum
1263 1181 1414 1247 Meir,
1449 1183 1538 1236 cui
1572 1198 1794 1237 sueces-
1901 1183 2346 1238 tradititioneset
2371 1184 2730 1256 δευτερώσεις
2759 1203 2889 1244 suas
2911 1190 3046 1260 legis
3069 1199 3337 1261 praecepta
3369 1191 3481 1246 dis-

106 1272 156 1324 sit
179 1270 418 1323 lohanan
454 1271 634 1325 tilius
671 1269 946 1326 Zacliai
998 1291 1016 1304 ο
1055 1283 1114 1328 et
1151 1283 1271 1344 post
1298 1289 1420 1329 eum
1453 1273 1695 1340 Eliezer,
1743 1283 1797 1329 et
1903 1273 2167 1344 sipaverit
2200 1283 2365 1346 atque
2395 1276 2767 1332 maculaverit.

1247 1391 1467 1446 Hieron.
1511 1391 1783 1446 Comment
1831 1393 1887 1445 in
1914 1391 2139 1455 Isaiam,
2176 1393 2276 1449 col.
2307 1394 2431 1448 552.

157 1485 435 1554 BeAquila
475 1496 712 1541 autem
747 1488 1160 1554 non-miror,
1183 1490 1326 1558 quod
1357 1490 1520 1544 homo
1548 1488 1803 1543 eruditis-
1901 1487 2302 1544 Pharisaeorum
2359 1505 2619 1560 perversa
2675 1492 3016 1561 expositione
3079 1495 3338 1565 deceptus
3383 1496 3476 1562 sit,

105 1582 238 1634 simus
267 1581 477 1648 lingua:
515 1579 917 1642 Heba‘aicaa,
967 1591 1033 1635 et
1080 1581 1304 1635 verbum
1337 1581 1402 1636 de
1428 1581 1594 1636 verbo
1620 1581 1802 1649 expri-
1899 1582 1993 1652 qui
2034 1583 2379 1652 interpretari
2416 1584 2580 1638 voluit
2610 1625 2626 1650 ,
2679 1594 2728 1637 et
2768 1584 2942 1639 Israel
2973 1587 3022 1642 ei
3053 1588 3474 1658 congregabitur.

107 1687 253 1735 mens,
287 1673 341 1724 in
377 1673 503 1726 hoc
556 1672 724 1726 loco
786 1681 916 1726 aut
972 1673 1263 1728 simularit
1298 1675 1660 1744 imperitiam,
1705 1681 1800 1726 aut

1149 1765 1368 1821 Hieron.
1396 1766 1600 1822 Comm.
1633 1768 1688 1820 in
1723 1764 1937 1828 Ezech.,
1968 1773 2094 1819 tom.
2141 1762 2236 1848 ψ,
2269 1764 2371 1820 col.
2408 1763 2526 1820 716.

153 1863 339 1932 Aquilae
369 1878 523 1917 vero
561 1862 888 1918 secunda
943 1863 1170 1926 editio,
1198 1877 1359 1933 quam
1398 1861 1609 1918 Hebraei
1651 1879 1753 1914 xui

1879 1861 2163 1928 κρίϐειανς
2218 1859 2536 1922 nominant,
2582 1861 2857 1915 transtulit
2896 1861 3228 1932 ἡρεμάζων,
3298 1863 3350 1917 id
3393 1868 3477 1918 est

101 1959 350 2020 triciens,
376 1966 439 2011 et
463 1956 756 2011 δεον-δίνη
793 1955 1083 2024 positus.

934 2051 1183 2107 Hieron.
1217 2051 1441 2121 Prwfat.
1467 2052 1523 2105 in
1552 2049 1845 2106 Comment.
1882 2046 2144 2110 Danielis,
2179 2054 2304 2098 tom.
2336 2043 2422 2110 lll,
2456 2045 2557 2098 col.
2583 2045 2740 2099 1075.

150 2149 264 2204 illud
290 2165 543 2220 quoque
601 2149 954 2204 lectorem
1016 2147 1326 2212 admoneo,
1375 2147 1650 2202 Danielem
1686 2159 1793 2200 non
1825 2153 1866 2207 Β
1895 2143 2159 2213 quosdam
2211 2157 2398 2195 versus
2447 2140 2623 2196 obelis
2654 2145 2997 2211 praeuetavit,
3025 2145 3296 2214 superﬂua
3331 2160 3480 2214 quas-

101 2243 215 2311 inxta
243 2241 386 2295 LXX
419 2241 869 2313 lnterpretes,
919 2240 1034 2295 sed
1064 2240 1221 2310 juxta
1249 2238 1677 2294 Theodotionem
1704 2237 1799 2294 Ec-
1905 2247 2012 2304 que
2061 2231 2374 2299 designans.
2435 2229 2689 2300 Cumque
2739 2246 2930 2286 omnes
2969 2233 3171 2289 Christi
3223 2233 3480 2291 Ecclesia:

98 2337 256 2390 etesias
282 2337 499 2406 legere,
539 2337 664 2406 qui
700 2334 962 2404 utique
992 2340 1130 2404 post
1162 2332 1450 2386 adventum
1476 2331 1678 2386 Christi
1710 2332 1796 2385 in-
1903 2335 2010 2380 tam
2060 2323 2375 2379 Graecorum
2425 2337 2590 2392 quam
2636 2320 2952 2377 Latinorum
2975 2365 2988 2389 ,
3027 2321 3398 2396 Syrorumque
3424 2335 3480 2380 et

98 2428 314 2482 (rutulus
342 2429 458 2482 fuit
500 2448 516 2483 :
565 2429 738 2484 licet
777 2441 946 2481 eum
990 2423 1221 2495 quidam
1248 2423 1432 2478 dicant
1464 2423 1790 2488 Ebionitam,
1903 2419 2286 2489 Egyptiorum
2323 2417 2463 2470 hanc
2509 2417 2611 2471 sub
2662 2416 2938 2471 aster-iscis
2971 2425 3024 2471 et
3064 2418 3234 2473 obelis
3277 2421 3477 2475 editio-

97 2519 167 2586 qui
196 2521 363 2575 altero
395 2535 644 2592 genere
711 2518 1016 2573 Judmus
1067 2523 1172 2570 est.
1225 2513 1329 2570 Sed
1357 2525 1409 2570 et
1437 2513 1695 2582 Origenes
1729 2513 1794 2568 de
1901 2527 2025 2566 nem
2064 2511 2242 2581 legant
2263 2551 2278 2575 ,
2304 2510 2589 2579 ignoscant
2615 2509 2780 2563 invidi
2812 2508 2984 2564 labori
3014 2525 3134 2565 meo
3155 2552 3169 2575 ,
3204 2511 3298 2581 qui
3331 2513 3478 2567 volui

99 2609 468 2666 'l’heodotionis
523 2625 743 2682 opere
791 2610 868 2663 in
916 2606 1185 2661 editione
1233 2604 1458 2675 Vulgata
1503 2603 1793 2659 asteriscos
1899 2604 2100 2659 habere
2129 2614 2349 2659 nostros
2383 2602 2528 2673 quod
2559 2602 2731 2658 Graeci
2765 2604 2818 2658 in
2846 2604 3055 2674 Aquila:
3079 2615 3134 2660 et
3158 2603 3481 2661 Theodotio-

100 2704 264 2771 Fosuit,
310 2705 543 2759 docens
575 2700 910 2758 defuisse
938 2710 1085 2767 qua:
1114 2693 1295 2749 addita
1322 2702 1470 2759 sunt,
1513 2701 1568 2748 et
1601 2708 1793 2747 rursus
1900 2696 1985 2750 nis
2008 2711 2072 2750 ac
2097 2694 2352 2766 Symachi
2379 2695 2710 2750 cditionibus
2747 2695 3010 2751 lectitant.

1139 2809 1360 2865 Hieron.
1386 2811 1678 2865 Comment.
1707 2811 1763 2864 in
1790 2809 2000 2865 Daniel.
2034 2826 2149 2878 cap.
2181 2827 2219 2876 ι,
2253 2809 2353 2863 col.
2386 2810 2545 2866 1075.

148 2915 283 2982 Quod
314 2930 424 2970 nos
451 2914 648 2984 juxta
688 2911 1075 2968 editionem
1114 2905 1458 2962 Hebraeorum
1487 2923 1609 2976 quae
1648 2906 2106 2974 κατ’ἁκρίόειαν
2140 2907 2336 2976 legitur
2357 2908 2418 2959 in
2449 2917 2702 2975 tyrannos
2733 2907 3012 2960 vertimus.

1019 3003 1197 3059 Idem.
1229 3003 1520 3059 Comment.
1561 3004 1617 3056 in
1646 3002 1795 3066 Osee,
1826 3018 1943 3072 cap.
1977 3017 2039 3066 tt,
2073 3011 2200 3059 tom.
2232 3000 2316 3066 lll,
2347 3003 2448 3054 col.
2496 3000 2655 3054 1252.

152 3109 326 3178 Aquila
359 3109 648 3181 diligens
684 3114 756 3160 et
797 3102 1116 3159 curiosus
1147 3099 1430 3170 interpres.

1021 3191 1250 3248 Hieron.
1281 3191 1570 3247 Comment.
1603 3194 1655 3246 in
1688 3191 1960 3258 Habacuc,
1988 3198 2122 3244 tom.
2155 3186 2243 3254 lll,
2273 3187 2373 3240 col.
2406 3186 2564 3241 1635.

151 3295 436 3352 Sciendum
470 3305 742 3360 autem,
780 3300 864 3346 ut
902 3303 1100 3358 supra
1132 3288 1386 3355 diximus,
1407 3289 1552 3359 quod
1579 3289 1667 3343 ubi
1697 3304 1790 3358 po-
1817 3295 1861 3353 ο
1894 3286 2138 3357 ejusdem
2182 3283 2488 3354 dogmatis,
2538 3297 2831 3352 pauperem
2868 3297 3087 3336 sensum
3124 3284 3332 3351 secuti,
3374 3281 3474 3338 Ju-

101 3401 290 3443 tnrmnt
335 3390 499 3444 LXX
535 3387 804 3460 plurali
847 3397 1148 3447 numero,
1193 3391 1248 3434 ut
1299 3384 1526 3437 salvares
1571 3383 1792 3436 christos
1901 3381 2055 3436 daice
2105 3377 2538 3434 transtulerunt:
2571 3375 2824 3447 Egressus
2865 3392 2916 3428 es
2947 3377 3000 3429 in
3046 3375 3269 3430 salutem
3296 3378 3475 3446 populi

101 3492 219 3546 tros,
250 3483 324 3538 ibi
376 3498 520 3538 esse
576 3483 650 3536 in
702 3475 1052 3533 Hebraico
1093 3472 1323 3528 LAIESUA
1365 3491 1470 3528 ETH
1516 3490 1791 3538 usssucn,
1904 3475 2002 3538 tui,
2033 3482 2088 3526 ut
2119 3470 2350 3524 salvares
2383 3468 2653 3523 Christum
2695 3477 2878 3529 tuum;
2911 3475 2983 3530 et,
3019 3483 3254 3536 egressus
3283 3484 3335 3521 es
3365 3468 3477 3521 sal-

100 3575 212 3638 (ξηρά
244 3575 448 3644 Aquila
487 3571 890 3642 transtulit,
927 3568 995 3619 in
1025 3564 1256 3617 salutem
1282 3581 1398 3618 cum
1426 3564 1636 3619 Christo
1663 3574 1750 3618 tuo
1774 3581 1792 3617 :
1902 3584 2022 3620 vare
2064 3566 2312 3636 populum
2346 3572 2488 3617 tuum
2511 3603 2526 3627 ,
2562 3561 2766 3614 salvare
2815 3560 3085 3616 Christum
3130 3571 3296 3615 tuum.
3338 3559 3471 3615 Rem

100 3680 185 3721 non
215 3669 354 3738 quod
395 3667 570 3724 Deus
630 3675 975 3736 egressus
1021 3657 1132 3724 sit,
1165 3667 1223 3712 ut
1253 3659 1485 3713 salvaret
1515 3658 1792 3729 populum,
1903 3657 2278 3714 incredibilem
2309 3655 2557 3709 dicturus
2581 3668 2700 3706 sum
2722 3691 2736 3716 ,
2785 3652 2877 3706 sed
2905 3659 3083 3706 tamen
3118 3666 3322 3706 veram.
3382 3651 3476 3709 Isti

99 3761 381 3816 etsalvaret
431 3761 800 3816 Christum
872 3767 1101 3817 suum;
1160 3750 1250 3804 sed
1281 3752 1424 3820 quod
1472 3752 1525 3805 in
1563 3752 1790 3806 salutem
1903 3749 2338 3807 Semichristiani
2386 3745 2610 3800 Jutlaice
2662 3744 3076 3808 transtulerunt,
3137 3751 3191 3797 et
3254 3741 3476 3798 .ludteus

101 3854 251 3922 prpuli
293 3855 528 3911 venerit
581 3866 758 3908 cum
822 3845 1092 3901 Christo
1118 3858 1238 3905 suo,
1269 3843 1422 3913 juxta
1455 3843 1583 3897 illud
1617 3843 1794 3897 Evan-
1899 3844 2095 3915 Aquila
2123 3842 2512 3910 interpretatus
2541 3846 2625 3893 est
2653 3846 2711 3890 ut
2735 3835 3101 3891 Christianus.
3159 3834 3319 3890 Sexta
3353 3835 3474 3889 edi-

101 3948 195 4011 gsiii
222 3967 233 3999 :
267 3947 440 4001 Pater
480 3949 546 4000 in
586 3960 725 4006 me,
769 3950 836 3995 et
880 3952 994 4008 ego
1023 3936 1085 3987 in
1118 3932 1316 3999 Patre;
1352 3946 1399 3988 et
1427 3935 1591 3989 Pater
1621 3937 1674 3988 in
1711 3951 1791 3988 me
1900 3935 1976 3990 tio
2003 3933 2238 4004 prodens
2269 3928 2716 3985 manifestissime
2742 3940 3140 3981 sacramentum
3164 3968 3178 3993 ,
3211 3928 3282 3981 ita
3315 3926 3474 3979 vertit

102 4054 280 4093 Issen:
327 4041 450 4109 ipse
514 4037 689 4109 facit
743 4045 950 4102 opera
1010 4042 1140 4080 sua.
1199 4025 1301 4081 Sed
1325 4037 1379 4081 et
1401 4025 1599 4093 Quinta
1626 4027 1791 4082 editio
1897 4041 1962 4082 ex
1998 4025 2226 4080 ΗΘΜ-τεο
2262 4045 2272 4078 :
2313 4022 2568 4093 Egressus
2597 4039 2649 4075 es
2691 4029 2749 4074 ut
2787 4020 3020 4074 salvares
3051 4020 3297 4089 populum
3325 4028 3473 4073 tuum

103 4129 316 4184 similiter
367 4126 724 4183 transtulit
765 4142 783 4177 :
835 4119 1136 4190 Egressus
1170 4133 1220 4171 es
1264 4119 1320 4170 in
1348 4118 1567 4173 salutem
1613 4120 1792 4190 populi
1896 4134 1989 4187 per
2032 4116 2217 4169 Iesum
2267 4113 2536 4168 Christum
2593 4122 2776 4176 tuum,
2833 4110 2978 4180 quod
3018 4110 3203 4164 Graace
3249 4110 3471 4173 dicitur,

103 4221 187 4283 tsi,
218 4222 268 4275 in
296 4223 561 4278 saturem
619 4233 788 4273 cum
853 4211 1098 4264 Christo
1133 4220 1242 4262 tuo.
1283 4209 1584 4266 Theodotio
1612 4221 1703 4266 aut

1898 4209 2121 4282 ἐξῆλθες
2149 4209 2241 4262 τοῦ
2283 4209 2454 4261 σῶσαι
2479 4207 2567 4260 τὸν
2593 4206 2718 4258 λαόν
2755 4222 2844 4258 σου
2871 4204 2959 4257 διὰ
3002 4204 3205 4275 Ἰησοῦν
3241 4202 3471 4275 Χριστόν

103 4326 199 4365 iere
221 4314 378 4382 quasi
425 4325 691 4382 pauper
749 4311 827 4360 et
858 4298 1148 4355 Ebionita
1181 4317 1193 4353 :
1231 4300 1322 4355 sed
1355 4309 1408 4354 et
1437 4299 1792 4371 Symmachus
1901 4320 2016 4356 σου.
2971 4293 2974 4295 Α

903 4415 1151 4470 Hieron.
1181 4414 1469 4472 Comment.
1503 4419 1556 4471 in
1595 4417 1768 4488 Epist.
1796 4419 1865 4472 ad
1900 4419 2101 4483 Titum,
2137 4428 2264 4474 tom.
2298 4418 2387 4486 lV,
2418 4419 2518 4472 col.
2555 4418 2684 4471 457.

157 4519 293 4576 Unde
329 4531 387 4576 et
436 4520 636 4576 nobis
674 4526 879 4571 cura:
928 4507 1050 4562 fuit
1092 4523 1280 4563 omnes
1327 4510 1526 4564 veteris
1557 4509 1690 4578 legis
1722 4509 1791 4562 li-
1823 4514 1868 4568 D
1895 4519 1950 4566 et
1976 4511 2212 4566 maxime
2263 4510 2315 4563 hi
2362 4510 2454 4580 qui
2498 4509 2640 4578 apud
2683 4506 2938 4563 llebrzeos
2978 4521 3135 4561 versu
3181 4503 3476 4575 compositi

103 4619 232 4686 δινσε,
275 4637 428 4693 quos
479 4621 586 4674 νίι-
633 4617 905 4673 docws
957 4602 1328 4658 Adamantius
1358 4601 1412 4655 in
1441 4599 1676 4670 Hexapla
1709 4601 1792 4656 di-
1900 4612 2058 4667 sunt,
2117 4611 2228 4657 tres
2275 4602 2410 4656 alias
2458 4601 2723 4655 editiones
2762 4600 2974 4654 additas
3019 4598 3253 4664 habent;
3309 4612 3473 4666 quam

105 4688 346 4776 mai,
380 4715 458 4769 de
492 4699 929 4767 αδδιδι-ἱειηεὶ
977 4693 1308 4750 bibliotheca
1354 4693 1691 4763 descriptos,
1727 4708 1790 4747 ex
1899 4693 2154 4760 Quintam
2181 4733 2196 4756 ,
2247 4701 2302 4747 et
2347 4691 2600 4760 Sexlam,
2640 4700 2695 4746 et
2734 4689 3034 4761 Septimam
3065 4688 3476 4744 translationem

106 4804 208 4872 ipsis
250 4804 636 4863 ειηιιιεεηιῖοίε
682 4791 1087 4855 emendare,
1135 4785 1188 4839 in
1232 4786 1430 4853 quibus
1462 4795 1515 4840 et
1547 4786 1660 4854 ipsa
1690 4783 1795 4839 He-
1897 4795 2127 4848 vocant,
2173 4786 2552 4841 auctoritatem
2605 4784 2725 4841 sine
2760 4783 3075 4840 nominibus
3125 4783 3478 4851 interpretum

103 4899 215 4953 ira
259 4903 523 4972 propriis
585 4901 767 4953 sunt
828 4879 1279 4942 characteribus
1305 4878 1472 4933 verba
1500 4877 1790 4947 descripta,
1898 4887 2242 4934 consecutas.
2278 4877 2405 4935 Htec
2436 4879 2750 4936 immortale
2778 4876 2911 4932 illud
2941 4874 3216 4946 ingenium
3250 4889 3352 4927 suo
3381 4887 3482 4926 no-

103 4965 637 5051 ειῦηέεῑέιῇιιειιίε
697 4977 992 5040 tramite
1039 4985 1296 5040 expressa
1344 4970 1547 5027 vicino.
1598 4969 1794 5040 Aquila
1900 4970 1985 5026 bis
2020 4971 2206 5026 labore
2233 4971 2477 5037 donavit,
2516 4982 2575 5028 ut
2622 4987 2732 5026 non
2764 4982 3094 5038 magnopere
3126 4965 3484 5035 pertimesca-

105 5088 232 5140 m”,
260 5099 314 5144 ει
345 5081 851 5159 Symmachus,
885 5064 1263 5135 Septuaginta
1291 5079 1506 5134 quoque
1535 5071 1589 5117 et
1615 5061 1794 5116 Theo-
1901 5077 2026 5116 mus
2051 5062 2405 5132 supercilium
2442 5061 2760 5117 Judaeorum
2784 5101 2799 5126 ,
2834 5057 3026 5113 solutis
3066 5055 3243 5119 labiis,
3275 5063 3328 5108 ct
3354 5054 3483 5108 stri—

106 5179 218 5233 εὔιξο
262 5150 435 5236 ει,υῶ
489 5174 829 5231 ordinem
917 5163 1142 5214 tenent.
1181 5153 1433 5209 Nonnulli
1475 5169 1604 5210 vero
1645 5152 1791 5218 libri,
1903 5154 2062 5208 dente
2089 5154 2280 5219 saliva,
2306 5163 2359 5208 et
2383 5169 2504 5208 rasa
2532 5153 2688 5208 fauce
2714 5150 3087 5223 gaudentium.

1098 5273 1241 5328 Idem
1269 5277 1420 5345 epist.
1446 5275 1516 5329 9.4
1543 5275 1610 5328 ad
1649 5271 1984 5337 Marcellam,
2021 5281 2147 5326 tom.
2176 5271 2239 5337 ll,
2270 5271 2372 5326 col.
2408 5271 2495 5326 61.

151 5387 253 5445 ιη,
281 5392 513 5461 pridem
560 5400 733 5445 cum
767 5368 1200 5436 \‘Qlumllllblls
1221 5368 1571 5425 Hebraeorum
1595 5367 1792 5422 editio-
1902 5368 2070 5422 menti
2095 5366 2299 5434 fatear,
2329 5384 2450 5438 quae
2477 5366 2544 5421 ad
2578 5376 2823 5461 nostram
2857 5364 3014 5420 ﬁdem
3044 5359 3351 5432 pertineant
3387 5369 3481 5411 ro-

109 5495 196 5534 sam
245 5486 472 5554 Aquila:
559 5475 868 5534 confero
909 5485 928 5532 ;
1002 5476 1077 5516 ne
1128 5461 1254 5530 quid
1302 5461 1528 5518 forsitan
1578 5471 1795 5530 propter
1903 5461 2199 5516 borandam
2229 5462 2381 5531 plura
2413 5460 2644 5530 reperio.

109 5575 255 5630 auium
292 5551 522 5631 ῥιπίδα
571 5572 962 5634 synagoga
1020 5555 1342 5620 mutaverit;
1394 5565 1446 5608 et
1498 5561 1556 5606 ut
1611 5551 1798 5604 amica:

627 5631 649 5642 ’
786 5631 811 5634 v
1116 5647 1258 5702 Idem
1281 5652 1432 5720 epist.
1467 5650 1557 5717 29,
1594 5649 1665 5703 ad
1701 5648 1950 5708 Paulam,
1980 5656 2106 5700 tom.
2145 5643 2232 5710 IV,
2265 5643 2366 5696 col.
2405 5641 2494 5696 68.

158 5766 424 5832 ροσε-ωσι
483 5755 841 5820 varronis
903 5755 972 5804 et
1029 5743 1361 5801 Chalcenteri
1409 5747 1610 5802 mentio
1677 5745 1817 5798 facta
1887 5745 1987 5810 sit,
2052 5741 2340 5812 quzeritis?
2393 5738 2652 5794 Videlicet
2709 5745 2766 5790 ut
2816 5734 2881 5789 ad
2934 5724 3311 5786 Adamantium
3373 5736 3476 5776 no-
