4052 6388
667 303 766 357 ’155

2017 298 2539 358 ΡΒᾸΞΙᾸΜΙΝΑΒΙᾹ

3802 305 3908 360 158

655 429 940 490 atrumque
969 422 1388 477 Cua.ccnterum
1419 424 1701 477 veniamus
1731 441 1743 476 :
1777 423 1869 494 qui
1901 431 2049 479 tanto
2081 423 2262 480 studio
2301 424 2356 482 in
2395 434 2704 481 sanctarum
2741 424 3142 495 Scripturarum
3182 425 3368 480 labore
3408 425 3642 491 sudavit,
3665 433 3738 479 'ut
3760 425 3908 495 juste

657 511 962 568 Adamantii
995 529 1189 568 nomen
1221 516 1510 584 acceperit.

1250 605 1398 658 Idem
1429 607 1484 660 in
1510 607 1763 678 Catalogo
1809 608 2142 678 Scriptorum
2174 607 2375 663 Eccles.
2411 607 2474 660 de
2507 603 2750 674 Origene,
2781 611 2906 656 tom.
2934 600 3023 668 ιν,
3055 601 3155 655 col.
3195 601 3317 654 ll6.

731 721 866 788 Quis
905 723 1154 790 ignorat,
1184 725 1327 793 quod
1365 733 1570 779 tantum
1609 727 1660 780 in
1705 728 2001 799 Scripturis
2035 731 2234 786 divinis
2261 738 2306 795 Α
2335 729 2576 797 ejusdem
2606 725 2912 796 dogmatis:
2940 725 3032 794 qui
3063 724 3116 778 in
3151 722 3500 793 Evangelium
3524 738 3743 793 quoque
3764 725 3908 779 κατὰ

656 813 908 868 habuerit
942 816 1129 891 studii,
1167 818 1412 871 utetiam
1449 817 1727 874 Hebraeam
1766 823 2007 890 linguam
2041 831 2233 877 contra

661 910 830 958 κλιθεὶς
863 908 1145 978 gentisque
1181 925 1293 964 sua:
1321 922 1569 964 naturam
1594 913 1859 966 edisceret
1883 933 1894 967 :
1924 922 1974 967 et
2001 915 2236 984 acceptis

661 995 799 1048 LXX
833 998 1239 1068 luterpretibus,
1275 1002 1410 1056 alias
1432 1019 1648 1072 quoque
1679 1005 1945 1058 editiones
1982 1005 2033 1058 in
2066 1022 2232 1058 unum

660 1091 908 1144 volumen
943 1103 1337 1162 congregaret;
1370 1095 1579 1164 Aquila:
1621 1096 1829 1151 scilicet
1874 1097 2081 1152 Pontici
2114 1113 2237 1166 pro-

660 1183 856 1252 selyti,
911 1193 966 1238 et
1026 1184 1417 1242 Theodotionis
1476 1182 1754 1252 Ebiontei,
1817 1197 1872 1244 et
1925 1189 2237 1260 Symmachi

2336 819 2612 874 Ματθαῖον
2656 817 2875 886 scripsit
2900 815 3370 877 Commentarios,
3401 816 3466 870 de
3499 831 3608 886 quo
3651 826 3705 870 et
3745 832 3905 871 suum

2337 914 2530 983 dogma
2580 912 2900 966 confirmare
2950 919 3198 965 conatur.
3247 909 3512 964 Prteterea
3546 909 3802 976 Quintam
3853 919 3908 963 et

2339 1002 2556 1057 Sextam
2583 1013 2635 1057 et
2670 1001 2964 1071 Septimam
3002 1002 3316 1066 editionem,
3347 1017 3486 1071 quas
3516 1002 3678 1055 etiam
3709 1017 3811 1055 nos
3841 1001 3910 1055 de

2336 1095 2456 1163 ejus
2488 1093 2808 1147 bibliotheca
2843 1093 3136 1156 habemus,
3182 1093 3321 1147 miro
3364 1094 3550 1148 labore
3582 1094 3818 1162 reperit,
3855 1101 3911 1148 et

2337 1201 2460 1240 cum
2493 1185 2703 1239 czeteris
2733 1184 3063 1239 editionibus
3093 1183 3444 1253 comparavit.

1471 1304 1690 1360 Hieron.
1721 1307 1874 1376 epist.
1915 1308 1985 1362 53
2011 1307 2079 1359 ad
2121 1304 2538 1367 Pammachium,
2573 1311 2699 1357 tam.
2730 1299 2819 1364 Ill,
2848 1300 2948 1354 col.
2987 1301 3076 1354 25.

730 1388 834 1440 Sed
863 1389 992 1457 quid
1025 1389 1288 1446 faciemus
1321 1391 1389 1446 ad
1416 1394 1760 1450 authenticos
1796 1397 1986 1461 libros,
2024 1396 2076 1448 in
2111 1395 2234 1464 qui-

660 1481 761 1535 bus
793 1483 903 1536 hzec
934 1499 1040 1537 non
1075 1483 1321 1538 feruntur
1356 1486 1612 1554 ascripta,
1650 1497 1704 1540 et
1738 1498 1932 1540 caetera
1966 1488 2049 1540 his
2084 1487 2236 1541 simi-

659 1572 728 1626 lia
753 1614 766 1634 ,
799 1590 920 1640 quae
961 1576 1005 1627 si
1038 1574 1279 1643 proferre
1324 1579 1598 1641 nitamur,
1631 1579 1855 1633 inliuitis
1911 1579 2064 1632 libris
2095 1594 2234 1647 opus

657 1663 980 1717 est?Porro
1019 1675 1219 1734 quanta
1257 1666 1594 1732 dimiserint,
1632 1669 1712 1722 vel
1747 1669 1990 1723 asterisci
2028 1679 2192 1724 testes
2215 1709 2230 1734 ,

658 1767 715 1815 ut
751 1756 882 1817 dixi,
915 1766 1062 1819 sunt,
1096 1758 1176 1812 vel
1211 1768 1393 1812 nostra
1425 1759 1816 1828 interpretatio,
1848 1761 1893 1814 si
1927 1777 1956 1814 a
1986 1761 2228 1830 diligenti

657 1846 859 1900 lcetore
892 1848 1231 1902 translationi
1256 1849 1420 1902 veteri
1449 1850 1790 1906 conferatur:
1824 1861 1878 1906 et
1903 1863 2081 1906 tamen
2104 1853 2230 1922 jure

657 1937 794 1990 LXX
845 1942 1011 1994 editio
1056 1942 1289 1996 obtinuit
1338 1943 1389 1996 in
1425 1943 1722 2010 Ecclesiis,
1767 1946 1847 1999 vel
1879 1946 2006 2014 quia
2054 1945 2226 2014 prima

656 2039 780 2091 est,
817 2041 871 2084 et
901 2043 1027 2086 ante
1070 2033 1271 2087 Christi
1319 2034 1460 2089 facta
1509 2037 1840 2103 adventum;
1887 2037 1967 2090 vel
2001 2036 2129 2105 quia
2162 2037 2230 2091 ab

656 2123 917 2190 apostolis
949 2124 1038 2192 (in
1073 2126 1271 2195 quibus
1301 2139 1477 2181 tamen
1506 2128 1574 2182 ab
1599 2127 1862 2184 llebraico
1889 2145 1995 2183 non
2027 2131 2230 2186 discre-

654 2214 785 2284 pat)
821 2226 1103 2286 usurpata.
1136 2218 1332 2288 Aquila
1366 2230 1545 2275 autem
1582 2223 1885 2292 proselytus
1913 2232 1966 2276 et
1998 2232 2226 2278 conten-

2339 1395 2510 1448 tiosus
2540 1392 2806 1461 interpres
2827 1431 2842 1453 ,
2875 1391 2967 1460 qui
3003 1407 3109 1444 non
3147 1392 3321 1446 solum
3352 1392 3536 1457 verba,
3572 1391 3665 1447 sed
3695 1400 3910 1464 etymo-

2337 1483 2505 1552 logias
2525 1498 2744 1552 quoque
2770 1482 3058 1535 verborum
3086 1482 3380 1537 transferre
3405 1492 3634 1538 conatus
3651 1492 3756 1548 est,
3783 1485 3912 1554 jure

2337 1575 2622 1645 projicitur
2656 1590 2686 1628 a
2720 1575 2898 1628 nobis.
2932 1573 3066 1640 Quis
3098 1574 3243 1628 enim
3274 1591 3372 1644 pro
3406 1576 3669 1645 frumento
3699 1585 3752 1630 et
3789 1578 3913 1630 vino

2335 1678 2390 1723 et
2425 1668 2538 1722 oleo
2582 1669 2787 1738 possit,
2823 1669 2904 1721 vel
2937 1668 3144 1737 legere,
3192 1669 3276 1721 vel
3309 1669 3604 1738 intelligere
3631 1707 3645 1733 ,
3686 1667 3870 1739 χεῦμα
3893 1707 3913 1734 ,

2336 1761 2673 1831 ὀπωρισμὸν,
2694 1759 3074 1831 στιλπνότητα,
3098 1761 3239 1829 quod
3262 1777 3364 1814 non
3392 1776 3680 1829 possumus
3700 1763 3909 1828 dicere,

2334 1855 2615 1924 fusionem,
2646 1856 3092 1925 pomationemque
3117 1865 3166 1907 et
3197 1854 3571 1924 splendentiam
3591 1856 3614 1908 ?
3635 1858 3744 1910 Aut
3774 1861 3911 1926 quia

2336 1945 2543 2000 llebrzci
2578 1963 2682 1999 non
2716 1947 2891 2001 solum
2921 1946 3118 2000 habent
3145 1946 3340 2018 ἄρθρα,
3368 1947 3458 2000 sed
3487 1954 3540 2001 et
3574 1947 3867 2020 πρόαρθρα
3895 1987 3913 2014 ,

2333 2039 2422 2093 ille
2452 2038 2788 2109 κακοζήλως,
2821 2048 2872 2092 et
2905 2038 3141 2108 syllabas
3177 2040 3561 2107 interpretatur
3586 2052 3641 2094 et
3669 2040 3909 2105 litteras,

2331 2131 2569 2200 dicitque
2609 2132 2706 2184 σὺν
2731 2131 2821 2183 τὸν
2863 2131 3123 2201 οὐρανὸν,
3176 2130 3271 2182 καὶ
3305 2131 3400 2182 σὺν
3442 2131 3539 2202 τὴν
3585 2131 3717 2203 γῆν,
3754 2132 3911 2202 quod

2333 2221 2518 2278 Crteca
2549 2233 2603 2278 et
2637 2223 2827 2278 Latina
2862 2225 3044 2295 lingua
3080 2225 3302 2279 omnino
3330 2241 3439 2279 non
3475 2227 3696 2294 recepit.

1460 2337 1681 2393 Hieron.
1712 2339 1968 2410 Apologia
1991 2340 2197 2399 advers.
2234 2339 2506 2410 Ruﬁnum,
2533 2349 2659 2394 tom.
2695 2339 2786 2406 1V,
2815 2342 2917 2397 col.
2947 2342 3072 2397 565.

743 2450 900 2506 Certe
940 2451 1104 2506 etiam
1146 2451 1406 2522 Origenes
1449 2455 1792 2524 patriarchen
1845 2455 2109 2520 Huillum,
2151 2459 2242 2527 qui
2273 2471 2315 2526 Β
2343 2459 2746 2532 Octogesimum
2779 2474 2996 2530 quoque
3030 2475 3229 2514 nonum
3256 2460 3554 2528 psalmum',
3586 2459 3677 2529 qui
3707 2461 3913 2514 scribi-

655 2545 991 2613 temporibus
1021 2545 1138 2614 ejus
1169 2545 1302 2610 fuit,
1340 2548 1624 2607 nominat:
1673 2559 1727 2602 et
1765 2550 2100 2605 tricesimum
2147 2560 2229 2604 to-

655 2651 803 2689 tnum
835 2637 888 2689 in
920 2635 1193 2701 Hesaiam,
1223 2639 1275 2691 in
1312 2639 1468 2708 cujus
1503 2642 1606 2694 line
1636 2641 1886 2697 edisserit
1916 2662 1928 2697 :
1973 2643 2062 2697 Va:
2090 2643 2222 2706 tibi,

653 2730 841 2781 civitas
873 2729 1038 2794 Ariel,
1067 2747 1224 2800 quant
1251 2733 1567 2800 expugnavit
1593 2732 1793 2796 David,
1832 2736 1977 2791 illius
2007 2736 2225 2806 exposi-

658 2820 806 2875 tione
855 2823 1167 2886 concludit;
1215 2834 1424 2879 etcum
1479 2827 1635 2881 aliter
1680 2829 1830 2898 prius
1879 2831 2117 2886 sensisse
2168 2845 2226 2886 se

653 2913 822 2981 dicat,
851 2915 1069 2970 doctum
1101 2916 1170 2970 ab
1198 2916 1290 2972 illo
1320 2918 1372 2972 id
1403 2920 1544 2972 ouod
1575 2929 1657 2975 est
1683 2921 1886 2987 verius,
1915 2923 2222 2976 confitetur.

2330 2562 2418 2607 tur
2443 2573 2455 2606 ε
2483 2552 2671 2608 Oratio
2698 2553 2869 2622 Moysi
2898 2553 3122 2606 hominis
3148 2552 3266 2618 Dei,
3291 2561 3343 2607 et
3366 2553 3600 2621 reliquos
3625 2551 3909 2612 undecim.

2328 2643 2424 2713 qui
2453 2659 2560 2697 non
2596 2643 2794 2697 habent
2827 2643 3012 2697 titulos
3032 2683 3046 2707 ,
3080 2645 3375 2698 secundum
3405 2641 3567 2696 Huilli
3597 2643 3912 2711 expositio-

2330 2751 2452 2789 nem
2481 2775 2495 2798 ,
2548 2735 2790 2802 ejusdem
2841 2732 3012 2804 Moysi
3062 2743 3250 2802 putat:
3288 2750 3386 2788 nec
3433 2733 3755 2803 dedignatur
3789 2731 3914 2786 He-

2329 2825 2529 2879 bra'am
2579 2825 2912 2895 Scripturam
2953 2825 3347 2894 interpretans,
3393 2840 3486 2894 per
3521 2824 3732 2895 singula
3780 2824 3913 2879 loca

2328 2917 2457 2987 quid
2490 2915 2729 2970 Hebraeis
2759 2917 3005 2970 videatur
3030 2917 3289 2971 inserere.

1599 3035 1747 3091 Idem
1769 3038 1890 3092 adv.
1923 3037 2190 3107 Ruﬁnum,
2224 3037 2264 3094 ι.
2294 3053 2356 3103 ιι,
2393 3045 2519 3089 tom.
2553 3033 2644 3103 ιν,
2679 3035 2928 3088 001.423.

723 3143 877 3209 Quod
912 3157 971 3201 ut
1001 3148 1253 3203 auderem
1282 3193 1295 3214 ,
1331 3151 1579 3222 Origeuis
1609 3169 1693 3207 me
1749 3154 1986 3208 studium
2021 3168 2220 3223 provo-

650 3240 830 3301 cavit,
870 3240 960 3308 qui
1006 3241 1227 3294 editioni
1260 3243 1494 3312 antiqua:
1530 3245 1938 3298 translationem
1969 3244 2220 3298 Theodo-

652 3329 818 3382 tionis
863 3331 1114 3396 miscuit,
1164 3334 1424 3389 asterisco
1469 3338 1534 3403 >ε<
1576 3345 1629 3389 et
1668 3337 1904 3391 obelisco
1937 3351 2022 3403 -:—,
2056 3336 2221 3390 idest

652 3419 803 3472 stella
833 3429 886 3475 et
915 3438 1044 3477 veru
1097 3438 1234 3481 onus
1273 3442 1434 3482 omne
1461 3427 1800 3496 distinguens
1828 3448 1840 3482 :
1872 3429 1998 3482 dum
2033 3438 2126 3482 aut
2156 3429 2221 3481 il-

2326 3152 2602 3206 lucescere
2634 3149 2763 3205 facit
2788 3165 2908 3220 quze
2941 3149 3121 3203 minus
3148 3157 3271 3204 ante
3303 3148 3554 3214 fuerant;
3582 3158 3676 3204 aut
3710 3163 3915 3218 snper-

2326 3241 2432 3294 flua
2468 3256 2696 3310 quaeque
2733 3241 2942 3311 jugulat
2984 3249 3038 3295 et
3074 3237 3314 3294 confodit
3344 3258 3357 3292 :
3401 3239 3740 3309 maximeque
3775 3257 3914 3309 qua:

2326 3333 2778 3403 evangelistarum
2811 3343 2865 3387 et
2894 3335 3264 3404 apostolorum
3309 3333 3606 3388 auctoritas
3648 3336 3915 3403 promul-

2325 3426 2488 3496 gavit.

1491 3536 1709 3594 IIieron.
1742 3541 1895 3608 epist.
1925 3539 2014 3604 45,
2047 3540 2113 3592 ad
2143 3537 2474 3600 Marcellam,
2500 3547 2626 3594 tom.
2673 3537 2736 3603 ll,
2766 3539 2870 3594 col.

720 3644 1041 3704 Ambrosius
1067 3691 1081 3714 ,
1120 3667 1228 3720 quo
1257 3653 1494 3719 chartas,
1531 3666 1801 3725 sumptus,
1828 3658 2071 3712 notarios
2106 3658 2213 3711 mi-

646 3736 948 3806 nistrante,
979 3751 1085 3795 tam
1118 3743 1539 3801 innumerabiles
1572 3747 1739 3803 libros
1779 3765 1904 3804 vere
1944 3749 2218 3803 Adaman-

646 3827 759 3880 tius
779 3867 792 3890 ,
826 3837 879 3882 et
907 3829 1296 3886 Chalcenterus
1329 3843 1512 3887 noster
1541 3835 1860 3903 eXplicavit,
1899 3835 1952 3888 in
1981 3835 2216 3906 quadam

647 3916 874 3985 epistola
899 3959 914 3984 ,
942 3935 1102 3988 quam
1133 3921 1200 3975 ad
1241 3922 1490 3977 eumdem
1522 3924 1588 3978 de
1627 3925 1854 3979 Athenis
1888 3927 2217 3994 scripserat,

2317 3657 2488 3712 refert
2531 3672 2810 3726 nunquam
2847 3672 2906 3711 se
2949 3656 3130 3710 cibum
3180 3653 3408 3725 Origene
3460 3664 3725 3726 praesente
3773 3657 3912 3712 sine

2318 3748 2547 3804 lectione
2573 3750 2892 3818 sumpsisse,
2935 3763 3212 3817 nunquam
3250 3749 3438 3803 iniisse
3473 3764 3751 3814 somnum,
3786 3749 3914 3806 nisi

2320 3855 2465 3894 unus
2495 3853 2526 3894 e
2555 3837 2814 3893 fratribus
2848 3838 3018 3892 sacris
3049 3837 3242 3891 litteris
3275 3848 3608 3906 personaret.

1449 4034 1669 4091 Hieron.
1702 4038 1856 4104 epist.
1895 4036 1985 4102 74,
2018 4035 2086 4088 ad
2112 4036 2491 4106 Augustinum,
2525 4043 2653 4087 tom.
2683 4032 2772 4098 ιγ,
2801 4033 2900 4086 col.
2933 4033 3059 4089 626.

714 4152 868 4218 Quod
897 4163 1074 4209 autem
1103 4155 1157 4210 in
1204 4157 1324 4212 aliis
1349 4159 1547 4228 quatris
1595 4160 1838 4230 epistolis
1862 4201 1876 4225 ,
1925 4176 2024 4214 cur
2058 4160 2204 4228 prior
2231 4165 2274 4221 ο
2307 4158 2372 4213 Et
2403 4160 2569 4213 miror
2598 4158 2872 4228 quomodo
2905 4155 3046 4210 LXX
3082 4156 3437 4224 lnterpretum
3477 4152 3649 4208 libros
3698 4168 3856 4223 .egas
3885 4197 3908 4223 ,

645 4261 766 4300 mea
826 4247 879 4299 in
943 4246 1096 4301 libris
1151 4251 1430 4306 canonicis
1494 4251 1864 4321 interpretatio
1921 4252 2212 4308 asteriscos

646 4335 840 4390 haheat
894 4344 948 4390 et
995 4337 1230 4408 virgulas
1281 4351 1652 4408 prtenotatas;
1706 4352 1759 4395 et
1809 4350 1994 4411 postea
2047 4342 2210 4396 aliam

651 4427 1060 4480 translationem
1101 4427 1303 4498 absque
1346 4429 1429 4483 his
1474 4429 1643 4498 signis
1673 4429 1971 4499 ediderim,
2013 4430 2214 4485 videris

639 4518 774 4570 mihi
804 4532 909 4570 non
937 4518 1233 4588 intelligere
1264 4519 1406 4588 quod
1439 4519 1705 4590 quaesisti.
1745 4519 1838 4573 Illa
1871 4521 2015 4574 enim
2046 4521 2212 4575 inter-

640 4609 866 4678 pretatio
901 4607 1040 4662 LXX
1084 4609 1444 4680 lnterpretum
1475 4622 1595 4666 est:
1644 4619 1698 4665 et
1742 4612 2053 4681 ubicunque
2096 4611 2209 4664 vir-

639 4699 811 4767 gulae,
845 4701 897 4755 id
941 4709 1023 4755 est
1054 4701 1230 4768 obeli,
1266 4711 1429 4766 sunt,
1474 4703 1814 4772 significatur
1861 4702 2007 4773 quod
2065 4700 2207 4755 LXX

637 4791 762 4858 plus
789 4791 1026 4846 dixerint
1054 4787 1218 4862 q'uam
1249 4793 1477 4860 habetur
1509 4795 1562 4847 in
1594 4793 1821 4848 Hebraeo
1850 4811 1866 4861 ;
1901 4795 1991 4849 ubi
2027 4807 2206 4849 autem

639 4886 918 4950 asterisci,
963 4888 1015 4942 id
1057 4895 1140 4942 est
1177 4887 1403 4942 stellulae
1435 4889 1820 4957 przelucentes,
1863 4903 1930 4944 ex
1960 4888 2207 4943 Theodo-

638 4977 800 5031 tiouis
855 4979 1090 5032 editione
1143 4979 1210 5033 ab
1264 4977 1494 5051 Origene
1547 4979 1789 5033 additum
1841 4989 1960 5034 est:
2012 4989 2066 5034 et
2130 4980 2204 5034 ibi

636 5070 822 5126 Graeca
850 5073 1250 5135 transtulimus,
1279 5073 1367 5128 hic
1395 5073 1460 5126 de
1503 5073 1620 5142 ipso
1655 5070 1921 5126 Hebraico
1953 5073 2097 5141 quod
2128 5074 2208 5126 in-

634 5163 1008 5231 telligebamus
1027 5164 1416 5232 expressimus,
1441 5179 1698 5218 sensuum
1726 5164 1902 5234 potius
1923 5165 2204 5218 veritatem

635 5269 798 5323 quam
846 5255 1138 5309 verborum
1175 5256 1423 5310 ordinem
1473 5255 1748 5310 interdum
1793 5267 2202 5312 conservantes.

2318 4268 2428 4307 non
2455 4267 2658 4323 puros,
2691 4261 2748 4306 ut
2785 4251 2853 4304 ab
2891 4251 2970 4304 eis
3023 4248 3153 4302 editi
3197 4256 3342 4310 sunt,
3386 4246 3478 4302 sed
3527 4245 3594 4300 ab
3649 4245 3907 4316 Origene

2318 4344 2656 4406 emendatos,
2689 4343 2803 4398 sive
2829 4350 3116 4410 corruptos
3150 4355 3243 4408 per
3271 4339 3453 4393 obelos
3481 4346 3534 4392 et
3559 4339 3911 4408 asteriscos;

2317 4444 2371 4488 et
2409 4434 2709 4489 Christiani
2748 4433 2987 4487 hominis
3029 4431 3620 4500 interpretatiunculam
3661 4446 3774 4485 non
3809 4448 3915 4488 se-

2317 4527 2525 4597 quaris,
2561 4525 2860 4594 praesertim
2894 4539 3017 4580 cum
3048 4538 3110 4577 ea
3140 4538 3260 4592 qua!
3289 4522 3470 4576 addita
3501 4531 3664 4588 sunt,
3694 4539 3763 4577 ex
3797 4524 3914 4580 ho-

2316 4616 2480 4671 minis
2499 4614 2670 4669 Judazi
2695 4623 2856 4683 atque
2874 4613 3173 4682 blasphemi
3191 4620 3312 4682 post
3328 4613 3636 4681 passionem
3655 4614 3912 4682 Christi,

2313 4711 2551 4766 editione
2579 4707 2933 4764 transtulerit.
2964 4705 3055 4761 Vis
3085 4716 3295 4760 amator
3317 4720 3435 4760 esse
3461 4720 3623 4761 verus
3657 4705 3918 4777 Septua-

2314 4803 2460 4873 ginta
2491 4800 2846 4870 lnterpretum
2870 4797 2893 4850 ?
2922 4795 3038 4850 Non
3070 4796 3216 4864 legas
3241 4810 3302 4848 ea
3327 4809 3448 4864 qua:
3476 4795 3579 4848 sub
3606 4795 3917 4853 asteriscis

2313 4904 2460 4959 sunt,
2497 4896 2607 4947 imo
2644 4894 2768 4946 rade
2799 4891 2864 4945 de
2892 4889 3280 4953 voluminibus,
3312 4896 3373 4940 ut
3405 4895 3648 4940 veterum
3685 4897 3739 4941 te
3771 4888 3918 4942 fau-

2311 4995 2485 5041 torem
2517 4986 2732 5055 probes.
2775 4982 2931 5050 Quod
2965 4982 3008 5036 si
3054 4979 3244 5035 feceris
3272 5020 3287 5042 ,
3319 4978 3562 5033 omnium
3605 4977 3916 5035 Ecclesia-

2313 5095 2435 5134 rum
2471 5077 2828 5133 bibliothecas
2853 5076 3110 5129 damnare
3138 5073 3372 5141 cogeris.
3421 5069 3516 5123 Vix
3553 5071 3702 5125 enim
3744 5088 3919 5130 unus

2312 5178 2406 5224 aut
2435 5169 2570 5222 alter
2599 5165 2904 5220 invenietur
2936 5163 3070 5218 liber
3097 5162 3189 5232 qui
3221 5162 3321 5216 ista
3350 5176 3458 5215 non
3495 5160 3714 5215 habeat.

1313 5375 1532 5432 Hieron.
1559 5377 1712 5444 epist.
1745 5379 1813 5430 ad
1861 5376 2192 5430 Vincentium
2221 5386 2269 5432 et
2294 5376 2615 5438 Gallienum,
2650 5383 2776 5427 tom.
2806 5370 2894 5434 IV,
2924 5369 3024 5424 col.
3054 5367 3178 5422 805.
3232 5413 3242 5422 .

702 5508 1064 5576 Quamobrem
1093 5511 1310 5580 Aquila,
1332 5519 1384 5564 et
1415 5510 1792 5582 Symmachus,
1823 5521 1876 5565 et
1901 5512 2198 5567 Theodotio

619 5595 862 5668 incitati,
895 5601 1164 5654 diversum
1195 5616 1331 5669 pene
1364 5616 1501 5669 opus
1533 5604 1584 5654 in
1611 5603 1797 5656 eodem
1826 5618 1986 5671 opere
2017 5603 2200 5670 prodi-

620 5685 824 5743 derunt
856 5710 868 5754 ς
907 5693 1011 5745 aito
1053 5694 1258 5746 nitente
1299 5695 1518 5746 verbum
1556 5694 1620 5746 de
1660 5695 1822 5747 verbo
1859 5695 2194 5763 exprimere,

543 5853 546 5858 _
617 5783 742 5853 .alio
776 5801 993 5839 sensum
1023 5785 1202 5855 potius
1235 5786 1410 5856 sequi,
1448 5787 1607 5841 tertio
1640 5801 1745 5841 non
1777 5787 2006 5841 multum
2038 5801 2068 5840 ει
2105 5802 2196 5841 ve-

2304 5510 2509 5566 teribus
2550 5511 2875 5580 discrepare.
2915 5507 3114 5574 Quinta
3156 5516 3336 5559 autem
3377 5512 3429 5558 et
3461 5503 3631 5557 Sexta
3670 5513 3726 5558 et
3779 5501 3912 5560 δεξο-

2305 5601 2471 5671 ptima
2521 5601 2721 5660 editio,
2773 5600 2898 5652 licet
2951 5599 3148 5667 quibus
3183 5604 3511 5651 censeantur
3545 5594 3902 5673 auctoribus

2304 5696 2622 5764 ignoretur,
2661 5703 2836 5746 tamen
2870 5692 2942 5743 ita
2992 5689 3320 5759 probabilem
3367 5687 3450 5740 sui
3498 5686 3909 5746 diversitatem

2307 5793 2522 5845 tenent,
2554 5791 2612 5838 ut
2642 5780 3018 5836 auctoritatem
3051 5780 3168 5835 sine
3200 5776 3512 5832 nominibus
3548 5777 3930 5856 meruerint,
