4052 6388
603 372 708 430 159

1660 368 2080 426 TESTIMO‘NIA
2120 368 2185 424 ΙΝ
2229 368 2384 423 ViX-1'.
2431 366 2762 422 INTERPR.

3729 366 3837 420 ιω

1792 496 1874 548 Ex
1900 495 2080 549 eodem
2107 493 2385 556 Chronico,
2411 511 2464 562 p.
2500 493 2630 547 965.

671 583 831 638 Anno
863 600 912 639 Vl
952 583 1256 650 Commodi,
1290 578 1584 637 indictione
1614 600 1710 648 vu,
1739 601 1884 641 coss,
1910 585 2158 640 Marcello

2332 587 2420 650 ς’.
2467 583 2581 639 Ἰνδ.
2615 584 2680 646 ζ’.
2730 584 2855 637 Ὺπ.
2897 580 3216 653 Μαρκέλλου
3267 582 3358 635 καὶ
3389 579 3662 634 Δίλιανοῦ.
3708 580 3837 633 Ἐπὶ

596 689 648 734 et
671 676 907 734 Eliano.
937 674 1032 730 His
1062 690 1207 731 coss.
1239 674 1543 731 Theodotio
1567 674 1789 745 quidam
1818 673 2076 730 Ponticus
2092 691 2159 730 ex

597 769 938 825 successione
990 765 1278 824 Marcionis
1326 767 1738 832 lueresiarchee,
1791 767 1882 838 qui
1931 776 1984 821 et
2045 767 2160 837 ipse

597 860 798 928 Sinope
840 859 1104 913 oriundus
1143 866 1282 922 erat,
1330 857 1541 926 ejurata
1583 856 1827 926 ejusdem
1859 857 2072 922 haeresi,
2104 858 2156 910 in

592 950 933 1006 Judaismum
961 949 1252 1005 declinavit
1283 967 1298 1016 ;
1335 964 1571 1018 cumque
1602 963 1791 1003 eorum
1813 949 2075 1002 elementa
2108 959 2160 1003 et

591 1044 836 1114 linguam
867 1042 1166 1106 didicisset,
1193 1041 1469 1112 propriam
1510 1049 1564 1094 et
1594 1041 1709 1110 ipse
1752 1040 2158 1109 interpretatio-

592 1150 716 1190 nem
737 1119 933 1200 edidit,
961 1133 1017 1186 in
1044 1134 1228 1187 multis
1259 1147 1384 1186 cum
1428 1131 1567 1185 LXX
1602 1130 1987 1200 lnterprclibus
2030 1146 2160 1185 con-

592 1225 852 1292 sentiens,
891 1234 952 1280 ut
981 1226 1050 1281 de
1081 1225 1176 1279 illo
1211 1223 1377 1279 refert
1399 1221 1735 1292 Epiphanius
1761 1221 2014 1292 Cyprius.

2263 674 2370 746 τῶν
2416 677 2789 745 προκειμένων
2834 673 3075 740 ὑπάτων,
3107 673 3396 726 Θεοδοτίων
3441 690 3525 736 τις
3561 670 3655 724 τοῦ
3689 670 3838 724 Πόνο

2263 784 2377 834 του,
2406 767 2515 820 ἀπὸ
2557 767 2655 836 τῆς
2691 768 2941 838 διαδοχῆς
2970 766 3293 838 Μαρκίωνος
3326 763 3419 817 τοῦ
3453 763 3837 836 αἰρεσιάρχου,
3892 823 3910 839 ,Δ

2264 857 2358 911 τοῦ
2393 858 2487 912 ἀπ’
2531 858 2698 928 αὐτῆς
2730 857 2978 928 Σινώπης
3018 856 3359 929 ὁρμωμένου,
3401 857 3494 908 καὶ
3533 856 3694 919 αὐτὸς
3731 871 3836 925 μη-

2265 949 2394 1004 νιῶν
2427 951 2494 1020 τῇ
2530 950 2664 1019 αὐτῇ
2696 950 2923 1020 αἱρέσει,
2952 950 3044 1002 καὶ
3085 950 3164 1011 είς
3202 947 3530 1018 Ἰουδαῖσμὸν
3554 947 3836 1009 ἐκκλίνας,

2267 1042 2357 1093 καὶ
2395 1040 2462 1092 τὰ
2504 1041 2682 1093 αὐτῶν
2731 1043 2966 1110 στοιχεῖα
3001 1041 3094 1094 καὶ
3126 1039 3378 1108 γλῶσσαν
3424 1038 3634 1110 μαθὼν,
3685 1038 3836 1102 ἰδίως

2265 1129 2359 1184 καὶ
2385 1133 2544 1195 αὐτὸς
2577 1132 2833 1197 ἐξέδωκεν
2859 1130 2927 1184 τὰ
2951 1132 3175 1184 πλεῖστα
3199 1133 3312 1194 τοῖς
3345 1131 3443 1184 08'
3470 1129 3839 1202 ὲρμηνευταῖς

2267 1221 2576 1292 συνᾴδοντα,
2607 1222 2681 1284 ὡς
2704 1223 2794 1274 καὶ
2832 1223 3031 1291 ἱστορεῖ
3067 1222 3194 1293 περὶ
3221 1220 3411 1297 τούτου
3446 1219 3768 1290 Ἐπιφάνιος
3808 1217 3837 1268 ὁ

2266 1310 2529 1382 Κύπριος.

1807 1421 1892 1474 Ex
1918 1423 2096 1476 eodem
2131 1421 2408 1491 Chronico,
2441 1443 2492 1494 ρ.
2522 1426 2644 1480 266.

668 1543 826 1598 Anno
861 1540 1049 1598 Severi
1078 1556 1155 1605 IX,
1208 1539 1392 1598 indict.
1431 1553 1544 1604 un,
1587 1554 1730 1596 coss.
1801 1539 2003 1598 Severo
2049 1541 2164 1596 Au-

596 1643 757 1705 gusto
773 1631 840 1686 Ill
870 1639 924 1687 et
948 1630 1244 1685 Antonino.
1272 1628 1368 1684 His
1395 1629 1749 1699 temporibus,
1790 1628 2153 1702 Symmachus

587 1726 810 1796 quidam
843 1723 1348 1792 Samaritanus,qui
1373 1723 1513 1777 inter
1541 1730 1700 1777 sectze
1729 1737 1840 1777 suae
1858 1724 2157 1793 sapientio-

591 1833 676 1874 res
717 1816 1127 1882 numerabatur,
1152 1830 1273 1870 cum
1298 1813 1440 1884 apud
1459 1819 1671 1884 gentem
1699 1829 1855 1869 suam
1885 1815 1941 1868 in
1954 1815 2158 1870 honore

591 1922 699 1961 non
735 1905 1045 1969 haberetur,
1088 1902 1399 1958 ambitionis
1445 1911 1500 1956 et
1555 1901 1790 1958 aﬂ‘ectati
1825 1904 2161 1974 principatus

590 1998 784 2053 morbo
801 1997 1085 2060 laborans,
1113 1995 1510 2051 contribulibus
1546 1994 1661 2050 suis
1685 1994 1954 2063 infensus,
1987 1995 2162 2051 adJu-

590 2090 737 2145 dzeos
756 2089 1028 2160 migravit,
1057 2096 1112 2143 et
1139 2087 1443 2159 proselytus
1469 2086 1644 2143 factus
1663 2087 1900 2143 secundo
1928 2086 2162 2141 circum-

590 2184 738 2239 cisus
757 2192 858 2238 est.
889 2181 988 2237 Hic
1013 2181 1177 2254 igitur
1200 2189 1261 2235 ut
1277 2179 1742 2236 Samaritanorum
1769 2179 2166 2250 interpretatio-

591 2284 1000 2343 neSJeverteret,
1035 2274 1251 2328 tertiam
1272 2271 1442 2328 edidit
1467 2271 1987 2342 interpretationem.
2028 2269 2153 2325 Haec

591 2365 924 2437 Epiphanius
952 2365 1185 2436 Cyprius
1212 2363 1279 2420 de
1308 2363 1480 2419 tribus
1533 2361 1915 2432 interpretibus
1938 2361 2151 2432 Aquila,

591 2458 920 2531 Symmacho
941 2467 996 2514 et
1023 2455 1397 2512 Theodotione
1420 2453 1683 2509 narravit.

2336 1545 2410 1597 ϐ’.
2461 1546 2576 1598 ἰνδ.
2623 1554 2691 1618 η’.
2733 1547 2854 1602 ”Υπ.
2897 1548 3133 1620 Σεϐήρου
3183 1547 3491 1616 Αὐγούστου
3540 1546 3602 1598 τὸ
3635 1546 3690 1598 Γ¹
3736 1546 3840 1598 καὶ

2276 1636 2612 1692 Ἀντωνίνου.
2682 1639 2767 1691 Ἐν
2832 1639 3038 1702 τούτοις
3093 1640 3336 1712 χρόνοις,
3390 1639 3687 1711 Σύμμαχός
3747 1656 3838 1700 τις

2264 1727 2605 1799 Σαμαρείτης
2654 1728 2760 1782 τῶν
2813 1729 2940 1799 παρ’
2975 1731 3158 1792 αὐτοῖς
3213 1728 3409 1798 σοφῶν,
3453 1729 3527 1799 μὴ
3576 1727 3837 1799 τιμηθεὶς

2265 1815 2368 1868 ὑπὸ
2399 1815 2491 1868 τοῦ
2533 1816 2656 1869 ἰδίου
2703 1817 2906 1881 ἔθνους,
2941 1820 3172 1891 νοσήσας
3215 1819 3524 1889 φιλαρχίαν,
3559 1820 3656 1871 καὶ
3696 1820 3834 1886 ἀγα-

2263 1907 2536 1978 νακτήσας
2570 1906 2709 1960 κατὰ
2745 1908 2842 1977 τῆς
2878 1908 3014 1972 ίδίας
3044 1908 3249 1978 φυλῆς,
3288 1909 3651 1981 προσέρχεται
3695 1909 3834 1962 Ἰου-

2260 1995 2448 2058 δαίοις,
2479 1997 2571 2048 καὶ
2600 1997 3004 2068 προσηλυτεύει,
3035 2001 3128 2052 καὶ
3156 1999 3539 2071 περιτέμνεται
3570 1998 3836 2069 δευτέραν

2263 2091 2578 2160 περιτομήν.
2624 2085 2790 2156 Οὗτος
2830 2088 2923 2146 οὖν
2967 2093 3102 2166 πρὸς
3146 2095 3472 2167 διαστροφὴν
3517 2092 3629 2146 τῶν
3677 2089 3834 2162 παρὰ

2261 2179 2622 2251 Σαμαρείταις
2675 2184 2978 2255 ἐρμηνειῶν
3041 2185 3413 2258 ἑρμηνεύσας,
3477 2184 3576 2256 τὴν
3637 2183 3836 2254 τρίτην

2258 2271 2517 2334 ἐξέδωκεν
2561 2275 2876 2344 ἑρμηνείαν.
2921 2277 3104 2330 Ταῦτα
3157 2276 3469 2346 Ἐπιφάνιος
3512 2277 3540 2326 ὁ
3582 2272 3834 2343 Κύπριος

2260 2362 2526 2434 περὶτῶν
2569 2367 2732 2436 τριῶν
2769 2369 3150 2440 ὲρμηνευτῶν,
3193 2368 3411 2437 Ἀκύλα,
3457 2366 3552 2422 καὶ
3599 2365 3833 2436 Συμμάο

2259 2472 2376 2525 χου,
2411 2455 2502 2508 καὶ⁴
2533 2455 2882 2522 Θεοδοτίωνος
2908 2459 3124 2531 ἔθηκεν.

946 2601 1028 2657 Ea:
1058 2601 1282 2671 Synopsi
1310 2598 1600 2668 Scriptura:
1622 2613 1812 2663 sacrm,
1842 2612 1957 2666 qum
1988 2596 2126 2650 inter
2149 2598 2514 2652 Athanasiana
2549 2616 2708 2668 opera
2735 2601 2975 2668 habetur,
3001 2611 3131 2655 (om.
3159 2601 3223 2666 ll,
3248 2619 3300 2671 p.
3324 2601 3446 2656 105.

658 2726 814 2778 Ποῖαι
862 2724 956 2778 καὶ
995 2724 1157 2776 πόσαι
1190 2721 1514 2793 παραδόσεις
1554 2717 1660 2772 εἰσὶ
1694 2716 1791 2787 τῆς
1828 2715 1976 2778 θείας
2010 2714 2250 2785 Γραφῆςο
2299 2715 2409 2769 εἴτε
2451 2713 2542 2770 οὖν
2585 2719 2691 2771 ἀπὸ
2739 2719 3025 2791 Ἐϐραῖκοῦ
3075 2721 3155 2784 είς
3195 2718 3256 2773 τὸ
3303 2716 3612 2790 Ἑλληνικὸν
3660 2717 3842 2788 ἑρμη-

592 2820 744 2880 νεῖαι,
779 2815 872 2869 καὶ¹
898 2814 1041 2874 τίνες
1070 2815 1118 2866 οἱ
1147 2812 1347 2885 ταύτην
1381 2808 1839 2882 ἐρμηνεύσαντες,
1876 2807 1970 2860 καὶ⁸
2005 2803 2152 2859 πότε.

659 2957 784 3014 Hmc
833 2966 1018 3028 utpote
1054 2971 1122 3010 ex
1169 2954 1474 3027 Epiphanio
1499 2955 1782 3022 desumpta
1824 2960 1877 3006 et
1906 2949 2152 3020 longius-

589 3052 709 3108 cula
726 3051 1238 3122 .praatermittuntur.
1775 3103 1806 3131 .

2331 2951 2528 3024 Πρώτη
2555 2952 2722 3016 ἐστὶν,
2753 2969 2806 3007 κ.
2833 2966 2886 3004 το
2904 2950 2956 3006 λ.

1553 3227 1558 3229 .
1649 3179 1762 3234 Ado
1798 3179 1854 3232 in
1890 3175 2152 3233 Chronico
2178 3176 2242 3231 de
2275 3183 2500 3243 tempore
2524 3171 2771 3226 Adriani.

661 3319 933 3378 Paridem
980 3327 1194 3389 tempus
1243 3315 1435 3388 Aquila
1479 3313 1737 3370 Ponticus
1769 3315 2034 3381 interpres
2073 3293 2342 3368 secundus
2373 3316 2494 3376 post
2523 3305 2665 3359 LXX
2690 3305 2884 3359 oritur.

1722 3427 1872 3482 Idem
1894 3428 1948 3480 in
1974 3424 2256 3490 Chronico,
2279 3423 2372 3478 sub
2399 3423 2706 3478 Commodo.

664 3545 966 3602 Theodotio
1043 3543 1310 3615 Ephesius
1347 3543 1616 3614 interpres
1652 3541 1846 3598 tertius
1885 3540 2151 3611 apparuit.

1574 3660 1726 3716 Idem
1763 3661 1817 3714 in
1843 3660 2124 3724 Chronico,
2159 3658 2226 3712 ad
2253 3655 2499 3710 Severum
2529 3655 2681 3723 imp.,
2716 3668 2769 3721 ρ.
2807 3649 2928 3706 790.

653 3780 1020 3853 Symmachus
1045 3781 1313 3854 interpres
1338 3791 1566 3855 quartus
1599 3781 1935 3854 agnoscitur.
