4050 6398
329 343 433 399 505
1426 376 1442 393 .
1589 345 1797 403 EXODI
1835 336 1996 403 CAP.
2027 344 2312 426 XXXV’lla
3464 350 3570 410 506

327 476 445 512 πτει
479 459 645 512 ’πάλιν
684 458 820 532 πρὸς
856 459 925 513 τὰ
964 459 1229 525 ἐνταῦθα,
1270 460 1368 525 τὰς
1405 460 1512 515 τῶν
1546 461 1714 531 ἁγίων
1753 461 1890 531 ὕφη-

1995 471 2120 513 aum
2142 459 2386 528 praecepit
2414 457 2667 514 Dominus
2685 459 2874 532 Moysi.
2898 461 3037 518 Hinc
3053 478 3184 519 vero
3203 463 3374 520 ferme
3394 482 3572 536 usque

324 548 559 622 γουμένη
609 550 834 615 στολάς,
893 551 986 604 καὶ
1038 538 1120 620 ἐφ’
1179 551 1358 604 ἱκανὸν
1413 550 1890 623 συμπροσελθοῦσα

1997 552 2063 606 ad
2089 554 2275 614 linem,
2305 551 2491 608 multis
2536 553 2812 609 interdum
2863 556 3089 625 adjectis
3123 558 3324 623 verbis,
3356 568 3410 613 et
3439 575 3569 614 eum

326 641 485 714 μέχρι
521 640 641 694 τοῦ·
672 641 784 695 Kal
815 642 1176 713 εἰσήνεγκαν
1203 643 1294 696 ἐπ’
1320 642 1465 696 αὐτὸ
1493 643 1660 712 λῶμα
1690 643 1894 697 ὑακίν-

1993 642 2115 714 pari
2145 643 2354 698 ordinis
2384 643 2665 711 varietate,
2697 645 2991 701 discrimen
3019 656 3202 718 aperte
3227 649 3466 704 exhibet.

323 737 506 798 θιιόν,
550 734 707 790 ὥστε
747 736 1081 792 ἐπικεῖσθαι
1120 735 1234 805 τὴν
1267 738 1484 806 μίτραν
1524 737 1771 802 ἄνωθεν,
1811 737 1884 790 ὃν
1947 740 2171 808 τρόπον
2231 737 2524 803 συνέταξε
2566 740 2781 808 Κύριος
2817 740 2896 806 τῷ
2936 741 3179 812 Μωῠσῇ.
3247 743 3569 800 Ἐκεῖθενδὲ

323 831 516 902 μικροῦ
557 833 720 902 φάναι
761 834 923 906 μέχρι
978 833 1168 896 τέλους
1215 834 1308 886 καὶ
1369 832 1589 895 πολλαῖς
1642 833 1898 898 πολλάκις
1937 836 2196 906 ῥημάτων
2243 834 2599 906 προσθήκαις,
2649 836 2744 888 καὶ
2776 837 2795 856 ⁶
2842 836 3025 907 μηνῶν
3075 839 3169 892 καὶ
3233 842 3298 910 τῇ
3361 840 3568 895 τούτων

320 923 600 980 ἀλλοιώσει
626 927 727 998 τῆς
758 929 982 993 τάξεως,
1015 927 1464 1000 παρηλλαγμένον
1501 927 1700 999 ἔχουσα
1737 930 2050 1001 περιφανῶς
2080 930 2465 986 ἐπιδείκνυται.

615 1064 724 1124 Ex
752 1066 1038 1126 versione
1069 1066 1242 1126 LXX
1276 1065 1705 1144 Interprctum
1736 1085 1874 1127 cum
1910 1069 2230 1130 asteriscis
2271 1078 2328 1129 et
2359 1069 2550 1130 obelis
2581 1025 2668 1132 ex.
2692 1070 2828 1133 cod.
2875 1070 3050 1136 Colb.
3081 1071 3262 1133 3085.

391 1199 447 1255 ἓν,
481 1190 535 1245 5.
570 1189 845 1260 ’Υφαντοῦ
870 1193 939 1261 Χ
960 1191 1214 1263 ἐποίησεν
1256 1190 1387 1243 αὑτό
1419 1191 1440 1260 ζ
1473 1189 1804 1263 Χερουόείμ.
1835 1190 1888 1246 6.

317 1284 424 1338 Καὶ
452 1282 726 1354 ἐπέθηκαν
757 1283 886 1336 αὐτὸ
926 1283 1018 1336 ἐπὶ
1058 1283 1328 1354 τέσσαρας
1359 1281 1585 1346 στύλους
1615 1283 1892 1354 ἀσήπτους

317 1375 907 1447 κατακεχρυσωμένους
934 1377 1160 1448 χρυσίῳ,
1194 1377 1288 1429 καὶ
1319 1376 1375 1428 αἱ
1402 1375 1685 1446 κεφαλίδες
1715 1376 1893 1431 αὐτῶν

313 1469 528 1537 χρυσαῖ,
564 1468 658 1522 καὶ
684 1469 947 1539 τέσσαρες
988 1468 1172 1538 βάσεις
1204 1467 1384 1522 αὐτῶν
1411 1469 1654 1541 ἀργυραῖ
1693 1512 1707 1525 .
1755 1509 1769 1524 .
1813 1510 1827 1524 .
1873 1509 1888 1525 .

312 1556 397 1612 37.
443 1560 550 1612 Καὶ
588 1559 849 1629 ἐποίησαν
895 1561 955 1613 τὸ
997 1560 1393 1632 καταπέτασμα
1433 1562 1532 1632 τῆς
1580 1561 1748 1633 θύρας
1785 1562 1887 1633 τῆς

315 1650 516 1721 σκηνῆς
543 1665 607 1706 δὲ·
640 1651 734 1704 τοῦ
765 1653 1064 1723 μαρτυρίου
1101 1653 1123 1721 ζ
1163 1653 1220 1720 ἐξ
1269 1654 1520 1708 ὑακίνθου
1542 1695 1557 1719 ,
1609 1658 1704 1709 καὶ
1750 1674 1883 1728 πορ-

313 1743 487 1814 φύρας
516 1745 608 1797 καὶ
647 1745 900 1799 κοκκίνου
937 1745 1266 1816 νενησμένου
1308 1747 1402 1799 καὶ
1443 1746 1644 1815 βύσσου
1680 1748 1886 1801 κεκλω-

311 1835 530 1907 σμένης,
561 1836 720 1908 ἔργον
745 1837 978 1906 ὑφαντοῦ
1013 1852 1077 1892 οε-
1109 1838 1418 1910 Χερουϐείμ
1444 1839 1465 1907 ζ
1499 1839 1586 1894 38.
1614 1839 1725 1893 Kal
1759 1840 1884 1904 τοὺς

312 1929 530 1993 στύλους
574 1931 739 1984 αὐτοῦ
775 1932 964 1997 πέντε,
1010 1932 1104 1985 καὶ
1137 1934 1262 1996 τοὺς
1305 1933 1528 2005 κρίκους
1556 1933 1753 1998 αὐτῶν,
1789 1934 1882 1987 καὶ

309 2022 728 2094 κατεχρύσωσαν
755 2025 854 2088 τὰς
886 2025 1175 2095 κεφαλίδας
1223 2025 1401 2078 αὐτῶν
1449 2025 1543 2080 καὶ
1582 2025 1679 2090 τὰς
1728 2025 1883 2096 ψαλίι-

2064 1192 2121 1248 5.
2157 1193 2406 1249 Textoris
2448 1199 2591 1264 )‘(et
2620 1195 2746 1252 fecit
2796 1197 2929 1252 illud
2966 1199 2988 1267 ζ
3023 1197 3339 1254 Cberubim.
3389 1199 3442 1254 6.
3499 1196 3567 1254 Et

1994 1284 2370 1355 imposuerunt
2397 1288 2527 1342 illud
2555 1303 2718 1358 super
2743 1297 2978 1360 quatuor
3002 1290 3287 1347 columnas
3312 1291 3565 1362 imputri-

1995 1377 2134 1433 biles
2166 1378 2446 1434 inauratas
2499 1394 2656 1448 auro,
2695 1389 2750 1435 et
2800 1381 3046 1450 capitella
3071 1397 3261 1438 eorum
3297 1399 3483 1448 aurea,
3510 1393 3566 1440 et

1995 1479 2232 1542 quatuor
2262 1472 2423 1527 bases
2455 1486 2645 1526 eorum
2687 1483 3070 1544 argenteae"...
3104 1475 3192 1530 37.
3224 1477 3292 1531 Et
3321 1476 3566 1534 fecerunt

1992 1566 2174 1620 velum
2208 1564 2390 1634 januaa
2426 1563 2785 1620 Tabernaculi
2819 1580 2882 1621 οι-
2916 1568 3216 1623 testimonii
3253 1571 3275 1638 ζ
3311 1584 3380 1624 ex
3423 1569 3561 1641 hya-

1990 1658 2197 1722 cintho,
2222 1665 2278 1712 et
2315 1673 2577 1727 purpura.
2629 1667 2683 1713 et
2713 1659 2934 1716 coccino
2958 1669 3105 1726 neto,
3132 1669 3187 1715 et
3206 1660 3370 1731 bysso
3393 1669 3562 1729 torta,

1992 1766 2130 1820 opus
2171 1751 2398 1806 textoris
2429 1764 2493 1806 -t-
2527 1750 2820 1806 Cherubim
2861 1753 2884 1822 ζ
2924 1752 3012 1807 58.
3042 1753 3108 1808 Et
3133 1754 3415 1810 columnas
3436 1755 3558 1826 ejus

1989 1840 2252 1911 quinque,
2287 1852 2342 1895 et
2381 1839 2577 1896 ﬁbulas
2608 1857 2820 1909 eorum,
2855 1851 2910 1897 et
2963 1843 3350 1900 inauraverunt
3405 1845 3560 1914 capi-

1994 1931 2120 1986 tella
2167 1947 2356 2004 eorum
2420 1939 2475 1986 et
2531 1931 2766 1989 circulos
2817 1947 3006 1990 eorum
3064 1951 3221 1990 auro.
3270 1937 3337 1991 Et
3391 1936 3554 1992 bases

1989 2041 2176 2081 corum
2206 2024 2447 2096 quinque
2476 2040 2658 2080 aenea.

306 2114 398 2177 δας
448 2116 630 2170 αὐτῶν
681 2118 922 2190 χρυσίῳ,
977 2119 1072 2172 καὶ
1131 2120 1184 2172 al
1245 2117 1430 2189 βάσεις
1482 2119 1659 2172 αὐτῶν
1723 2120 1882 2172 πέντε
1919 2118 2137 2190 χαλκαῖ.

618 2239 1021 2297 ΣΥΜΜΑΧΟΣ.
1903 2243 1982 2294 0’.
2844 2244 3219 2297 ΘΕΟΔΟΤΙΩΝ
3229 2284 3242 2296 .

373 2404 460 2461 35.
1480 2412 1567 2466 35.
1607 2411 2035 2479 Καταπέτασμα.
2075 2411 2316 2474 Ἄλλος,
2351 2426 2455 2461 πα·
2596 2410 2684 2464 55.

1413 2483 1748 2553 ρατάνυσμα,
1772 2481 2026 2552 κάλυμμα

373 2571 460 2627 36.
1481 2577 1569 2632 36.
1596 2578 1706 2632 Kal
1741 2580 1796 2630 αἱ
1831 2575 2112 2645 κεφαλίδες
2151 2575 2327 2630 αὐτῶν
2353 2593 2450 2629 πε-
2594 2576 2682 2630 36.

1414 2649 1852 2732 ριηργυρωμένοιι
1900 2647 2162 2735 άρχυρίῳ.
2195 2648 2448 2732 Ἀλλοςσ,

1414 2720 1504 2772 καὶ
1561 2721 1618 2772 al
1672 2719 1904 2772 ἀγκυλαι
1955 2734 2131 2770 αυτων
2188 2719 2446 2772 ἀργυραι.

1413 2733 1504 2773 και
1561 2733 1618 2772 αι
1672 2733 1904 2787 αγκυλαι
1955 2733 2131 2770 αυτων
2188 2733 2446 2788 αργυραι.

1418 2790 1474 2842 0'
1500 2789 1724 2856 ἄλλως,
1758 2790 1848 2841 καὶ
1869 2788 1926 2841 αἱ
1953 2787 2212 2858 τέσσαρες
2261 2787 2444 2856 βάσεις

1409 2860 1586 2913 αὐτῶν
1621 2859 1877 2930 ἀργυραῖ.

368 2946 455 3020 38.
488 2949 597 3002 Kal
620 2948 718 3012 τὰς
753 2949 938 3020 βάσεις
969 2948 1149 3004 αὐτῶν
1177 2951 1339 3004 πέντε

1479 2949 1566 3004 38.
1599 2950 1707 3003 Kal
1738 2950 1796 3003 αἱ
1842 2948 2024 3019 βάσεις
2061 2946 2238 3001 αὐτῶν
2287 2947 2444 3001 πέντε

2587 2947 2675 3002 38.
2704 2946 2812 3000 Kal
2842 2947 2905 3000 al
2950 2946 3134 3016 βάσεις
3173 2945 3352 2999 αὐτῶν
3398 2961 3555 3000 πεντε

301 3010 519 3089 χαλκᾶς.
699 3010 711 3012 -
753 3010 763 3020 ’
919 3010 931 3012 -
1413 3020 1627 3091 χαλκαῖ.
1842 3010 1854 3019 ’
2007 3010 2010 3011 ν
2517 3016 2729 3087 χαλκαῖ.

609 3109 1049 3167 SYMMACHUS.
1489 3149 1492 3156 ι
1579 3108 1721 3165 LXX
1756 3107 2263 3164 INTERPRETES.
2830 3105 3240 3164 THEODOTIO.

369 3207 460 3262 35.
1478 3207 1568 3262 35.
1621 3205 1836 3262 Velum.
1887 3207 2079 3270 Alius,
2123 3204 2440 3268 tentorium,
2591 3203 2680 3258 35.

1409 3277 1745 3348 operculum.

368 3367 458 3426 36.
1479 3367 1569 3422 36.
1597 3366 1665 3422 Et
1695 3367 1942 3438 capitella
1968 3380 2155 3438 earum
2191 3366 2442 3438 inargen-
2583 3366 2672 3420 36.

1412 3446 1522 3493 tata
1579 3434 1820 3505 argento.
1872 3435 2055 3505 Alius,
2086 3434 2177 3505 iEt
2209 3434 2442 3505 ansulae

1409 3524 1596 3564 eorum
1625 3504 1912 3579 argenteae.
1961 3504 2106 3558 LXX
2161 3504 2338 3568 aliter,
2387 3513 2442 3559 et

1410 3587 1646 3649 quatuor
1679 3579 1839 3633 bases
1865 3591 2054 3632 eorum
2081 3584 2368 3646 argenteae.

375 3671 462 3726 38.
516 3671 583 3727 Et
641 3673 802 3729 bases
851 3675 1040 3728 earum
1101 3674 1341 3744 quiaque

304 3756 498 3799 80638.
1411 3756 1592 3796 308$.

1483 3670 1572 3726 38.
1628 3668 1694 3724 Et
1744 3670 1903 3725 bases
1959 3683 2146 3724 earum
2202 3669 2444 3741 quinque

2586 3668 2676 3725 38.
2736 3667 2800 3725 Et
2854 3669 3016 3745 bases
3067 3684 3255 3725 earum
3309 3669 3552 3742 quinque

2516 3754 2699 3794 2.06:8.

1069 3841 1247 3902 Notaa
1274 3845 1334 3902 et
1367 3838 1554 3900 varia;
1592 3834 1901 3898 lectiones
1933 3836 2010 3898 ad
2055 3853 2192 3915 cap.
2231 3837 2507 3898 XXXVI
2554 3835 2780 3897 Exodi.

302 3944 425 4016 pnia
460 3941 666 4016 (ἔπειτα,
698 3958 823 4016 pag.
852 3941 973 4016 188.
1016 3940 1116 3996 Hic
1149 3940 1546 4016 autem_codex
1584 3938 1864 4010 sequentia

304 4011 476 4082 capita
509 4011 730 4083 exhibet
746 4011 814 4067 "ut
840 4014 1002 4083 paulo
1029 4023 1153 4082 post
1184 4011 1414 4067 videbis.

373 4080 438 4138 Ἴ.
476 4084 564 4138 '55.
596 4082 671 4138 Ita
721 4080 888 4138 codex
933 4080 1267 4138 Bas—illensis.
1315 4083 1417 4142 Ἀ..
1445 4080 1870 4151 παραπέτασμα.

301 4154 519 4210 Cmterae
550 4163 728 4209 autem
770 4154 1050 4210 versiones
1087 4168 1320 4224 quorum
1371 4153 1726 4222 interpretum
1763 4151 1873 4204 sint

301 4241 409 4280 non
439 4226 661 4279 indicat.

371 4325 438 4335 —
483 4295 752 4365 Coislin,
795 4294 914 4359 'A.,
988 4291 1446 4365 mpacavucpa.__
1481 4293 1557 4356 0',
1619 4289 1859 4365 κάτειπέ-τ

299 4382 502 4436 τασμα,
529 4366 614 4421 Al.
649 4364 776 4419 ibid.
809 4367 884 4429 0',
917 4359 1368 4436 xacaicaluppa._
1389 4359 1486 4416 llic
1515 4371 1693 4416 textus
1724 4359 1864 4414 LXX

213 4490 221 4502 ,
301 4433 436 4490 mire
465 4436 729 4490 confusus
765 4445 866 4498 est,
899 4445 960 4489 ut
999 4435 1181 4488 videas
1211 4448 1312 4487 suo
1356 4433 1476 4486 loco
1519 4447 1637 4501 cap.
1675 4447 1864 4496 xxxvr,

300 4505 613 4562 Basiliensis
649 4506 778 4560 ibid.
807 4507 964 4560 habet
996 4505 1099 4567 ’Λ.,
1128 4501 1552 4574 παραπέτασμα.

371 4576 574 4632 Eodem
637 4579 813 4644 capite
861 4575 1087 4630 Coislin.
1157 4572 1260 4636 ’A‘.,
1315 4573 1735 4643 παρατέτασμα.
1789 4572 1866 4644 ον,

298 4647 539 4712 αὐλαῖαι,
566 4642 717 4718 quod
747 4661 854 4716 quo
899 4646 1166 4718 pertineat
1207 4642 1438 4714 ignoro:
1477 4658 1600 4695 nam
1630 4657 1734 4718 ι’οξ
1766 4642 1866 4694 αὑ-

298 4717 422 4772 λαία
451 4719 505 4772 in
539 4712 641 4773 hac
671 4712 944 4787 postrema
968 4715 1138 4771 Exodi
1173 4712 1327 4784 parte
1355 4727 1497 4783 saepe
1525 4712 1764 4768 occurrit
1798 4726 1865 4766 ex

1978 3940 2142 3994 variis
2172 3937 2446 3993 Hebraicis
2477 3939 2655 3994 verbis
2693 3954 2974 4010 expressa,
3008 3949 3064 3995 et
3111 3939 3288 4010 capita
3332 3953 3552 3996 versus-

1970 4025 2082 4081 que;
2101 4010 2357 4081 permis_ta
2385 4025 2452 4081 sn
2455 4017 2530 4062 nt.

2043 4077 2117 4133 νζ
2149 4079 2238 4134 56.
2283 4078 2372 4134 Sic
2422 4077 2757 4134 Basiliensis.
2801 4077 2908 4134 Ubi
2951 4079 3202 4134 advertas
3242 4079 3549 4134 versionem

1970 4149 2132 4213 LXX,
2160 4165 2281 4219 qua:
2314 4149 2486 4218 prima
2511 4149 2680 4204 lertur
2715 4152 2780 4204 ὲκ
2806 4150 2910 4219 τῆς
2934 4149 3143 4219 κοινῆς,
3180 4149 3294 4204 sive
3326 4164 3393 4203 ex
3428 4150 3547 4203 vul-

1971 4222 2086 4289 gari
2114 4221 2456 4287 desumptam
2497 4234 2637 4282 esse,
2671 4228 2725 4274 et
2770 4222 3084 4274 nullatenus
3115 4219 3386 4288 quadrare
3419 4233 3544 4272 cum

1973 4291 2259 4352 Hebraico,
2284 4299 2343 4344 ut
2365 4304 2528 4357 supra
2554 4289 2813 4351 diximus,
2859 4290 2972 4342 imo
3001 4290 3166 4343 etiam
3191 4289 3437 4341 vitiatam
3467 4290 3548 4342 v-i—

1973 4361 2109 4415 deri.
2143 4359 2387 4429 Sequens
2429 4361 2555 4429 item
2589 4360 2767 4421 lectio,
2799 4361 2895 4411 καὶ
2926 4361 2980 4412 ai
3010 4357 3548 4429 ayxti'lat,_suspecta

1976 4431 2108 4485 mihi
2140 4426 2350 4484 videtur
2395 4438 2450 4482 et
2491 4428 2710 4482 aliunde
2761 4433 2868 4484 huc
2924 4426 3210 4481 tranSlata.
3254 4426 3437 4482 Tertia
3468 4437 3552 4482 est

1975 4501 2238 4555 versionis
2271 4497 2409 4552 LXX
2453 4513 2574 4569 qua:
2613 4508 2731 4552 erat
2773 4499 2826 4551 in
2867 4496 3147 4566 Hexaplis,
3185 4506 3238 4552 et
3288 4511 3413 4551 cum
3447 4496 3552 4552 He-

1975 4572 2160 4626 braico
2194 4569 2483 4625 consentit.

2047 4639 2110 4695 ν.
2152 4641 2238 4695 38.
2274 4639 2351 4693 Ex
2393 4637 2698 4694 Basiliensi.
2732 4635 2921 4695 Lectio
2969 4637 3076 4692 τῶν
3125 4636 3182 4693 0'
3228 4639 3452 4694 alIertur
3493 4647 3552 4693 ut

1927 4747 1935 4756 -
1971 4720 2086 4765 erat
2112 4711 2164 4764 in
2201 4709 2479 4778 Hexaplis.

1449 4899 1703 4960 CAPUT
1747 4896 2052 4960 XXXVII
2083 4898 2362 4959 EXODI.

1085 5022 1235 5084 Cum
1281 5020 1598 5081 asteriscis
1628 5029 1682 5082 et
1713 5018 1902 5082 obclis
1933 5038 2010 5080 ex
2053 5020 2189 5082 cod.
2224 5017 2498 5081 Colbert.
2534 5018 2714 5082 3081i.

294 5175 386 5229 ἐπὶ
416 5173 485 5228 τὰ
526 5171 764 5244 τέσσαρα
795 5169 932 5244 μέρη
965 5169 1162 5240 αὐτῆς·
1197 5168 1290 5222 δύο
1329 5167 1643 5233 δακτυλίους
1675 5169 1765 5222 ἐπὶ
1797 5169 1857 5222 τὸ

295 5270 472 5331 xli-co;
515 5265 684 5337 αὐτῆς
712 5263 771 5318 τὸ
809 5263 1054 5335 δεύτερον
1088 5277 1147 5318 σε-
1180 5263 1358 5335 εύρεῖς
1384 5263 1493 5325 τοῖς
1526 5258 1850 5334 ζωστῆρσιν.

294 5368 345 5420 4.
378 5369 446 5433 ῖς(
488 5364 597 5418 Kal
637 5362 889 5434 ἐποίησεν
933 5361 1218 5432 ἀναφορεῖς
1258 5363 1322 5413 ὲκ
1365 5357 1536 5425 ξύλων
1580 5360 1859 5429 ἁσήπτων,

296 5462 362 5527 >κ
404 5458 496 5512 καὶ
529 5455 941 5527 κατεχρύσωσεν
978 5453 1170 5516 αὐτοὺς
1222 5451 1476 5524 χρυσίῳζ
1533 5451 1584 5506 5.
1635 5452 1744 5505 Καὶ
1793 5455 1863 5506 εξ.

297 5554 559 5622 σήνεγκεν
579 5550 703 5612 τοὺς
718 5548 1004 5619 ἀναφορεῖς
1029 5547 1106 5608 εἰς
1134 5547 1256 5610 τοὺς
1272 5543 1584 5609 δακτυλίους
1615 5545 1705 5598 ἐπὶ
1750 5548 1860 5609 τοῖς

297 5642 549 5712 πλεύροις
584 5640 682 5712 τῆς
715 5637 944 5692 κιϐωτοῦ
975 5635 1113 5688 ὥστε
1153 5635 1326 5707 αἴρειν
1373 5633 1540 5705 αὐτὴν
1577 5648 1636 5690 -ι-
1673 5637 1730 5689 ὲν
1765 5635 1860 5688 αὐ-

293 5738 402 5796 τοῖς

1963 5180 2075 5227 tere
2094 5169 2212 5241 ejus
2233 5184 2364 5236 uno,
2397 5178 2450 5225 et
2465 5170 2602 5225 duos
2623 5169 2855 5224 annulos
2881 5170 2934 5224 in
2961 5170 3129 5225 latere
3145 5170 3266 5241 ejus
3291 5171 3533 5225 secundo

1964 5277 2026 5319 σε
2060 5263 2198 5318 latos
2234 5261 2463 5332 cingulis
2495 5301 2510 5315 .
2538 5261 2592 5314 4.
2639 5264 2707 5331 χ
2753 5259 2820 5314 Et
2857 5260 2983 5317 fecit
3029 5271 3208 5322 vectes
3252 5267 3321 5317 de
3368 5261 3530 5331 lignis

1965 5361 2034 5430 Ἀ(
2063 5359 2483 5430 imputribilibus
2502 5368 2556 5414 et
2581 5359 2851 5415 inauravit
2882 5375 2977 5417 eos
3009 5375 3144 5415 auro
3177 5360 3198 5428 ζ
3243 5360 3297 5414 5.
3340 5357 3408 5412 Ει
3445 5360 3530 5413 in-

1963 5454 2087 5510 tulit
2106 5463 2284 5509 vectes
2308 5453 2360 5508 in
2385 5452 2618 5509 annulos
2645 5454 2698 5508 in
2725 5454 2983 5512 lateribus
3023 5469 3162 5510 arca:
3210 5453 3273 5506 ad
3311 5460 3534 5520 portari:

1963 5547 2090 5604 dum
2114 5563 2232 5604 eam
2258 5561 2319 5604 σι-
2347 5548 2401 5604 ἰιι
2430 5546 2562 5616 ipsis
2598 5547 2619 5615 ζ
