4050 6398
567 354 670 414 507

1639 357 2107 418 HEXAPLORUM
2145 359 2309 429 (ὶοΕ
2342 360 2770 418 SUPERSUNT.

639 475 692 530 6.
734 474 801 530 Et
827 474 956 532 fecit
980 476 1426 548 'propitiatorium
1460 494 1521 535 -ι-
1567 495 1732 550 super
1781 495 1967 535 arcam
2015 478 2137 547 1ex

446 634 450 644 λ
562 580 700 621 auro
726 567 929 624 mundo
954 572 1023 638 Ἀ(
1048 570 1282 627 duorum
1311 573 1620 629 cubitorum
1640 583 1694 628 et
1719 573 1928 628 dimidii
1964 569 2137 641 longi-

563 657 778 727 )(tudo
795 660 933 729 ejus,
958 670 1014 716 et
1044 663 1216 719 cubili
1248 673 1302 719 et
1331 664 1539 720 dimidii
1576 665 1802 720 latitudo
1842 665 1963 735 ejus
2005 663 2029 731 1
2088 662 2131 716 7.

3707 355 3805 410 508

2304 478 2357 533 6.
2391 480 2499 534 Καὶ
2529 478 2804 552 ὲποίησενξ
2823 478 3132 550 ἱλαστήριον
3168 488 3230 530 +
3261 472 3467 528 άνωθεν
3498 470 3598 543 τῆς
3638 469 3804 524 attva

2231 567 2326 621 τοῦ
2361 569 2383 638 1
2425 570 2490 621 ὲκ
2534 568 2755 640 χρυσίου
2789 566 3028 639 καθαροῦ
3063 568 3130 633 Χ
3170 563 3263 617 δύο
3295 560 3513 633 πηχέων
3551 560 3646 615 καὶ
3676 559 3804 631 ἡμί-

2234 661 2304 728 x
2336 675 2461 722 σους
2505 661 2674 731 μῆκος
2712 657 2907 723 αὐτοῦ,
2950 657 3045 710 καὶ
3093 657 3294 728 πήχεος
3330 656 3426 709 καὶ
3474 653 3703 726 ἡμίσους
3739 652 3799 706 τὸ

559 745 627 803 Et
667 747 794 805 fecit
841 750 952 806 duo
991 753 1272 810 cherubim
1313 758 1383 824 Χ
1415 770 1579 810 aurea
1623 756 1648 825 1
1690 756 1964 810 tornatilia
2004 752 2133 808 fecit

2236 752 2304 820 ᾗ(
2336 751 2533 816 πλάτος
2576 750 2739 804 αὑτοῦ
2778 751 2803 821 1
2842 749 2897 803 7.
2936 747 3046 802 Kal.
3082 748 3337 819 ἐποίησεν
3371 746 3464 801 δύο
3505 744 3799 819 χερουϐεὶμ

557 857 621 898 ea
650 858 719 898 ex
752 855 982 916 utraque
1004 859 1156 918 parte
1178 850 1535 921 propitiatorii
1558 849 1610 905 8.
1629 834 1848 906 Cherub
1874 866 2040 904 unum
2070 850 2127 905 in

2237 848 2306 915 Ξ(
2334 849 2511 920 χρυσᾶ
2537 847 2559 916 1
2588 847 2817 918 τορευτὰ
2844 845 3099 917 ἐποίησεν
3113 843 3251 897 αὐτὰ
3270 843 3327 910 ἐξ
3358 841 3797 915 ἀμφοτέρωντᾶη

556 935 871 993 summitate
910 941 1270 1009 propitiatorii
1329 957 1470 1008 una,
1498 950 1568 997 .et
1609 942 1814 997 cherub
1847 957 2015 996 unum
2071 941 2127 998 in

2237 935 2418 1010 μερῶν
2448 938 2541 991 τοῦ
2577 937 2904 1009 ίλαστηρίου.
2942 935 2993 989 8.
3032 932 3245 1007 Χεροῦὁ
3286 933 3383 987 ἕνα
3415 934 3507 987 ἐπὶ
3538 936 3599 985 τὸ
3630 933 3794 1003 ἄκρον

554 1030 870 1085 summitate
892 1032 1253 1102 propitiatorii
1284 1033 1538 1089 secunda.
1565 1036 1631 1102 )a(
1659 1048 1726 1089 ex
1756 1033 2127 1105 propitiatorio

2229 1029 2323 1083 τοῦ
2366 1027 2676 1099 ίλαστηρίου
2713 1026 2772 1078 τὸ
2797 1025 2883 1078 ἓν·
2914 1023 3008 1078 καὶ¹
3037 1022 3247 1098 Χεροὺϐ
3286 1021 3382 1075 ἕνα
3410 1020 3503 1074 ἐπὶ
3538 1020 3601 1073 τὸ
3629 1020 3792 1090 ἄκρον

555 1119 624 1185 Ἀ(
647 1115 772 1174 fecit
799 1118 1094 1177 Cherubim
1121 1139 1188 1178 ex
1224 1133 1454 1195 utraque
1474 1134 1628 1195 parte
1649 1124 1741 1193 (ad
1784 1142 1951 1196 marg.
1975 1140 2127 1180 sum-

2227 1119 2322 1174 τοῦ
2372 1119 2680 1191 ίλαστηρίου
2722 1117 2784 1169 τὺ
2829 1115 3078 1187 δεύτερον
3126 1115 3195 1183 χ(
3231 1113 3297 1166 ὲκ
3340 1111 3431 1165 τοῦ
3480 1108 3789 1180 ίλαστηρίου

551 1210 759 1283 initate)
780 1212 900 1282 ejus
932 1213 955 1283 1
988 1214 1040 1269 9.
1062 1213 1129 1270 Et
1149 1214 1277 1271 facti
1310 1226 1436 1272 sunt
1473 1217 1755 1273 cherubim
1772 1217 2122 1273 extendentes

2228 1215 2297 1282 Χ
2326 1212 2575 1283 ἐποίησεν
2605 1212 2729 1274 τοὺς
2762 1208 3055 1283 χερουὸεὶμ
3096 1205 3156 1271 ἐξ
3195 1204 3516 1276 ἀμφοτέρων
3557 1202 3664 1255 τῶν
3697 1218 3791 1272 με-

550 1300 689 1369 alas,
704 1304 935 1374 desuper
963 1306 1352 1364 obumbrantes
1391 1310 1494 1365 alis
1519 1311 1634 1366 suis
1673 1326 1835 1380 super
1862 1312 2121 1381 pr0pitia-

550 1391 751 1447 torium
780 1394 1079 1451 secundum
1104 1396 1295 1454 faciem
1320 1415 1498 1465 suam,
1520 1401 1601 1454 vir
1623 1402 1692 1457 ad
1716 1400 1934 1456 fratrem
1951 1416 2112 1457 suum

547 1496 712 1552 supra
747 1486 1180 1555 propitiatorium
1208 1500 1363 1545 erant
1398 1491 1564 1546 facies
1590 1491 1893 1546 cherubim.

2225 1307 2294 1377 Χ
2328 1307 2436 1380 ρῶν
2471 1306 2560 1377 (ad
2602 1321 2770 1374 marg.
2804 1302 3007 1375 ἄκρων)
3042 1297 3205 1354 αὐτοῦ
3242 1299 3266 1366 1
3305 1300 3359 1354 9.
3396 1298 3504 1350 Kal.
3546 1296 3788 1364 ἐγένοντο

2221 1402 2269 1453 οί
2305 1397 2595 1472 χερουϐεὶμ
2646 1395 2971 1456 ἐκτείνοντες
3024 1392 3121 1455 τὰς
3163 1390 3458 1462 πτέρυγας,
3512 1386 3786 1440 ἐπάνωθεν

2220 1491 2600 1555 συσκιάζοντες
2668 1491 2785 1551 ταῖς
2842 1483 3095 1557 πτέρυξιν
3152 1481 3313 1535 αὐτοῦ
3380 1479 3471 1533 ent
3535 1479 3596 1531 τὸ
3667 1478 3784 1531 Dia»~

546 1575 761 1647 στήριον
807 1577 949 1632 κατά
1000 1580 1290 1651 πρόσωπον
1340 1582 1539 1647 αὐτῶν,
1580 1582 1717 1653 ἀνὴρ
1756 1584 1893 1654 πρὸς
1934 1585 2027 1641 τὸν
2063 1589 2287 1661 ἀδελφὸν
2327 1583 2491 1641 αὑτοῦ
2533 1582 2624 1635 ἐπὶ
2669 1580 2729 1633 τὸ
2775 1580 3079 1651 ἱλαστήριον
3110 1572 3250 1649 ἦσαν
3279 1573 3348 1627 τὰ
3384 1572 3646 1644 πρόσωπα
3677 1570 3785 1625 τῶν

542 1666 851 1738 χερου6είμ.
1320 1711 1331 1721 .

612 1756 789 1811 10.Ἐι
809 1757 936 1812 fecit
951 1772 1195 1813 mensam
1222 1772 1281 1815 σιμ
1312 1759 1641 1829 propositam
1672 1773 1738 1814 ex
1766 1775 1901 1817 auro
1925 1765 2108 1834 puro1

541 1860 605 1904 σι-
640 1855 694 1902 et
723 1848 978 1903 conﬂavit
1004 1848 1109 1918 ipsi
1151 1858 1382 1919 quatuor
1407 1850 1639 1907 annulos
1680 1868 1877 1909 aureos
1915 1872 1929 1909 :
1977 1856 2113 1912 duos

541 1952 602 1994 οι-
626 1938 696 1994 ad
731 1940 874 1996 latus
898 1956 1093 2005 unum,
1120 1952 1174 1995 et
1198 1941 1336 1996 duos
1364 1942 1432 1996 ad
1462 1942 1605 1999 latus
1630 1946 1950 2012 secundum,
1973 1947 2112 2005 latos

540 2045 605 2087 -ιο
632 2032 698 2086 ad
725 2032 1049 2101 portandum
1074 2032 1305 2102 cingulis
1340 2033 1493 2103 ipsis.
1512 2034 1579 2089 Et
1610 2035 1826 2107 cingula
1888 2054 2029 2095 arca:
2055 2048 2111 2096 et

541 2139 816 2180 +mensae
843 2123 993 2191 fecit,
1025 2133 1079 2180 et
1099 2125 1371 2181 inauravit
1395 2142 1459 2182 ea
1493 2142 1629 2183 auro
1661 2129 1728 2184 de
1751 2129 1909 2200 lignis
1932 2132 2111 2204 impu-

538 2214 812 2269 tribilibus
844 2212 867 2282 1
898 2217 962 2282 Ξ(
984 2214 1215 2269 duorum
1245 2215 1549 2271 cubitorum
1585 2217 1863 2289 longitudo
1885 2222 2023 2291 ejus,
2056 2232 2110 2279 et

538 2308 608 2373 Χ
637 2305 807 2359 cubiti
836 2303 1067 2359 latitudo
1101 2304 1241 2375 ejus,
1279 2314 1334 2359 et
1358 2306 1528 2361 cubiti
1552 2322 1616 2362 ac
1650 2307 1858 2364 dimidii
1881 2311 2109 2367 altitudo

536 2397 607 2466 λ(
631 2396 770 2465 ejus.
793 2397 878 2451 11.
900 2395 966 2451 Ει
989 2396 1260 2451 inauravit
1284 2413 1402 2452 eam
1428 2414 1565 2453 auro
1594 2415 1752 2469 puro,
1777 2411 1829 2456 et
1857 2401 1979 2457 fecit
2002 2404 2105 2474 ipsi

535 2489 606 2556 λ(
631 2488 923 2559 cymatium
948 2503 1174 2543 aureum
1200 2489 1254 2543 in
1279 2490 1529 2545 circuitu.
1555 2491 1642 2545 i2.
1668 2491 1731 2547 Et
1752 2492 1877 2549 fecit
1898 2495 1997 2565 ipsi
2019 2513 2106 2553 eo-

535 2583 604 2649 χ
632 2595 819 2635 ranam
854 2581 1020 2653 palmi
1049 2581 1103 2635 in
1133 2581 1362 2637 circuitu
1394 2598 1408 2634 :
1439 2592 1494 2639 et
1533 2582 1662 2639 fecit
1686 2587 1979 2657 cymatium
2005 2605 2104 2644 au-

534 2674 603 2740 )ι(
633 2687 784 2727 reum
829 2687 1045 2728 corona:
1081 2672 1202 2741 ejus
1233 2673 1288 2728 in
1321 2674 1572 2730 circuitu.
1608 2676 1695 2730 15.
1733 2675 1799 2732 Et
1839 2677 1968 2733 fecit
1999 2680 2098 2749 ipsi

532 2763 602 2831 Χ
650 2773 882 2833 quatuor
905 2763 1137 2818 annulos
1179 2778 1408 2831 aureos,
1448 2773 1514 2830 ,et
1561 2765 1821 2836 imposuit
1868 2770 2103 2825 annulus

530 2856 600 2922 ΕΚ
627 2868 788 2925 super
811 2864 1046 2925 quatuor
1083 2866 1283 2926 partes,
1315 2871 1436 2927 quae
1462 2865 1590 2913 sunt
1626 2867 1862 2928 quatuor
1900 2861 2095 2929 pedum

527 2946 599 3012 Ξ(
625 2945 744 3015 ejus
770 2947 873 3001 sub
892 2960 1094 3002 corona
1124 2947 1147 3015 1
1175 2948 1262 3002 14.
1286 2946 1350 3002 Et
1379 2946 1506 3003 facti
1538 2957 1667 3003 sunt
1686 2949 1875 3004 annuli
1900 2950 1955 3003 in
1979 2951 2098 3007 the-

527 3050 621 3089 cas
646 3036 891 3092 vectibus
928 3037 996 3091 ad
1042 3037 1366 3107 portandum
1414 3051 1680 3092 mensam.
1726 3035 1812 3091 15.
1856 3036 1922 3093 Et
1966 3039 2096 3094 fecit

525 3136 707 3182 vectes
731 3142 797 3182 ex
821 3128 981 3199 lignis
1006 3128 1449 3198 imputribilihus,
1470 3136 1523 3184 et
1553 3129 1823 3185 inauravit
1843 3145 1942 3187 eos
1959 3146 2097 3186 auro

525 3216 593 3272 ad
615 3218 935 3288 portandum
969 3234 1234 3275 mensam.
1260 3219 1347 3275 16.
1375 3218 1440 3274 Ει
1462 3218 1587 3276 fecit
1609 3235 1738 3276 vasa
1762 3236 1982 3288 mensae,
2008 3237 2103 3278 ca-

2288 1765 2373 1819 10.
2422 1766 2533 1819 Καὶ
2565 1763 2783 1834 ἐποίησε
2815 1762 2913 1832 τὴν
2941 1759 3216 1832 τράπεζαν
3248 1772 3309 1813 +
3346 1758 3445 1828 τὴν
3488 1756 3781 1827 προκειμέ-

2218 1870 2280 1912 -ῑ-
2310 1874 2407 1927 νην
2434 1858 2497 1909 ὲκ
2529 1855 2751 1926 χρυσίου
2781 1851 3043 1924 καθαροῦ,
3073 1851 3165 1902 καὶ
3191 1846 3485 1919 ἐχώνευσεν
3508 1846 3642 1917 αὐτῇ
3665 1846 3782 1899 τέσι

2216 1962 2279 2003 +
2317 1965 2487 2020 σαρας
2514 1946 2828 2009 δακτυλίους
2872 1941 3106 2017 χρυσοῦς
3130 1960 3144 1973 ’
3180 1942 3272 1996 δύο
3310 1941 3401 1995 ἐπὶ
3440 1939 3533 1994 τοῦ
3566 1939 3779 2003 κλίτους

2215 2056 2276 2096 σιμ
2311 2040 2405 2093 τοῦ
2444 2040 2582 2106 ἑνὸς,
2612 2040 2705 2093 καὶ
2733 2037 2825 2091 δύο
2856 2037 2947 2090 ἐπὶ
2990 2034 3085 2090 τοῦ
3124 2035 3393 2107 δευτέρου,
3427 2034 3604 2105 εῦρεῖς
3634 2032 3775 2086 ὥστε

2213 2146 2275 2187 +
2311 2132 2483 2202 αἴρειν
2519 2132 2629 2194 τοίς
2661 2129 2968 2201 ζωστῆρσιν
3014 2130 3243 2191 ἑαυτοῖς,
3288 2127 3379 2180 καὶ
3408 2125 3534 2189 τοῦς
3561 2124 3774 2193 ζωστῆ-

2212 2238 2274 2279 -z—
2314 2240 2411 2295 ρας
2449 2222 2548 2293 τῆς
2582 2219 2815 2275 κιϐωτοῦ
2845 2221 2940 2274 καὶ
2969 2220 3069 2289 τῆς
3108 2216 3381 2290 τραπέζης
3402 2215 3654 2286 ἐποίησεν
3681 2216 3782 2269 καὶ·

2212 2326 2275 2367 σι-
2309 2310 2718 2382 κατεχρύσωσεν
2744 2310 2939 2372 αὐτοὺς
2966 2307 3168 2380 χρυσίῳ
3193 2309 3258 2360 ἐκ
3277 2303 3769 2376 ξύλων.ἀσήπτωνζ

2207 2406 2275 2472 >ε<
2300 2402 2393 2455 δύο
2416 2402 2631 2471 πηχέων
2658 2401 2718 2453 τὸ
2752 2400 2922 2471 μῆκος
2962 2400 3151 2470 αὐτῆς,
3182 2400 3273 2452 καὶ
3302 2399 3501 2467 πήχεος
3530 2396 3592 2448 τὸ
3615 2392 3774 2467 εὖρος

2205 2498 2273 2563 )K
2301 2495 2493 2564 αὐτῆς.
2541 2495 2632 2549 καὶ
2667 2494 2870 2563 πήχεος
2908 2493 3001 2545 καὶ
3032 2492 3261 2562 ἡμίσους
3304 2490 3363 2543 τὸ
3400 2489 3533 2559 ὕψος
3576 2486 3765 2556 αὐτῆς.

2204 2588 2271 2654 >ε<
2316 2586 2398 2638 ll.
2447 2583 2557 2637 Καὶ
2595 2582 3010 2655 κατεχρύσωσεν
3050 2583 3218 2654 αὐτὴν
3265 2581 3472 2654 χρυσίῳ
3520 2578 3766 2651 καθαρῷ,

2204 2679 2270 2744 >ε<
2296 2676 2389 2729 καὶ
2426 2676 2680 2747 ἐποίησεν
2719 2675 2853 2746 αὐτῇ
2886 2674 3147 2745 κυμάτιον
3178 2672 3408 2745 χρυσοῦν
3440 2671 3642 2742 κύκλῳ.
3676 2670 3789 2727 19...

2202 2769 2268 2834 >ε<
2306 2767 2413 2819 Καὶ
2454 2766 2705 2837 ἐποίησεν
2740 2767 2876 2836 αὐτῇ
2910 2765 3179 2836 στεφάνην
3222 2763 3516 2818 παλαιστοῦ
3559 2762 3765 2834 κύκλῳ,

2199 2860 2266 2927 Χ
2297 2860 2389 2912 καὶ
2417 2859 2671 2930 ἐποίησεν
2694 2858 2957 2929 κυμάτων
2982 2855 3212 2927 χρυσοῦν
3234 2859 3302 2928 τῇ
3332 2856 3566 2927 στεφάνῃ
3596 2856 3768 2927 αὐτῆς

2199 2952 2266 3018 κ(
2293 2950 2496 3022 κύκλῳ.
2536 2951 2622 3006 15.
2665 2951 2781 3005 Καὶ
2812 2950 3067 3022 ἐποίησεν
3099 2949 3236 3021 αὐτῇ
3268 2948 3541 3019 τέσσαρας
3572 2948 3768 3002 δακτυ-

2202 3044 2267 3111 X
2292 3042 2439 3107 λίους
2468 3043 2720 3114 χρυσοῦς,
2753 3042 2848 3096 καὶ
2880 3041 3145 3112 ἐπέθηκεν
3167 3042 3294 3104 τοὺς
3322 3040 3641 3102 δακτυλίους
3674 3040 3766 3091 ἐπὶ

2200 3136 2268 3200 X
2296 3132 2365 3185 τὰ
2406 3133 2645 3203 τέσσαρα
2687 3132 2848 3203 μέρη,
2889 3133 2925 3185 ἆ
2956 3134 3102 3186 ἐστιν
3138 3130 3247 3184 τῶν
3286 3131 3563 3203 τεσσάρων
3591 3128 3771 3183 ποδῶν

2200 3227 2268 3293 )9:
2298 3225 2467 3296 αὐτῆς
2506 3224 2610 3277 ὑπὸ
2647 3224 2745 3296 τὴν
2786 3223 3100 3295 στεφάνηνζ
3150 3222 3233 3278 14.
3276 3225 3385 3277 Καὶ
3427 3222 3670 3292 ἐγένοντο
3714 3222 3769 3275 οι

804 3351 892 3407 ΤΟ
918 3352 1284 3409 EBPAIKON.
1913 3361 2000 3413 ΤΟ
2039 3360 2145 3415 EB]

2201 3361 2379 3415 .IKON
3104 3362 3403 3419 ΑΚΥΛΑΣ.

1818 3429 2145 3500 Ἑλληνικοῖς
2174 3431 2481 3502 γράμμασι.

1156 3526 1415 3604 run-nu
1453 3522 1476 3574 1
1705 3531 1752 3580 l.
2796 3530 2849 3585 1.
2878 3528 3281 3599 Γλωσσόκομον.

573 3612 661 3676 χσπ
691 3605 729 3660 2
786 3606 1033 3677 Σαμαρ..
1070 3609 1349 3677 στέφανον.
1695 3615 1748 3669 2.
2802 3623 2857 3678 2.

1257 3711 1412 3760 me:
1447 3702 1481 3756 6
1693 3708 1747 3761 6.
2801 3714 2857 3770 6.

1217 3870 1380 3920 mm
1420 3861 1484 3916 18
1697 3868 1784 3923 18.
2805 3874 2891 3932 18.
2941 3876 3035 3931 Ἐκ
3061 3876 3153 3932 τοῦ
3184 3878 3381 3951 μέρους
3412 3879 3598 3936 αὐτοῦ.

623 3971 874 4031 VERSIO
904 3974 1223 4030 HEBRAICI
1257 3968 1471 4033 TEX'I‘.
1831 3985 2145 4045 VULGATA

2201 3991 2472 4049 LATINA.
3101 3996 3373 4064 AQUILA.

587 4093 647 4149 1.
679 4092 897 4150 Arcam.
1698 4103 1747 4158 1.
1772 4105 1989 4161 Arcam.
2798 4112 2852 4167 1.
2889 4112 3161 4170 Arculam.
3291 4078 3309 4099 .

589 4184 650 4239 2.
680 4185 967 4240 Coronam.
1001 4183 1211 4240 Samar.
1238 4183 1327 4239 Id.
1692 4192 1745 4246 2.
1772 4192 2065 4254 Coronam.
2431 4207 2439 4217 ‘
2792 4203 2850 4260 2.

589 4280 645 4335 6.
678 4279 1139 4349 Propitiatorium.
1691 4284 1744 4338 6.
1772 4284 2234 4357 Propitiatorium.
2796 4294 2831 4349 6

589 4369 678 4427 18.
718 4368 797 4425 Ex
823 4370 989 4425 latere
1018 4371 1206 4440 ipsius.
1692 4377 1778 4431 18.
1813 4377 1890 4433 Ex
1922 4388 2094 4449 parte.

2793 4337 2883 4443 id.
2907 4387 2985 4445 Ex
3032 4399 3183 4461 parte
3222 4392 3413 4463 ipsius.

1299 4492 1473 4555 Notee
1502 4501 1562 4555 et
1589 4494 1774 4555 variae
1794 4494 2101 4556 lectiones
2127 4496 2204 4558 ad
2236 4514 2369 4577 cap.
2406 4502 2709 4566 XXXVII
2734 4506 2957 4570 Exodi.

582 4609 777 4666 Totum

509 4682 699 4737 codice
732 4681 1046 4737 Colbertino
1067 4697 1229 4752 supra
1259 4697 1560 4742 memorato
1587 4681 1740 4745 nunt.
1773 4689 1913 4744 5084
1951 4705 2072 4743 mu-

466 4818 467 4821 η
509 4761 753 4826 tuemur,
786 4766 926 4826 _cu_m
954 4752 1147 4826 _obe|is
1188 4760 1242 4806 et
1288 4756 1552 4826 as'tericis,
1597 4771 1737 4826 quos
1789 4761 1853 4814 ad
1909 4761 2070 4816 Iidem

507 4821 832 4890 exemplaris
874 4819 1037 4888 hujus
1076 4823 1476 4881 adnotavimus.
1526 4819 1630 4882 Sic'
1663 4840 1845 4884 autem
1897 4840 2071 4886 totum

510 4891 896 4946 concinnatum
953 4890 1131 4946 fuerat
1170 4893 1242 4947 ab
1290 4892 1539 4967 Origene,
1600 4906 1678 4965 ut,
1724 4902 1966 4969 exceptis
2007 4902 2073 4955 iis

881 4616 2071 4711 pneaea‘pp-tnxxxlnnpt‘ijlleaiaplis‘graLex
2171 4624 2496 4711 quaejobelis
2544 4638 2821 4696 notantur,
2851 4631 3038 4711 Graeca
3076 4633 3355 4711 Hebraicis
3390 4656 3602 4711 semper
3625 4659 3745 4701 res-

2173 4693 2495 4783 ponderent,
2530 4713 2689 4783 secus
2718 4693 2877 4783 quam
2908 4703 3077 4783 inilla
3114 4707 3217 4783 alia
3248 4708 3365 4783 ciba
3397 4693 3452 4760 δ’
3484 4693 3742 4783 editione,

2173 4779 2297 4853 qua?
2343 4768 2637 4853 vocabatur
2667 4768 2862 4853 κοινὴ.
2888 4774 2978 4827 ubi
3016 4779 3196 4853 omnia
3234 4778 3461 4835 confusa
3508 4792 3561 4837 et
3602 4768 3743 4853 prae:

2175 4844 2389 4912 pestere
2423 4840 2610 4912 posita
2628 4851 2775 4912 sunt,
2810 4840 2869 4895 ut
2899 4859 3061 4912 supra
3087 4847 3287 4902 dictum
3318 4860 3422 4904 est.

2247 4902 2310 4957 V.
2338 4905 2389 4959 1.
2423 4902 2536 4972 Ἆ.,
2562 4902 2980 4982 γλωσσόκομον]
2999 4912 3087 4969 Sic
3131 4918 3295 4974 editio
3322 4902 3588 4977 Romana.
3617 4921 3744 4980 Haec

1648 5015 1900 5078 CAPUT
1936 5019 2272 5081 XXXVIII
2318 5024 2599 5087 EXODI.

1411 5140 1859 5220 Fragmentum
1886 5161 1964 5203 ex
1991 5142 2127 5207 cod.
2163 5144 2430 5211 Calbcrt.
2480 5150 2657 5213 3085i.

574 5258 665 5314 24.
702 5255 873 5314 Omne
898 5276 1115 5329 aurum,
1155 5262 1299 5332 quod
1326 5263 1663 5319 elaboratum
1696 5266 1864 5319 estad
1899 5281 2061 5336 Opera

502 5350 802 5406 secundum
855 5367 1071 5409 omnem
1149 5355 1518 5425 operationem
1585 5365 1919 5425 sanctorum,
1966 5357 2069 5414 fuit

503 5442 623 5496 auri
649 5443 1028 5513 primitiarum,
1076 5461 1266 5500 novem
1292 5456 1346 5502 et
1390 5447 1581 5518 viginti
1624 5448 1846 5513 talenta,
1874 5458 1928 5504 et
1969 5450 2067 5505 tri-

502 5533 650 5603 ginta
681 5543 735 5589 et
768 5536 1088 5605 septingenti
1110 5536 1227 5590 sieli
1263 5536 1417 5606 juxta
1453 5539 1644 5594 siclum
1691 5549 1939 5596 sanctum
1973 5550 2069 5598 :et

504 5627 714 5694 argenti
739 5640 798 5681 -ι-
828 5627 1064 5696 demptio
1093 5626 1117 5693 1
1147 5627 1241 5683 25.
1266 5628 1313 5682 A
1357 5629 1587 5686 visitatis
1616 5645 1680 5687 -ι-
1721 5631 1853 5689 viris
1901 5636 1922 5703 1
1972 5634 2071 5706 Sy-

504 5732 745 5788 nagogaa,
777 5727 993 5773 centum
1024 5717 1246 5784 talenta,
1276 5727 1330 5774 et
1356 5721 1597 5792 quinque
1624 5731 1679 5777 et
1710 5727 2064 5798 septuaginta,

503 5820 557 5863 et
588 5807 731 5863 mille
761 5816 814 5864 et
838 5808 1160 5877 septingenti
1200 5810 1403 5879 siclix
1437 5812 1490 5867 in
1519 5813 1654 5870 siclo
1672 5826 1856 5873 sancto
1894 5817 1914 5886 1
1944 5820 2067 5873 dra-

2240 5268 2329 5322 24.
2376 5270 2492 5324 Πᾶν
2528 5271 2591 5325 τὸ
2633 5273 2849 5345 χρύσιον
2889 5275 2918 5330 ὃ
2953 5280 3323 5352 κατειργάσθη
3365 5284 3445 5347 εἰς
3480 5283 3551 5337 τὰ
3597 5285 3733 5358 ἔργα

2171 5359 2315 5414 κατὰ
2345 5362 2523 5415 πᾶσαν
2562 5361 2659 5434 τὴν
2702 5365 2961 5437 ἐργασίαν
2995 5370 3105 5424 τῶν
3146 5372 3315 5440 ἁγίων
3353 5373 3568 5441 ἐγένετο
3602 5395 3735 5450 χρυ.

2175 5451 2288 5506 σίου
2316 5451 2409 5505 τοῦ
2442 5452 2543 5523 τῆς
2574 5454 2821 5528 ἀπαρχῆς
2848 5459 3002 5513 ἐννέα
3044 5461 3136 5515 καὶ
3156 5460 3326 5516 εἴκοσι
3356 5464 3612 5531 τάλαντα,
3644 5470 3736 5523 καὶ

2171 5545 2460 5617 τριάκοντα
2495 5547 2588 5600 καὶ
2615 5548 2922 5604 ἑπτακόσιοι
2954 5551 3124 5606 σίκλοι
3154 5554 3295 5609 κατά
3319 5555 3412 5610 τὸν
3437 5557 3618 5611 σίκλον
3645 5561 3736 5613 τὸν

2175 5641 2357 5705 ᾶγιονσ
2388 5640 2480 5692 καὶ
2514 5640 2775 5711 ἀργυρίου
2817 5656 2878 5697 σι-
2927 5642 3204 5716 ἁφαίρεμα
3235 5645 3258 5714 1
3305 5646 3395 5702 25.
3440 5649 3599 5720 Παρὰ
3627 5650 3734 5733 τῶν

2173 5728 2591 5798 ἐπεσκεμμένων
2622 5747 2682 5783 σει
2713 5732 2916 5802 ἀνδρῶν
2955 5734 2977 5801 1
3018 5733 3119 5802 τῆς
3163 5737 3497 5807 συναγωγῆς,
3540 5728 3734 5793 ἑκατὸν

2172 5817 2418 5884 τάλαντα,
2458 5821 2551 5874 καὶ
2581 5822 2735 5874 πέντε
2772 5825 2864 5878 καὶ
2901 5825 3283 5896 ἐϐδομήκοντα,
3322 5830 3410 5881 καὶ
3437 5828 3594 5900 χίλιοι
3638 5831 3736 5886 καὶ
