4050 6398
330 331 432 388 509

330 452 599 507 δακτύλιοι
637 453 717 517 εἰς
757 451 930 523 θήκας
960 453 1075 515 τοῖς
1119 447 1500 523 ἀναφορεῦσιν,
1547 447 1690 504 ὥστε
1728 450 1903 523 αίρειν

329 550 424 617 τὴν
456 545 750 618 τράπεζαν.
782 545 871 601 15.
900 543 1013 600 Καὶ
1044 543 1299 616 ἐποίησεν
1340 543 1466 608 τοὺς
1512 544 1805 615 ἀναφορᾶς
1839 544 1905 596 ἐκ

1586 325 1795 385 EXODI
1831 326 1986 384 CAP.
2024 324 2319 381 XXXVIII.

3478 320 3585 377 5H)

2011 450 2157 505 tinos
2183 449 2324 519 ejus,
2359 453 2416 502 et
2446 444 2724 501 tburibula
2750 444 2900 514 ejus,
2928 453 2985 498 et
3014 444 3243 515 cyathos
3266 443 3408 514 ejus,
3447 451 3504 498 et
3523 442 3588 496 Ii—-

2008 539 2219 596 batoria
2252 540 2393 609 ejus,
2420 537 2475 592 in
2498 537 2698 607 quibus
2723 536 2933 601 libabit,
2961 536 3079 589 auri
3104 535 3249 605 puri.

329 639 498 707 ξύλων
542 639 818 710 ασήπτων,
858 637 953 691 καὶ
990 636 1402 708 κατεχρύσωσεν
1443 636 1640 699 αὐτοὺς
1679 634 1887 707 χρυσίῳ
1920 633 2061 687 ὥστε
2101 632 2279 705 αἴρειν
2321 632 2420 702 τὴν
2467 629 2764 703 τράπεζαν.
2809 628 2894 683 16.
2933 631 3040 683 Kal.
3068 630 3292 702 ἐποίησε
3320 629 3390 684 τὰ
3417 628 3586 702 σκεύη

328 735 425 805 τῆς
449 734 744 808 τραπέζης,
774 732 842 787 τὰ
864 731 1093 806 τρύϐλια
1121 732 1311 803 αὐτῆς,
1338 732 1432 786 καὶ
1462 731 1563 797 τὰς
1589 731 1816 795 θυίσκας
1849 730 2041 801 αὐτῆς,
2082 729 2177 784 καὶ
2208 729 2332 792 τοὺς
2371 727 2605 791 κυάθους
2646 724 2837 796 αὐτῆς,
2865 725 2962 779 καὶ
3001 724 3070 778 τὰ
3102 725 3356 778 σπονδεῖα
3392 723 3583 795 αὐτῆς,

327 828 383 881 ἐν
414 823 494 892 οἷς
528 827 734 881 σπείσει
758 829 816 881 ὲν
834 827 1038 892 αὐτοῖς,
1085 827 1307 898 χρυσίου
1341 825 1601 897 καθαροῦ.

396 922 483 976 17.
522 922 632 977 Kal
664 922 885 994 ἐποίησε
928 923 1027 993 τὴν
1054 920 1303 992 λυχνείαν
1329 935 1390 977 σε·
1428 920 1462 992 ἥ
1497 920 1739 992 φωτίζει,
1763 939 1897 995 χρυ-

329 1030 390 1069 -ι-
424 1015 543 1086 σῆν,
584 1014 831 1087 στερεὰν,
860 1014 951 1067 τὸν
988 1013 1189 1068 καῦλον
1231 1013 1327 1068 καὶ
1363 1015 1488 1077 τοὺς
1522 1013 1895 1086 καλαμίσκους

329 1122 393 1162 -ι-
421 1105 481 1170 ἐξ
511 1106 831 1178 ἀμφοτέρων
871 1105 980 1159 τῶν
1019 1106 1200 1177 μερῶν
1246 1106 1434 1177 αὐτῆς,
1469 1108 1534 1160 ἐκ
1572 1105 1683 1161 τῶν
1722 1107 1894 1161 καλα-

329 1213 392 1255 -Ι-
422 1197 630 1270 μίσκων
654 1198 822 1269 αὐτῆς
848 1199 897 1251 οἱ
925 1197 1143 1268 βλαστολ⁵
1169 1196 1462 1268 ὲξέχοντες,
1488 1201 1637 1269 τρεῖς
1671 1201 1735 1253 ἐκ
1769 1198 1894 1253 τού-

328 1304 394 1347 +
419 1306 533 1358 του,
576 1288 671 1343 καὶ
700 1291 849 1361 τρεῖς
889 1290 955 1343 ἐκ
994 1289 1209 1355 τούτου,
1247 1288 1581 1360 ἐξισούμενοι
1623 1290 1893 1363 ἀλλήλοις,

327 1396 390 1438 -ι-
418 1381 514 1437 καὶ
538 1381 607 1435 τὰ
642 1380 947 1453 λαμπάδεια
973 1380 1152 1435 αὐτῶν
1180 1379 1216 1434 ἆ
1243 1382 1390 1434 ἐστιν
1416 1382 1511 1435 ἐπὶ.
1537 1381 1648 1436 τῶν
1673 1382 1857 1455 ἄκρων
1875 1401 1890 1414 ο

325 1488 387 1530 -Ξ-
422 1473 676 1546 καρυωτὰ
704 1472 762 1538 ἐξ
787 1473 964 1527 αὐτῶν
994 1473 1089 1526 καὶ
1118 1471 1188 1526 τὰ
1221 1471 1452 1543 ἀνθέμια
1479 1475 1536 1526 ἐν
1565 1473 1772 1538 αὐτοῖς,
1806 1475 1896 1528 ἵνα

326 1580 389 1622 -ιι-
417 1559 548 1619 ὧσιν
596 1564 683 1618 ἐπ’
726 1564 906 1619 αὐτῶν
950 1567 997 1618 οἱ
1030 1564 1246 1635 λύχνοιο
1298 1564 1393 1618 καὶ
1436 1564 1497 1618 τὸ
1545 1565 1799 1637 ἁνθέμιον
1832 1569 1895 1622 τὸ

325 1672 389 1712 -ε-
427 1655 672 1727 ἐὸδομον,
709 1655 771 1709 τὸ
814 1658 899 1709 ἐπ’
934 1656 1101 1729 ἄκρου
1144 1655 1239 1710 τοῦ
1284 1656 1619 1730 λαμπαδείου
1661 1660 1754 1713 ἐπὶ
1795 1660 1896 1730 τῆς

325 1762 389 1805 -ι-
420 1751 662 1821 κορυφῆς
690 1747 896 1803 ἄνωθεν
922 1748 1161 1822 στερεὸν,
1187 1748 1307 1802 ὅλον
1335 1750 1569 1822 χρυσοῦν
1590 1767 1604 1781 ·
1632 1753 1726 1805 καὶ
1754 1752 1896 1807 ἑπτὰ

325 1857 385 1896 σε-
423 1840 650 1911 λύχνους
688 1840 859 1912 αὐτῆς
895 1842 980 1894 ἐπ’
1010 1841 1201 1911 αὐτῆς,
1237 1842 1493 1914 χρυσοῦς,
1532 1843 1627 1896 καὶ
1666 1842 1765 1909 τὰς
1797 1844 1894 1899 λοι-

323 1947 385 1988 +
418 1932 570 1996 σίδας
606 1932 776 2003 αὐτῆς
799 1932 1027 2004 χρυσᾶς,
1063 1932 1274 1996 καὶτὰς
1300 1934 1699 2005 ὲπαρυστρίδας
1724 1936 1895 2007 αὐτῆς

322 2038 386 2079 -ε-
414 2024 621 2096 χρυσᾶς
646 2025 712 2077 ἐκ
737 2022 959 2096 χρυσίου
981 2022 1222 2093 καθαροῦ
1248 2026 1271 2093 ζ
1302 2027 1368 2091 >ί<
1389 2025 1649 2097 τορευτὴν
1669 2027 1894 2099 ἐποίησε

318 2119 388 2185 x
418 2116 517 2188 τὴν
544 2116 815 2187 λυχνείαν,
842 2116 935 2170 τὸν
959 2115 1158 2169 καῦλον
1191 2115 1361 2186 αὐτῆς
1389 2118 1485 2171 καὶ
1509 2119 1636 2182 τοὺς
1660 2119 1895 2190 καλαμί-

317 2209 388 2277 X
418 2224 579 2270 σκους
610 2208 796 2279 αὐτῆς,
837 2208 930 2261 καὶ
957 2207 1084 2270 τοὺς
1110 2207 1390 2279 κρατῆρας
1417 2208 1605 2279 αὐτῆς.
1640 2209 1881 2273 καὶτοὺς

318 2300 387 2367 χ
414 2298 804 2371 σφαιρωτῆρας
831 2298 1022 2369 αὐτῆς,
1052 2298 1146 2351 καὶ
1170 2297 1238 2351 τὰ
1260 2297 1419 2370 κρίνα
1446 2298 1618 2369 αὐτῆς
1643 2297 1701 2365 ἐξ
1723 2300 1893 2372 αὐτῆς

317 2384 568 2461 Χῆσαν.
613 2387 701 2442 18.
745 2387 842 2455 Ἐξ
877 2387 935 2441 δὲ
980 2387 1305 2459 καλαμίσκοι
1358 2390 1784 2461 ἐκπορευόμενοι
1827 2393 1893 2445 ἐκ

318 2485 385 2551 )4;
420 2481 662 2552 πλαγίων
696 2480 866 2552 αὐτῆς
888 2498 902 2511 ⁸
944 2483 1095 2553 τρεῖς
1136 2480 1466 2551 καλαμίσκοι
1503 2482 1604 2553 τῆς
1643 2482 1892 2555 λυχνείας

320 2579 385 2643 ξε(
412 2574 477 2628 ἐκ
506 2573 598 2628 τοῦ
629 2573 844 2637 κλίτους
869 2572 1037 2643 αὐτῆς
1079 2571 1175 2626 τοῦ
1220 2571 1360 2636 ἐνὸς,
1404 2574 1501 2627 καὶ
1541 2576 1691 2648 τρεῖς
1723 2576 1893 2630 καλα-

413 2668 595 2740 μίσκοι
636 2668 736 2739 τῆς
774 2667 1025 2738 λυχνείας
1071 2669 1135 2721 ἐκ
1172 2665 1266 2720 τοῦ
1315 2666 1530 2732 κλίτους
1577 2669 1747 2741 αὐτῆς
1795 2670 1889 2723 τοῦ

316 2760 384 2824 ἓξ(
406 2756 679 2829 δευτέρου.
708 2755 793 2812 19.
826 2757 987 2829 Τρεῖς
1007 2756 1280 2829 κρατῆρες
1302 2758 1739 2830 ἐκτετυπωμένοι
1763 2776 1892 2832 καρ-

315 2849 382 2916 ὶδζ
409 2847 629 2912 υἳσκους
649 2850 709 2902 ὲν
731 2847 1057 2919 καλαμίσκῳ
1083 2846 1161 2919 τῷ
1193 2849 1273 2902 ἐνὶ
1306 2848 1624 2920 σφαιρωτὴρ
1650 2852 1743 2904 καὶ
1772 2852 1892 2923 κρί-

315 2941 383 3007 x
412 2955 531 3004 νον,
576 2940 669 2994 καὶ
710 2942 860 3013 τρεῖς
896 2938 1173 3012 κρατῆρες
1221 2939 1659 3009 ὲκτετυπωμένοι
1704 2941 1892 3012 καρυῖ-

2072 927 2161 982 17.
2196 925 2263 981 Et
2286 924 2414 982 fecit
2440 927 2833 983 candelabrum
2860 940 2923 980 +
2959 926 3107 995 quod
3142 925 3436 991 illuminat,
3480 941 3585 981 an-

1999 1035 2060 1076 σε·
2080 1036 2260 1082 reum,
2284 1020 2518 1075 solidum
2538 1059 2555 1085 ,
2589 1019 2789 1074 hastile
2813 1027 2868 1073 et
2896 1017 3231 1073 calamiscos
3248 1032 3315 1073 ex
3351 1027 3586 1089 utraque

1998 1127 2061 1168 -ε-
2079 1121 2232 1182 parte
2255 1112 2375 1182 ejus
2402 1131 2417 1167 :
2446 1127 2513 1167 ex
2536 1110 2851 1168 calamiscis
2867 1110 2987 1179 ejus
3007 1111 3143 1164 rami
3158 1118 3446 1176 exeuntes;
3474 1119 3586 1165 tres

1998 1216 2062 1257 σι-
2087 1216 2155 1256 ex
2182 1201 2305 1268 boc,
2327 1210 2381 1257 et
2403 1210 2511 1257 tres
2531 1216 2595 1257 ex
2622 1201 2747 1267 hoc,
2768 1201 3006 1270 aequales
3032 1198 3288 1262 invicem,
3308 1208 3363 1254 et
3386 1199 3587 1267 lampa-

1997 1307 2061 1355 φι-
2086 1291 2183 1348 des
2201 1308 2267 1348 ex
2300 1293 2455 1363 ipsis,
2479 1308 2600 1361 quae
2633 1299 2762 1348 sunt
2800 1305 2965 1361 supra
3001 1290 3344 1345 summitates
3375 1307 3390 1344 :
3417 1303 3587 1344 nuces

1996 1401 2052 1443 σε·
2082 1400 2150 1441 ex
2180 1385 2336 1455 ipsis,
2356 1393 2410 1440 et
2434 1399 2574 1440 rosa:
2593 1385 2648 1439 in
2690 1384 2844 1452 ipsis,
2874 1391 2935 1438 ut
2978 1382 3088 1437 sint
3136 1396 3301 1451 super
3329 1381 3449 1436 illas
3495 1380 3584 1435 Iu—

1998 1492 2063 1534 -t-
2084 1493 2261 1533 cernae
2293 1485 2385 1532 :et
2418 1492 2545 1532 rosa
2574 1476 2803 1546 septima
2823 1514 2838 1538 ,
2875 1489 2998 1544 quae
3038 1481 3124 1528 est
3159 1488 3325 1543 supra
3356 1473 3588 1527 summi.

1997 1584 2062 1626 -t-
2087 1578 2253 1625 tatem
2287 1569 2574 1639 lampadis.
2609 1584 2772 1641 supra
2807 1581 3070 1621 cacumen
3116 1580 3363 1632 sursum,
3390 1565 3584 1632 solida,

1998 1676 2061 1717 οξ-
2086 1669 2200 1716 tota
2221 1676 2383 1715 aurea
2413 1678 2426 1714 :
2461 1667 2516 1715 et
2537 1668 2746 1729 septem
2788 1658 3044 1712 lucernas
3067 1655 3187 1725 ejus
3219 1670 3384 1724 supra
3426 1654 3583 1719 illud,

1998 1768 2063 1809 σε·
2085 1768 2310 1819 aureas;
2339 1760 2393 1807 et
2423 1751 2655 1821 forcipes
2685 1750 2807 1819 ejus
2831 1763 3053 1813 aureos,
3098 1754 3153 1801 et
3200 1746 3409 1802 fusoria
3459 1746 3581 1814 ejus

1997 1861 2062 1901 οε-
2092 1860 2262 1900 aurea
2298 1859 2368 1900 ex
2406 1860 2542 1898 auro
2584 1859 2722 1914 puro
2758 1844 2781 1911 ζ
2815 1844 2883 1910 Ἀ(
2922 1840 3173 1896 tornatile
3214 1838 3342 1893 fecit
3383 1838 3586 1893 cande-

1994 1941 2063 2007 x
2096 1937 2346 2005 labrum,
2394 1937 2587 1994 hastile
2634 1935 2792 2005 ejus,
2845 1941 2900 1988 et
2942 1932 3264 1988 calamiscos
3305 1929 3425 1998 ejus
3454 1968 3473 1993 ,
3529 1937 3585 1982 et

1994 2032 2063 2097 x
2094 2038 2336 2083 crateras
2360 2028 2501 2098 ejus,
2533 2036 2588 2083 et
2620 2025 2922 2096 sphaerulas
2947 2024 3096 2093 ejus;
3134 2030 3189 2077 et
3225 2021 3343 2075 lilia
3357 2019 3480 2091 ejus
3516 2034 3584 2074 ex

1996 2123 2064 2188 Χ
2101 2119 2219 2189 ipso
2243 2128 2420 2175 erant.
2453 2120 2541 2174 18.
2572 2118 2679 2173 Sex
2712 2127 2892 2172 autem
2939 2114 3220 2171 calamisci
3256 2122 3521 2168 exeuntes
3553 2126 3585 2165 ο

2003 2215 2069 2280 >κ
2088 2212 2350 2266 lateribus
2372 2211 2491 2281 ejus
2516 2230 2530 2265 :
2563 2219 2674 2266 trcs
2704 2209 2988 2266 calamisci
3015 2206 3326 2262 candelabri
3348 2221 3417 2259 ex
3447 2204 3584 2259 late-

2002 2307 2069 2374 x
2098 2321 2155 2361 re
2176 2306 2294 2377 ejus
2325 2321 2456 2372 uno,
2481 2313 2533 2359 et
2561 2312 2668 2359 tres
2692 2302 2969 2358 calamisci
2993 2299 3304 2355 candelabri
3330 2314 3395 2352 ex
3419 2298 3586 2351 latere

1998 2398 2071 2469 fit;
2094 2397 2210 2470 ejus
2225 2398 2486 2453 secundo.
2508 2396 2596 2452 I9.
2621 2397 2757 2451 Tres
2773 2403 3012 2451 crateres
3036 2391 3327 2447 reddentes
3352 2390 3582 2445 formam

2002 2494 2073 2561 )zi
2102 2506 2328 2557 nucum,
2357 2491 2415 2545 in
2443 2490 2740 2545 calamisco
2756 2504 2869 2543 uno
2902 2486 3175 2556 spbzrula
3207 2493 3262 2538 ct
3296 2484 3467 2538 lilium
3493 2500 3508 2548 ;
3530 2491 3588 2537 et

2000 2580 2069 2648 >κ
2096 2588 2205 2634 tres
2234 2588 2475 2633 crateres
2508 2578 2797 2632 reddentes
2830 2575 3063 2630 formam
3101 2588 3336 2638 nucum,
3365 2573 3418 2628 in
3442 2572 3587 2627 cala-

2001 2670 2069 2737 >κ
2093 2669 2266 2723 misco
2291 2685 2401 2724 uno
2426 2669 2697 2738 sphasrula
2736 2679 2790 2724 et
2822 2669 2996 2721 lilium
3031 2685 3049 2723 :
3093 2668 3173 2721 sic
3218 2681 3319 2741 sex
3360 2663 3586 2719 calami-

2000 2761 2068 2826 ὶδ(
2090 2760 2197 2815 scis
2219 2761 2543 2816 exeuntibus
2574 2776 2640 2815 cx
2668 2760 3014 2815 candelabro.
3049 2757 3141 2815 20.
3170 2757 3236 2811 Et
3256 2758 3309 2810 in
3330 2756 3585 2812 candela-

2000 2853 2068 2919 Β(
2104 2852 2203 2906 bro
2229 2861 2464 2922 quatuor
2499 2861 2738 2907 crateres
2767 2852 3057 2908 reddentes
3080 2850 3312 2905 formam
3338 2862 3581 2903 nucum:

2001 2946 2070 3013 ΒΚ
2110 2946 2397 3016 sphaerulze
2419 2945 2558 3015 ejus,
2598 2954 2653 2999 et
2676 2943 2787 2999 lilia
2820 2943 2959 3013 ejus.
3019 2940 3304 3010 Sphaerula
3340 2939 3474 2995 sub.
3495 2978 3545 2993 ..
3566 2977 3581 2992 .

316 3035 383 3101 Ξ(
409 3050 567 3100 σκους
589 3052 603 3066 ·
640 3038 699 3090 ὲν
731 3034 810 3107 τῷ
839 3035 1164 3106 καλαμίσκῳ
1194 3033 1271 3105 τῷ
1308 3034 1387 3087 ἐνὶ
1433 3034 1749 3107 σφαιρωτήρ
1791 3039 1885 3091 καὶ
1910 3039 2094 3112 κρίνον
2117 3058 2132 3071 ·
2158 3040 2333 3106 οὕτως
2363 3044 2476 3104 τοῖς
2504 3040 2562 3108 ἐξ
2589 3041 2950 3112 καλαμίσκοις
2991 3041 3103 3103 τοῖς
3134 3035 3587 3108 ἐκπορευομένοις

314 3127 381 3193 Χ
406 3128 469 3181 ἐκ
500 3128 601 3200 τῆς
639 3127 908 3199 λυχνείας.
945 3127 1039 3182 20.
1085 3126 1198 3181 Kal
1236 3127 1295 3180 ὲν
1335 3127 1403 3197 τῇ
1447 3125 1670 3200 λυχνείᾳ
1713 3129 1979 3203 τέσσαρες
2020 3134 2297 3206 κρατῆρες
2345 3135 2789 3207 ἐκτετυπωμένοι
2840 3132 3171 3205 καρυῒσκους
3195 3148 3209 3161 °
3242 3133 3292 3185 οἱ
3337 3146 3582 3203 σφαιρω-

317 3226 381 3291 χ
409 3222 573 3295 τῆρες
607 3222 777 3295 αὐτῆς
826 3221 923 3276 καὶ
960 3221 1029 3276 τὰ
1077 3221 1240 3293 κρίνα
1291 3220 1461 3292 αὐτῆς
1483 3239 1498 3253 ·
1548 3223 1578 3275 ὁ
1609 3226 1928 3298 σφαιρωτὴρ
1960 3227 2065 3282 ὑπὸ
2104 3231 2350 3293 τοὺς.....

627 3362 1032 3418 ΣΥΜΜΑΧΟΣ.
1925 3367 2005 3422 0'.
2864 3366 3263 3422 ΘΕΟΔΟΊἸΩΝ.

382 3531 437 3589 1.
1226 3556 1230 3561 -
1493 3534 1544 3587 1.
1584 3533 1852 3591 Κιϐωτὸν.
2622 3539 2678 3594 1.

375 3627 431 3682 2,
1494 3624 1550 3680 2.
1576 3626 1879 3698 Κυμάτιον.
1928 3628 2175 3698 Ἄλλος,
2203 3632 2471 3703 χείλωμα.
2615 3630 2671 3685 2.

378 3717 435 3776 6.
1493 3714 1546 3789 6.
1600 3714 1947 3789 Ἱλαστήριον.
1992 3719 2237 3787 Ἄλλος,
2286 3721 2476 3776 θυσια-
2620 3722 2674 3777 6.

1425 3788 1661 3859 στήριον.

382 3878 467 3934 18.
1493 3875 1576 3931 18.
1623 3877 1718 3931 Ἐκ
1745 3876 1840 3932 τοῦ
1865 3879 2081 3945 κλίτους
2109 3882 2301 3939 αὐτοῦ.
2619 3883 2709 3939 18.

625 3992 1067 4052 SYMMACHUS.
1604 3993 1749 4048 LXX
1778 3994 2283 4053 INTERPRETES.
2849 3990 3262 4050 THEODOTIO.

384 4112 432 4166 ι,
1500 4111 1554 4165 1.
1574 4110 1797 4166 Arcam.

2624 4114 2673 4168 I.

381 4197 436 4256 2.
1498 4202 1556 4256 2.
1620 4201 1953 4274 Cymatium.
2005 4204 2183 4267 Alius.
2229 4206 2466 4261 labrum.
2614 4204 2670 4258 2.

381 4293 435 4350 6.
1499 4292 1556 4348 6.
1583 4291 2054 4363 Propitiatorium.
2080 4295 2255 4363 Alius,
2275 4296 2463 4352 altare.
2610 4295 2664 4348 6.

384 4386 470 4442 18.
1502 4382 1590 4438 18.
1613 4381 1693 4437 Ex
1723 4382 1892 4438 latere

2000 4383 2106 4439 ius.
2611 4387 2698 4442 18.

1101 4513 1280 4574 Nota)
1308 4514 1372 4571 et
1395 4505 1591 4570 variae
1616 4502 1933 4566 lectiones
1963 4505 2042 4567 ad
2073 4521 2211 4584 cap.
2241 4507 2550 4567 XXXVII
2581 4507 2813 4569 Exodi.

309 4644 492 4705 autem
522 4634 728 4704 Aquilae
754 4635 939 4690 versio
971 4651 1136 4705 supra
1161 4636 1324 4691 etiam
1349 4633 1694 4705 observatur,
1721 4645 1771 4685 c.
1797 4631 1890 4697 25,

310 4721 361 4760 v.
399 4704 485 4760 10.
531 4702 811 4776 Signiﬁcat
838 4714 1020 4761 autem
1043 4702 1461 4776 γλωσσόκομον,
1493 4702 1770 4768 scrinium,
1803 4717 1894 4755 ar-

306 4775 502 4835 culam.
523 4775 817 4843 capsulam,
842 4778 924 4830 vel
951 4778 1114 4831 etiam
1144 4777 1500 4843 marsupium.

379 4844 447 4900 ν.
481 4845 537 4900 2.
571 4840 668 4902 Sic
690 4846 1038 4902 Colbertinus
1078 4857 1133 4901 et
1162 4856 1273 4902 tres
1300 4840 1474 4915 Regii.
1510 4840 1893 4900 Samaritanus

309 4916 803 4987 Irodiernuslbabet
838 4924 971 4982 νὴ),
1006 4917 1151 4987 quod
1180 4926 1269 4972 est
1306 4929 1533 4972 corona.

1998 4708 2022 4756 ι
2071 4628 2520 4754 lixa-21.2.10“
2561 4628 2966 4703 θυσιαστήριον.
3018 4626 3109 4682 Sic
3149 4623 3496 4680 Colbertinus
3537 4631 3593 4678 et

2025 4715 2117 4754 res
2189 4718 2317 4756 can.

2025 4715 2117 4754 res
2141 4715 2317 4755 H02”.

2074 4768 2138 4825 V.
2191 4768 2280 4828 18.

2339 4772 2445 4839 Ἀ.,
2486 4773 2707 4846 μέρους.
2756 4772 2834 4825 Ita
2879 4766 3229 4824 Colbertinus
3279 4772 3333 4819 et
3384 4759 3586 4835 Regius

1998 4856 2167 4898 unus.
2646 4876 2657 4885 ο

1472 5028 1720 5095 CAPUT
1759 5027 2097 5091 XXXVIII
2142 5026 2424 5088 EXODI.

1326 5153 1772 5233 Fragmentum
1825 5167 1904 5210 ea-
1949 5147 2084 5210 cod.
2115 5145 2387 5209 Colbert.
2431 5142 2611 5209 3081s.

310 5274 626 5330 ἑπτακόσιοι
654 5273 827 5331 σίκλοι
853 5279 921 5346 x
943 5277 1004 5330 ἐν
1032 5275 1113 5349 τῷ
1146 5275 1313 5350 σίκλῳ
1339 5277 1422 5350 τῷ
1450 5277 1590 5348 ἁγίῳ
1619 5277 1641 5345 ζ
1673 5276 1889 5348 δράχμη

313 5368 414 5438 μία
439 5371 507 5441 τῇ
540 5368 772 5442 κεφαλῇ,
803 5370 863 5423 τὸ
887 5370 1058 5441 ἥμισυ
1085 5368 1180 5424 τοῦ
1210 5369 1395 5424 σίκλου
1424 5369 1567 5423 κατὰ
1591 5368 1684 5422 τὸν
1712 5367 1893 5421 σίκλον

305 5456 402 5512 τὸν
426 5459 601 5528 ἆγιον.
626 5460 742 5523 Πᾶς
762 5460 791 5513 ὁ
815 5461 1333 5533 παραπορευόμενος
1355 5460 1454 5532 τὴν
1476 5459 1763 5530 ἐπίσκεψιν
1787 5460 1895 5513 ἀπὸ

307 5548 657 5614 είκοσαέτους
698 5550 793 5604 καὶ
831 5550 1017 5605 ἐπάνω
1056 5552 1137 5616 εἰς
1168 5553 1265 5616 τὰς
1309 5551 1571 5624 ἐξήκοντα
1607 5550 1893 5623 μυριάδας,

309 5643 405 5697 καὶ
437 5641 768 5715 τρισχιλίους
799 5645 892 5697 καὶ
935 5645 1345 5710 πεντακοσίους,
1392 5645 1488 5699 καὶ
1535 5645 1891 5715 πεντήκοντα.

308 5736 398 5790 26.
434 5736 547 5789 Kal
569 5736 801 5808 ἐγενήθη
828 5736 897 5791 τὰ
922 5737 1117 5791 ἑκατὸν
1141 5736 1379 5793 τάλαντα
1403 5735 1499 5791 τοῦ
1526 5736 1787 5809 ἀργυρίου
1815 5736 1894 5799 εἰς

308 5829 406 5883 τὴν
461 5827 724 5893 κὼνευσιν
763 5830 872 5887 τῶν
922 5831 1226 5889 κεφαλίδων
1275 5831 1373 5897 τῆς
1425 5830 1646 5898 σκηνῆς,
1686 5829 1777 5884 κα)⁵
1816 5830 1894 5892 εἰς

1992 5272 2153 5328 clima
2200 5286 2308 5327 una
2352 5271 2538 5342 capiti,
2566 5268 2854 5324 dimidium
2884 5268 3004 5339 sicli
3047 5267 3346 5324 secundum
3385 5266 3578 5322 siclum

1996 5376 2266 5423 sanctum.
2305 5362 2498 5421 Omnis
2521 5363 2794 5418 transiens
2836 5363 3201 5418 visitationem
3244 5376 3275 5414 a
3317 5358 3581 5414 vicesimo

1997 5474 2141 5514 anno
2166 5469 2218 5514 et
2237 5473 2426 5528 supra,
2464 5458 2530 5512 ad
2563 5457 2849 5526 sexaginta
2880 5454 3178 5524 myriadas,
3217 5459 3270 5506 et
3296 5458 3399 5504 ter'
3429 5449 3577 5504 mille

1996 5550 2276 5623 quingenti
2296 5559 2349 5605 et
2369 5549 2778 5620 quinquaginta.
2798 5547 2889 5604 26.
2910 5546 2975 5601 Et
3018 5546 3042 5600 I
3044 5556 3163 5600 acta
3209 5550 3338 5597 sunt
3352 5551 3572 5596 centum

2002 5645 2203 5718 talenta
2225 5643 2434 5714 argenti
2462 5643 2518 5696 in
2558 5642 2937 5697 conﬂationem
2981 5637 3355 5709 eapiteIIorum
3391 5633 3577 5687 taber-

2004 5734 2184 5791 naculi
2208 5775 2227 5802 ,
2263 5742 2318 5789 et
2360 5733 2415 5788 in
2455 5734 2703 5804 capitella
2751 5731 3055 5789 velaminis.
3085 5728 3175 5782 27.
3210 5728 3437 5782 Centum
3482 5741 3577 5779 ca-

2004 5827 2185 5896 pitulla
2262 5827 2327 5882 ad
2383 5835 2599 5883 centum
2667 5826 2899 5889 talenta,
2970 5820 3233 5878 talentum
3292 5816 3567 5888 capitello.
