3926 6522
530 384 630 442 5H

527 502 617 560 28.
650 500 716 558 Et
735 501 978 572 quinque
999 510 1054 557 et
1082 509 1424 573 septuaginta
1456 501 1605 560 mille
1642 510 1696 556 et
1728 509 2097 572 septingentos

529 595 691 651 siclos
712 636 726 660 ,
765 593 892 648 fecit
917 594 971 648 in
997 593 1219 649 ansulas
1254 594 1564 649 columnis:
1591 602 1643 649 et
1665 593 2097 662 inauravitcapio

526 685 650 738 tella
682 698 893 750 earum,
921 690 976 738 et
1002 683 1219 738 ornavit
1240 697 1353 737 eas.
1393 682 1484 738 29.
1520 681 1587 736 Et
1613 698 1687 737 aes
1724 682 2054 752 demptionis
2079 720 2096 747 ,

527 775 867 846 septuaginta
893 776 1094 830 talenta
1114 784 1168 830 et
1190 776 1272 830 bis
1294 775 1440 830 mille
1457 774 1836 845 quadringenti
1861 772 2097 830 sicli.’5‘0.

525 865 593 921 Et
631 867 881 922 fecerunt
910 882 973 921 ex
1005 881 1069 921 eo
1102 866 1262 922 bases
1295 867 1418 922 ostii
1466 865 1798 920 tabernaculi
1851 864 2099 920 testimoo

525 960 623 1024 nii,
681 962 750 1027 )a(
780 968 833 1014 et
865 959 1034 1013 altare
1059 974 1269 1014 aeneum
1301 958 1322 1026 ζ
1351 967 1405 1014 et
1433 959 1862 1014 additamentum
1883 971 2097 1012 aeneum

1531 383 2018 464 .HEXAPLORUM
2062 381 2227 450 QUAE
2269 379 2696 438 SUPERSUNT.
3641 379 3729 434 5l2

2201 500 2301 564 τὰς
2331 499 2618 568 κεφαλίδας
2643 497 2738 552 τοῦ
2767 512 3269 567 καταπετασματος.
3301 496 3390 551 '27.
3435 495 3636 550 Ἐκατδν
3658 515 3733 551 κε-

2206 590 2424 662 φαλίδες
2468 590 2547 653 εἰς
2586 588 2653 643 τὰ
2687 587 2882 644 ἑκατὸν
2921 586 3175 650 τάλαντα,
3209 585 3463 640 τάλαντον
3491 588 3553 658 τῇ
3585 604 3733 656 κεφα-

2203 682 2327 737 λίδι.
2355 680 2445 736 28.
2477 681 2585 734 Kal
2607 681 2730 744 τους
2759 679 2918 733 πέντε
2942 679 3036 732 καὶ
3063 677 3428 750 ἑϐδομήκοντα
3451 678 3635 748 χιλίους
3659 679 3736 730 καὶ

2203 772 2557 836 ἑπτακοσίους
2592 771 2804 835 σίκλους
2838 770 3089 843 ἐποίησεν
3131 771 3211 834 είς
3242 769 3339 832 τὰς
3383 768 3612 838 ἀγκύλας
3643 771 3738 832 τοῖς

2207 866 2438 932 στύλοις,
2471 865 2564 918 καὶ
2581 862 2990 935 κατεχρύσωσεν
3008 892 3015 900 τ
3033 861 3130 925 τὰς
3164 861 3454 930 κεφαλίδας
3473 861 3638 913 αὐτῶν
3660 861 3742 912 καὶ

2205 955 2614 1024 κατεκόσμησεν
2645 949 2857 1015 αὐτούς.
2891 948 2980 1005 29.
3005 951 3116 1003 Kal
3145 952 3172 1002 ὁ
3197 948 3391 1019 χαλκὸς
3421 948 3510 1001 τοῦ
3541 947 3740 1004 ἀφαιοέ-

791 1080 877 1132 ΤΟ
915 1080 1284 1133 ΕΒΡΛΙΚΟΝ.
1908 1078 1996 1130 ΤΟ
2035 1075 2385 1130 ΕΒΡΑῙΚΟΝ
3105 1069 3421 1139 ΑΚΥΛΛΣΛ

1837 1147 2166 1218 Ἑλληνικοῖς
2183 1145 2489 1216 γράμμασι.

1109 1249 1248 1302 1323'
1283 1249 1416 1300 ἠυδε
1451 1240 1485 1294 8
1703 1240 1762 1296 8.
2801 1230 3382 1305 8.,Στρατευσαμένων.

1219 1319 1380 1412 ἥρω
1415 1335 1484 1388 24
1697 1330 1787 1386 24.
2801 1320 2890 1412 24.
2922 1320 3077 1374 Κατὰ
3101 1319 3190 1374 τὸν
3219 1316 3478 1387 στατῆρα.

1261 1437 1379 1512 Vp:
1413 1425 1485 1480 εδ
1699 1421 1790 1512 25.
2808 1411 2902 1512 es.

525 1527 626 1572 “in:
681 1522 877 1578 omni
931 1522 1137 1575 nsum
1209 1501 1491 1576 nari-1:129
1701 1511 1792 1566 29.
2806 1501 2898 1559 29.

1358 1612 1561 1666 ΕἽΞἺΝΊ

629 1839 882 1894 VERSIO
913 1839 1236 1894 HEBRAICI
1278 1838 1482 1893 TEXT.

596 1935 650 1988 8.
679 1932 810 1999 Quae
841 1933 1184 1987 exercebant.

596 2023 688 2077 24.
714 2009 770 2076 In
799 2022 953 2078 siclo.

597 2113 688 2168 25.
720 2112 880 2167 Bcca.
1696 2112 1791 2168 25.

607 2203 697 2260 29.
739 2203 805 2258 Et
834 2220 908 2260 aes
964 2204 1300 2267 elevationis,
1346 2207 1565 2274 septua-

527 2275 674 2344 ginta
705 2275 925 2341 talenta,
953 2285 1008 2329 et
1039 2276 1148 2329 duo
1183 2275 1372 2329 millia.

1840 1835 2171 1893 VULGATA
2203 1833 2476 1890 LATINA.

1702 1931 1757 1986 8.
1793 1931 1924 1997 Quae
1953 1929 2316 1986 excubabant.
2369 1970 2376 1976 .

1698 2022 1792 2076 24.
1829 2021 1910 2076 Ad
1935 2036 2268 2076 mensuram.

3139 1825 3417 1892 AQUILA.

2814 1920 2868 1976 8.
2910 1919 3040 1986 Quae
3066 1919 3424 1974 excubabant.

2813 2017 2906 2073 24.
2948 2014 3258 2071 Secundum
3287 2020 3563 2067 staterem.

2813 2105 2905 2161 25.

1707 2202 1800 2257 29.
1847 2201 1998 2257 Eris
2053 2215 2270 2272 quoque
2323 2200 2674 2272 oblataisunt
2813 2201 2904 2257 29.

1634 2273 1837 2328 talenta
1873 2271 2211 2342 septuaginta
2236 2273 2345 2327 duo
2395 2271 2586 2337 millia,
2619 2279 2675 2325 et

1636 2344 2016 2414 quadringenti
2052 2358 2215 2413 supra
2242 2342 2384 2398 sicli.

1283 2506 1458 2566 Nota;
1486 2510 1549 2565 et
1591 2502 1781 2567 varia;
1809 2503 2121 2566 lectiones
2153 2502 2232 2564 ad
2264 2519 2400 2582 cap.
2442 2503 2784 2566 XXXVIII
2814 2500 3026 2570 Exodi

598 2607 936 2664 Postremam
970 2617 1177 2663 tantum
1207 2607 1366 2677 hujus
1400 2608 1592 2678 capitis
1624 2617 1831 2678 partem
1875 2608 2093 2678 praefert

2269 2605 2333 2660 ν.
2366 2607 2418 2661 8.
2471 2608 2573 2671 Ἀ.,
2623 2605 3128 2678 στρατευσαμένων.
3164 2603 3256 2660 Sic
3279 2603 3622 2678 Basiliensis.
3662 2601 3773 2659 N052

527 2681 697 2750 codex
726 2679 1072 2750 Colbertinus
1115 2679 1254 2732 5084
1279 2675 1575 2750 secundum
1608 2675 1916 2733 iersionem
1950 2676 2094 2750 LXX
2197 2678 2463 2750 vertimus
2487 2687 2548 2732 ut
2569 2675 2820 2750 vulgatus
2852 2675 3140 2745 interpres,
3169 2693 3194 2750 Δι
3229 2691 3351 2744 quae
3376 2675 3756 2750 engibabant.)

528 2749 893 2820 hexaplarem.
956 2749 1158 2805 Caatera
1221 2763 1348 2803 vero
1410 2743 1572 2818 hujus
1631 2749 1828 2819 capitis
1888 2749 2093 2802 amissa

2209 2777 2270 2820 τ-
2301 2747 2527 2820 Goislin.
2555 2743 3311 2820 κἈ.,νΣ.,στρατευσαμένων,
3340 2745 3431 2800 ubi
3460 2743 3765 2802 Basiliensis

527 2829 674 2874 sunt.

2201 2816 2254 2870 id
2287 2819 2380 2871 uni
2409 2819 2618 2888 Aquilae
2647 2816 2891 2873 ascribit.

1715 2957 1969 3020 CAPUT
2013 2957 2296 3018 XXXIX
2334 2955 2617 3017 EXODI.

1719 3083 1825 3142 Ex
1878 3079 2016 3142 cod.
2065 3080 2341 3142 Colbert.
2391 3079 2571 3141 3081i.

528 3229 596 3297 χ
626 3227 677 3280 I.
696 3225 760 3282 Et
779 3227 1046 3296 reliquum
1067 3226 1341 3300 hyacinthi
1373 3234 1426 3281 et
1440 3242 1713 3296 purpurae,
1740 3236 1795 3282 et
1816 3227 2098 3281 coccinum

527 3318 810 3387 Xnetum
859 3315 1104 3371 fecerunt
1143 3317 1313 3371 stolas
1377 3315 1761 3371 ministeriales
1815 3317 1881 3371 ad
1934 3314 2100 3368 mini-

529 3411 598 3477 3K
613 3408 895 3464 strandum
915 3409 967 3462 in
987 3417 1174 3464 sancto
1196 3408 1218 3476 ζ
1241 3419 1292 3462 et
1307 3407 1613 3463 fecitstolas
1630 3414 1963 3473 sanctorum,
1979 3421 2100 3477 quae

527 3509 657 3554 sunt
687 3502 864 3554 Aaron
902 3513 966 3555 σι-
999 3501 1265 3556 sacerdoti
1299 3499 1322 3567 ξ
1355 3499 1496 3555 sicut
1539 3498 1793 3569 praecepit
1840 3497 2102 3553 Dominus

529 3589 718 3663 Moysi.

596 3683 652 3738 2.
685 3681 752 3736 Et
773 3681 896 3737 fecit
915 3682 1362 3752 superhumerale
1391 3696 1457 3736 ex
1497 3696 1653 3745 auro,
1678 3691 1733 3735 et
1769 3678 2060 3751 hyacintho
2081 3718 2098 3743 ,

528 3782 582 3828 et
605 3789 866 3843 purpura,
898 3782 952 3828 et
977 3774 1219 3839 coccino,
1253 3781 1308 3828 et
1343 3788 1474 3828 auro
1497 3783 1646 3838 neto,
1669 3782 1722 3826 et
1749 3773 1912 3843 bysso
1937 3780 2098 3825 torta.

530 3865 564 3918 5
614 3862 679 3918 Et
705 3873 865 3919 sectae
886 3864 1246 3919 suntlaminaz
1276 3866 1417 3932 auri,
1470 3865 1653 3936 capilli
1698 3906 1712 3930 ,
1751 3873 1812 3918 ut
1844 3872 2100 3920 contexe-

529 3963 718 4009 rentur
739 3970 863 4010 cum
901 3955 1194 4025 hyacintho
1213 3964 1269 4011 et
1292 3973 1553 4027 purpura,
1579 3968 1631 4012 et
1659 3971 1827 4012 cocco
1858 3963 1983 4010 neto
2002 3993 2019 4018 ,
2047 3964 2102 4010 et

529 4043 697 4116 bysso
729 4059 790 4101 σθ-
820 4054 960 4101 torta
993 4047 1014 4116 ζ
1053 4061 1193 4117 opus
1218 4049 1422 4103 textile.
1447 4051 1500 4104 4.
1530 4048 2013 4120 Superliumeralia
2033 4047 2102 4103 fe-

527 4146 721 4192 cerunt
745 4137 874 4192 illud
911 4140 1285 4195 continuantia
1307 4156 1371 4195 ex
1404 4142 1650 4212 utrisque
1677 4141 1924 4213 partibus
1956 4141 2098 4211 ejus,

527 4238 780 4284 contexta
805 4248 818 4283 :
844 4245 982 4301 opus
1011 4232 1193 4288 textile
1219 4232 1286 4287 ad
1312 4232 1564 4291 invicem.
1596 4234 1649 4289 5.
1679 4233 1990 4289 Secundum
2023 4247 2101 4287 se-

525 4317 702 4391 ipsum
730 4321 1040 4388 ell‘ecerunt,
1072 4323 1366 4378 secundum
1397 4324 1568 4394 ipsius
1592 4323 1876 4391 Iacturam,
1903 4339 1970 4378 ex
2001 4338 2100 4376 au-

525 4428 610 4477 ro,
646 4423 700 4468 et
727 4414 1036 4485 hyacintho,
1065 4425 1119 4470 et
1139 4431 1400 4485 purpura,
1422 4425 1477 4471 et
1503 4433 1667 4473 cocco
1690 4427 1835 4484 neto,
1864 4426 1916 4471 et
1937 4417 2100 4487 bysso

523 4513 688 4572 torta,
713 4507 854 4561 sicut
877 4507 1126 4577 praecepit
1153 4507 1414 4563 Dominus
1442 4507 1634 4581 Moysi.
1672 4509 1725 4562 6.
1755 4507 1821 4560 Et
1851 4506 2098 4561 fecerunt

525 4602 788 4664 utrosque
833 4596 1038 4665 lapides
1086 4598 1397 4667 smaragdi,
1436 4598 1763 4653 constrictos
1812 4597 1993 4652 ﬁbulis
2042 4603 2098 4650 et

524 4686 810 4742 conclusos
833 4702 988 4749 auro,
1014 4688 1255 4757 sculptos
1290 4697 1345 4744 et
1364 4705 1596 4745 excusos
1621 4688 1915 4744 excusione
1933 4686 2092 4754 sigilli

525 4789 590 4828 ex
615 4777 930 4833 nominibus
972 4777 1210 4832 ﬁliorum
1245 4777 1430 4835 Israel.
1472 4779 1521 4833 7.
1559 4778 1824 4850 Imposuit
1853 4795 1948 4835 eos
1999 4795 2093 4833 su-

524 4880 621 4934 per
651 4867 908 4923 humeros
932 4869 1417 4939 superhumcralis,
1447 4873 1653 4940 lapides
1682 4872 2092 4927 mcmorialisli-

528 4957 727 5014 liorum
765 4959 952 5029 Israel,
987 4961 1127 5016 sicut
1152 4965 1404 5033 praecepit
1436 4963 1699 5018 Dominus
1723 4962 1911 5034 Moysi.
2044 4964 2046 4966 ’

2204 3225 2271 3291 >ε<
2319 3223 2369 3276 1.
2423 3223 2534 3276 Kal
2580 3224 2678 3296 τὴν
2715 3225 3166 3296 καταλειφθεῖσαν
3214 3225 3463 3285 ὑάκινθον
3517 3228 3613 3280 καί
3653 3243 3770 3297 πορ-

2204 3317 2270 3384 >4<
2305 3314 2501 3386 φύραν,
2547 3317 2642 3369 καὶ
2677 3317 2739 3369 τὸ
2780 3317 3026 3371 κόκκινον
3062 3317 3123 3370 τὸ
3159 3317 3486 3389 νενησμένον
3525 3318 3771 3388 ἐποίησαν

2203 3408 2270 3474 >κ
2306 3405 2497 3470 στολὰς
2529 3407 2870 3479 λιτουργικὰς
2896 3409 3036 3462 ὥστε
3077 3409 3376 3481 λιτουργεῖν
3401 3413 3457 3463 ὲν
3489 3410 3570 3481 τῷ
3593 3409 3768 3480 ἁγίῳζ

2203 3498 2298 3551 καὶ
2319 3499 2572 3569 ἐποίησεν
2587 3499 2684 3564 τὰς
2703 3502 2894 3565 στολὰς
2913 3501 3021 3554 τῶν
3038 3493 3228 3570 ἁγίων,
3248 3502 3451 3555 αἷείσιν
3495 3503 3702 3574 Ἀαρὼν
3717 3514 3773 3557 +

2201 3587 2279 3659 τῷ
2311 3590 2490 3660 ἱερεῖς
2529 3589 2779 3663 καθάπερ
2827 3592 3110 3657 συνέταξεν
3147 3595 3176 3646 ὁ
3205 3594 3408 3666 Κύριος
3456 3595 3542 3664 τῷ
3594 3595 3773 3663 Μωσῇ.

2271 3679 2325 3732 2.
2357 3679 2467 3732 Kal
2495 3680 2748 3751 ἐποίησεν
2768 3682 2864 3754 τὴν
2889 3682 3137 3754 ἐπωμίδα
3175 3686 3240 3736 ὲκ
3266 3685 3520 3755 χρυσίου,
3560 3685 3657 3738 καὶ
3689 3684 3773 3737 tia.-

2203 3770 2407 3835 κίνθου,
2436 3772 2534 3824 καὶ
2563 3772 2867 3845 πορφύρας,
2897 3774 2991 3827 καὶ
3014 3773 3287 3837 κοκκίνου,
3320 3777 3413 3828 xal
3441 3775 3676 3847 χρυσίου
3698 3791 3774 3828 νε-

2203 3862 2496 3934 νησμένου,
2531 3863 2623 3916 καὶ
2657 3861 2853 3932 βύσσου
2899 3865 3304 3936 κεκλωσμένης.
3331 3867 3384 3921 5.
3426 3867 3543 3919 Καὶ
3578 3865 3775 3937 ἐτμήθη

2201 3954 2270 4008 τὰ
2301 3953 2515 4008 πέταλα
2543 3953 2637 4007 τοῦ
2664 3955 2910 4026 χρυσίου,
2940 3957 3145 4028 τρίχες,
3179 3957 3316 4009 ὥστε
3354 3960 3660 4028 συνυφάναι
3692 3958 3776 4010 σὺν

2201 4049 2268 4117 τῇ
2305 4044 2580 4118 πορφύρᾳ,
2608 4048 2704 4100 καὶ
2747 4048 2842 4100 σὺν
2872 4046 2948 4118 τῷ
2987 4049 3220 4120 κοκκίνῳ
3251 4049 3326 4120 τῷ
3356 4049 3775 4122 διανενησμένῳ,

2203 4139 2296 4191 καὶ
2325 4138 2424 4192 σὺν
2457 4140 2523 4208 τῇ
2557 4137 2742 4208 βύσσῳ
2771 4153 2833 4193 -ξ-
2866 4141 2930 4210 τῇ
2978 4140 3379 4215 κεκλωσμὲνῃζ
3425 4141 3594 4214 ἔργον
3631 4143 3775 4212 ὑφανυ

2199 4231 2311 4284 τόν.
2363 4229 2417 4282 4.
2464 4229 2773 4300 Ἐπωμίδας
2803 4221 3088 4301 ’ἐποίησαν
3143 4232 3294 4293 αὐτὸ,
3346 4234 3680 4304 συνεχούσας
3725 4229 3776 4296 ἐξ

2201 4320 2524 4400 ἀμφοτέρων
2559 4319 2666 4375 τῶν
2701 4321 2883 4393 μερῶν
2904 4321 3092 4385 αὑτοῦ,
3117 4322 3608 4394 συμπεπλεγμένα,
3631 4325 3778 4396 ἔργον

2202 4413 2436 4482 ὑφαντὸν
2469 4414 2548 4475 εἰς
2578 4411 2798 4484 ἄλληλα.
2847 4413 2898 4466 5.
2935 4414 3073 4468 Καθ’
3111 4415 3271 4467 ἑαυτὸ
3305 4415 3366 4480 ἐξ
3395 4416 3568 4469 αὑτοῦ
3599 4416 3779 4485 ἐποίηο·

2206 4521 2304 4556 σαν
2338 4503 2476 4558 κατὰ
2509 4502 2606 4574 τὴν
2646 4503 2862 4576 ποίησιν
2885 4505 3050 4558 αὐτοῦ
3090 4507 3155 4559 ἐκ
3191 4507 3436 4578 χρυσίου,
3473 4510 3576 4561 καὶ
3604 4509 3778 4562 ὑακίνο

2205 4593 2319 4658 θου,
2345 4593 2440 4647 καὶ
2470 4595 2776 4667 πορφύρας,
2807 4596 2902 4648 καὶ
2943 4595 3196 4649 κοκκίνου
3219 4597 3668 4668 διανενησμένου,
3693 4597 3777 4650 καὶ

2205 4685 2402 4756 βύσσου
2460 4686 2879 4758 κεκλωσμένης,
2926 4687 3068 4742 καθὰ
3131 4688 3382 4752 συνέταξε
3448 4690 3662 4762 Κύριος
3708 4685 3779 4757 τῷ

2199 4779 2392 4849 Μωσῇ.
2441 4779 2492 4833 6.
2537 4781 2647 4833 Kal
2695 4779 2956 4850 ἐποίησαν
3025 4780 3365 4852 ἀμφοτέρους
3424 4784 3556 4846 τοὺς
3609 4781 3777 4841 λίθους

2201 4872 2513 4943 σμαράγδου
2559 4871 3149 4944 συμπεπορπημένους,
3181 4876 3274 4926 καὶ
3307 4871 3776 4943 πεοισεσιαλωμέο

528 5066 652 5113 νους
706 5052 931 5123 χρυσίῳ,
985 5053 1388 5125 γεγλυμμένους
1436 5054 1758 5125 έκκόλαμμα
1807 5055 2096 5125 σφραγίδος
2170 5054 2236 5108 ὲκ
2281 5055 2387 5108 τῶν
2427 5054 2705 5125 ὀνομάτων
2746 5055 2876 5110 υἱῶν
2955 5055 3190 5128 Ἰσραήλ.
3233 5055 3286 5107 7.
3349 5054 3652 5127 Ἐπέθηκεν
3690 5053 3780 5107 αύ-

527 5144 654 5208 τοὺς
699 5145 792 5200 ἐπὶ
829 5147 951 5210 τοὺς
995 5145 1178 5218 ὤμους
1244 5149 1341 5221 τῆς
1409 5150 1696 5222 ἐπωμίδος,
1769 5149 1949 5214 λίθους
1999 5148 2339 5220 μνημοσύνου
2384 5149 2488 5202 τῶν
2520 5149 2652 5203 υἱῶν
2696 5148 2914 5222 Ἰσραὴλ
2959 5149 3100 5204 καθὰ
3140 5147 3394 5213 συνέταξε
3444 5148 3658 5221 Κύριος
3702 5146 3774 5214 τῷ

524 5241 720 5313 Μωσῇ.

597 5334 651 5391 8.
683 5335 750 5390 Et
772 5333 900 5392 fecit
933 5338 1219 5405 rationale,
1257 5355 1395 5410 opus
1443 5339 1628 5395 textile
1674 5339 1966 5404 varietate,
2009 5354 2096 5395 sc-

524 5429 766 5484 cundum
807 5445 945 5500 opus
1003 5433 1501 5501 superbumeralis;
1545 5449 1609 5489 ex
1647 5447 1814 5500 auro,
1864 5443 1917 5488 et
1967 5432 2097 5503 hya-

528 5519 734 5584 cintho,
777 5528 830 5575 et
852 5536 1115 5591 purpura,
1147 5531 1200 5576 et
1224 5536 1388 5577 cocco
1423 5531 1580 5586 neto,
1617 5530 1672 5577 et
1698 5523 1860 5593 bysso
1905 5530 2042 5575 torta
2079 5540 2092 5575 :

528 5608 582 5662 9.
610 5607 1052 5683 Quadrangulum
1089 5615 1156 5680 )9:
1179 5620 1294 5666 erat
1321 5613 1341 5681 ζ
1372 5613 1567 5682 duplex
1621 5611 1750 5667 fecit
1786 5611 2090 5667 rationale:

531 5698 826 5766 spithames
845 5702 1122 5774 longitudo
1146 5701 1285 5770 ejus,
1315 5711 1369 5756 et
1394 5703 1690 5771 spithames
1710 5704 1936 5758 latitudo
1956 5703 2095 5774 ejus,

533 5791 748 5856 duplex.
785 5795 866 5850 l0.
901 5797 963 5852 b‘t
985 5804 1234 5852 contexta
1262 5807 1343 5851 est
1387 5796 1437 5850 in
1480 5813 1545 5852 eo
1594 5812 1652 5852 —:—
1707 5807 1920 5857 textura
1966 5797 2099 5859 lapi—

2272 5336 2324 5389 8.
2367 5336 2479 5388 Kal
2514 5335 2767 5406 ἐποίησεν
2807 5336 2875 5402 Χ
2922 5335 2982 5390 τὸ
3019 5336 3042 5404 ζ
3076 5335 3301 5405 λογεῖον,
3346 5337 3503 5409 ἔργον
3547 5338 3776 5407 ὑφαντὸν

2202 5427 2443 5498 ποικιλίᾳ
2474 5425 2616 5480 κατὰ
2647 5426 2708 5479 τὸ
2738 5426 2896 5498 ἔργον
2941 5427 3038 5500 τῆς
3077 5427 3366 5499 ἐπωμίδος,
3416 5430 3479 5481 ὲκ
3527 5430 3774 5499 χρυσίου,

2201 5517 2296 5572 καὶ
2339 5516 2613 5581 ὑακίνθου,
2645 5516 2739 5571 καὶ
2779 5515 3081 5589 πορφύρας,
3115 5516 3210 5570 καὶ
3243 5505 3492 5570 κοκκίνου
3543 5518 3777 5587 διανενη-

2203 5609 2437 5680 σμένου,
2482 5610 2575 5663 καὶ
2621 5608 2820 5678 βύσσου
2867 5609 3270 5681 κεκλωσμένης.
3320 5607 3373 5664 9.
3423 5609 3775 5681 Τετράγωνον

2201 5706 2267 5772 >ε<
2308 5699 2376 5774 ἦν
2413 5703 2434 5771 ζ
2468 5701 2686 5755 διπλοῦν
2741 5701 2995 5776 ἐποίησεν
3050 5703 3112 5755 τὸ
3144 5703 3356 5771 λόγιον·
3405 5701 3694 5772 σπιθαμῆς
3719 5699 3774 5752 τὸ

2207 5798 2374 5859 μῆκος
2400 5794 2583 5858 αὑτοῦ,
2619 5794 2711 5848 καὶ
2742 5794 3015 5856 σπιθαμῆς
3040 5793 3099 5847 τὺ
3122 5790 3276 5852 εὖρος
3311 5790 3492 5849 αὐτοῦ.
3531 5788 3767 5846 διπλοῦν.
