3926 6536
211 455 298 510 m
994 417 1015 439 ⁸
1465 449 1671 507 exom
1705 451 1855 510 cap.
1882 452 2122 512 xxxrx.

212 582 357 640 ματος
381 563 736 634 ἑϐδομήκοντα
759 561 994 616 τάλαντα
1022 563 1114 616 καὶ
1148 563 1393 634 δισχίλιοι
1417 565 1510 617 καὶ
1547 581 1740 635 τετρα-

3304 467 3406 522 5η

1841 567 2048 633 altaris,
2077 576 2132 623 et
2158 569 2341 624 omnia
2372 585 2500 626 vasa
2520 571 2728 628 altaris.
2759 574 2847 629 51.
2878 574 2945 630 Et
2974 577 3131 632 bases
3172 578 3293 632 atrii
3323 584 3392 651 χ(

209 661 357 716 κόσιοι
388 656 568 711 σίκλοι.
601 655 689 710 50.
718 657 828 710 Καὶ
848 656 1120 728 ,ἐποίησαν
1145 655 1204 721 ἐξ
1235 656 1399 710 αὑτοῦ
1429 657 1527 721 τὰς
1557 657 1731 727 βάσεις

1844 669 1900 714 et
1939 674 2128 715 omnes
2177 661 2405 731 paxillo:
2448 663 2779 721 tabernaculi
2809 667 2830 734 1
2863 678 2916 723 et
2941 686 3130 727 omnes
3172 673 3404 743 paxillos

207 758 290 827 τῆς
315 755 475 827 θύρας
497 753 596 824 τῆς
635 753 838 824 σκηνῆς
867 753 960 807 τοῦ
1004 755 1301 826 μαρτυρίου
1336 758 1402 825 Χ
1439 754 1532 807 καὶ
1561 753 1622 806 τὸ
1653 752 1746 805 θυ-

1846 751 1968 806 atrii
1999 752 2054 806 in
2093 752 2346 809 circuitu.

208 847 569 919 σιαστηριοντὸ
592 845 866 918 χαλκοῦνζ
897 848 1076 900 καὶτὸ
1102 847 1396 918 παράθεμα
1441 847 1503 900 τὸ
1541 843 1770 916 χαλκοῦν
1804 842 1898 896 τοῦ
1946 844 2349 918 θυσιαστηρίου,
2393 850 2486 902 καὶ
2549 849 2722 904 πάντα
2769 852 2838 904 τὰ
2890 855 3056 926 σκεύη
3117 857 3408 930 θυσιαστη-

209 946 324 1016 ρίου.
352 945 436 999 51.
469 944 577 997 Kal
615 942 716 1007 τὰς
749 941 933 1012 βάσεις
959 943 1055 1014 τῆς
1086 942 1254 1015 αὐλῆς
1299 947 1367 1012 »ξ
1411 943 1502 997 καὶ
1533 942 1740 1004 πάντας
1773 940 1899 1002 τοὺς
1931 940 2238 1006 πασσάλους
2269 943 2368 1014 τῆς
2397 943 2601 1015 σκηνῆς
2646 946 2666 1012 1
2719 947 2812 1000 καὶ
2850 948 3058 1012 πάντας
3114 952 3238 1014 τοὺς
3264 968 3406 1006 πασ-

208 1038 373 1102 σάλους
401 1038 498 1108 τῆς
529 1037 698 1108 αὐλῆς
726 1036 932 1107 κύκλῳ.

486 1149 890 1207 ΣΥΜΜΑΧΟΣ,
1760 1151 1815 1198 U'
1823 1185 1837 1198 .
2689 1145 3084 1203 ΘΕΟΔΟΤΙΩΝ.

266 1314 315 1368 8.
1344 1314 1398 1368 8.
1427 1311 1846 1383 Νηστευσασῶν.
2457 1309 2510 1363 8.

252 1403 330 1458 24.
1339 1405 1427 1460 24.
1465 1404 1619 1459 Κατὰ
1645 1405 1737 1458 τὸν
1763 1402 1964 1457 σίκλον.
2453 1400 2542 1454 24.

257 1494 336 1550 25.
1339 1498 1431 1552 25.
1458 1496 1703 1568 Δράχμη.

1834 1498 1977 1560 Hoc,
1997 1492 2306 1564 δίδραχμον.
2448 1491 2538 1547 25.

255 1583 334 1644 29.
1335 1589 1425 1643 29.
1443 1587 1652 1650 Χαλκὸς
1671 1585 1731 1638 ὲϐ

1834 1586 2036 1656 κήκοντα
2050 1584 2303 1656 τάλαντα,
2444 1584 2533 1641 29.

1271 1658 1366 1712 καὶ
1407 1656 1668 1727 δισχίλιοι.
1712 1655 1939 1727 Ἀλᾷοι,
1982 1655 2302 1727 τετρακοσια

1271 1729 1363 1781 καὶ
1392 1724 1757 1797 ἑϐδομήκοντα
1795 1724 2049 1797 τάλαντα,
2077 1726 2172 1777 καὶ
2189 1724 2302 1778 δισ-

1269 1797 1444 1868 χίλιοι.
1477 1798 1715 1862 "Aliae,
1745 1796 2047 1866 τριακόσια.

470 1905 907 1964 SYMMACHUS.
1442 1905 1583 1960 LXX
1617 1903 2115 1960 INTERPRETES.
2697 1907 3108 1964 THEODOTIO.

254 2003 300 2056 8.
1347 1997 1407 2052 8.
1433 1996 1564 2064 Quae
1579 1997 1976 2068 jejunaverant.
2441 2001 2494 2054 8,

251 2093 331 2148 24.
1339 2087 1432 2142 24.
1465 2084 1731 2142 Secundul

1834 2084 2018 2141 iclum.
2440 2094 2531 2149 24.

250 2187 330 2242 25,
1339 2179 1431 2235 25.
1462 2178 1750 2234 Drachma.
1781 2179 1868 2233 AI.
1903 2178 2301 2235 didrachmum.
2443 2183 2534 2237 25.

248 2276 330 2332 29.
1339 2279 1430 2336 29.
1485 2277 1584 2335 Es
1658 2277 1996 2349 septuaginta
2052 2255 2294 2346 talénta,
2436 2275 2527 2330 29.

1271 2358 1327 2406 et
1354 2350 1437 2406 bis
1480 2351 1644 2406 mille.
1682 2351 1810 2413 Alii,
1838 2349 2297 2421 quadringentaet

1270 2421 1610 2491 septuaginta
1645 2420 1868 2484 talenta,
1910 2429 1964 2474 et
2003 2419 2095 2475 bis
2127 2419 2294 2474 mille.

1271 2490 1442 2559 Alius,
1471 2490 1733 2546 trecenta.

947 2577 1122 2638 Note)
1150 2582 1211 2638 et
1243 2579 1432 2642 varie)
1460 2579 1766 2643 lectiones
1791 2577 1868 2639 ad
1898 2595 2036 2656 cap.
2066 2575 2404 2642 XXXVIII
2433 2571 2658 2635 Exodi.

249 2675 304 2732 γ.
330 2677 567 2754 26._‘A._,
593 2678 852 2754 me?»
875 2677 1133 2754 στατῆρα.
1182 2675 1273 2737 Sic
1313 2681 1510 2754 Aquila
1542 2693 1725 2737 vo‘cem

192 2758 294 2835 ηερ
313 2750 493 2835 vertit;
529 2749 606 2835 ξι
638 2749 940 2835 βοεὶιίεηεί.

248 2817 305 2872 ν.
331 2820 416 2874 25.
453 2819 724 2888 Hebraico
751 2829 931 2876 autem
978 2831 1128 2878 textu
1161 2821 1220 2878 V.
1253 2821 1343 2877 26.
1374 2823 1618 2888 Ἄλλος,
1645 2822 1726 2874 δί-

190 2887 418 2960 δραχμον,
451 2905 525 2945 ex
572 2887 872 2947 Basiliensi.
896 2919 965 2934 —
989 2891 1215 2950 Coislin.
1259 2893 1338 2946 ’A.
1361 2932 1376 2958 ,
1410 2887 1726 2964 δίδραχμον.

1835 2680 2178 2754 Ολδράχμῃ.
2201 2678 2258 2732 1η
2277 2673 2561 2754 Basiliensi
2577 2673 2892 2754 δίδραχμον,
2912 2672 3074 2728 tacito
3087 2672 3394 2754 interprete

1901 2720 1911 2743 ν
1941 2696 2041 2750 ορα
2081 2697 2120 2750 μ
2165 2719 2178 2732 .
2202 2696 2258 2732 1η
2277 2696 2561 2733 ὕδειιιϐηδι
2577 2696 2892 2745 οιοραχμῠν,
2913 2696 3394 2742 lacuumterprete'

1901 2749 1965 2803 V.
1996 2698 2082 2805 ﬁt}.
2118 2696 2286 2803 Hasce
2311 2749 2492 2802 varias
2530 2743 2939 2814 supputationes
2975 2741 3188 2814 pmfert
3226 2743 3394 2797 codex

1829 2817 2165 2874 Basiliensis.
2196 2817 2312 2872 Una
2336 2832 2462 2872 vero
2490 2810 2648 2868 LXX'
2675 2810 3030 2882 lnterpretuin
3077 2811 3396 2881 Hexaplaris

1828 2890 1992 2944 editio
2025 2905 2150 2946 cum
2180 2887 2440 2943 Hebraico
2474 2883 2766 2941 consentit.
2799 2883 3017 2939 Caetera:
3049 2883 3352 2938 dissonaut.

1330 3033 1582 3097 CAPUT
1619 3034 1900 3094 XXXIX
1935 3031 2210 3094 EXODI.

1347 3155 1455 3216 Ea:
1507 3153 1648 3216 cod.
1708 3153 1982 3216 Colbert.
2013 3151 2193 3214 308's.

191 3297 260 3352 l0.
297 3300 399 3353 Καί
432 3301 746 3373 συνυφάνθη
773 3304 831 3356 ὲν
861 3303 1006 3375 αὐτῷ
1037 3319 1099 3361 σι-
1131 3304 1358 3376 ὓφασμα
1388 3301 1672 3357 κατάλιοον
1700 3302 1722 3369 1

185 3392 529 3462 τετράστιχον.
559 3393 734 3448 Λίθων
767 3395 965 3467 στίχος,
997 3397 1211 3468 σάρδιον
1239 3396 1332 3450 καὶ
1354 3394 1610 3459 τοπάζιον
1633 3394 1728 3446 καὶ

190 3482 490 3554 σμάραγδος,
523 3483 552 3534 6
583 3483 761 3555 στίχος
785 3487 813 3538 6
842 3482 940 3549 εἷς.
987 3486 1070 3541 ll.
1113 3486 1224 3540 Kal
1261 3488 1290 3538 6
1324 3483 1501 3554 στίχος
1537 3485 1566 3535 6
1611 3483 1729 3536 δεύσ

186 3587 339 3640 τερος,
359 3570 585 3643 ἄνθραξ,
618 3574 710 3626 καὶ
737 3573 1034 3644 σάπφειρος
1070 3576 1162 3627 καὶ
1190 3574 1402 3637 ἴασπιςο
1439 3573 1526 3628 12.
1563 3571 1672 3626 Kal
1701 3574 1730 3624 6

191 3662 616 3735 στίχοςὸτρίτος,
657 3665 917 3737 λιγύριον,
964 3666 1058 3719 καὶ
1101 3666 1338 3737 ἀχάτης,
1382 3666 1476 3718 καὶ
1521 3661 1728 3734 ἀμέθυ-

189 3767 310 3816 στος.
339 3755 424 3808 15.
474 3755 592 3808 Kal
615 3757 642 3808 6
677 3751 855 3826 στίχος
899 3757 928 3809 6
966 3757 1220 3827 τέταρτος
1241 3796 1255 3820 ,
1290 3755 1602 3827 χρυσόλιθος
1636 3754 1731 3807 καὶ

188 3844 390 3915 ὀνύχιον,
409 3847 506 3900 καὶ
543 3846 846 3918 βηρύλλιον,
865 3846 1345 3918 περικεκλωσμένα
1366 3846 1459 3899 καὶ
1491 3844 1729 3898 συνδεδε-

190 3936 307 4006 μένα
331 3937 561 4010 χρυσίῳ,
589 3939 646 3991 ὲν
677 3937 756 4008 τῷ
781 3940 988 4010 χρυσίῳ
1019 3937 1216 3992 αὐτῶν.
1246 3938 1332 3992 14.
1373 3939 1482 3992 Kal
1509 3940 1557 3991 οἱ
1592 3938 1729 3990 λίθοι

188 4027 241 4078 ὲκ
265 4026 361 4080 τῶν
393 4029 676 4100 ὀνομάτων
705 4027 810 4082 τῶν
835 4029 964 4082 υἱῶν
1007 4029 1222 4102 Ἰσραὴλ
1242 4025 1380 4101 ἦσαν
1399 4070 1413 4095 ,
1437 4028 1642 4083 δώδεκα
1667 4031 1730 4083 ὲκ

185 4117 277 4170 τῶν
301 4120 577 4191 ὀνομάτων
609 4119 807 4186 αὐτῶν,
829 4121 1257 4192 ἐγγεγλυμμένοι
1294 4123 1374 4185 είς
1411 4121 1727 4192 σφραγίδας,

184 4209 386 4273 ἕκαστος
423 4213 488 4264 ὲκ
521 4209 613 4264 τοῦ
645 4211 904 4281 ὀνόματος
942 4211 1106 4264 αὐτοῦ
1160 4214 1238 4275 είς
1263 4212 1360 4276 τὰς
1387 4211 1599 4267 δώδεκα
1634 4231 1732 4283 φυ-

184 4299 282 4363 ‘Aﬁg.
311 4301 389 4355 l5.
426 4301 544 4356 Kal
571 4301 832 4373 ἐποίησαν
856 4301 948 4354 ἐπὶ
975 4301 1034 4355 τὸ
1059 4301 1238 4370 λόγιον
1280 4305 1562 4374 κρωσσοὺς
1595 4321 1730 4376 συμ-

184 4392 591 4464 πεπλεγμένους,
627 4393 784 4466 ἔργον
818 4393 1108 4465 ὲμπλοκίου
1133 4433 1150 4458 ,
1193 4394 1258 4448 ὲκ
1294 4395 1516 4466 χρυσίου
1559 4395 1728 4450 καθα-

187 4479 285 4549 ροῦ.
322 4483 403 4537 16.
437 4484 554 4536 Kal
592 4483 852 4554 ἐποίησαν
897 4482 987 4536 δύο
1028 4483 1349 4548 ἀσπιδίσκας
1393 4487 1599 4557 χρυσᾶς
1638 4489 1731 4542 καὶ

183 4569 260 4624 δύο
287 4573 600 4637 δακτυλίους
622 4575 873 4645 χρυσοῦς,
899 4575 991 4629 καὶ
1026 4575 1301 4646 ἐπέθηκαν
1334 4578 1428 4630 ἐπὶ
1467 4579 1594 4642 τοὺς
1640 4579 1731 4633 δύο

184 4659 474 4729 δακτυλίους
506 4679 572 4719 +
611 4666 734 4730 τοὺς
752 4664 986 4736 χρυσοῦς
1020 4665 1043 4734 1
1070 4667 1157 4719 ἐπ’
1181 4669 1494 4740 ἀμφοτέρας
1516 4669 1614 4733 τάς
1636 4671 1734 4741 άρ-

185 4753 267 4821 χὰς
307 4754 395 4808 τοῦ
435 4756 671 4826 λογείου.
709 4758 794 4810 17.
817 4757 928 4810 Kal
962 4758 1232 4829 ἐπέθηκαν
1273 4760 1342 4814 τὰ
1378 4760 1646 4832 ὲμπλόκια
1672 4764 1736 4816 ὲκ

184 4846 380 4916 χρυσίου
405 4848 498 4902 ἐπὶ
528 4850 656 4912 τοὺς
683 4847 775 4901 δύο
800 4849 1115 4914 δακτυλίους
1135 4851 1221 4903 ἐπ’
1254 4851 1582 4922 ἀμφοτέρων
1629 4853 1736 4906 τῶν

187 4934 358 5005 μερῶν·
370 4937 466 4991 τοῦ
498 4937 733 5006 λογείου,
766 4940 862 4992 καὶ
885 4941 964 5005 είς
994 4940 1092 5004 τὰς
1123 4941 1214 4994 δύο
1250 4942 1520 5012 συμϐολὰς
1543 4942 1612 4996 τά
1643 4943 1736 4996 δύο

186 5024 448 5092 ὲμπλόκια.
466 5028 555 5084 18.
573 5030 686 5082 Kal
712 5029 986 5102 ἐπέθηκαν
1024 5032 1114 5085 ἐπὶ
1140 5032 1239 5096 τὰς
1267 5032 1358 5086 δύο
1388 5032 1732 5097 ἀσπιδίσκας,

187 5115 266 5167 καὶ
307 5118 506 5189 ἔθηκαν
541 5119 709 5183 αὑτὰς
738 5121 830 5174 ἐπὶ
855 5124 978 5186 τοὺς
1013 5122 1192 5193 ὤμους
1227 5123 1325 5194 τῆς
1370 5123 1639 5194 ἐπωμίδος
1677 5122 1736 5187 ὲξ

185 5205 403 5274 ἐναντίας
425 5210 570 5264 κατὰ
599 5211 883 5283 πρόσωπον
904 5213 1086 5270 αὐτοῦ.
1117 5215 1199 5270 19.
1218 5214 1327 5268 Kal
1355 5214 1614 5286 ἐποίησαν
1643 5215 1735 5268 δύο

184 5295 472 5364 δακτυλίους
496 5302 754 5372 χρυσοῦς,
781 5303 876 5357 καὶ
909 5303 1184 5376 ἐπέθηκαν
1233 5304 1325 5358 ἐπὶ
1372 5305 1440 5358 τὰ
1478 5305 1569 5359 δύο
1603 5323 1731 5359 πτε-

191 5388 332 5457 ρύγια
359 5406 420 5446 +
451 5395 542 5445 ἐπ’
569 5393 741 5465 ἄκρου
773 5395 796 5465 1
821 5394 915 5447 τοῦ
944 5394 1178 5464 λογείου,
1215 5397 1307 5449 ἐπὶ
1337 5396 1398 5450 τὸ
1441 5396 1608 5470 ἄκρον
1637 5396 1731 5450 τοῦ

187 5479 411 5536 ὸπισθίου
444 5483 549 5556 τῆς
588 5485 861 5555 ἐπωμίδος
904 5484 1126 5541 ἔσωθεν.
1174 5489 1284 5541 Kal
1335 5489 1594 5554 ἐποίησαν
1640 5488 1732 5541 δύο

187 5570 473 5640 δακτυλίους
500 5577 752 5648 χρυσοῦς,
783 5581 878 5631 καὶ
913 5579 1114 5651 ἔθηκαν
1145 5580 1339 5644 αὐτοὺς
1378 5583 1464 5634 ἐπ’
1497 5581 1733 5650 ἀμφοτέ-

192 5678 297 5731 ρους
319 5669 443 5733 τοὺς
470 5668 655 5738 ὤμους
691 5671 788 5741 τῆς
826 5672 1095 5742 ἐπωμίδος
1145 5672 1388 5726 κάτωθεν
1423 5673 1562 5728 κατὰ
1601 5673 1732 5746 πρό-

189 5768 346 5811 σωπον
382 5759 550 5814 αὐτοῦ
583 5761 724 5815 κατὰ
753 5761 852 5832 τὴν
884 5762 1156 5835 συμϐολὴν
1189 5764 1355 5818 αὑτοῦ
1397 5765 1602 5819 ἄνωθεν
1631 5765 1730 5834 τῆς

191 5853 402 5924 mei];
419 5855 527 5924 τῆς
547 5853 838 5924 ἐπωμίδος.
880 5855 989 5908 Kal
1023 5856 1374 5927 συνέσφιγξεν
1423 5857 1486 5912 τὸ
1524 5857 1729 5925 λογεῖον

1833 3300 1980 3355 daris
2011 3300 2034 3368 1
2061 3308 2293 3369 quatuor
2317 3289 2590 3353 ordinum.
2621 3296 2884 3368 Lapidum
2907 3296 3077 3363 ordo;
3111 3296 3326 3352 sardius
3341 3307 3397 3353 et

1833 3392 2078 3461 topazius
2113 3400 2169 3445 et
2200 3390 2544 3460 smaragdus,
2583 3389 2718 3446 ordo
2759 3405 2902 3446 unus
2941 3408 2955 3445 :
3001 3389 3090 3445 11.
3130 3389 3197 3446 Et
3261 3391 3398 3447 ordo

1833 3481 2124 3548 secundus,
2153 3480 2516 3536 carbunculus
2550 3488 2605 3535 et
2634 3481 2943 3551 sapphirus,
2972 3489 3026 3535 et
3041 3481 3216 3552 jaspis
3245 3500 3260 3537 :
3306 3482 3394 3538 12.

1831 3565 2052 3628 Et'ordo
2073 3571 2290 3638 tertius,
2306 3571 2562 3640 ligurius,
2585 3580 2642 3626 et
2668 3572 2888 3627 achates
2909 3581 2961 3626 et
3012 3571 3350 3644 amethystus
3379 3590 3395 3627 :

1833 3665 1918 3718 15.
1938 3665 2006 3719 Et
2025 3663 2158 3718 ordo
2178 3672 2427 3732 quartus,
2469 3661 2836 3733 chrysolithus
2879 3669 2934 3716 et
2976 3661 3304 3732 onychinus,
3343 3673 3400 3718 et

1831 3757 2091 3828 beryllus,
2117 3755 2455 3811 circumtorti
2482 3765 2536 3810 et
2558 3754 2793 3824 colligati
2817 3768 2970 3821 auro,
3001 3753 3055 3807 in
3089 3769 3224 3809 auro
3259 3754 3400 3824 ipso-

1831 3863 1974 3903 rum.
2012 3848 2099 3901 14.
2131 3845 2196 3900 Et
2238 3845 2440 3915 lapides
2493 3859 2560 3900 ex
2609 3843 2921 3899 nominibus
2951 3843 3185 3898 ﬁliorum
3230 3843 3396 3899 Israel

1830 3949 2006 4006 erant,
2033 3939 2316 3995 duodecim
2339 3952 2406 3992 ex
2433 3935 2746 3992 nominibus
2773 3951 2965 4018 eorum
2989 3954 3007 3990 :
3032 3937 3310 4007 exsculpta
3339 3937 3396 3992 in

1832 4033 2046 4103 sigillis,
2092 4029 2471 4100 unusquisque
2497 4042 2564 4082 ex
2596 4041 2698 4082 suo
2735 4027 2957 4081 nomine
3006 4026 3060 4081 in
3107 4027 3393 4084 duodecim

1831 4124 2024 4179 tribus.
2067 4121 2153 4176 15.
2206 4119 2274 4174 Ει
2305 4118 2548 4175 fecerunt
2596 4133 2759 4188 supra
2807 4118 3069 4172 rationale
3116 4119 3395 4176 catenulas

1832 4214 2202 4285 complicatas,
2229 4226 2368 4282 opus
2389 4208 2842 4281 complicationis,
2868 4224 2936 4264 ex
2962 4224 3098 4264 auro
3119 4225 3275 4280 puro.
3302 4212 3390 4266 16.

1832 4306 1898 4361 Ει
1922 4306 2166 4362 fecerunt
2189 4304 2325 4359 duas
2351 4302 2648 4373 aspidiscas
2678 4316 2892 4365 aureas,
2910 4310 2964 4356 et
2990 4301 3128 4358 duos
3157 4301 3390 4359 annulos

1832 4410 2028 4452 aureos
2047 4435 2061 4458 ,
2087 4403 2143 4448 et
2173 4394 2549 4462 imposuerunt
2578 4405 2743 4461 supra
2771 4390 2910 4445 duos
2939 4391 3172 4446 annulos
3201 4405 3265 4447 -t-
3291 4406 3390 4446 au-

1832 4499 1955 4540 reos
1983 4485 2008 4554 1
2033 4483 2101 4539 ad
2124 4492 2352 4552 utraque
2387 4481 2650 4551 principia
2681 4479 2980 4536 rationalis.
3018 4480 3101 4534 l7.
3129 4479 3196 4536 Et
3215 4482 3390 4552 impo-

1833 4584 2059 4632 suerunt
2085 4573 2524 4643 complicationes
2546 4587 2614 4626 ex
2639 4587 2774 4627 auro
2796 4587 2960 4642 super
2979 4571 3116 4628 duos
3138 4573 3388 4640 annulos,

1838 4683 1999 4737 super
2021 4675 2278 4735 utrasque
2302 4673 2484 4734 partes
2503 4663 2804 4731 rationalis,
2825 4672 2881 4719 et
2897 4664 2953 4719 in
2980 4665 3120 4720 duas
3143 4665 3392 4722 commis-

1836 4774 1993 4814 suras
2015 4758 2151 4812 duas
2169 4755 2625 4826 complicationes.
2643 4756 2726 4812 l8.
2747 4754 2814 4811 Et
2834 4756 3207 4826 imposuerunt
3228 4772 3392 4828 super

1835 4852 1968 4906 duas
1982 4849 2308 4919 aspidiscas,
2332 4857 2386 4904 et
2422 4857 2720 4918 posuerunt
2745 4863 2838 4905 eas
2875 4849 2931 4904 in
2963 4848 3102 4904 duos
3136 4848 3391 4904 humeros

1836 4941 2298 5011 superhumeralis
2343 4958 2408 4996 ex
2440 4941 2668 4997 adverso
2703 4941 3003 4997 secundum
3031 4940 3224 4997 faciem
3248 4941 3386 5013 ejus.

1836 5032 1920 5087 19.
1957 5034 2019 5089 Et
2056 5034 2298 5090 fecerunt
2326 5035 2464 5090 duos
2508 5034 2740 5088 annulos
2773 5047 2992 5099 aureos,
3023 5041 3078 5088 et
3110 5033 3387 5103 imposue-

1834 5134 1960 5180 runt
1983 5142 2146 5197 super
2170 5127 2306 5182 duas
2329 5127 2444 5182 alas
2475 5139 2536 5181 σι-
2564 5140 2728 5194 super
2769 5124 3135 5180 summitatem
3175 5124 3197 5192 1
3221 5124 3390 5179 ratio-

1831 5217 1993 5281 nalis,
2021 5232 2184 5287 super
2202 5219 2566 5273 summitatem
2582 5215 2730 5272 dorsi
2747 5214 3203 5286 superhumeralis
3220 5214 3386 5277 intus.

1832 5307 1898 5364 Et
1929 5307 2174 5365 fecerunt
2197 5308 2335 5364 duos
2367 5308 2596 5363 annulus
2625 5320 2837 5369 aureos,
2873 5315 2926 5361 et
2954 5314 3251 5376 posuerunt
3291 5319 3386 5360 eos

1831 5404 1898 5457 ad
1941 5413 2204 5472 utrosque
2225 5405 2481 5458 humeros
2515 5399 2978 5470 superhumeralis.
3002 5399 3070 5454 ab
3111 5398 3220 5453 imo
3243 5396 3381 5466 ejus,

1831 5495 2128 5550 secundum
2166 5494 2360 5550 faciem
2382 5493 2520 5562 ejus,
2542 5492 2611 5547 ad
2641 5492 3057 5549 commissuram
3085 5489 3204 5558 ejus
3232 5488 3385 5542 desu—

1827 5601 1924 5656 per
1965 5595 2294 5642 contextum
2324 5584 2800 5655 superhumeralis.
2839 5582 2910 5638 Et
2947 5579 3269 5638 constrinxit
3297 5593 3384 5633 ra-

1831 5677 2026 5731 tionale
2053 5676 2123 5731 ab
2152 5675 2389 5739 annulis,
2409 5674 2504 5743 qui
2539 5689 2702 5744 super
2724 5674 2924 5746 ipsum,
2949 5673 3003 5726 in
3034 5669 3264 5725 annulos
3289 5683 3383 5723 su.

1827 5765 2220 5834 perbumeralis
2250 5765 2588 5821 continentes
2621 5779 2685 5818 ex
2723 5759 3011 5833 hyacintho
3033 5753 3383 5823 complicatos

1829 5857 1897 5914 ad
1929 5866 2302 5914 conlaturam
2327 5857 2802 5930 superhumeralis,
2834 5865 2892 5910 ut
2928 5865 3032 5907 non
3063 5847 3263 5904 dimuat
3297 5862 3383 5901 ra-
