4050 6398
442 366 447 371 -
541 320 648 394 523

1569 333 2050 392 HEXAPLORUM
2101 335 2272 404 QUAE
2317 335 2399 394 SU
2409 335 2633 398 PERSU
2642 336 2734 393 NT
3687 344 3788 399 52L

1787 452 2043 514 CAPUT
2081 454 2106 515 1
2146 454 2522 516 LEVlTlCl.

1772 579 1879 639 Ex
1914 579 2053 640 cod.
2101 577 2370 639 Colbert.
2405 579 2584 639 3081s.

601 687 651 740 1.
685 683 750 740 Ει
779 682 1052 739 revocavit
1096 681 1299 739 Mosem
1320 721 1335 748 ,
1385 691 1439 738 et
1468 681 1686 738 locutus
1722 691 1814 737 est
1846 681 2112 737 Dominus

529 776 634 846 ipsi
676 792 742 830 ex
788 775 1139 829 tabernaculo
1181 775 1476 830 testimonii
1521 774 1706 829 dicens
1742 775 1840 828 :2.
1866 773 2112 844 Loquere

529 870 658 926 ﬁliis
683 868 872 933 lsrael,
902 876 957 923 et
985 867 1134 923 dices
1157 867 1226 922 ad
1252 882 1348 922 eos
1385 885 1399 922 :
1432 866 1612 922 Homo
1654 883 1721 922 ex
1755 867 1913 922 vobis
1943 867 1990 921 si
2029 867 2112 922 of-

528 959 668 1015 ferat
703 974 929 1014 munera
988 959 1220 1014 Domino
1267 959 1334 1014 de
1370 959 1679 1029 pecoribus,
1721 957 1788 1013 de
1837 958 2112 1029 bobus,et

527 1049 596 1106 de
623 1049 820 1106 ovibus
861 1049 1098 1104 offeretis
1135 1064 1367 1103 munera
1400 1056 1601 1104 vestra.
1647 1049 1701 1102 5.
1746 1045 1804 1101 Si
1849 1047 2110 1103 holocau-

527 1151 676 1198 toma
709 1156 911 1196 munus
937 1141 1058 1213 ejus
1090 1141 1157 1196 de
1199 1140 1398 1203 bobus,
1439 1140 1747 1196 masculum
1787 1140 2112 1194 immacula-

523 1241 642 1288 tum
674 1231 926 1299 adducet,
975 1231 1042 1286 ad
1072 1231 1276 1288 ostium
1317 1219 1651 1287 tabernaculi
1691 1231 1991 1287 testimonii
2019 1228 2108 1286 of-

524 1321 662 1378 feret
693 1323 845 1388 illud,
876 1322 1208 1392 acceptabile
1232 1324 1300 1390 x
1338 1321 1442 1391 ipsi
1475 1321 1498 1389 ζ
1541 1329 1668 1377 ante
1693 1320 2007 1376 Dominum.
2049 1320 2106 1376 4.

525 1412 594 1468 Et
629 1413 872 1485 imponet
914 1427 1137 1468 manum
1177 1414 1247 1481 Χ
1288 1425 1446 1468 suam
1465 1410 1500 1480 νζ
1535 1425 1699 1482 super
1739 1419 1904 1482 caput
1953 1410 2109 1467 holo-

523 1505 737 1560 causti:
783 1502 1114 1574 acceptabile
1156 1502 1336 1574 ipsum
1381 1501 1450 1558 ad
1483 1501 1957 1574 depropitiandum
2005 1515 2108 1574 pro

522 1596 662 1667 ipso.
697 1593 750 1650 5.
779 1593 846 1650 Et
882 1593 1214 1666 jugulabunt
1251 1593 1483 1649 vitulum
1523 1601 1651 1648 ante
1687 1591 1977 1650 Dominum
2008 1610 2023 1649 :
2053 1601 2109 1650 et

519 1686 749 1743 onerent
775 1687 875 1743 ﬁlii
901 1687 1084 1742 Aaron
1108 1685 1421 1743 sacerdotes
1456 1685 1800 1758 sanguinem,
1835 1695 1890 1740 et
1926 1671 2107 1740 edun-

518 1782 648 1838 dent
668 1781 736 1837 ad
773 1781 946 1838 altare
978 1782 1035 1838 in
1073 1780 1332 1840 circuitu.
1389 1779 1535 1850 quod
1571 1787 1655 1834 est
1699 1792 1863 1850 super
1905 1766 2105 1848 januas

517 1872 859 1929 tabernaculi
888 1872 1208 1928 testimonii.
1251 1872 1307 1928 6.
1342 1869 1412 1926 Et
1451 1869 1794 1927 decoriantes
1832 1869 2100 1924 holocau-

517 1974 687 2030 toma,
738 1965 1083 2020 membratim
1126 1964 1368 2021 divident
1407 1964 1540 2020 illud
1589 1978 1686 2034 per
1747 1962 1989 2017 membra
2029 1963 2099 2032 χ

521 2057 643 2129 ejus
673 2058 697 2126 ζ
742 2057 794 2112 7.
824 2057 892 2113 Et
934 2059 1216 2128 imponent
1242 2058 1338 2112 ﬁlii
1357 2057 1542 2112 Aaron
1577 2055 1887 2112 sacerdotes
1915 2055 2096 2125 ignem

519 2165 684 2219 super
709 2150 884 2205 altare
913 2167 927 2204 :
953 2161 1007 2206 et
1040 2157 1286 2205 sternent
1310 2148 1456 2220 ligna
1503 2162 1667 2217 super
1711 2147 1910 2219 ignem.
1951 2145 2006 2200 8.
2031 2145 2097 2199 Et

516 2241 802 2311 imponent
833 2242 930 2296 ﬁlii
952 2241 1133 2297 Aaron
1160 2242 1468 2296 sacerdotes
1507 2240 1752 2295 membra
1791 2240 1987 2308 divisa,
2042 2248 2097 2294 et

516 2342 682 2405 caput
713 2344 766 2390 et
795 2335 1009 2406 adipem
1033 2351 1196 2405 super
1215 2335 1382 2405 ligna,
1414 2349 1536 2404 quae
1553 2343 1680 2388 sunt
1701 2348 1863 2402 super
1895 2334 2097 2402 ignem,

515 2440 639 2494 quae
669 2433 797 2479 sunt
828 2441 988 2496 super
1016 2427 1204 2480 altare.
1231 2425 1284 2479 9.
1316 2424 1581 2479 Intestina
1610 2438 1739 2477 vero
1769 2425 1838 2491 )t(
1861 2422 2022 2490 ejus:
2049 2431 2103 2476 et

515 2516 682 2585 pedes
707 2519 774 2586 >κ
798 2517 918 2588 ejus
953 2519 975 2587 ζ
1006 2517 1262 2573 lavabunt
1291 2531 1452 2586 aqua.
1488 2513 1554 2568 Et
1585 2515 1825 2584 imponet
1846 2513 2100 2569 sacerdos

513 2607 698 2662 omnia
721 2623 885 2677 super
914 2609 1085 2663 altare
1117 2627 1130 2663 :
1156 2607 1535 2663 holocaustum
1556 2614 1640 2662 est
1664 2605 1942 2671 sacriﬁcii,
1967 2605 2101 2660 odor

514 2699 801 2754 suavitatis
824 2699 1074 2757 Domino.

2286 682 2336 735 1.
2371 683 2478 735 Kal
2522 683 2846 737 ἀνεκάλεσεν
2890 683 3122 754 Μωσῆν,
3174 684 3266 738 καὶ
3304 687 3561 759 ἐλάλησεν
3590 691 3792 764 Κύριος

2214 771 2362 842 αὐτῷ
2396 774 2460 825 ἐκ
2483 773 2584 842 τῆς
2618 775 2824 845 σκηνῆς
2854 775 2948 828 τοῦ
2983 778 3277 848 μαρτυρίου
3293 777 3467 846 λέγων
3487 797 3500 810 ·
3537 781 3590 835 ‘2.
3616 784 3792 856 Λάλη-

2215 882 2304 918 σον
2336 868 2449 928 τοῖς
2471 866 2608 930 υἱοῖς
2645 866 2859 939 Ἰσραὴλ
2880 868 2973 921 καὶ
3000 869 3144 941 ἐρεῖς
3178 869 3314 941 πρὸς
3339 871 3556 936 αύτούς⁸
3583 874 3791 947 ἄνθρω-

2213 973 2314 1020 πος
2341 958 2400 1022 ἐξ
2431 958 2584 1029 ὑμῶν
2611 959 2704 1012 ἐὰν
2732 960 2981 1033 προσάγῃ
3004 962 3149 1033 δῶρα
3185 962 3262 1034 τῷ
3294 964 3484 1035 Κυρίῳ
3535 967 3644 1020 ἀπὸ
3685 969 3791 1022 τῶν

2212 1046 2444 1117 κτηνῶν,
2471 1047 2580 1100 ἀπὸ
2606 1048 2711 1101 τῶν
2741 1048 2899 1119 βοῶν,
2931 1051 3022 1103 καὶ
3056 1052 3164 1105 ἀπὸ
3186 1052 3290 1105 τῶν
3309 1044 3598 1124 προϐάτων
3621 1074 3790 1128 προσ-

2208 1137 2382 1192 οίσετε
2433 1131 2504 1192 τὰ
2523 1137 2672 1211 δῶρα
2700 1141 2854 1212 ὑμῶν
2873 1158 2886 1171 ο
2911 1132 2968 1196 ’5.
3007 1138 3131 1196 Ἐὰν
3153 1133 3510 1215 ὁλοκαύτωμα
3536 1147 3597 1200 τὸ
3620 1147 3789 1220 δῶρον

2209 1225 2375 1281 αὐτοῦ
2404 1229 2469 1280 ἐκ
2500 1227 2608 1281 τῶν
2647 1227 2805 1315 βοῶν,
2839 1230 3006 1303 ἄρσεν
3048 1231 3278 1303 ἄμωμον
3316 1234 3612 1306 προσάξει,
3653 1238 3789 1310 πρὸς

2208 1315 2306 1388 τὴν
2329 1315 2499 1390 θύραν
2525 1318 2623 1389 τῆς
2651 1318 2975 1398 σκηνῆςιτού
3004 1320 3304 1394 μαρτυρίου
3334 1323 3615 1394 προσοίσει
3635 1324 3787 1391 αὐτὸ,

2206 1410 2393 1466 δεκτὺν
2426 1408 2495 1480 Χ
2541 1411 2692 1484 αύτῷ
2729 1413 2750 1481 ζ
2786 1412 2964 1465 ἔναντι
3007 1413 3235 1485 Κυρίου.
3281 1412 3335 1468 4.
3385 1414 3496 1468 Καὶ
3541 1416 3787 1489 ἐπιθήσει

2206 1500 2304 1574 τὴν
2323 1505 2480 1575 χεῖρα
2522 1499 2590 1572 Χ
2622 1499 2788 1558 αὐτοῦ
2823 1505 2848 1574 ζ
2879 1503 2973 1557 ἐπὶ
3012 1504 3112 1576 τὴν
3156 1504 3400 1578 κεφαλὴν
3433 1505 3527 1560 τοῦ
3558 1509 3786 1581 καρπώ-

2209 1611 2377 1666 ματος
2395 1611 2408 1626 ·
2443 1594 2631 1649 δεκτὸν
2657 1583 2789 1648 abso
2819 1593 3200 1659 ἐξειλάσασθαι
3227 1587 3355 1668 περὶ
3382 1587 3643 1654 a610‘3.5.
3677 1601 3788 1656 Kal

2209 1685 2502 1756 σφάξουσιν
2527 1687 2618 1741 τὸν
2645 1687 2844 1758 μόσχον
2877 1685 3056 1740 ἔναντι
3085 1687 3313 1758 Κυρίου.
3340 1689 3450 1744 Kal
3467 1691 3787 1761 προσοίσου-

2207 1796 2291 1832 σιν
2324 1781 2372 1832 οἱ
2401 1779 2506 1832 υἱοὶ
2546 1767 2758 1850 Ἀαρὼν
2803 1780 2850 1846 οί
2875 1780 3039 1851 ἱερεῖς
3069 1779 3130 1832 τὸ
3157 1773 3318 1850 αἷμα,
3364 1769 3458 1836 καὶ
3491 1781 3786 1855 προσχεοῦ-

2209 1888 2292 1924 σιν
2315 1873 2373 1925 τὸ
2396 1867 2535 1941 αἷμα
2566 1870 2658 1923 ἐπὶ
2678 1868 2740 1922 τὸ
2769 1867 3150 1941 θυσιαστήριον
3196 1869 3379 1940 κύκλῳ
3397 1912 3412 1938 ,
3441 1869 3501 1924 τὸ
3543 1872 3636 1925 ἐπὶ
3677 1871 3785 1926 τῶν

2207 1962 2386 2035 θυρῶν
2415 1963 2514 2032 τῆς
2541 1961 2748 2032 σκηνῆς
2778 1961 2870 2015 τοῦ
2907 1961 3222 2034 μαρτυρίου.
3264 1961 3316 2016 6.
3361 1963 3471 2016 Kal
3511 1963 3784 2036 δείραντες

2203 2053 2265 2105 τὸ
2288 2051 2668 2122 ὁλοκαύτωμα,
2704 2051 2976 2123 μελιοῦσιν
2998 2053 3128 2104 αὐτὸ
3161 2051 3300 2104 κατὰ
3328 2053 3461 2123 μέλη
3489 2055 3554 2120 ἲ(
3571 2054 3734 2108 αύτοῦ
3757 2055 3778 2122 ζ

2205 2143 2256 2198 7.
2294 2145 2404 2198 Kal
2439 2144 2790 2216 ἐπιθήσουσιν
2817 2148 2863 2198 οι
2899 2146 3002 2198 υἱοὶ
3044 2146 3250 2218 Ἀαρῶν
3275 2149 3322 2200 οί
3357 2149 3521 2218 ἱερεῖς
3550 2145 3662 2218 πῦρ
3693 2147 3784 2198 ἐπὶ

2203 2237 2261 2291 τὸ
2292 2236 2678 2309 θυσιαστήριον
2699 2255 2711 2267 ·
2742 2239 2833 2291 καὶ
2861 2238 3233 2292 στοιὸάσουσιν
3271 2238 3404 2305 ξύλα
3431 2239 3523 2291 ἐπὶ
3556 2239 3618 2290 τὸ
3649 2238 3779 2309 πῦρ.

2202 2331 2254 2384 8.
2293 2330 2403 2384 Kal
2435 2331 2785 2402 ἐπιθήσουσιν
2815 2333 2862 2384 οἱ
2898 2332 3002 2384 υἱοὶ
3039 2330 3246 2402 Ἀαρὼν
3269 2333 3318 2384 οἱ
3355 2333 3518 2403 ἱερεῖς
3550 2331 3616 2384 τὰ
3644 2329 3784 2400 διχο-

2204 2424 2496 2495 τομήματα
2523 2463 2539 2486 ,
2596 2422 2692 2476 καὶ
2741 2423 2837 2496 τὴν
2871 2413 3109 2493 κεφαλὴν
3141 2424 3233 2476 καὶ
3268 2423 3326 2476 τὸ
3359 2423 3525 2494 στέαρ
3581 2421 3674 2474 ἐπὶ
3716 2426 3782 2474 τὰ

2209 2513 2362 2580 ξύλα,
2397 2515 2466 2569 τὰ
2502 2514 2593 2568 ἐπὶ
2613 2513 2704 2568 τοῦ
2735 2515 2926 2588 πυρὸς,
2962 2514 3029 2566 τὰ
3056 2515 3147 2568 ἐπὶ
3167 2515 3260 2568 τοῦ
3282 2513 3690 2586 θυσιαστηρίου.
3725 2512 3776 2567 9.

2208 2606 2290 2661 Τὰ
2314 2607 2371 2660 δὲ
2405 2607 2653 2677 ἐγκοίλια
2683 2608 2751 2678 Χ
2776 2606 2937 2661 αὑτοῦ
2968 2607 3102 2676 ζκαὶ
3127 2609 3251 2670 τοὺς
3283 2607 3447 2671 πόδας
3471 2611 3538 2676 31(
3570 2605 3733 2660 αὐτοῦ
3755 2607 3778 2674 ζ

2207 2697 2499 2753 πλυνοῦσιν
2533 2698 2684 2753 ὕδατι
2700 2716 2714 2730 ·
2755 2699 2849 2753 καὶ
2873 2697 3121 2770 ἐπιθήσει
3148 2701 3176 2752 ὁ
3205 2700 3380 2770 ἱερεὺς
3401 2697 3468 2751 τὰ
3488 2697 3666 2751 πάντα
3687 2694 3782 2750 ἐπὶ

513 2790 574 2848 τὸ
608 2791 1011 2866 θυσιαστήριον.
1052 2791 1348 2864 Κάρπωμά
1378 2793 1526 2846 ἐστιν
1543 2789 1754 2856 θυσίας,
1789 2788 1932 2861 ὀσμὴ
1965 2789 2191 2856 εὐωδίας
2245 2782 2558 2864 τῷᾙυρίῳ.

585 2887 677 2942 10.
710 2885 768 2943 Si
799 2897 978 2943 autem
1003 2889 1069 2944 de
1099 2887 1292 2944 ovibus
1316 2887 1521 2943 donum
1551 2885 1668 2956 ejus
1705 2896 1770 2940 σε·
1795 2883 2028 2939 Domino
2069 2883 2093 2953 ζ

2279 2883 2367 2938 10.
2411 2883 2533 2938 Ἐάν
2565 2881 2622 2936 δὲ
2647 2882 2756 2936 ἀπὸ
2788 2880 2898 2936 τῶν
2925 2881 3212 2954 προϐάτων
3237 2880 3297 2933 τὸ
3326 2879 3497 2952 δῶρον
3523 2877 3687 2934 αύτοῦ
3714 2891 3779 2933 αι-

787 3005 876 3061 ΤΟ
904 3005 1276 3060 ΕΒΡΑΙΚυΝ.
1904 3004 1993 3055 ΤΟ
2031 3002 2230 3055 EBPAI

2211 3001 2384 3054 IKON
3105 2997 3406 3052 ᾹΚΥΛΔΣ.

1816 3072 2144 3144 Ἑλληνικοῖς
2173 3073 2483 3144 γράμμασι.

1242 3173 1410 3253 ιιι-ιρτῖ
1447 3163 1476 3218 1
1697 3167 1751 3221 1.
1785 3171 2014 3236 υυικρα.
2816 3163 2870 3218 1.

1261 3263 1407 3345 ῖειτιρ
1444 3255 1482 3309 2
1692 3256 1748 3309 2.

2808 3253 2863 3307 2.
2889 3253 3229 3325 Προσφορὰν.

1300 3331 1410 3410 n‘a'a
1445 3345 1480 3401 3
1695 3348 1753 3406 ὅ.

2805 3344 2862 3399 3.
3282 3344 3289 3353 ”

1043 3512 1198 3591 'tpnn
1224 3510 1405 3575 zzz-nn
1444 3502 1478 3556 δ
1688 3507 1741 3564 5.
2388 3551 2393 3556 .
2799 3508 2862 3563 ε.

1328 3666 1480 3746 τρηπ

1183 3737 1410 3810 nimi-t1
1446 3748 1478 3803 6
1694 3737 1748 3795 6ο
2262 3800 2266 3805 .
2343 3781 2362 3794 --
2453 3779 2459 3786 -
2803 3753 2864 3811 6.

1249 3915 1408 3972 min
1442 3905 1474 3958 7
1683 3898 1735 3954 ⁷·
1883 3937 1885 3940 ‹
2804 3915 2856 3970 7.

1239 4151 1404 4206 ἐι-τοι
1435 4142 1470 4199 9
1686 4129 1741 4187 9ο
2803 4147 2857 4204 9.

1366 4283 1475 4364 τὸν
2803 4305 3005 4376 Δῶρον.

1321 4401 1472 4453 mnu
2813 4394 3212 4460 Ἀναπαύσεως.

609 4491 862 4550 VERSIO
895 4488 1217 4546 HEBRAICI
1255 4486 1465 4543 ΤΕΧΤ.
1823 4484 2158 4542 VULGATA
2197 4485 2474 4544 LATINA.
3117 4491 3394 4560 AQUILA.

577 4591 628 4644 l.
659 4588 724 4642 Et
751 4589 983 4648 vocavit.
1015 4586 1148 4641 Πρὸ.
1186 4587 1308 4641 lect.
1351 4581 1536 4639 Uicra.
1685 4582 1738 4635 1.
1768 4580 1996 4637 Vocavit
2023 4589 2226 4636 autem.
2797 4587 2849 4640 1,

571 4684 625 4735 2.
654 4680 1265 4752 Appropinquationem.
1678 4678 1734 4732 2.
1771 4677 2037 4735 Hostiam.
2797 4678 2853 4732 2.
2894 4677 3256 4736 Oblationem.

576 4773 629 4826 '5.
660 4773 941 4826 Ascensio.
1683 4774 1738 4832 '5.
1771 4773 2191 4831 llolocaustum.
2796 4769 2849 4826 5.

567 4930 621 4984 5.
643 4927 841 4984 Filium
870 4928 1042 4984 bovis.
1682 4934 1734 4989 5.
1773 4933 2030 4989 Vitulum.
2793 4931 2848 4991 5.

573 5087 643 5145 Et
667 5098 944 5160 spargent.
1679 5095 2009 5152 Fundentes.

570 5180 626 5238 6.
665 5181 729 5237 Et
752 5180 1098 5252 exspoliabit.
1681 5187 1734 5240 ϐ.
1773 5187 2136 5260 Detractaque
2167 5192 2327 5261 pelle.
2803 5192 2856 5247 6.

573 5343 624 5400 7.
651 5343 720 5399 Et
750 5344 1098 5400 ordinabunt.
1682 5346 1734 5402 7.
1768 5345 1930 5403 Strue
1956 5350 2280 5421 composita.
2796 5351 2848 5406 7.

567 5504 623 5557 9.
651 5502 974 5558 Intestinum
1006 5501 1146 5573 ejus.
1668 5507 1732 5562 ‘9.
1768 5505 2065 5562 Intestinis.
2795 5510 2844 5566 9.

570 5593 853 5650 Ascensio.
1681 5595 2096 5652 Holocaustum.
2793 5603 3030 5656 Donum.

567 5752 795 5818 Quietis.

1679 5755 1913 5814 Suavem
1943 5758 2185 5817 odorem.

2795 5762 3040 5833 Requiei.
3062 5845 3065 5847 ί
