4050 6398
1723 290 2021 348 LEVlTlCl
2053 291 2204 348 CAP.
2241 289 2282 346 l.
2340 340 2349 348 .

3521 295 3626 351 526

1637 409 1890 470 CAPUT
1915 411 1940 470 Ι
1968 408 2342 470 LEVITICI.

1597 536 1702 596 Ex
1730 536 1865 597 cod.
1899 536 2172 598 Colberl.
2205 534 2384 596 3084.

364 640 442 712 τῷ
458 640 648 713 Κυρίῳ
679 642 702 709 ζ
729 641 836 695 ἀπό
869 659 928 694 τε
972 640 1078 693 τῶν
1116 640 1325 711 ἀρνῶν,
1360 638 1456 693 καὶ
1483 639 1592 694 τῶν
1617 641 1822 710 ἐρίφων
1854 642 1934 704 εἰς

363 731 739 804 ὁλοκαύτωμα,
775 732 940 804 ἄρσεν
984 733 1212 803 ἄμωμον
1245 731 1504 802 τροσάξει
1551 732 1702 785 αὐτό.
1746 734 1832 786 11.
1867 747 1929 787 σε·

361 824 473 878 Καὶ
505 825 754 897 ἐπιθήσει
785 825 882 896 τὴν
907 827 1064 896 χεῖρα
1090 825 1180 878 ἐπὶ
1206 823 1304 896 τὴν
1331 823 1572 894 κεφαλὴν
1595 823 1756 878 αὐτοῦ
1779 825 1802 891 ζ
1837 825 1932 877 καὶ

362 915 654 984 σφάξουσιν
699 917 828 970 αὐτὸ
875 918 939 969 ἐκ
974 908 1218 985 πλαγίων
1248 914 1340 968 τοῦ
1385 915 1770 986 θυσιαστηρίου
1797 915 1932 986 πρὸς

361 1007 562 1079 βορρᾶν
585 1007 765 1062 ἔναντι
793 1009 1020 1080 Κυρίου,
1053 1009 1148 1061 καὶ
1173 1007 1529 1077 προσχεοῖωιν
1558 1009 1606 1060 οί
1656 1008 1762 1060 υἱοὶ
1809 1008 1934 1061 Ἀα-

363 1097 469 1170 ρὼν
500 1101 549 1153 οἱ
599 1101 766 1172 ἱερεῖς
817 1101 878 1152 τὸ
925 1094 1062 1170 αἷμα
1094 1099 1280 1164 αὐτοῦ,
1317 1099 1408 1152 ἐπὶ
1453 1098 1513 1151 τὸ
1551 1099 1933 1169 θυσιαστήριον

359 1189 562 1262 κύκλῳ.
596 1191 685 1245 12.
717 1191 826 1245 Kal.
853 1190 1112 1245 διελοῦσιν
1140 1190 1274 1244 αὐτὸ
1302 1190 1444 1244 κατά
1467 1189 1600 1261 μέλη
1623 1193 1688 1258 χ(
1712 1187 1879 1242 αὐτοῦ
1905 1190 1928 1258 ζ

360 1282 454 1336 καὶ
474 1283 574 1354 τὴν
600 1281 842 1354 κεφαλὴ)
869 1285 935 1351 Χ
968 1281 1132 1336 αὐτοῦ
1165 1282 1188 1351 ζ
1225 1282 1320 1336 καὶ
1340 1282 1402 1334 τὸ
1435 1281 1620 1352 στέαρ.
1673 1282 1783 1334 Καὶ
1811 1283 1934 1334 ἐπι-

357 1373 738 1428 Μιὸἀσουσιν
758 1374 810 1427 οἱ
844 1376 1010 1446 ίερεῖς
1041 1374 1180 1428 αὐτὰ
1215 1375 1307 1427 ἐπὶ
1342 1373 1409 1427 τὰ
1437 1371 1572 1440 ξύλα
1613 1373 1681 1426 τὰ
1715 1372 1808 1425 ἐπὶ
1838 1372 1932 1426 τοῦ

2039 641 2106 694 de
2138 639 2314 709 agnis,
2363 647 2418 692 et
2451 637 2517 692 de
2557 636 2726 692 haedis
2774 637 2828 691 in
2876 637 3275 704 holocaustum,
3316 637 3625 693 masculum

2040 730 2454 784 immaculatum
2488 727 2719 782 adducet
2753 725 2907 791 illud,
2932 727 3018 782 11.
3055 742 3116 783 -ξ-
3151 726 3216 782 Ει
3237 728 3481 798 imponet
3502 744 3624 783 ma-

2043 838 2175 877 num
2213 837 2375 892 super
2404 830 2567 890 caput
2592 819 2713 890 ejus
2742 818 2766 887 ζ
2805 828 2862 874 et
2882 819 3212 888 jugulabunt
3237 821 3366 874 illud
3401 837 3431 875 a
3454 821 3625 877 latere

2040 913 2228 968 altaris
2248 913 2316 967 ad
2347 911 2673 982 Aquilonem
2707 919 2834 965 ante
2868 908 3153 964 Dominum
3199 929 3212 964 :
3247 921 3302 966 et
3344 912 3627 969 eﬂ‘undent

2038 1004 2135 1060 ﬁlii
2161 1005 2343 1058 Aaron
2379 1003 2692 1058 sacerdotes
2737 1003 3059 1072 sanguinem
3099 1001 3222 1071 ejus
3267 1018 3431 1073 super
3453 1005 3628 1060 altare

2039 1098 2094 1152 in
2117 1097 2369 1152 circuitu.
2417 1096 2506 1150 12.
2555 1094 2621 1149 Et
2653 1095 2897 1150 dividant
2946 1094 3081 1149 illud
3127 1109 3224 1164 per
3264 1097 3510 1151 membra
3556 1099 3627 1167 »ζ

2034 1190 2159 1260 ejus
2193 1191 2214 1259 ζ
2248 1198 2303 1244 et
2322 1197 2487 1257 caput
2508 1190 2576 1256 Χ
2601 1188 2720 1258 ejus
2749 1187 2773 1256 ζ
2801 1196 2855 1242 et
2881 1187 3115 1256 adipem.
3153 1185 3219 1240 Et
3234 1189 3626 1259 constipabunt

2039 1297 2104 1336 ea
2137 1281 2450 1338 sacerdotes
2495 1297 2661 1351 super
2689 1280 2858 1351 ligna,
2901 1295 3024 1349 quae
3062 1295 3228 1348 super
3265 1279 3466 1350 ignem,
3502 1297 3626 1351 qua:

2037 1388 2202 1443 super
2223 1373 2416 1430 altare.
2436 1373 2524 1428 15.
2546 1371 2612 1427 Ει
2631 1371 2886 1427 intestina
2903 1380 2958 1426 et
2984 1371 3146 1440 pedes
3163 1371 3420 1428 lavabunt
3445 1389 3621 1444 aqua:

355 1465 550 1538 πυρὸς,
583 1464 652 1519 τὰ
684 1465 777 1518 ἐπὶ
797 1463 888 1518 τοῦ
917 1464 1323 1536 θυσιαστηρίου.
1363 1464 1446 1519 15.
1468 1465 1580 1518 Καὶ
1601 1463 1670 1518 τὰ
1693 1463 1931 1533 ἐγκοίλια

2045 1474 2100 1520 et
2130 1465 2320 1521 otferet
2338 1464 2593 1522 sacerdos
2623 1463 2830 1530 omnia,
2859 1472 2915 1517 et
2939 1461 3182 1532 imponet
3214 1479 3378 1534 super
3403 1465 3580 1521 altare
3603 1484 3621 1520 :

355 1557 452 1613 καὶ
483 1557 611 1620 τοὺς
632 1556 800 1619 πόδας
818 1554 1106 1610 πλυνοῦσιν
1129 1555 1302 1611 ὕδατι.
1336 1555 1451 1611 Kal.
1492 1553 1823 1628 προσοίσειό
1855 1557 1936 1608 ἱει-

356 1647 488 1720 ρεῦς
535 1646 616 1712 τὰ⁵
633 1647 832 1712 πάντα,
883 1647 979 1700 καὶ
1007 1647 1257 1720 ἐπιθήσει
1304 1649 1398 1702 ἐπὶ
1427 1647 1488 1700 τὸ
1528 1646 1928 1718 θυσιαστήριον.

356 1739 652 1812 Κάρπωμά
681 1742 827 1794 ἐστιν
851 1739 1030 1802 θυσία,
1053 1739 1199 1812 ὀσμὴ
1235 1739 1460 1804 εὐωδίας
1480 1740 1688 1811 Κυρίῳ.

427 1837 516 1892 14.
534 1837 660 1891 Ἐὰν
673 1835 729 1888 δὲ
741 1836 848 1889 ἀπὸ
863 1837 968 1891 τῶν
985 1834 1232 1907 πετηνῶν
1247 1836 1526 1907 κάρπωμα
1541 1832 1825 1906 προσφέρῃ
1839 1832 1935 1886 δῶ-

357 1946 450 2002 ρον
466 1928 632 1983 αὐτοῦ
649 1927 726 2000 τῷ
745 1929 954 2000 Κυρίῳ,
975 1930 1070 1982 καὶ
1087 1929 1364 1998 προσοίσει
1382 1928 1488 1980 ἀπὸ
1504 1926 1610 1980 τῶν
1630 1927 1931 1999 τρυγόνων,

351 2021 386 2094 ἢ
434 2022 543 2076 ἀπὺ
573 2021 679 2076 τῶν
709 2021 1124 2095 περιστερίδειιιν
1162 2021 1222 2074 τὸ
1258 2020 1429 2092 δῶρον
1471 2020 1657 2074 αὑτοῦ.
1697 2019 1783 2075 15.
1821 2021 1932 2074 Kal.

351 2114 630 2185 προσοίσει
674 2114 806 2168 αὐτὸ
837 2116 866 2167 ὁ
894 2113 1072 2184 ἱερεὺς
1111 2113 1261 2184 πρὸς,
1287 2112 1348 2166 τὸ
1393 2111 1804 2185 θυσιαστήριον,
1837 2114 1933 2167 καὶ

353 2208 638 2261 ἀποκνίσει
667 2207 767 2277 τὴν
798 2205 1040 2277 κεφαλὴν
1084 2204 1246 2258 αὐτοῦ
1270 2247 1285 2270 ,
1321 2205 1416 2258 καὶ
1453 2206 1704 2277 ἐπιθήσει
1742 2207 1834 2260 ἐπὶ
1871 2207 1932 2260 τὸ

354 2297 770 2370 θυσιαστήριον,
791 2300 890 2353 καὶ
915 2297 1236 2370 στραγγίσει
1253 2297 1312 2350 τὸ
1324 2291 1462 2368 αἷμα
1487 2297 1650 2350 αὐτοῦ
1679 2298 1814 2370 πρὸς
1828 2299 1928 2372 τὴν

355 2389 511 2462 βάσιν
541 2389 947 2462 θυσιαστηρίου.
974 2390 1060 2444 16.
1092 2391 1200 2444 Καὶ
1217 2389 1405 2458 ἀφελεῖ
1417 2390 1507 2442 τὸν
1532 2389 1795 2462 πρόλοϐον
1832 2392 1932 2445 αὺ-

351 2482 447 2536 τοῦ
472 2483 568 2536 σὺν
591 2485 703 2547 τοῖς
717 2486 934 2554 πτεροῖς
961 2481 1143 2546 αὑτοῦ,
1174 2482 1262 2536 καὶ
1285 2480 1505 2535 ἐκϐαλεῖ
1535 2482 1666 2536 αὐτὸ
1689 2481 1842 2555 παρὰ
1871 2483 1932 2537 τὸ

353 2576 738 2648 θυσιαστήριον
760 2575 900 2630 κατὰ
929 2574 1191 2638 ἀνατολὰς
1223 2576 1302 2638 είς
1332 2575 1423 2626 τὸν
1455 2574 1616 2629 τόπον
1659 2574 1752 2629 τοῦ
1797 2593 1930 2630 σπου-

350 2666 464 2722 δοῦ.
495 2667 580 2721 17.
609 2668 718 2722 Καὶ
741 2666 996 2721 ἐκκλάσει
1024 2667 1154 2720 αὐτὸ
1184 2668 1248 2720 ἐκ
1279 2665 1385 2719 τῶν
1408 2666 1714 2738 πτερύγων,
1741 2669 1837 2721 καὶ
1866 2668 1930 2721 οὐ

349 2759 532 2813 διελεῖ.
561 2761 669 2814 Kal.
701 2759 953 2829 ἐπιθήσει
982 2759 1112 2812 αὐτὸ
1149 2759 1177 2812 ὁ
1210 2759 1390 2829 ἱερεὺς
1413 2759 1504 2812 ἐπὶ
1541 2759 1603 2812 τὺ
1641 2757 1933 2829 θυσιαστή-

2042 1556 2427 1614 holocaustum
2465 1567 2552 1616 est
2594 1558 2952 1624 sacriﬁcium,
2987 1556 3124 1613 odor
3183 1556 3470 1613 suavitatis
3512 1555 3622 1612 Do-

2041 1662 2214 1704 mino.

2112 1834 2200 1889 14.
2230 1833 2288 1888 Si
2329 1841 2509 1890 autem
2540 1835 2607 1890 de
2646 1834 2958 1890 volatilibus
3000 1834 3382 1890 holocaustum
3425 1833 3622 1889 oﬂ'erat

2040 1942 2242 1982 munus
2277 1942 2441 1982 suum
2484 1926 2736 1996 Domino,
2771 1938 2825 1984 et
2861 1927 3051 1983 oli‘eret
3074 1928 3142 1982 de
3176 1926 3484 1981 turturibus
3534 1926 3622 1982 vel

2039 2021 2106 2076 de
2121 2020 2389 2076 columbis
2410 2036 2612 2077 munus
2627 2036 2806 2077 suum.
2822 2023 2848 2075 1
2859 2020 2910 2076 5.
2936 2020 3001 2074 Et
3015 2018 3204 2074 oﬂerct
3219 2019 3348 2074 illud
3365 2017 3623 2073 sacerdos

2040 2115 2107 2170 ad
2127 2117 2319 2184 altare;
2340 2123 2394 2171 et
2409 2117 2746 2188 retorquebit
2765 2125 2929 2186 caput
2948 2115 3088 2186 ejus,
3117 2123 3171 2170 et
3192 2114 3434 2184 imponet
3454 2125 3621 2182 super

2040 2207 2232 2264 altare.
2263 2218 2319 2262 et
2347 2208 2642 2264 exstillabit
2667 2209 2987 2276 sanguinem
3015 2207 3135 2278 ejus
3164 2207 3232 2262 ad
3264 2205 3441 2261 basim
3481 2204 3619 2259 alta-

2039 2298 2136 2353 ris.
2173 2297 2258 2354 16.
2305 2298 2372 2354 Ει
2408 2299 2620 2356 auferet
2663 2301 2959 2356 vesiculam
3002 2299 3236 2372 gutturis
3288 2299 3440 2368 ejus,
3487 2311 3615 2352 cum

2037 2392 2240 2463 plumis
2261 2392 2382 2462 ejus
2409 2412 2423 2448 :
2444 2404 2497 2450 et
2519 2394 2768 2464 projiciet
2792 2407 2913 2450 eam
2938 2393 3004 2447 ad
3035 2393 3205 2449 altare
3225 2405 3416 2446 versus
3436 2386 3623 2444 Orien-

2038 2492 2148 2539 tem
2182 2485 2239 2539 iu
2267 2485 2449 2540 locum
2483 2486 2704 2542 cineris.
2738 2485 2826 2541 17.
2865 2485 2933 2540 Et
2965 2484 3213 2557 effringet
3237 2499 3356 2539 eam
3389 2483 3456 2536 ab
3483 2480 3619 2546 alis,

2037 2585 2093 2632 et
2117 2592 2227 2632 non
2256 2576 2460 2633 dividet
2490 2597 2505 2633 :
2539 2587 2594 2634 et
2634 2579 2876 2648 imponet
2911 2595 3031 2634 eam
3063 2577 3319 2634 sacerdos
3346 2587 3509 2644 super
3536 2574 3619 2626 al-

2041 2676 2177 2735 tare,
2217 2683 2386 2739 super
2424 2669 2592 2739 ligna,
2627 2684 2750 2740 qua:
2782 2683 2944 2739 super
2967 2669 3147 2740 ignem
3177 2686 3190 2724 τ
3225 2665 3621 2722 Holocaustum

2038 2769 2123 2814 est
2144 2760 2496 2823 sacriﬁcium,
2529 2759 2665 2815 odor
2689 2760 2974 2816 suavitatis
3003 2759 3256 2814 Domino.

356 2867 470 2922 ριον
502 2850 596 2904 ἐπὶ
627 2849 694 2904 τὰ
720 2849 853 2916 ξύλα
881 2848 950 2902 τὰ
979 2850 1071 2902 ἐπί
1102 2847 1194 2902 τοῦ
1228 2849 1420 2920 πυρός.
1448 2848 1745 2920 Κάρπωμά
1787 2849 1937 2901 ἐστιν
1974 2847 2155 2915 θυσία,
2187 2847 2332 2920 ὀσμή
2363 2849 2590 2914 εὐωδίας
2614 2848 2692 2921 τῷ
2716 2849 2925 2922 Κυρίῳ.

665 2961 1068 3016 ΣΥΜΜΔΧΟΣ.
1957 2963 2036 3017 0'.
2897 2959 3301 3018 ΘΕΟΔΟΤῙΩΝ.

422 3130 475 3183 1.
1537 3128 1589 3181 1.
1620 3128 1732 3181 Ka‘t
1759 3126 2108 3182 ἀνεκάλεσεν.
2660 3132 2714 3184 1.

419 3221 476 3276 2.
506 3220 851 3294 Προσφοράν.
897 3259 903 3264 -
1533 3219 1588 3271 2.
1624 3217 1804 3292 Δῶρα.
2653 3221 2707 3276 2.

423 3313 478 3366 '5.
1536 3309 1589 3362 5.
1622 3309 1931 3394 ⁹Ὀλοκαὺτω

2093 3312 2319 3376 ’Ἄλλος
2337 3351 2352 3376 ,
2395 3309 2512 3364 ὁλο-
2655 3310 2711 3363 5.

1460 3394 1648 3432 καυτω
1655 3397 1820 3448 ματα.

422 3471 478 3528 5.
1531 3469 1590 3542 _5.
1602 3471 1727 3542 ATbv
1760 3541 1765 3542 γ
1795 3471 1931 3542 μόσχ

2097 3475 2300 3538 Αλλος
2319 3513 2334 3536 ,
2393 3472 2510 3524 υἱὸν
2656 3472 2714 3526 5.

1462 3538 1558 3592 τοῦ
1593 3538 1892 3611 βουκολίου.

1536 3631 1892 3704 Προηεοῦσι.
1917 3635 2160 3699 Ἀλλος,
2177 3633 2505 3687 ἅκοντιοῦσι.

427 3724 483 3781 6.
852 3738 860 3744 ”
1537 3723 1589 3777 6.
1641 3724 1931 3795 Ἐκδείρανπ

2084 3727 2310 3792 ’Ἄλλος
2323 3767 2339 3793 ,
2399 3726 2509 3780 δεί-
2652 3724 2707 3780 ϐ.

1468 3809 1679 3863 ραντες.
1716 3796 1962 3861 Ἄλλος,
1997 3795 2231 3850 ἐκδύσει.

422 3885 476 3941 7.
1537 3883 1589 3954 7,.
1643 3885 2167 3940 Ἐπιστοιϐἀσουσιν.
2242 3889 2506 3954 Ἀλλος,
2659 3883 2712 3936 7.

1463 3953 1830 4075 ἐπὶθήσρυσιν.
1863 3957 2105 4022 Ἄλλος,
2139 3953 2510 4013 στοιὸάσουσιν

1464 4041 1516 4076 οι
1566 4041 1726 4079 εοεις.

421 4119 477 4174 9.
1537 4079 1606 4170 9..
1623 4063 1705 4166 Td:
1757 4114 1931 4183 ἐγκοίλ

2083 4118 2307 4184 Ἄλλος
2332 4156 2349 4182 ,
2406 4117 2504 4180 τὰ,
2655 4117 2688 4172 9
2699 4154 2712 4169 .

1467 4184 1692 4248 κοιλίας.

423 4279 626 4352 Δῶρον.
1536 4275 1850 4345 Κάρπωμα.
1869 4276 2112 4342 Ἀλλος,
2133 4273 2505 4345 ὁλοκαύτωμα.
2654 4277 3104 4348 Εὑαρεστήσεως.

438 4369 839 4432 ’Δναπαὺσεως.
1535 4365 1796 4430 Εὑωδίας.

656 4453 1104 4516 SYMMACHUS.
1647 4454 1791 4509 LXX
1825 4453 2334 4511 INTERPRETES.
2900 4451 3321 4514 THEODOTIO.

429 4556 486 4612 1.
1546 4548 1600 4603 1.
1631 4547 1697 4601 Ει
1731 4563 1931 4604 revoca

2665 4551 2717 4605 1.

426 4647 482 4702 9..
509 4643 872 4702 Oblationem.
1541 4641 1597 4694 2.
1633 4640 1803 4695 Dona.
2660 4642 2715 4696 εξ,

433 4741 488 4796 '5,
1541 4733 1593 4785 5.
1639 4730 2051 4786 Holocaustum.
2102 4729 2294 4796 Alius,
2357 4726 2514 4783 bolo-
2662 4734 2694 4786 3

1473 4812 1680 4859 causta.

432 4900 465 4953 5
1474 4893 1596 5017 ΓΒ.
1640 4891 1904 4948 Vitulum.
1936 4890 2112 4953 Alius,
2150 4888 2517 4944 liliumbuco-
2663 4897 2696 4950 5

1494 4980 1550 5017 ιι.

1537 5003 1850 5108 .Eﬂ‘undent.
1886 5051 2059 5114 Alius,
2107 5049 2511 5119 jaculabuntur.

329 5155 337 5168 '
427 5154 483 5210 δ,
1542 5142 1594 5196 ϐ.
1629 5142 1931 5196 Ορςοιτὶιιηιι

1473 5225 1573 5267 tes.
1603 5213 1779 5267 Alius.
1802 5228 1931 5267 exue

2039 5140 2191 5206 llius,
2225 5142 2515 5197 excorian-
2664 5146 2718 5203 6.

427 5312 481 5370 7.
719 5289 734 5308 χ
1539 5305 1592 5357 7.
1625 5254 2042 5373 Constipabunt.
2091 5303 2245 5357 Alius
2275 5342 2291 5367 ,
2338 5303 2511 5370 impo-
2662 5306 2716 5362 7,

339 5440 345 5448 _
1479 5385 1622 5429 nent.
1654 5375 1832 5440 Alius,
1864 5383 2110 5429 sterncnt
2137 5373 2470 5428 sacerdotes.

433 5474 486 5530 9.
1540 5465 1594 5520 9.
1628 5463 1909 5520 Intestina.
1934 5463 2109 5530 Alius,
2145 5473 2381 5520 ventres.
2618 5455 2625 5460 ’
2668 5470 2717 5527 9.

429 5564 664 5620 Donum.
1541 5557 1838 5612 Fructuum
1871 5558 2096 5615 oblatio.
2148 5557 2321 5625 Alius,
2353 5555 2507 5613 holo-

1471 5639 1661 5683 caustu
1671 5645 1742 5682 ιιι.

425 5723 681 5797 119(ιυίεῆ
1544 5718 1954 5776 Suaveoleutite.
2644 5711 3002 5786 Bencplaclti.
