3906 6536
480 434 587 492 διδ

477 567 695 609 omnem
716 550 1034 624 sanguinem
1080 549 1233 606 vituli
1274 549 1513 607 eﬂ‘undet
1559 551 1627 607 ad
1659 553 1834 610 basim
1861 555 2049 611 altaris

476 642 780 700 holocausti
802 683 817 707 ,
864 639 1011 712 quod
1061 649 1147 697 est
1179 640 1246 696 ad
1278 640 1477 711 ianuas
1512 642 1856 698 tabernaculi
1891 644 2049 699 testi-

475 735 669 791 monii.
710 734 766 789 8.
808 732 874 788 Et
912 746 1132 789 omnem
1192 731 1407 802 adipem
1454 732 1610 787 vituli
1669 748 1768 803 pro
1823 743 2049 804 peccato

474 826 686 882 auferet
736 825 805 879 ab
860 839 961 889 eo,
1013 824 1227 894 adipem
1286 823 1621 894 operientem
1676 825 1960 892 intestina,
1996 832 2051 880 et

473 933 691 973 omnem
723 917 960 985 adipem,
987 917 1079 985 qui
1105 923 1189 970 est
1218 931 1383 984 super
1408 916 1705 971 intestina:
1738 916 1792 971 9.
1827 914 2051 971 Etduos

473 1024 654 1071 renes,
685 1016 739 1062 et
775 1007 986 1076 adipem
1013 1006 1107 1076 qui
1150 1021 1312 1076 super
1344 1006 1513 1076 ipsos,
1543 1006 1637 1076 qui
1671 1015 1756 1061 est
1783 1021 1948 1076 super
1974 1005 2052 1061 fe-

473 1115 652 1164 mora.
690 1107 747 1154 et
795 1113 1028 1169 pennam
1084 1113 1207 1168 qua:
1260 1113 1426 1167 super
1458 1098 1616 1167 jecur
1660 1113 1784 1153 cum
1829 1098 2052 1155 renibus

473 1190 687 1246 auferet
710 1190 909 1260 ipsam,
955 1189 1042 1243 10.
1082 1189 1541 1258 quemadmodum
1598 1189 1847 1245 aufertur
1876 1190 1993 1260 ipsa
2019 1204 2052 1244 a

470 1283 644 1337 vitulo
674 1281 926 1337 sacriﬁcii
956 1280 1235 1345 salutaris,
1270 1289 1325 1336 et
1376 1279 1567 1336 oﬂcret
1595 1281 1770 1352 ipsam
1795 1282 2053 1337 sacerdos

473 1392 636 1447 super
671 1376 841 1430 altare
867 1375 1193 1430 liolocausti.
1227 1374 1316 1428 11.
1350 1374 1416 1428 Et
1439 1374 1635 1444 pellem
1667 1374 1825 1428 vituli
1852 1383 1908 1428 et
1928 1389 2052 1428 om-

474 1484 597 1525 nem
630 1470 748 1539 ejus
781 1484 997 1523 carnem
1027 1483 1152 1523 cum
1201 1465 1378 1538 capite
1434 1467 1576 1538 ejus,
1611 1476 1665 1522 et
1695 1466 2056 1522 extremitati-

474 1563 599 1625 bus,
639 1569 694 1616 et
726 1569 933 1626 ventre,
958 1568 1012 1614 et
1036 1561 1186 1615 timo.
1214 1560 1303 1614 {2.
1339 1558 1405 1613 Et
1449 1558 1677 1615 ederent
1714 1568 1886 1615 totum
1911 1560 2056 1613 vitu-

475 1652 590 1706 lum
617 1660 769 1707 extra
807 1662 989 1707 castra
1018 1651 1071 1705 in
1100 1651 1284 1706 locum
1320 1651 1608 1718 mundum,
1640 1652 1734 1706 ubi
1771 1651 2057 1709 eﬁ‘undunt

475 1742 731 1807 cinerem,
772 1751 827 1797 et
851 1742 1173 1797 comburent
1215 1742 1367 1796 illum
1432 1756 1596 1811 super
1627 1743 1773 1814 ligna
1795 1744 1849 1797 in
1887 1743 2052 1815 igne:

479 1850 644 1905 super
680 1835 948 1891 ell‘usione
975 1835 1177 1890 cineris
1200 1834 1554 1891 cremabitur.

1501 435 1985 496 HEXAPLORUM
2022 435 2193 505 QUAS
2234 434 2677 494 supensunr.
3096 388 3109 419 ί
3595 438 3678 503 ιιι

2151 553 2451 618 συνθέσεως
2477 552 2655 606 ἔναντι
2678 549 2907 623 Κυρίου,
2967 550 2996 605 δ
3044 548 3191 605 ἐστιν
3226 548 3286 604 ἒν
3309 548 3377 621 τῇ
3404 551 3560 622 σκηνῇ
3603 553 3677 607 τοῦ

2152 645 2473 718 μαρτυρίου.
2505 645 2615 698 Kal
2648 645 2756 697 πᾶν
2786 642 2847 696 τὸ
2879 635 3019 714 αἷμα
3056 640 3155 696 τοῦ
3191 641 3392 713 μόσχου
3412 642 3575 712 ὲκχεεῖ
3598 659 3684 697 παρ

2151 733 2223 805 ρὰ
2250 732 2346 804 τὴν
2373 732 2529 803 βάσιν
2561 729 2656 784 τοῦ
2683 730 3071 802 θυσιαστηρίου
3112 731 3213 802 τῆς
3238 728 3644 796 ὁλοκαυτώσεως,
3660 733 3687 786 ὅ

2150 826 2297 877 ἐστιν
2328 823 2479 894 παρὰ
2526 821 2624 886 τὰς
2658 820 2829 893 θύρας
2873 820 2970 891 τῆς
3005 819 3211 891 σκηνῆς
3261 818 3354 873 τοῦ
3404 820 3685 892 μαρτυρίου.

2150 916 2204 970 8.
2232 917 2343 969 Kal
2376 918 2484 970 πᾶν
2511 914 2574 969 τὸ
2601 914 2766 988 στέαρ
2795 914 2889 968 τοῦ
2933 913 3136 985 μόσχου
3169 911 3263 967 τοῦ
3296 911 3409 983 τῆς
3433 912 3686 983 ἁμαρτίας,

2151 1008 2394 1079 περιελεῑ
2435 1008 2529 1062 ἀπ’
2581 1005 2768 1072 αὐτοῦ,
2810 1006 2871 1061 τὸ
2922 1006 3089 1079 στέαρ
3117 1005 3178 1059 τὸ
3203 1005 3597 1060 κατακαλύπτον
3636 1008 3693 1063 τὰ

2152 1101 2421 1165 ὲνδόσθια,
2474 1099 2568 1156 καὶ
2599 1102 2706 1155 πᾶν
2754 1099 2814 1153 τὸ
2844 1099 3009 1172 στέαρ
3041 1099 3103 1155 τὸ
3149 1099 3242 1153 ὲπὶ
3272 1098 3379 1156 τῶν
3422 1098 3695 1162 ὲνδοσθίων,

2151 1194 2205 1250 9.
2238 1192 2348 1246 Kal
2374 1192 2501 1255 τοὺς
2526 1189 2618 1245 δύο
2646 1191 2899 1263 νεφροὺς,
2960 1190 3056 1244 καὶ
3088 1189 3150 1243 τὸ
3203 1189 3367 1261 στέαρ
3398 1188 3461 1242 τὸ
3506 1189 3585 1240 ἐπ’
3617 1186 3697 1243 ai)-

2152 1283 2282 1348 τῶν,
2313 1285 2341 1337 ὅ
2363 1285 2510 1337 ἐστιν
2545 1283 2638 1337 ἐπὶ
2672 1283 2780 1337 τῶν
2808 1282 3041 1354 μηρίων,
3070 1280 3167 1335 καὶ
3216 1280 3307 1333 τὸν
3329 1279 3484 1333 λόϐον
3513 1277 3595 1331 τὸν
3621 1276 3697 1331 ἐπὶ

2153 1374 2245 1430 τοῦ
2280 1376 2510 1446 ἥπατος,
2538 1376 2634 1428 σὺν
2659 1376 2773 1439 τοῖς
2800 1375 3016 1443 νεφροῖς
3045 1370 3289 1444 περιελεί
3334 1370 3485 1433 αὐτὸ,
3519 1369 3594 1424 10.
3619 1368 3697 1420 Ὃν

2152 1470 2353 1541 τρόπον
2408 1469 2724 1540 ἀπαιρεῖται
2779 1464 2888 1520 ἀπὸ
2921 1464 3012 1518 τοῦ
3044 1465 3243 1536 μόσχου
3274 1463 3371 1518 τοῦ
3415 1464 3511 1535 τῆς
3540 1461 3700 1526 θυσίας

2154 1561 2247 1615 τοῦ
2270 1560 2558 1633 σωτηρίου.
2586 1560 2696 1612 Kal
2740 1557 2942 1613 ἀνοίσει
2988 1557 3121 1611 αὐτὸ
3152 1557 3181 1609 ὁ
3223 1558 3404 1627 ἱερεὺς
3429 1555 3519 1609 ἐπὶ
3546 1555 3600 1607 τὸ
3622 1553 3701 1607 θυ-

2158 1653 2472 1724 σιαστήριον
2500 1651 2597 1722 τῆς
2656 1648 3017 1722 καρπώσεως.
3070 1649 3154 1703 11.
3195 1648 3304 1701 Καὶ
3356 1646 3419 1700 τὸ
3447 1643 3701 1720 δέρματῶ

2160 1745 2383 1814 μόσχου.
2415 1744 2511 1797 καὶ
2533 1744 2714 1796 πᾶσαν
2746 1741 2908 1796 αὐτοῦ
2959 1739 3056 1812 τὴν
3093 1740 3272 1812 σάρκα
3310 1739 3407 1794 σὺν
3433 1742 3501 1811 τῇ
3524 1735 3702 1808 κεφαλῇ

2161 1831 2349 1895 αὐτοῦ,
2378 1832 2476 1887 καὶ
2536 1835 2649 1895 τοῖς
2681 1830 3031 1902 ἀκροτηρίοις
3059 1829 3153 1883 καὶ
3207 1831 3274 1900 τῇ
3333 1826 3511 1898 κοιλίᾳ
3548 1825 3705 1895 καὶτῇ

474 1927 687 1998 κόπρῳ.
720 1927 807 1981 12.
845 1927 956 1980 Kal
996 1927 1293 1994 ἐξοίσουσιν
1324 1927 1445 1981 ὅλον
1487 1928 1580 1982 τὸν
1627 1928 1823 1999 μόσχον
1866 1927 1974 1996 ἔξω
2003 1928 2106 1999 τῆς
2144 1924 2496 1996 παρεμϐολῆς
2541 1926 2622 1988 είς
2673 1924 2838 1977 τόπον
2895 1922 3154 1994 καθαρὸν,
3193 1916 3255 1975 οὗ
3311 1920 3585 1992 ὲκχεοῦσιν
3626 1920 3707 1991 τὴν

479 2018 725 2081 σποδιὰν,
741 2019 835 2073 καὶ
856 2018 1292 2073 κατακαύσουσιν
1320 2019 1484 2074 αὐτὸν
1510 2020 1604 2074 ἐπὶ
1624 2020 1796 2088 ξύλων
1822 2021 1879 2074 ὲν
1896 2020 2051 2090 πυρίο
2091 2020 2183 2073 ἐπὶ
2212 2018 2310 2088 τῆς
2333 2016 2606 2086 ἐκχύσεως
2627 2016 2728 2086 τῆς
2771 2014 2995 2078 σποδιᾶς
3014 2013 3363 2084 καυθήσεται.

549 2113 641 2167 15.
675 2111 732 2168 Si
760 2123 939 2168 autem
975 2114 1155 2169 omnis
1187 2112 1470 2186 Synagoga
1496 2117 1663 2171 Israel
1701 2116 2052 2185 ignoraverit,

479 2216 534 2262 et
561 2206 780 2262 latuerit
800 2207 1025 2261 verbum
1057 2208 1124 2262 ab
1166 2209 1341 2264 oculis
1389 2212 1711 2280 Synagugaa,
1743 2217 1797 2264 et
1827 2209 2058 2265 fecerint

481 2314 654 2354 unum
678 2301 744 2353 de
768 2298 1026 2353 omnibus
1054 2300 1327 2356 mandatis
1371 2299 1606 2366 Domini,
1635 2301 1781 2370 quod
1808 2316 1917 2356 non
1943 2301 2054 2365 ﬁet,

483 2397 539 2446 et
567 2390 896 2461 deliquerint
940 2409 953 2444 :
1009 2390 1097 2444 ll.
1155 2389 1223 2444 Et
1280 2391 1578 2447 innotuerit
1620 2392 1700 2448 eis
1747 2402 2055 2463 peccatum,

481 2481 628 2551 quod
660 2490 1020 2551 peccaverunt
1047 2482 1099 2536 in
1133 2498 1199 2537 eo
1229 2492 1318 2536 :et
1340 2484 1571 2538 adducet
1598 2483 1884 2556 Synagoga
1915 2485 2057 2539 vitu-

485 2574 596 2628 lum
621 2587 685 2627 ex
725 2573 902 2628 bobus
940 2587 1002 2628 -ι-
1067 2574 1531 2641 immaculatum:
1570 2590 1671 2644 pro
1706 2584 1929 2644 peccato
1963 2584 2059 2630 :et

481 2662 716 2718 adducet
775 2678 902 2717 eum
954 2663 1021 2719 ad
1078 2664 1277 2719 ostium
1335 2664 1669 2720 tabernaculi
1734 2666 2055 2723 testimonii.

481 2754 573 2808 15.
600 2753 664 2808 Et
690 2753 971 2823 imponent
994 2754 1240 2809 seniores
1264 2753 1562 2828 Synagoga:
1582 2772 1782 2812 manus
1810 2772 1940 2813 suas
1964 2773 2061 2812 su-

480 2860 579 2914 per
600 2855 763 2915 caput
793 2845 948 2900 vituli
980 2855 1105 2901 ante
1137 2844 1452 2911 Dominum,
1478 2846 1880 2917 etjugulabunt
1917 2848 2061 2903 vitu-

481 2936 594 2993 lum
626 2947 753 2993 ante
781 2937 1095 2994 Dominum.
1127 2937 1215 2993 16.
1254 2937 1321 2994 Et
1352 2939 1550 2995 inferet
1594 2940 1871 2996 sacerdos.
1949 2981 1966 2998 .
2044 2980 2063 2995 .

521 3138 2067 3194 204.................

521 3139 2056 3194 ευς.,...............

485 3139 518 3197 ρ
556 3215 643 3269 l7.
772 3216 1038 3285 sanguine
1068 3215 1219 3270 vituli
1259 3233 1273 3270 :
1303 3224 1358 3270 et
1399 3223 1652 3286 asperget
1682 3214 1883 3285 septies
1929 3223 2056 3271 ante

486 3305 777 3364 Dominum
803 3311 869 3365 ad
899 3307 1092 3365 faciem
1123 3307 1409 3364 velaminis
1433 3322 1498 3365 -t-
1520 3308 1694 3365 sancti
1730 3308 1752 3377 ζ
1784 3309 1871 3364 18.
1898 3306 1967 3364 Et
1990 3310 2058 3365 de

1900 3491 1989 3545 ΤΟ
2020 3490 2371 3545 ΕΒΡΑΙΚΟΝ

2239 2114 2325 2168 15.
2375 2112 2501 2166 Ἐὰν
2553 2111 2610 2165 δὲ
2644 2113 2794 2165 πᾶσα
2852 2112 3143 2183 συναγωγὴ
3199 2110 3408 2182 Ἰσραὴλ
3474 2111 3708 2181 ἀγνοήσειν

2162 2209 2255 2263 καὶ
2299 2205 2443 2281 λάθῃ
2470 2207 2620 2279 ῥῆμα
2676 2204 2736 2269 ἐξ
2789 2204 3081 2276 ὀφθαλμῶν
3111 2202 3210 2274 τῆς
3272 2202 3608 2274 συναγωγῆς,
3634 2202 3713 2255 καὶ

2163 2302 2428 2373 ποιήσωσι
2461 2298 2587 2370 μίαν
2612 2297 2719 2351 ἀπὸ
2749 2297 2936 2351 πασῶν
2990 2296 3098 2350 τῶν
3132 2295 3359 2349 ὲντολῶν
3384 2295 3588 2367 Κυρίου
3611 2295 3641 2364 ἢ
3663 2292 3714 2347 ού

2164 2389 2542 2463 ποιηθτίψεται,
2575 2386 2671 2441 καὶ
2728 2385 3184 2458 πλημμελήσωσι,
3213 2387 3301 2441 14.
3338 2387 3451 2440 Kal
3498 2383 3713 2455 ἐγνώσθη

2164 2480 2346 2544 αὐτοῖς
2373 2481 2406 2548 ἡ
2433 2478 2677 2551 ἁμαρτία
2735 2479 2801 2550 ἢν
2828 2479 3075 2550 ἥμαρτον
3103 2480 3160 2532 ἐν
3186 2478 3349 2550 αὐτῇ.
3401 2477 3515 2533 Kal
3570 2492 3717 2549 προσ-

2165 2571 2340 2643 άξειή
2373 2570 2661 2641 συναγωγὴ
2689 2570 2886 2642 μόσχον
2915 2573 2978 2624 ὲκ
3012 2569 3149 2642 βοῶν
3183 2584 3247 2626 +
3284 2569 3517 2641 ἇμωμον
3553 2568 3574 2638 ζ
3612 2566 3719 2640 περὶ

2164 2664 2263 2734 τῆς
2297 2664 2593 2737 ἁμαρτίας.
2625 2664 2737 2717 Kal
2762 2662 3023 2735 προσάξει
3055 2663 3218 2717 αὐτὸν
3256 2662 3406 2734 παρὰ
3439 2660 3537 2734 τὴν
3574 2660 3719 2732 θύραν

2163 2758 2266 2829 τῆς
2294 2757 2502 2829 σκηνῆς
2525 2756 2619 2810 τοῦ
2648 2755 2972 2827 μαρτυρίου.
3030 2756 3118 2810 15.
3151 2755 3260 2809 Kal
3301 2753 3644 2825 ἐπιθήσουσιν
3680 2748 3722 2803 ol

2165 2847 2526 2920 πρεσϐύτεροι
2558 2847 2656 2918 τῆς
2701 2846 3024 2917 συναγωγῆς
3084 2846 3185 2910 τὰς
3231 2848 3419 2917 χεῖρας
3450 2843 3620 2898 αὐτῶν
3644 2839 3723 2896 ἐπὶ

2170 2941 2269 3014 τὴν
2301 2940 2543 3013 κεφαλὴν
2566 2940 2661 2995 τοῦ
2688 2941 2888 3012 μόσχου
2917 2940 3096 2994 ἔναντι
3111 2938 3339 3010 Κυρίου,
3368 2937 3465 2992 καὶ
3489 2935 3723 3006 opiﬁcum

2170 3032 2263 3087 τὸν
2321 3032 2520 3105 μόσχον
2571 3030 2752 3087 ἔναντι
2804 3031 3040 3104 Κυρίου.
3073 3029 3159 3085 16.
3192 3029 3305 3084 Kal
3351 3027 3574 3082 εἰσοίσει
3609 3026 3635 3079 ὀ
3664 3030 3724 3078 ιε-

2137 3161 2157 3178 O
2236 3164 2250 3178 ο
2333 3163 2349 3180 ο
2433 3164 2448 3179 ο
2531 3164 2548 3181 ο
2628 3164 2643 3178 ο
2726 3165 2740 3180 ο
2821 3163 2837 3179 ο
2917 3162 2932 3178 ο
3014 3162 3031 3178 ο
3111 3164 3126 3178 ο
3208 3160 3224 3175 ο
3304 3160 3322 3178 ο
3403 3161 3419 3175 ο
3500 3158 3517 3175 ο
3594 3159 3610 3174 ο
3679 3151 3696 3172 ο

2236 3219 2325 3272 17.
2490 3220 2722 3291 αἵματος
2764 3217 2859 3272 τοῦ
2906 3218 3128 3290 μόσχου.
3170 3216 3282 3270 Kal
3326 3217 3483 3286 ῥανεῖ
3522 3211 3727 3275 ἑπτάκις

2164 3309 2345 3370 ἔναντι
2378 3310 2586 3383 Κυρίου
2628 3312 2750 3366 κατ’
2776 3308 3007 3365 ἐνώπιον
3038 3307 3134 3363 τοῦ
3161 3309 3648 3380 καταπετάσματος
3669 3316 3727 3361 σὴ

3065 3490 3368 3547 ΑΚΥΛΑΣ.

1787 3560 2114 3633 Ἑλληνικοῖς
2147 3562 2467 3634 γράμμασι..

752 3489 840 3543 ΤΟ
864 3488 1231 3543 EBPAIKON.

1205 3654 1457 3717 nam:
1668 3657 1727 3712 2.

1005 3757 1127 3811 mm
1170 3730 1387 3807 nmn“)
1423 3747 1458 3801 5
1671 3749 1733 3807 δ.

1254 3825 1459 3904 twn-urb

1226 4007 1387 4059 nam
1427 3999 1463 4053 4
1675 4005 1735 4061 4.

992 4101 1145 4153 mna
1186 4100 1393 4153 usa-nn
1427 4093 1461 4148 6
1674 4098 1733 4153 6.

1197 4290 1463 4417 7
1675 4331 1733 4388 7.

1322 4479 1470 4561 n‘m'i

1240 4714 1468 4792 mat-5x

603 4912 856 4970 VERSIO
889 4913 1213 4972 HEBRAICI
1247 4916 1288 4970 Τ
1293 4917 1452 4974 EXT.

571 5029 629 5084 3.
656 5028 713 5083 in
742 5028 1073 5100 ignorantia.

572 5124 627 5179 5.
655 5123 734 5179 Ad
767 5121 1022 5178 delictum
1051 5123 1258 5194 populi.

575 5215 633 5270 In
669 5223 975 5286 peccatum.
1688 5217 1793 5270 Pro
1828 5222 2067 5283 peccato.

574 5310 629 5364 4.
664 5306 733 5363 Ει
761 5304 965 5362 all‘eret.
1691 5308 1745 5363 4.
1787 5307 2057 5362 Adducet.

578 5401 632 5457 6.
664 5400 802 5455 Cum
838 5396 1082 5457 [aciebus
1111 5400 1237 5456 veli.

582 5491 633 5549 7.
661 5491 1013 5546 Aromatum.

576 5650 952 5709 Lscensionis.
1693 5646 2027 5704 Holocausti.

582 5815 663 5875 Ad
691 5817 1127 5876 fundamentum.
1690 5808 1750 5867 in
1786 5810 1982 5867 basim.

1806 4912 1992 4970 V’ULG
2002 4909 2139 4965 ATA
2178 4907 2453 4967 LATINA.

1679 5032 1735 5087 ἓ.
1778 5030 1880 5085 Per
1913 5025 2296 5098 ignorantiam.

1686 5127 1738 5180 5.
1781 5123 2103 5191 Delinquere
2135 5119 2342 5176 faciens
2362 5117 2648 5191 papulum.

2783 3659 2841 3714 3.
2877 3658 2965 3712 Ἐν
2987 3655 3200 3728 ἀγνοίᾳ.

2784 3748 2838 3805 3.
2873 3749 2969 3813 Εἰς
2999 3745 3386 3821 πλημμέλησιν
3416 3744 3512 3800 τοῦ
3539 3740 3685 3801 λαοῦ..

2788 3998 2845 4056 ι.

2785 4093 2842 4151 6.

2792 4324 2846 4381 7.

3117 4901 3398 4972 AQUILA.

2795 5019 2849 5074 2.
2881 5018 2941 5075 in
2970 5018 3302 5090 ignorantia.

2796 5111 2851 5167 5.
2882 5109 2963 5167 Ad
2985 5109 3240 5167 delictum
3268 5106 3479 5182 populi.

2799 5292 2834 5347 4

1686 5397 1739 5450 6.
1782 5394 1985 5450 Contra
2010 5395 2213 5450 velum.
2799 5382 2852 5440 6-

1689 5486 1740 5544 7.
1765 5487 2161 5560 Thymiamatis
2190 5484 2511 5559 gratissimi.
2794 5470 2829 5528 7
