4050 6398
253 347 357 404 545

249 465 341 522 τοῦ
370 465 528 536 ἁγίου
565 466 588 535 1
626 465 714 522 18.
751 463 865 520 Kal
888 461 999 518 ἀπὸ
1023 461 1119 518 τοῦ
1150 463 1384 535 αἵματος
1421 467 1673 540 ἐπιθήσει
1711 484 1774 525 -ι-
1803 471 1833 523 6

251 559 430 631 ἱερεὺς
463 560 484 627 1
515 558 609 610 ἐπὶ
640 557 708 611 τὰ
727 557 934 629 κέρατα
957 556 1052 610 τοῦ
1081 558 1465 630 θυσιαστηρίου
1499 560 1606 613 τῶν
1638 559 1834 632 θυμια-

252 650 437 720 μάτων
466 663 529 704 σι-
559 648 656 720 τῆς
697 647 999 712 συνθέσεως
1042 649 1064 717 1
1118 651 1147 703 6
1173 651 1321 702 ἐστιν
1349 648 1574 704 ἐνώπιον
1602 651 1832 723 Κυρίου,

249 745 276 798 ὃ
299 747 448 797 ἐστιν
479 742 572 795 ἐπὶ
598 743 697 814 τῆς
724 743 928 814 σκηνῆς
971 741 1066 796 τοῦ
1120 743 1443 815 μαρτυρίου.
1479 745 1590 798 Kal
1632 745 1693 798 τὸ
1727 747 1835 799 πᾶν

249 829 388 905 αἷμα
417 835 598 904 ὲκχεεί
627 835 763 905 πρὸς
793 835 894 906 τὴν
952 834 1106 904 βάσιν
1156 834 1250 888 τοῦ
1297 835 1679 907 θυσιαστηρίου
1729 836 1835 889 τῶν

249 927 660 997 καρπωμάτων,
695 926 755 978 τὸ
805 925 865 980 ὃν
907 927 1044 998 πρὸς
1098 930 1165 998 τῇ
1199 926 1342 998 θύρᾳ
1367 929 1466 998 τῆς
1503 929 1706 998 σκηνῆς
1737 929 1833 981 τοῦ

254 1015 574 1087 μαρτυρίου.
601 1016 686 1071 19.
717 1016 828 1070 Kal
856 1017 915 1070 τὸ
944 1020 1048 1072 πᾶν
1090 1018 1257 1089 στέαρ
1285 1017 1449 1071 αὐτοῦ
1479 1019 1719 1090 περιελεῖ
1740 1020 1834 1072 ἀπ’

252 1107 440 1168 αὑτοῦ,
489 1108 584 1162 καὶ
631 1109 834 1161 ἀνοίσει
888 1109 980 1162 ἐπὶ
1032 1109 1093 1163 τὸ
1144 1109 1550 1181 θυσιαστήριον.
1605 1109 1696 1165 20.
1724 1110 1837 1163 Kal

252 1200 469 1270 ποιήσει
511 1199 860 1270 τδνμόσχον.
943 1239 959 1254 .
1041 1241 1054 1253 .
1137 1240 1151 1252 .
1235 1241 1250 1255 .
1334 1240 1349 1252 .
1432 1240 1445 1252 .
1527 1239 1542 1253 .
1624 1237 1639 1252 .
1723 1240 1736 1253 .
1821 1241 1834 1254 .

253 1385 347 1438 καὶ
379 1383 683 1451 ὲξιλάσεται
716 1385 844 1456 περὶ
869 1386 1049 1439 αὐτῶν
1079 1389 1106 1440 6
1155 1386 1356 1458 ἱερεὺς,
1389 1386 1482 1439 καὶ
1507 1386 1839 1457 ἀφεθήσεται

255 1479 440 1544 αὐτοῖς
468 1493 526 1534 -ι-
557 1481 590 1549 ή
617 1479 859 1550 ἁμαρτία
896 1481 916 1548 1
947 1479 1035 1532 2|.
1067 1477 1179 1532 Kal
1204 1475 1501 1530 ἐξοίσουσιν
1525 1476 1614 1530 τὸν
1642 1477 1839 1546 μόσχον

259 1586 320 1625 σιξ-
356 1570 478 1625 ὃλον
508 1570 530 1639 1
561 1569 666 1636 ἔξω
715 1571 816 1642 τῆς
845 1570 1216 1644 παρεμϐολῆς.
1269 1571 1381 1623 Kal
1408 1569 1840 1624 κατακαύσουσιν

254 1659 344 1712 τὸν
377 1661 596 1730 μόσχον,
625 1662 682 1714 ὂν
737 1663 935 1733 τρόπον
989 1661 1336 1716 κατέκαυσαν
1384 1665 1474 1717 τὸν
1525 1664 1725 1734 μόσχον
1751 1661 1839 1715 τὸν

255 1753 542 1824 πρότερον
577 1753 850 1824 ἁμαρτίας
876 1754 1191 1824 συναγωγῆς
1221 1757 1390 1810 ἐστιν.

323 1843 416 1897 22.
457 1843 583 1897 Ἐὰν
607 1845 664 1897 δὲ
696 1845 724 1896 6
757 1844 936 1916 ἄρχων
963 1845 1184 1918 ἁμάρτῃ
1207 1849 1304 1900 καὶ
1344 1847 1542 1918 ποιήσῃ
1576 1847 1702 1917 μίαν
1735 1848 1841 1901 ἀπὸ

256 1935 448 1989 πασῶν
473 1935 581 1988 τῶν
623 1934 848 1988 ἐντολῶν
898 1935 1103 2006 Κυρίου
1149 1934 1244 1988 τοῦ
1294 1936 1426 1990 Θεοῦ
1485 1937 1669 2001 αὑτοῦ,
1711 1938 1744 2008 ἥ
1779 1938 1840 1990 οὐ

255 2026 639 2098 ποιηθήσεται,
697 2027 987 2090 ἀκουσίως,
1023 2029 1119 2081 καὶ
1173 2027 1562 2100 πλημμεληθῇ.
1609 2028 1699 2082 25.
1732 2029 1842 2081 Kal

254 2119 474 2190 γνωσθῇ
508 2119 657 2190 αὐτῷ
703 2123 735 2190 ἡ
785 2120 1030 2191 ἁμαρτία
1070 2122 1137 2192 ἢν
1184 2121 1428 2192 ἥμαρτεν
1469 2123 1526 2174 ὲν
1555 2122 1713 2191 αὺτῇσ
1747 2120 1842 2174 καὶ

256 2209 539 2279 προσοίσει
563 2206 624 2262 τὸ
649 2207 1002 2280 δῶροναὺτοῦ
1035 2209 1289 2280 χίμαρον.
1335 2249 1348 2263 .
1431 2248 1446 2263 .
1527 2251 1542 2264 .
1626 2249 1640 2262 .
1725 2249 1739 2264 .
1822 2248 1838 2264 .

326 2393 422 2447 24.
535 2391 630 2445 τοῦ
652 2411 704 2462 χι
713 2391 908 2463 μάρου,
936 2394 1030 2446 καὶ
1055 2393 1346 2461 σφάξουσιν
1363 2394 1524 2446 αὐτὸν
1541 2395 1596 2446 ὲν
1611 2393 1758 2462 τόπῳ
1779 2384 1840 2445 οὗ

261 2481 555 2552 σφάζουσιν
580 2484 646 2537 τὰ
673 2483 1098 2554 ὁλοκαυτώματα
1128 2485 1356 2539 ἐνώπιον
1401 2486 1626 2554 Κυρίου·
1659 2486 1838 2556 ἀμαρ-

259 2576 380 2639 τίας
407 2577 576 2628 ἐστιν·
606 2574 698 2627 25.
721 2575 830 2627 Kal
863 2573 1112 2645 ἐπιθήσει
1165 2577 1190 2626 6
1224 2577 1402 2647 ἱερεὺς
1434 2575 1541 2629 ἀπὸ
1565 2575 1658 2628 τοῦ
1681 2576 1843 2646 αἷμα-

261 2684 351 2730 τος
377 2666 469 2720 τοῦ
498 2666 596 2736 τῆς
626 2664 898 2735 ἁμαρτίας
924 2664 1000 2736 τῷ
1032 2665 1278 2736 δακτύλῳ
1303 2665 1488 2729 αὐτοῦ,
1520 2667 1614 2719 καὶ
1645 2681 1704 2722 σι-
1735 2666 1839 2720 δὼ-

265 2775 346 2811 σει
380 2759 404 2825 1
453 2758 546 2810 ἐπὶ
569 2755 639 2809 τὰ
667 2757 874 2826 κέρατα
919 2756 1012 2809 τοῦ
1042 2756 1428 2826 θυσιαστηρίου
1477 2756 1586 2810 τῶν
1615 2757 1843 2809 ὁλοκαυ-

262 2850 550 2920 τωμάτων,
577 2849 671 2902 καὶ
700 2849 808 2900 πᾶν
836 2848 896 2900 τὸ
924 2843 1063 2918 αἷμα
1111 2847 1276 2902 αὐτοῦ
1303 2850 1484 2918 ἐκχεεί
1537 2849 1688 2919 παρὰ
1741 2847 1839 2917 τὴν

267 2940 420 3010 βάσιν
447 2941 541 2994 τοῦ
570 2939 958 3011 θυσιαστηρίου
985 2939 1091 2993 τῶν
1121 2939 1712 3012 ὁλοκαυτωμάτων,26.
1731 2939 1842 2992 Kal

265 3034 372 3085 πᾶν
398 3032 459 3084 τὸ
486 3032 652 3105 στέαρ
691 3031 852 3086 αὑτοῦ
908 3031 1110 3085 ἀνοίσει
1163 3032 1255 3085 ἐπὶ
1308 3032 1368 3085 τὸ
1423 3031 1839 3102 θυσιαστήριον,

264 3123 450 3195 ὥσπερ
502 3123 562 3176 τὸ
615 3123 780 3194 στέαρ
819 3122 1008 3187 θυσίας
1043 3122 1334 3195 σωτηρίου.
1393 3122 1503 3176 Καὶ
1522 3121 1844 3199 έξιλάσεται

266 3216 1836 3288 περί................

581 3397 986 3451 ΣΥΜΜΑΧΟΣ.

336 3563 391 3617 2.
436 3565 522 3617 Ἐν
554 3561 770 3635 ἀγνοίᾳ.

1491 348 1798 408 ιενιτιει
1835 351 1991 409 CAP.
2033 351 2122 410 iV.

1870 3392 1946 3444 0'.

1443 3558 1499 3612 2.
1542 3556 1851 3619 Ἀκουσίως.

342 3655 394 3709 5.
1449 3649 1502 3704 5.
1535 3647 1641 3702 Τοῦ
1667 3649 1754 3701 τὸν
1783 3647 1910 3700 λαὸν
1933 3648 2216 3718 ἁμαρτεῖν.

3387 353 3497 413 ste
3571 427 3586 438 ,ἢ

1937 470 2204 541 sanguine
2237 471 2480 540 imponet
2507 485 2570 526 -ι-
2600 472 2857 530 sacerdos
2884 471 2908 542 1
2944 487 3110 543 super
3128 486 3333 528 cornua
3367 472 3509 526 alta-

1936 563 2014 617 ris
2045 561 2462 632 thymiamatum
2489 575 2552 616 -ι-
2590 563 3002 632 compositionis
3059 563 3082 630 1
3131 562 3275 632 quod
3302 569 3386 616 est
3415 577 3510 616 co-

1935 668 2053 707 ram
2088 644 2340 719 Domino,
2371 653 2513 722 quod
2558 661 2641 707 est
2685 653 2743 706 in
2792 653 3141 708 tabernaculo
3193 653 3509 710 testimonii.

1937 740 2004 795 Et
2037 757 2253 796 onmem
2283 743 2603 814 sanguinem
2631 741 2868 796 effundet
2898 743 2963 795 ad
2989 743 3162 797 basim
3197 743 3383 798 altaris
3409 744 3512 798 hoc

1939 833 2335 897 locaustorum,
2356 835 2501 904 quod
2522 844 2604 889 est
2629 834 2768 904 apud
2793 835 2995 888 ostium
3019 836 3351 890 tabernaculi
3369 836 3513 890 testia

1938 925 2128 979 monii.
2161 925 2248 979 19.
2284 925 2349 980 Ει
2379 941 2594 980 omnem
2623 926 2836 995 adipem
2869 926 3077 980 auferet
3107 929 3226 996 ejus
3249 927 3317 982 ab
3339 942 3426 994 eo,
3458 936 3515 982 et

1939 1018 2127 1073 offeret
2151 1033 2315 1089 super
2341 1019 2534 1074 altare.
2567 1018 2659 1074 20.
2687 1018 2754 1074 Et
2778 1019 2942 1074 faciet
2976 1019 3230 1074 vitulum.
3303 1056 3320 1072 .
3397 1057 3413 1071 .
3491 1056 3510 1072 .

1939 1217 1992 1264 et
2019 1209 2408 1281 depropitiabit
2438 1223 2536 1279 pro
2585 1209 2667 1263 eis
2703 1207 2962 1264 sacerdos
3017 1214 3072 1261 et
3097 1204 3402 1260 dimittetur
3433 1203 3517 1260 eis

1942 1315 2006 1356 οξ-
2037 1312 2317 1371 peccatum
2364 1302 2385 1370 1
2429 1301 2518 1354 2i.
2553 1299 2620 1354 Et
2670 1299 2896 1355 efferent
2924 1297 3152 1352 vitulum
3181 1311 3243 1352 οι-
3275 1304 3446 1352 totum
3487 1295 3512 1366 1

1939 1399 2091 1443 extra
2116 1398 2314 1444 castra.
2343 1389 2409 1444 Et
2431 1389 2751 1445 comburcnt
2773 1389 3027 1451 vitulum,
3053 1385 3515 1456 quemadmodum

1941 1476 2362 1531 combusserunt
2391 1477 2618 1532 vitulum
2650 1475 2885 1547 priorem
2916 1493 2930 1530 :
2966 1474 3176 1547 peccati
3214 1474 3516 1545 Synagoga:

1941 1577 2044 1622 est.

2011 1850 2101 1904 22.
2135 1849 2189 1904 Si
2215 1857 2395 1905 autem
2422 1850 2675 1920 princeps
2699 1850 3022 1920 peccaverit,
3054 1859 3110 1906 et
3135 1849 3326 1906 fecerit
3345 1864 3517 1906 unum

1942 1940 2009 1996 de
2032 1941 2286 1996 omnibus
2314 1941 2586 1996 mandatis
2609 1940 2824 1994 Domini
2848 1941 2941 1996 Dei
2964 1942 3072 2008 sui,
3096 1941 3240 2012 quod
3271 1956 3380 1996 non
3402 1941 3514 2004 fiet,

1943 2048 2050 2087 non
2087 2042 2298 2100 sponte,
2331 2041 2385 2087 et
2420 2032 2731 2102 deliquerit,
2768 2032 2856 2087 23.
2893 2031 2960 2087 Et
2990 2033 3290 2087 innotuerit
3313 2033 3364 2087 ei
3386 2047 3517 2102 pec-

1942 2135 2144 2191 catum,
2178 2126 2322 2195 quod
2356 2125 2598 2195 peccavit
2619 2126 2675 2180 in
2707 2140 2792 2193 eo,
2825 2133 2878 2180 ct
2912 2124 3100 2180 offeret
3130 2141 3330 2179 munus
3357 2138 3518 2180 suum

1943 2215 2176 2270 hircum.
2267 2255 2283 2272 .
2364 2255 2379 2271 .
2458 2257 2472 2272 .

2011 2400 2147 2455 24...
2175 2400 2334 2465 hirci,
2352 2409 2405 2455 et
2423 2400 2752 2470 jugulabunt
2768 2415 2890 2455 eum
2910 2400 2964 2453 in
2991 2399 3133 2462 loco,
3152 2398 3244 2454 ubi
3267 2398 3523 2469 jugulant

1942 2485 2382 2541 bolocautomata
2416 2502 2600 2541 coram
2637 2486 2866 2542 Domino
2901 2506 2915 2542 :
2948 2487 3159 2558 peccati
3203 2497 3306 2542 est.
3333 2487 3426 2542 25.
3456 2486 3521 2544 Et

1943 2572 2184 2642 imponet
2212 2574 2467 2628 sacerdos
2497 2574 2564 2629 de
2594 2576 2883 2647 sanguine,
2917 2576 3012 2646 qui
3054 2577 3264 2645 peccati
3297 2585 3402 2641 est,
3434 2575 3521 2632 di-

1942 2662 2055 2732 gito
2090 2678 2210 2727 suo,
2245 2672 2299 2718 et
2323 2678 2385 2719 -ι-
2411 2663 2562 2720 dabit
2611 2666 2631 2733 1
2685 2681 2850 2736 super
2898 2682 3106 2722 cornua
3153 2668 3342 2722 altaris
3371 2667 3526 2722 holo-

1943 2763 2313 2809 cautomatum
2350 2773 2364 2810 :
2395 2764 2449 2810 et
2497 2771 2717 2810 omnem
2785 2758 3108 2827 sanguinem
3169 2758 3288 2827 ejus
3348 2757 3525 2812 effun-

1944 2843 2032 2897 det
2059 2844 2126 2898 ad
2153 2845 2325 2899 basim
2361 2845 2552 2900 altaris
2607 2845 3106 2900 bolocautumatum
3145 2846 3277 2902 :26.
3299 2845 3366 2900 Et
3403 2862 3524 2901 om-

1944 2949 2068 2989 nem
2097 2935 2310 3004 adipcm
2334 2934 2453 3002 ejus
2481 2935 2670 2990 offeret
2703 2952 2866 3006 super
2907 2937 3097 3004 altare,
3129 2938 3273 2993 sicut
3301 2937 3516 3008 adipem

1949 3027 2203 3082 sacriﬁcii
2237 3027 2513 3084 salutaris.
2540 3027 2608 3083 Et
2629 3028 3013 3100 depropitiabit
3033 3045 3154 3101 pro.
3219 3072 3235 3086 .

1955 3158 1969 3172 ο
2049 3158 2064 3174 ο
2144 3159 2158 3174 ι
2238 3160 2252 3173 ο
2331 3157 2347 3173 0
2427 3161 2442 3176 ο
2526 3159 2540 3174 0
2619 3159 2634 3176 0
2718 3159 2735 3176 0
2827 3164 2841 3178 ο
2919 3159 2935 3176 0
3015 3160 3030 3176 0
3108 3162 3125 3178 0
3210 3165 3225 3179 ι
3308 3163 3325 3178 0
3404 3159 3427 3183 δ
3505 3151 3526 3186 ἦ

1915 3251 1930 3265 ο
2013 3253 2027 3266 ο
2110 3249 2124 3264 0
2207 3249 2222 3264 0
2303 3249 2320 3264 I
2401 3253 2416 3266 ο
2499 3250 2515 3264 0
2597 3249 2613 3265 ο
2692 3250 2710 3267 ο
2793 3251 2807 3267 0
2889 3253 2901 3267 0
2987 3252 3001 3267 0
3082 3251 3098 3267 ο
3183 3256 3198 3272 ο
3279 3255 3295 3271 ο
3375 3251 3392 3268 ο
3468 3251 3504 3272 .-

2805 3390 3211 3449 ΘΕΟΔΟΤῙΩΝ.

2559 3554 2616 3610 2.

2561 3648 2616 3702 3.

1450 3737 1588 3807 Περὶ
1612 3736 1710 3805 τῆς
1734 3735 2027 3807 ἁμαρτίας.
2074 3735 2318 3798 Ἀλλος,
2335 3734 2418 3796 είς

1388 3807 1478 3880 τὴν
1507 3807 1802 3878 ἁμαρτίαν.

340 3905 399 3965 4,
1446 3895 1502 3950 4.
1530 3894 1816 3968 Προσάξει.
1842 3895 2084 3958 Ἀλλος,
2118 3892 2414 3964 προσοίσει.

338 3999 396 4056 6.
1449 3985 1502 4040 6.
1525 3985 1681 4038 Κατὰ
1718 3983 1790 4056 τὸ
1835 3983 2250 4056 καταπέτασμα.
2286 3982 2421 4035 Ἀλ-

2558 3899 2612 3956 4.

2560 3990 2609 4048 6.

1377 4059 1509 4122 λος,
1551 4056 1645 4108 σὺν
1674 4053 1750 4124 τῷ
1801 4051 2076 4125 προσώπῳ
2123 4050 2217 4105 τοῦ
2253 4068 2420 4105 κατα-

1381 4126 1750 4196 πετάσματος.

342 4225 402 4286 7.
1395 4285 1402 4287 1
1451 4217 1504 4271 7.
1530 4219 1642 4287 Τῆς
1681 4215 2003 4278 συνθέσεως.
2039 4216 2282 4279 Ἄλλος,
2311 4213 2419 4266 τῶν
2557 4217 2614 4274 7,

1382 4285 1711 4360 ἀρωμάτων.

1456 4388 1577 4441 Τῶν
1631 4385 2112 4455 ὁλοκαυτωμάτων.
2173 4383 2418 4455 Ἄλλος,

1382 4457 1480 4528 τῆς
1531 4452 1964 4528 ὁλοκαυτώσεως.
2014 4455 2256 4518 Ἄλλος,
2321 4452 2420 4522 τῆς

1384 4527 1739 4598 καρπώσεως.

1457 4617 1644 4688 Rapa”
1669 4615 1765 4686 τὴν

1383 4686 1474 4739 τὸν
1499 4686 1766 4757 θεμέλιον.

573 4806 955 4865 SYMMACHU
966 4804 1024 4863 S.

349 4927 405 4985 2.
441 4927 501 4985 in
539 4928 865 5001 ignorantia.

1554 4803 1696 4858 LXX
1731 4801 2231 4859 INTERPRETES.

1454 4923 1510 4976 2.
1531 4920 1649 4976 Non
1681 4932 1892 4993 sponte.

352 5019 407 5076 5.
1456 5011 1510 5067 5.
1548 5009 1619 5065 Ut
1652 5013 1883 5081 populus
1913 5019 2182 5082 peccaret.

1832 4616 2008 4685 βάσιν.
2043 4614 2288 4678 Ἀλλος,
2317 4611 2411 4665 ἐπὶ

2793 4799 3188 4861 TllEODOTIO

1457 5101 1564 5158 Pro
1584 5113 1822 5173 peccato.
1841 5104 2014 5166 Alius,
2041 5103 2093 5156 in
2112 5111 2412 5172 peccatum.

349 5199 401 5253 4.
1459 5196 1514 5249 4.
1541 5195 1804 5250 Adducet.
1829 5234 1838 5247 ι

1939 5211 2005 5261 ιε,
2030 5195 2254 5251 adferet.
2563 5193 2618 5248 ι.

351 5287 403 5342 6.
1461 5283 1610 5339 6.Ad
1623 5285 2127 5349 velum.Alius,cum
2145 5285 2416 5343 facievcli.
2562 5283 2616 5340 6.

366 5375 427 5438 ’1,
1461 5375 1515 5430 7.
1533 5375 1973 5446 Compositionis.
2003 5376 2178 5443 Alius,
2206 5393 2418 5433 aroma-
2557 5372 2591 5430 7

1387 5455 1528 5503 tum.

1465 5535 1944 5593 Holocaustorum.
1974 5538 2086 5600 ΑΙ..
2123 5540 2418 5596 oblationis

1388 5606 1714 5665 bolocausti.
1747 5609 1924 5678 Alius,
1949 5610 2259 5666 oblationis.

1457 5697 1537 5749 Ad
1603 5699 1799 5756 basim.
1857 5699 2032 5766 Alius,
2093 5701 2160 5755 ad
2224 5698 2426 5758 funda-

1385 5775 1652 5826 mentum.
