4050 6398
526 391 630 449 619

525 523 645 562 esse
671 506 954 561 inferatur.

599 575 658 632 V.
691 577 742 631 7.
774 580 971 637 Ἀλλ..
996 576 1094 644 τῆς
1127 575 1348 646 σαρκός.
1374 573 1456 646 Ex
1484 573 1793 646 Basiliensi.

601 645 660 700 V.
693 648 744 702 8.
785 649 860 700 ’A.
885 647 1001 718 [ἐὰν
1027 644 1352 718 ἐπιπτύσῃ.]
1373 644 1523 697 Hanc
1551 644 1857 718 versionem
1879 658 2102 718 expres-

527 718 699 772 simus
741 733 804 772 ex
849 712 1039 770 [Atina
1086 712 1301 784 Aquilae
1326 712 1795 783 interpretatione,
1824 729 1987 783 quam
2019 712 2101 767 af-

527 788 639 858 fcr_t_
661 787 904 858 lsychius
939 787 1042 858 sic,
1075 785 1291 858 Aquilo,
1325 786 1376 858 si
1405 785 1778 858 superspuerit.

596 853 774 914 v.13.
819 859 892 910 Τὸ
928 855 1088 926 σῶμα
1120 853 1285 909 αὑτοῦ
1326 855 1474 908 ῦδατι
1510 853 1693 917 ζῶντι.
1741 853 1818 907 Ex
1865 853 2100 908 editione

528 927 790 982 fluuiana.

1590 385 1724 439 ΗΕΧ
1736 385 2059 440 AP1.0RUM
2101 384 2264 451 ρυλε
2308 382 2527 442 SUPER
2539 384 2740 441 SUNT.

3674 384 3772 436 6'20

2275 502 2338 558 ν.
2395 504 2483 557 19.
2529 505 2745 574 Ἀλλης
2779 504 3141 574 μετακινήσει.
3195 501 3273 555 Ex
3317 501 3626 574 Basiliensi.
3664 501 3774 574 _S«--

2203 583 2431 642 quentes
2467 587 2592 626 vero
2625 569 2888 628 lectiones
2921 569 3106 627 Graéce
3153 572 3523 642 expressimus
3563 586 3629 642 ex
3664 569 3775 642 lsy-

2200 641 2327 698 chio
2349 683 2364 703 .
2397 644 2490 712 qui
2532 644 2612 698 sic
2657 644 2860 697 habet:
2893 662 2912 695 ι
2945 642 3084 710 Quid
3133 642 3309 696 dixit:
3342 641 3551 711 Septem
3590 641 3772 695 diebus

2202 714 2869 784 separabitur?quodalii
2893 753 2908 778 ,
2938 714 3057 767 Erit
3082 713 3136 767 in
3164 715 3476 782 purgatione
3513 728 3634 765 sua.
3669 713 3771 784 Alii

2201 799 2330 838 vero
2363 782 2704 856 interpretes,
2739 783 2810 856 lit
2833 785 3160 856 separatione
3185 784 3483 856 iniquitatis
3514 799 3647 838 sum.
3669 782 3772 836 Alii

2203 863 2405 914 autem,
2445 852 2673 908 Miseria?
2730 855 3034 908 ediderunt.
3072 872 3090 904 ι

2277 921 2338 978 V.
2380 923 2571 978 20-25.
2623 923 2938 989 Lectiones,
2969 939 3090 994 qua:
3117 923 3364 980 eamdem
3394 937 3586 979 vocem
3637 931 3774 985 nm:

1089 1091 1330 1148 CAPUT
1364 1090 1504 1146 XVI
1535 1088 1903 1155 LEVITICI,
1939 1087 2038 1142 EX
2072 1081 2332 1144 EODEM
2373 1089 2651 1146 CODICE
2675 1087 3034 1147 COLBERT.
3061 1088 3224 1145 3084.

599 1235 649 1289 1.
693 1234 760 1289 Et
798 1234 1013 1290 locutus
1045 1243 1130 1290 est
1160 1234 1420 1290 Dominus
1462 1235 1528 1290 ad
1557 1233 1776 1305 Moysen
1809 1243 2098 1304 postquam

527 1327 766 1382 defuncti
799 1335 926 1382 sunt
953 1325 1062 1380 duo
1093 1326 1186 1380 lilii
1218 1326 1435 1392 Aaron,
1469 1341 1595 1381 cum
1630 1325 1886 1381 offerrent
1917 1326 2097 1396 ignem

526 1421 764 1475 alienum
792 1428 917 1474 ante
952 1418 1266 1482 Dominum,
1297 1428 1351 1474 et
1375 1419 1572 1473 mortui
1599 1425 1746 1473 sunt.
1787 1419 1841 1472 2.
1871 1418 1934 1472 Et
1964 1417 2101 1472 dixit

527 1509 792 1566 Dominus
841 1509 907 1564 ad
953 1508 1169 1581 Moysen
1223 1527 1238 1564 :
1287 1508 1536 1581 Loquere
1565 1511 1632 1564 ad
1659 1509 1840 1565 Aaron
1875 1509 2097 1565 fratrem

527 1613 706 1670 tuum,
733 1611 787 1658 et
815 1619 882 1658 ne
911 1603 1246 1674 ingrediatur
1287 1605 1436 1659 omni
1461 1606 1595 1660 hora
1631 1605 1696 1660 ad
1727 1613 1976 1660 sanctum
2010 1605 2099 1660 in-

527 1695 698 1751 terius
741 1695 1029 1750 velaminis
1068 1695 1133 1749 ad
1181 1695 1374 1750 faciem
1403 1696 1788 1766 propitiatorii,
1841 1697 1986 1767 quod
2016 1705 2102 1752 est

527 1801 694 1856 super
723 1801 908 1842 arcam
938 1800 998 1841 οι-
1039 1788 1335 1843 testimonii
1367 1789 1389 1859 ζ
1427 1797 1480 1843 et
1509 1804 1617 1843 non
1649 1789 1936 1844 morietur.
1963 1787 2099 1844 Nam

529 1877 584 1931 in
633 1876 777 1932 nube
808 1877 1080 1948 apparebo
1113 1893 1275 1947 super
1301 1878 1758 1950 propitiatorium.
1798 1879 1852 1936 5.
1893 1879 1985 1936 Sic
2018 1880 2101 1935 in-

527 1966 804 2036 gredietur
827 1967 1009 2021 Aaron
1039 1967 1093 2021 in
1126 1977 1375 2023 sanctum
1410 1969 1464 2023 in
1501 1970 1667 2024 vitulo
1696 1985 1759 2026 ex
1803 1971 1975 2026 bobus
2002 1986 2101 2041 pro

526 2065 772 2126 peccato,
795 2067 850 2111 et
879 2059 1102 2113 arietem
1131 2059 1186 2112 in
1213 2059 1593 2115 holocaustum
1631 2080 1644 2114 ι
1682 2061 1735 2114 4.
1765 2059 1830 2114 Et
1861 2061 2101 2116 tunicam

528 2151 726 2205 lineam
753 2151 1146 2206 sanctiﬁcatam
1169 2152 1375 2220 induet,
1396 2161 1452 2207 et
1478 2152 1742 2208 femorale
1771 2154 1977 2209 liueum
1999 2155 2103 2210 erit

529 2254 691 2309 super
725 2255 924 2310 corpus
946 2239 1090 2311 ejus,
1120 2249 1173 2297 et
1199 2255 1333 2295 zona
1371 2240 1513 2296 linea
1547 2241 1817 2311 cingetur,
1866 2250 1921 2296 et
1949 2241 2101 2296 cida-

529 2333 632 2386 rim
675 2332 875 2388 lineam
924 2333 1298 2403 circumponet
1323 2351 1337 2388 :
1367 2332 1688 2388 vestimenta
1720 2341 1907 2388 sancta
1952 2341 2098 2388 sunt.

530 2423 598 2480 Et
622 2423 826 2480 lavabit
863 2440 1003 2496 aqua
1035 2432 1206 2488 totum
1238 2439 1438 2496 corpus
1473 2439 1656 2490 suum,
1689 2432 1745 2480 et
1768 2423 1956 2479 induet
1987 2439 2050 2478 ea
2084 2442 2096 2477 ι

529 2515 584 2571 5.
620 2514 688 2570 Et
712 2530 743 2572 a
770 2531 1042 2588 synagoga
1078 2517 1314 2572 ﬁliorum
1342 2515 1508 2572 Israel
1558 2515 1788 2586 accipiet
1816 2515 1955 2571 duos
1981 2514 2098 2569 hir-

529 2623 625 2664 cos
648 2623 715 2664 εχ
746 2609 925 2678 capris
960 2623 1058 2679 pro
1084 2619 1326 2679 peccato,
1377 2617 1433 2664 et
1457 2607 1684 2663 arietem
1713 2623 1882 2662 unum
1908 2607 1973 2662 ad
2002 2607 2100 2662 bo-

529 2700 855 2754 locaustum.
917 2700 972 2756 6.
1003 2701 1070 2755 Et
1113 2700 1299 2756 oﬂ'eret
1341 2699 1520 2755 Aaron
1568 2700 1827 2765 vitulum,
1863 2702 1956 2772 qui
2001 2715 2099 2770 pro

529 2793 752 2855 peccato
783 2799 884 2840 suo
914 2804 927 2839 :
959 2793 1014 2840 et
1040 2785 1277 2856 expiabit
1299 2799 1399 2856 pro
1427 2802 1486 2842 se
1506 2795 1562 2842 et
1586 2786 1750 2842 domo
1777 2801 1896 2842 sua.
1949 2786 1999 2841 7.
2035 2784 2099 2839 Et

529 2877 758 2947 accipiet
791 2878 930 2932 duos
963 2876 1168 2944 hircos,
1203 2889 1256 2935 et
1289 2888 1488 2934 statuet
1519 2894 1616 2934 eos
1659 2889 1784 2934 ante
1812 2876 2096 2934 Dominum

530 2971 597 3023 ad
647 2970 846 3028 ostium
901 2971 1234 3028 tabernaculi
1286 2972 1600 3027 testimonii.
1657 2971 1709 3026 8.
1750 2970 1814 3025 Et
1859 2971 2100 3040 imponet

530 3067 709 3118 Aaron
733 3077 896 3132 supra
925 3065 1063 3118 duos
1093 3063 1278 3126 hircos
1305 3071 1478 3118 sortes
1525 3082 1540 3118 :
1573 3073 1774 3118 sortem
1806 3079 1968 3118 unam
1997 3061 2100 3116 Do-

532 3152 702 3217 mino,
755 3160 809 3206 et
866 3159 1067 3205 sortem
1119 3167 1282 3206 unam
1339 3152 1641 3208 emissario.
1704 3152 1756 3206 9.
1805 3151 1869 3206 Et
1912 3151 2099 3206 offeret

529 3244 713 3298 Aaron
762 3243 972 3298 hircum
1009 3259 1172 3313 super
1219 3260 1378 3313 quem
1433 3244 1744 3314 supervenit
1776 3259 1938 3312 super
1971 3258 2096 3298 eum

532 3349 654 3389 sors
687 3331 939 3396 Domino,
971 3342 1024 3388 et
1049 3333 1234 3388 oﬂeret
1265 3348 1360 3404 pro
1387 3343 1608 3404 peccato
1635 3353 1649 3388 :
1679 3334 1763 3388 10.
1795 3333 1859 3392 Et
1886 3334 2097 3388 hircum

532 3443 697 3498 super
742 3443 903 3499 quem
934 3428 1242 3497 supervenit
1287 3442 1450 3498 super
1478 3443 1603 3482 eum
1636 3443 1757 3482 sors
1805 3427 2096 3490 emissarii,

532 3528 736 3573 statuet
768 3519 1033 3575 viventem
1070 3527 1196 3573 ante
1224 3517 1536 3582 Dominum,
1571 3527 1631 3573 ut
1657 3519 1979 3588 propitietur
2003 3535 2097 3573 su-

529 3626 629 3680 per
652 3624 754 3676 eo;
787 3609 858 3664 ita
893 3619 950 3664 ut
981 3609 1191 3664 emittat
1211 3623 1333 3664 eum
1365 3609 1419 3664 in
1449 3609 1800 3665 emissionem
1828 3623 1891 3664 -ι-
1917 3608 2100 3663 dimit-

533 3710 608 3756 tet
634 3716 758 3757 eum
809 3702 831 3770 ζ
882 3701 935 3755 in
965 3701 1255 3758 desertum.
1317 3701 1404 3758 11.
1436 3701 1503 3756 Et
1527 3701 1716 3756 olTeret
1747 3702 1926 3757 Aaron
1956 3701 2096 3756 vitu-

532 3794 644 3848 lum
668 3809 849 3857 suum,
869 3794 960 3862 qui
991 3809 1089 3862 pro
1118 3801 1362 3864 peccato,
1391 3801 1444 3848 et
1469 3793 1710 3864 expiabit
1727 3807 1826 3865 pro
1844 3808 1902 3848 se
1921 3801 1972 3847 ct
2001 3808 2100 3862 pro

531 3891 694 3941 domo
718 3903 836 3942 sua.
874 3887 1222 3957 Etjugulabit
1249 3888 1477 3943 vitulum
1505 3903 1686 3951 suum,
1726 3888 1817 3958 qui
1846 3903 1942 3956 pro
1972 3903 2097 3956 prc-

533 3985 675 4032 rato.
739 3977 821 4031 12.
863 3976 924 4031 Et
954 3989 1127 4034 sumet
1186 3978 1524 4032 thuribulum
1560 3979 1774 4046 plenum
1802 3978 2098 4032 carbonum

536 4071 678 4140 ignis
709 4070 778 4124 ab
813 4070 994 4134 altari,
1025 4070 1169 4140 quod
1199 4079 1281 4124 est
1302 4084 1487 4125 coram
1516 4068 1767 4124 Domino.
1824 4067 1889 4123 Et
1913 4069 2101 4139 imple-

534 4165 609 4218 hit
645 4173 840 4217 manus
889 4176 1018 4217 suas
1065 4162 1290 4216 incenso
1337 4161 1750 4231 compositionis
1779 4162 2102 4226 subtilis,ct

534 4254 729 4309 inferet
756 4254 896 4308 intra
929 4253 1193 4308 velamen.
1233 4255 1318 4309 15.
1350 4254 1414 4309 Et
1443 4254 1682 4325 imponet
1706 4246 1984 4309 incensum
2017 4269 2104 4308 su-

533 4364 626 4418 per
653 4349 832 4418 ignem
864 4357 986 4402 ante
1018 4346 1305 4402 Domiuum
1342 4365 1354 4401 :
1386 4355 1440 4402 et
1465 4347 1670 4417 operiet
1692 4361 1860 4416 vapor
1890 4345 2097 4400 incensi

532 4440 992 4510 propitiatorium,
1029 4441 1169 4509 quod
1203 4446 1288 4495 est
1332 4455 1494 4510 super
1536 4425 1868 4504 testimonia,
1904 4445 1958 4490 et
1989 4451 2097 4489 non

530 4533 816 4587 morietur.
852 4531 938 4585 14.
969 4530 1032 4585 Et
1053 4540 1230 4586 sumet
1259 4531 1325 4586 de
1351 4531 1616 4602 sanguine
1633 4531 1784 4584 vituli
1817 4537 2103 4598 :etasper‘

531 4632 619 4692 get
661 4623 832 4692 digito
882 4637 984 4677 suo
1040 4638 1204 4689 super
1248 4623 1682 4692 propitiatorium
1717 4622 1783 4676 ad
1813 4622 2100 4686 orientem,

530 4716 829 4771 secundum
863 4714 1054 4769 faciem
1095 4716 1479 4785 propitiatorii.
1533 4713 1597 4768 Et
1628 4723 1877 4783 asperget
1904 4714 2102 4784 septies

530 4807 597 4860 de
625 4806 893 4874 sauguine
922 4805 1089 4874 digito
1114 4820 1234 4858 suo.
1274 4806 1359 4861 15.
1384 4804 1447 4858 Et
1469 4804 1739 4875 jugulabit
1763 4805 1972 4859 hircum
2005 4812 2101 4873 pro

529 4908 778 4966 peccato,
829 4913 952 4951 eum
983 4897 1122 4966 quia
1149 4899 1345 4966 populo
1362 4907 1445 4951 est
1461 4911 1522 4952 οι-
1543 4906 1668 4950 ante
1687 4895 1976 4950 Dominum
2005 4898 2028 4967 ζ
2049 4907 2102 4952 et

530 4987 725 5043 inferet
741 4989 809 5042 de
836 4989 1098 5057 sanguine
1113 4987 1230 5058 ejus
1261 4988 1400 5042 intra
1423 4988 1686 5042 velamen.
1708 4986 1774 5042 Et
1799 4988 2097 5043 facietsan-

531 5082 748 5150 guinem
768 5080 886 5149 ejus
898 5080 1351 5149 quemadmodum
1366 5078 1491 5134 fecit
1507 5079 1824 5150 sanguinem
1838 5080 1991 5133 vituli
2012 5099 2025 5133 :
2044 5090 2095 5134 et

528 5181 778 5242 asperget
795 5173 1110 5242 sanguinem
1129 5172 1248 5241 ejus
1265 5186 1427 5240 super
1443 5171 1874 5240 propitiatorium
1899 5187 2096 5226 secun-

525 5264 658 5317 dum
681 5262 872 5316 faciem
895 5262 1277 5331 propitiatorii.
1317 5260 1400 5314 16.
1427 5261 1493 5314 Et
1509 5262 2002 5330 expiabitsauctum
2025 5264 2094 5318 ab

529 5349 891 5405 immunditiis
936 5351 1170 5404 ﬁliorum
1203 5349 1388 5415 Israel,
1419 5360 1470 5404 et
1500 5351 1568 5404 ab
1595 5351 1876 5420 injustitiis
1904 5369 2094 5408 eorum

529 5456 627 5508 pro
643 5441 900 5496 omnibus
913 5443 1148 5510 peccatis
1163 5454 1351 5494 eorum
1372 5460 1386 5496 ι
1402 5451 1453 5496 et
1475 5443 1554 5498 sic
1573 5441 1732 5498 faciet
1750 5446 2098 5500 tabernaculo

528 5531 849 5595 testimcnii,
873 5532 1018 5600 quod
1049 5532 1373 5586 aedificatum
1420 5535 1573 5588 estin
1604 5537 1703 5600 eis,
1724 5537 1776 5589 in
1795 5537 1972 5590 medio
1991 5536 2096 5590 im-

526 5621 808 5676 munditiae
824 5637 1036 5676 eorum.
1054 5622 1140 5676 17.
1159 5620 1224 5674 Et
1239 5623 1416 5678 omnis
1435 5625 1598 5678 homo
1615 5641 1723 5678 non
1735 5626 1839 5680 erit
1857 5628 1908 5678 in
1928 5628 2099 5680 tabero

530 5712 728 5766 uaculo
759 5712 1075 5776 testimonii,
1110 5713 1444 5784 ingrediente
1486 5717 1577 5771 illo
1596 5717 1660 5771 ad
1679 5718 2009 5785 expiandum
2042 5719 2098 5773 in

507 5813 739 5869 sancto,
772 5803 942 5860 donec
972 5804 1266 5862 exierit:et
1295 5807 1534 5876 expiabit
1562 5823 1660 5878 pro
1684 5808 1885 5877 seipso,
1920 5819 1971 5864 et
2001 5824 2099 5878 pro

2274 1234 2322 1286 1.
2356 1233 2464 1287 Kal
2498 1233 2725 1304 ἐλάλησε
2768 1234 2971 1305 Κύριος
3013 1232 3149 1304 πρὸς
3177 1231 3382 1301 Μωσῆν
3436 1229 3574 1302 μετὰ
3602 1231 3665 1284 τὸ
3690 1249 3775 1284 τε-

2199 1322 2457 1392 λευτῆσαι
2477 1324 2604 1386 τοὺς
2631 1321 2722 1375 δύο
2745 1324 2896 1386 υἱοὺς
2939 1321 3148 1393 Ἀαρὼν
3204 1324 3262 1373 ἐν
3294 1320 3372 1390 τῷ
3402 1325 3774 1393 προσαγαγεῖν

2199 1415 2399 1478 αὐτοὺς
2431 1415 2544 1486 πῦρ
2575 1415 2850 1486 ἀλλότριον
2880 1414 3058 1467 ἔναντι
3093 1413 3321 1485 Κυρίου,
3361 1414 3456 1467 καὶ
3491 1413 3775 1486 ἐτελεύτη-

2201 1524 2318 1560 σαν.
2353 1507 2407 1560 2.
2433 1508 2541 1561 Kal
2563 1504 2712 1561 εἶπεν
2731 1507 2929 1578 Κύριος
2953 1506 3088 1578 πρὸς
3119 1505 3343 1576 Μωσῆνο
3365 1505 3610 1576 Λάλησον
3643 1504 3778 1578 πρὸς

2212 1597 2420 1668 Ἀαρὼν
2449 1599 2539 1652 τὸν
2565 1599 2790 1668 ἀδελφόν
2823 1615 2935 1662 σου,
2969 1597 3064 1652 καὶ
3105 1597 3178 1669 μὴ
3231 1597 3635 1668 είσπορευέσθω
3670 1598 3776 1650 πᾶ-

2205 1708 2302 1744 σαν
2333 1689 2480 1762 ὤραν
2514 1691 2592 1753 εἰς
2617 1690 2677 1744 τὸ
2712 1692 2866 1759 ἅγιον
2914 1688 3180 1760 ἐσώτερον
3211 1689 3306 1743 τοῦ
3346 1691 3775 1762 καταπετάσμα-

2199 1797 2290 1846 τος
2317 1783 2396 1846 εἱς
2433 1784 2718 1854 πρόσωπον
2745 1781 2838 1836 τοῦ
2899 1781 3231 1854 ἱλαστηρίου,
3287 1783 3316 1835 δ
3360 1783 3507 1836 ἐστιν
3561 1779 3654 1836 Earl
3677 1781 3775 1854 τῆς

2202 1873 2435 1928 κιϐωτοῦ
2472 1889 2534 1930 σε·
2585 1875 2679 1929 τοῦ
2717 1873 3062 1946 μαρτυρίουζ
3098 1875 3193 1928 καὶ
3243 1875 3344 1930 οὐκ
3396 1875 3770 1930 ἀποθανεῖται.

2213 1970 2302 2022 Ἐν
2359 1967 2466 2040 γὰρ
2518 1968 2715 2041 νεφέλῃ
2787 1968 3094 2040 ὀφθήσομαι
3147 1966 3238 2021 ἐπὶ
3285 1964 3382 2021 τοῦ
3439 1966 3772 2040 ἱλαστηρὶου.

2201 2058 2254 2111 5.
2281 2057 2466 2122 υῦτως
2497 2057 2860 2132 εἰσελεύσεται
2896 2058 3105 2127 Ἀαρὼν
3137 2060 3216 2122 εἱς
3243 2059 3306 2112 τὸ
3325 2058 3480 2128 ἅγιον
3511 2059 3571 2112 ἐν
3590 2057 3776 2132 μόσχῳ

2201 2147 2428 2218 ἐκβοῶν
2461 2129 2595 2219 περὶ⁸
2627 2149 2928 2219 ἁμαρτίας,
2957 2148 3052 2202 καὶ
3101 2149 3254 2220 κριὸν
3280 2151 3360 2213 εἱς
3392 2129 3771 2222 ὁλοκαύτωμα.

2201 2241 2256 2294 4.
2293 2242 2402 2294 Καὶ
2447 2241 2648 2312 χιτῶνα
2710 2240 2890 2295 λινοῦν
2940 2241 3273 2312 ἡγιασμένον
3328 2241 3629 2306 ἐνδύσεται,
3683 2245 3776 2297 καὶ

2201 2333 2516 2404 περισκελὲς
2548 2333 2724 2387 λινοῦν
2775 2333 2926 2386 ἐσται
2975 2333 3066 2387 ἐπὶ
3094 2333 3187 2386 τοῦ
3219 2333 3426 2405 χρωτὸς
3455 2332 3643 2400 αὐτοῦ,
3682 2352 3752 2389 κα

2205 2426 2349 2500 ζώνῃ
2374 2428 2491 2499 λινῇ
2516 2427 2766 2496 ζώσεται,
2818 2429 2912 2482 καὶ
2942 2425 3154 2500 κίδαριν
3197 2427 3348 2498 λινῆν
3397 2427 3772 2500 περιθήσεται,

2206 2524 2396 2593 ἱμάτια
2425 2522 2558 2591 ἅγιά
2586 2523 2734 2576 ἐστι’
2767 2521 2860 2576 καὶ
2909 2521 3159 2576 λούσεται
3189 2517 3342 2576 ῦδατι
3391 2523 3500 2576 πᾶν
3530 2521 3594 2576 τὸ
3616 2522 3776 2596 σῶμα

2201 2615 2386 2680 αὐτοῦ,
2417 2617 2509 2668 καὶ
2533 2615 2807 2669 ἐνδύσεται
2831 2614 2990 2669 αὑτά·
3041 2614 3094 2670 5.
3132 2614 3242 2668 Kal
3289 2615 3441 2688 παρᾶ
3499 2618 3600 2687 τῆς
3649 2633 3774 2670 συν-

2199 2707 2420 2778 αγωγῆς
2453 2706 2560 2758 τῶν
2581 2707 2711 2760 υἱῶν
2772 2704 2986 2778 Ἰσραὴλ
3011 2706 3280 2778 λήμψεται
3303 2707 3395 2761 δύο
3424 2708 3694 2781 χιμάρους
3717 2709 3776 2774 ἐξ

2200 2799 2369 2868 αἰγῶν
2392 2798 2516 2870 περὶ
2546 2799 2838 2871 ἁμαρτίας,
2876 2798 2970 2853 καὶ
3008 2800 3160 2872 κριὸν
3177 2799 3273 2852 ἕνα
3295 2801 3376 2863 εἰς
3394 2798 3772 2872 όλοκαύτωμα.

2199 2890 2250 2944 6.
2282 2891 2391 2944 Καὶ
2421 2891 2678 2962 προσάξει
2735 2889 2946 2965 Ἀαρὼν
2989 2892 3080 2946 τὸν
3138 2893 3337 2964 μόσχον
3390 2893 3483 2948 τὸν
3513 2897 3642 2967 περὶ
3676 2896 3774 2968 τῆς

2198 2982 2471 3053 ἁμαρτίας
2504 2984 2688 3049 αὑτοῦ,
2720 2987 2813 3038 καὶ
2857 2984 3158 3049 ἐξιλάσεται
3187 2986 3314 3058 περὶ
3341 2987 3528 3052 αὐτοῦ,
3565 2989 3770 3044 καὶτοῦ

2198 3075 2346 3128 οἴκου
2382 3075 2565 3128 αὑτοῦ.
2615 3075 2668 3130 7.
2695 3080 2698 3083 ’
2726 3078 2835 3130 Kal
2889 3077 3159 3148 λήμψεται
3197 3080 3321 3141 τοὺς
3350 3079 3444 3132 δύο
3482 3082 3770 3154 χιμάρους,

2202 3167 2296 3219 καὶ
2331 3169 2513 3238 στήσει
2547 3169 2740 3232 αὐτοὺς
2773 3168 2950 3223 ἔναντι
2991 3170 3194 3241 Κυρίου
3257 3169 3408 3242 παρὰ
3451 3171 3550 3243 τὴν
3609 3172 3773 3243 θύραν

2202 3259 2303 3328 τῆς
2340 3261 2542 3332 σκηνῆς
2566 3261 2659 3314 τοῦ
2694 3261 3014 3333 μαρτυρίου.
3045 3261 3098 3315 8.
3132 3261 3240 3315 Kal
3273 3261 3520 3332 ἐπιθήσει
3565 3261 3773 3334 Ἀαρὼν

2199 3352 2292 3402 ἐπὶ
2315 3352 2438 3414 τοὺς
2462 3350 2555 3404 δύο
2584 3353 2849 3423 χιμάρους
2876 3352 3126 3424 κλήρους·
3178 3353 3374 3424 κλῆρον
3400 3353 3495 3406 ἕνα
3551 3353 3629 3424 τῷ
3662 3355 3774 3407 Κυ-

2201 3442 2321 3512 ρίῳ,
2354 3443 2447 3494 καὶ
2479 3442 2676 3514 κλῆρον
2716 3445 2810 3496 ἕνα
2829 3443 2906 3514 τῷ
2933 3445 3323 3514 άποπομπαίῳ.
3351 3445 3404 3500 9.
3456 3446 3567 3498 Kal
3606 3462 3775 3517 προσο

2201 3533 2315 3596 agat
2353 3535 2558 3605 Ἀαρὼν
2583 3535 2674 3588 τὸν
2699 3536 2928 3607 χίμαρον
2978 3536 3062 3604 ἐφ’
3091 3536 3150 3589 δν
3176 3536 3410 3606 ἐπῆλθεν
3431 3536 3520 3588 ἐπ’
3553 3537 3714 3591 αύτδν
3740 3539 3770 3590 ό

2200 3625 2401 3694 κλῆρος
2438 3625 2513 3696 τῷ
2566 3627 2773 3697 Κυρίῳ,
2825 3627 2917 3680 καὶ
2972 3627 3244 3698 προσοίσει
3299 3628 3428 3700 περὶ
3473 3630 3763 3702 ἁμαρτίας.

2206 3714 2291 3771 10.
2325 3719 2432 3771 Kal
2485 3718 2575 3772 τὸν
2622 3720 2874 3790 χίμαρον,
2932 3716 3101 3788 ἐφ’ὂν
3161 3720 3392 3790 ἐπῆλθεν
3441 3722 3769 3777 ἐπάύτὸνό

2202 3811 2399 3881 κλῆρος
2421 3811 2513 3864 τοῦ
2541 3812 2950 3882 ἀποπομπαίου,
3007 3814 3189 3884 στήσει
3241 3815 3415 3878 ζῶντα
3459 3814 3641 3870 ἔναντι
3668 3817 3777 3870 Κυ-

2205 3904 2341 3974 ρίου,
2377 3903 2470 3956 τοῦ
2527 3903 2878 3968 ἐξιλάσασθαι
2900 3906 2988 3960 ἐπ’
3008 3907 3195 3960 αὑτοῦ·
3226 3907 3366 3960 ὥστε
3397 3906 3772 3971 ἐξαποστεῖλαι

2201 3996 2360 4047 αὐτὸν
2396 3997 2477 4058 εἱς
2503 3995 2600 4066 τὴν
2634 3997 2966 4069 ἀποπομπὴν
3002 4011 3063 4052 σι·-
3097 3999 3296 4069 ἀφὴσει
3328 3999 3489 4052 αὐτὸν
3521 3999 3649 4068 ζείς
3675 3999 3771 4069 τὴν

2202 4086 2426 4156 ἔρημον.
2488 4087 2569 4140 11.
2617 4090 2723 4141 Kal
2774 4089 3034 4158 προσάξει
3078 4089 3286 4161 Ἀαρὼν
3335 4091 3427 4145 τὸν
3458 4093 3657 4164 μόσχον
3681 4093 3773 4147 τὸν

2203 4181 2330 4248 περὶ
2357 4183 2454 4250 τῆς
2487 4181 2759 4251 ἁμαρτίας
2788 4183 2879 4234 τὸν
2915 4182 3102 4245 αὑτοῦ,
3163 4183 3257 4237 καὶ
3315 4183 3621 4249 ἐξιλάσεται
3647 4187 3770 4258 περὶ

2203 4269 2365 4322 αὐτοῦ
2393 4271 2484 4324 καὶ
2516 4271 2608 4324 τοῦ
2636 4271 2786 4324 οἴκου
2817 4271 3003 4338 αὐτοῦ,
3046 4272 3141 4326 καὶ
3197 4274 3391 4342 σφάξει
3443 4275 3537 4330 τὸν
3575 4277 3770 4348 μόσχον

2200 4361 2289 4414 τὸν
2324 4362 2450 4433 περὶ
2475 4362 2574 4431 τῆς
2601 4364 2871 4435 ἁμαρτίας
2895 4366 2984 4418 τὸν
3012 4365 3196 4419 αύτοῦ.
3243 4365 3330 4419 19..
3365 4365 3475 4420 Kal
3502 4367 3768 4438 λήμψεται

2203 4454 2262 4507 τὸ
2290 4457 2510 4527 πυρεῖον
2538 4455 2742 4525 πλῆρες
2781 4455 3065 4526 ἀνθράκων
3096 4457 3267 4529 πυρὸς
3298 4457 3406 4511 ἀπὸ
3449 4459 3545 4512 τοῦ
3581 4459 3768 4514 θυσια-

2203 4543 2421 4614 στηρίου
2452 4543 2544 4596 τοῦ
2573 4545 2830 4598 ἀπέναντι
2859 4545 3081 4617 Κυρίου.
3104 4547 3213 4600 Kal
3237 4546 3429 4619 πλήσει
3455 4547 3554 4612 τὰς
3586 4552 3767 4621 χεῖρας

2202 4633 2366 4687 αὐτοῦ
2401 4634 2740 4706 θυμιάματος
2789 4635 3086 4700 συνθέσεως
3142 4637 3362 4710 λεπτῆς,
3397 4639 3522 4692 καὶ·
3549 4640 3768 4694 εἰσοίσει

2204 4728 2464 4799 ἐσώτερον
2491 4728 2584 4782 τοῦ
2626 4729 3132 4801 καταπετάσματος.
3187 4730 3272 4785 1'5.
3302 4731 3410 4784 Kal
3435 4731 3686 4804 ἐπιθήσει
3711 4731 3769 4786 τὸ

2202 4816 2450 4888 θυμίαμα
2493 4818 2585 4870 ἐπὶ
2616 4819 2677 4870 τὸ
2704 4817 2815 4890 πῦρ
2848 4818 3026 4874 ἔναντι
3059 4821 3286 4892 Κυρίου,
3321 4820 3418 4874 καὶ
3459 4820 3690 4892 καλύψει
3732 4824 3764 4892 ἡ

2201 4910 2361 4979 ἀτμὶς
2389 4909 2482 4962 τοῦ
2516 4909 2852 4980 θυμίαματος
2876 4911 2936 4964 τὸ
2970 4911 3277 4983 ἱλαστήριον
3300 4912 3361 4965 τὸ
3389 4913 3610 4966 ἐπὶτῶν
3635 4930 3769 4985 μαρ-

2200 4999 2422 5070 τυρίων,
2449 5003 2540 5052 καὶ
2573 5002 2673 5054 οὐκ
2698 5001 3066 5056 ἀποθανεῖται.
3103 5002 3185 5055 14.
3223 5003 3332 5056 Kal
3364 5003 3641 5075 λήμψεται
3666 5002 3768 5058 ἀπὸ

2202 5089 2293 5141 τοῦ
2328 5090 2555 5159 αἵματος
2581 5090 2674 5142 τοῦ
2727 5090 2948 5160 μόσχου,
2979 5092 3074 5146 καὶ
3098 5095 3250 5163 pave!
3296 5091 3374 5164 τῷ
3401 5094 3654 5166 δακτύλῳ
3673 5095 3767 5148 αύ-

2201 5178 2292 5231 τοῦ
2322 5180 2412 5232 ἐπὶ
2434 5180 2494 5232 τὸ
2546 5181 2850 5251 ἱλαστήριον
2896 5185 3035 5238 κατὰ
3079 5183 3360 5250 ἀνατολὰς,
3421 5185 3564 5238 κατὰ
3601 5185 3765 5258 πρόσ-

2200 5286 2347 5322 ωπον
2363 5269 2455 5322 τοῦ
2481 5269 2668 5341 ἱλαστη
2679 5271 2810 5341 ρίου·
2831 5273 2922 5324 καὶ
2951 5275 3101 5344 ρανεῖ
3121 5275 3345 5338 ἑπτάκις
3359 5275 3466 5329 ἀπὸ
3493 5276 3588 5330 τοῦ
3605 5278 3765 5348 αἷμα·-

2203 5374 2291 5418 τος
2329 5355 2406 5426 τῷ
2437 5357 2681 5428 δακτύλῳ
2709 5359 2892 5413 αὑτοῦ.
2923 5362 3008 5416 15.
3045 5364 3155 5416 Kal
3201 5363 3390 5432 σφάξει
3420 5365 3512 5418 τὸν
3539 5367 3764 5438 χίμαρον

2202 5446 2293 5498 τὸν
2321 5447 2447 5516 περί
2471 5446 2570 5516 τῆς
2599 5449 2872 5522 ἁμαρτίας
2900 5453 2989 5506 τὸν
3019 5454 3168 5526 παρὰ
3199 5455 3292 5507 τοῦ
3334 5455 3462 5510 λαοῦ
3493 5472 3556 5513 οι-
3592 5458 3762 5514 ἔναντι

2202 5538 2408 5608 Κυρίου
2438 5539 2458 5607 ζ
2489 5539 2582 5592 καὶ
2609 5541 2825 5595 εἰσοίσει
2879 5543 2972 5596 τοῦ
3029 5545 3258 5615 αἵματος
3290 5547 3452 5600 αὑτοῦ
3501 5549 3760 5620 ἐσώτερον

2202 5629 2294 5681 τοῦ
2329 5633 2829 5702 καταπετάσματος.
2867 5636 2976 5689 Kal
3018 5639 3232 5708 ποιήσει
3253 5639 3312 5691 τὸ
3344 5631 3482 5710 αἷμα
3517 5639 3680 5695 αὐτοῦ
3706 5638 3760 5692 δν

2189 5723 2389 5791 τρόπον
2419 5723 2672 5794 ἐποίησεν
2727 5727 2790 5780 τὸ
2821 5724 2956 5798 αἷμα
2988 5729 3083 5781 τοῦ
3122 5731 3323 5801 μόσχου
3378 5733 3472 5786 καὶ
3527 5733 3680 5803 pave!
3702 5727 3758 5783 τὺ

2189 5805 2328 5900 αἱμα
2360 5813 2523 5867 αὐτοῦ
2549 5816 2639 5869 ἐπὶ
2668 5818 2727 5871 τὸ
2781 5819 3112 5892 ἱλαστήριον,
3161 5823 3299 5878 κατὰ
3331 5825 3623 5892 πρόσωπον
3665 5818 3754 5874 τοῦ
