3906 6518
207 431 282 487 691
1420 421 1712 481 LEVITICI

1836 425 1904 480 Ρ.
1950 423 2106 496 xvr._

205 553 427 620 spectant,
442 551 777 620 puniamur
804 556 870 620 ex
897 539 1202 598 Basiliensi.

263 616 313 672 V.
336 616 417 670 27.
440 612 520 668 Ex
553 612 856 667 Basiliensi.

257 687 312 744 ν.
346 688 424 742 55.
454 687 652 750 Ἄλλη
687 681 939 754 όδυνηρᾷ.
973 681 1051 736 Ex
1076 682 1390 752 Basiliensi,
1443 685 1535 756 qui
1562 683 1728 738 inter-

201 767 370 831 ρτςιθηι
396 764 553 831 Ηίθεὲο

257 829 372 883 Ibid.
395 824 469 880 Ex
500 823 806 880 Basiliensi.

258 899 361 953 Haec
398 904 652 968 notantur
687 894 741 968 i_n
770 892 1000 968 Coi_s_lin.
1034 895 1103 950 ad
1145 895 1414 968 miargtrV.
1440 897 1490 950 I.
1523 899 1599 961 0',
1631 896 1726 968 καὶ

199 970 417 1042 itaque,
441 982 514 1020 tn.
540 966 634 1020 καὶ
660 960 832 1018 εἶπεν.
860 963 924 1018 V.
964 973 1144 1020 autem
1179 967 1213 1020 5
1239 960 1728 1037 réliquorum’qui-

3301 429 3405 484 ϐἔῖ

1838 545 1960 614 dem
1996 544 2349 614 interpretum
2397 545 2654 601 lectiones
2688 555 2745 600 ut
2781 546 2832 600 in
2862 545 3180 610 Basiliensi;
3216 545 3308 600 sed
3349 547 3403 598 in

1830 613 2058 685 Cpislin.
2107 613 2387 685 adjicitur,
2417 619 2637 685 Σαμαρ.
2661 656 2675 679 ,
2716 617 3035 677 ἐσπίλωσεν.
3082 617 3363 670 maculavit
3391 635 3406 678 ;

1833 683 2378 757 adﬁl‘heodotionem‘
2397 683 2524 739 vero
2577 683 2772 740 melius
2809 687 3028 757 legitur,
3072 688 3407 757 ὲσφράγικεδ)

1833 702 1915 753 au,
1950 702 2362 741 tneououonem
2397 702 2524 739 vero
2577 702 2772 740 meuus
2809 702 3028 757 tegitur,
3072 702 3173 756 εσφ
3213 702 3248 740 α
3290 702 3401 739 ικεν

1831 754 2124 839 obsignauit
2150 797 2165 818 ,
2207 757 2296 808 ubi
2349 754 2696 839 B_asiliensis,
2719 760 3120 839 ’ἐσφράγισταιε
3341 763 3401 808 (γ

1834 825 2204 898 προσσιελίσῃ,
2237 841 2313 879 m.
2345 825 2404 878 τὸ
2439 826 2596 896 σῶμα
2631 827 2827 899 πτύσῃ.
2848 825 2910 882 ν.
2935 825 2987 881 9.
3009 829 3405 895 Ο’,ἐπίσαγμιο,

1834 910 1914 948 m.
1933 895 2195 967 κάθισμα.
2232 895 2293 949 V.
2337 897 2422 967 17.
2459 897 2548 957 0',
2586 892 2682 967 ἦν,
2719 913 2792 950 m.
2823 897 3065 966 γένηται.
3105 896 3167 952 V.
3206 899 3294 951 20.
3331 899 3405 958 0’,

1832 910 1914 948 m.
1933 910 2195 966 καυισμα.
2238 910 2293 949 γ.
2337 910 2422 950 tl.
2459 910 2508 948 U'
2534 936 2548 957 ,
2586 910 2682 967 ην,
2719 913 2792 950 m.
2823 910 3065 966 γενηται.
3111 910 3167 952 V.
3206 910 3294 951 zu.
3331 910 3407 958 U’,

1833 965 2173 1037 κοιτάζηται,
2219 982 2294 1020 m.
2324 965 2664 1036 καθευδήσει.

685 1120 930 1178 CAPUT
959 1121 1098 1178 XVI
1137 1123 1508 1192 LEVITICI,
1558 1122 1657 1178 EX
1707 1121 1969 1177 EODEM
1999 1121 2282 1179 CODICE
2324 1121 2675 1179 COLBERT.
2709 1124 2869 1180 5084.

195 1257 492 1329 ίλαστηρίου.
554 1257 639 1311 16.
695 1258 808 1312 Καὶ
839 1256 1144 1323 ἐξιλάσεται
1191 1259 1251 1313 τὸ
1271 1260 1421 1329 ἅγιον
1473 1260 1582 1314 ἀπὸ
1625 1259 1732 1314 τῶν

193 1349 506 1422 ἀκαθαρσιῶν
531 1349 640 1402 τῶν
677 1348 806 1403 υἱῶν
849 1351 1086 1423 Ἰσραὴλ,
1115 1353 1210 1405 καὶ
1249 1353 1359 1406 ἀπὸ
1404 1351 1512 1406 τῶν
1540 1353 1731 1423 ἀδικη-

191 1445 350 1517 μάτων
378 1441 554 1497 αὐτῶν
612 1443 740 1515 περὶ
783 1443 972 1497 πασῶν
1022 1443 1130 1496 τῶν
1191 1443 1474 1516 ἁμαρτιῶν
1532 1443 1727 1497 αὐτῶν.

190 1537 282 1591 Καὶ
327 1532 463 1588 οὔτω
515 1533 729 1604 ποιήσει
802 1535 868 1603 τῇ
919 1535 1094 1605 σκη¹νῇ
1155 1533 1248 1586 τοῦ
1308 1533 1606 1606 μαρτυρίου
1662 1536 1728 1606 τῇ

187 1625 447 1696 ἐκτισμένῃ
473 1626 529 1677 ἐν
559 1625 740 1688 αὐτοῖς
763 1625 822 1677 ἐν
851 1623 999 1695 μέσῳ
1029 1625 1128 1695 τῆς
1159 1624 1498 1696 ἀκαθαρσίας
1529 1625 1727 1679 αὐτῶν.

189 1718 259 1771 I'l.
291 1718 391 1770 Kal.
422 1719 529 1780 πᾶς
566 1716 849 1788 ἄνθρωπος
881 1717 981 1770 οὐκ
1013 1716 1164 1770 ἔσται
1216 1719 1273 1770 ἐν
1309 1720 1373 1788 τῇ
1423 1719 1594 1789 σκηνῇ
1635 1717 1728 1770 τοῦ

186 1806 480 1879 μαρτυρίου,
539 1807 992 1880 είσπορευομένου
1042 1806 1205 1872 αὐτοῦ
1263 1807 1611 1872 ἐξιλάσασθαι
1673 1809 1730 1861 ἐν

183 1896 251 1967 τῷ
277 1897 426 1969 ἁγίῳ,
452 1898 560 1963 ἕως
579 1898 644 1952 ἂν
673 1897 884 1972 ἐξέλθῃ*
937 1898 1032 1952 καὶ
1060 1898 1364 1963 ἐξιλάσεται
1391 1899 1518 1971 περὶ⁵
1559 1898 1725 1954 αὐτοῦ

183 1988 361 2042 καὶτοῦ
392 1990 542 2043 οῐκου
577 1989 739 2044 αὑτοῦ
781 1991 874 2044 καὶ
899 1992 1030 2062 περ)⁹
1073 1990 1252 2062 πάσης
1292 1991 1609 2062 συναγωγῆς
1632 1990 1732 2062 τῆς

193 2080 402 2152 Ἰσραήλ.
461 2080 549 2135 18.
602 2083 711 2136 Καὶ
765 2081 1104 2147 ἐξελεύσεται
1131 2082 1223 2135 ἐπὶ
1249 2083 1312 2135 τὸ
1354 2082 1732 2154 θυσιαστήριον

180 2172 232 2224 τὸ
269 2172 322 2226 ὃν
362 2173 623 2228 ἀπέναντι
669 2173 899 2247 Κυρίου,
934 2175 1027 2228 καὶ
1060 2173 1362 2241 ἐξιλάσεται
1417 2176 1503 2228 ἐπ’
1538 2174 1734 2239 αὐτοῦ,

180 2265 261 2317 καὶ
280 2265 548 2336 λήμψεται
579 2267 688 2320 ἀπὸ
712 2266 806 2320 τοῦ
855 2267 1084 2339 αἵματος
1113 2266 1206 2322 τοῦ
1249 2267 1471 2339 μόσχου,
1494 2269 1588 2321 καὶ
1629 2267 1736 2321 ἀπὺ

178 2355 258 2410 τοῦ
283 2357 510 2428 αἵματος
535 2358 627 2411 τοῦ
657 2359 910 2430 χιμάρου·
929 2359 1022 2413 καὶ
1047 2358 1294 2431 ἐπιθήσει
1320 2361 1411 2413 ἐπὶ
1435 2360 1504 2415 τὰ
1533 2361 1736 2432 κέρατα

177 2447 256 2500 τοῦ
278 2449 658 2522 θυσιαστηρίου
692 2449 894 2520 κύκλῳ.
929 2450 1016 2506 I9.
1045 2452 1155 2505 Καὶ
1178 2453 1331 2522 ρανεῖ
1353 2451 1585 2505 ἐπάύτὸ
1627 2451 1736 2506 ἀπὸ

178 2538 258 2592 τοῦ
287 2541 518 2613 αἵματος
531 2540 608 2612 τῷ
627 2541 872 2612 δακτύλῳ
905 2541 1068 2595 αὐτοῦ
1100 2543 1350 2607 ἑπτάκις-ο
1371 2544 1464 2596 καὶ
1484 2542 1737 2616 καθαριεῖ

174 2632 290 2685 αὐτὸ
309 2635 399 2686 καί
422 2633 643 2702 ἀγιάσει
676 2634 804 2687 αὐτὸ
834 2635 942 2688 ἀπὸ
963 2634 1071 2689 τῶν
1100 2634 1451 2708 ἀκαθαρσιῶν
1471 2635 1578 2688 τῶν
1605 2634 1734 2688 υίῶν

184 2721 400 2794 Ἰσραήλ.
423 2724 516 2778 20.
532 2725 640 2778 Kal
667 2722 972 2776 συντελέσει
1031 2723 1446 2794 ἐξιλασκόμενος
1467 2722 1528 2775 τὸ
1558 2724 1732 2790 ἆγιον,

171 2811 253 2865 καὶ
269 2813 364 2884 τὴν
397 2813 606 2886 σκηνὴν
658 2813 752 2867 τοῦ
785 2813 1090 2886 μαρτυρίου
1136 2815 1317 2868 καὶτὸ
1350 2813 1734 2886 θυσιαστήριον

175 2917 228 2960 -ι-
261 2905 350 2958 ml
379 2908 512 2978 περὶ
533 2907 641 2960 τῶν
671 2906 862 2978 ἱερέων
887 2907 1140 2979 καθαριεῖ
1176 2909 1198 2977 ζ
1236 2909 1330 2961 καὶ
1360 2905 1618 2978 προσάξει
1643 2906 1734 2960 τὸν

168 2997 386 3070 χίμαρον
409 3000 504 3052 τὸν
556 2998 755 3063 ζῶντα.
797 2997 887 3052 2|.
927 3001 1037 3053 Καὶ
1071 2999 1321 3075 ἐπιθήσει
1370 2996 1582 3069 Ἀαρὼν
1638 2997 1736 3060 τὰς

168 3089 250 3143 δύο
270 3094 457 3163 χεῖρας
490 3091 658 3144 αὑτοῦ
680 3093 771 3144 ἐπὶ
796 3092 896 3164 τὴν
946 3090 1187 3162 κεφαλὴν
1213 3089 1307 3144 τοῦ
1359 3089 1594 3161 χιμάρου
1641 3088 1734 3142 τοῦ

167 3179 370 3246 ζῶντος,
397 3183 494 3236 καὶ
519 3182 862 3254 ἐξαγορεύσει
888 3182 974 3234 ἐπ’
994 3181 1157 3234 αὐτοῦ
1184 3181 1362 3244 πάσας
1389 3179 1488 3242 τὰς
1508 3179 1736 3251 ἀνομίας

167 3272 262 3325 τῶν
290 3275 420 3327 υἱῶν
453 3273 693 3346 Ἰσραὴλ,
724 3273 817 3326 καὶ
846 3275 1024 3336 πάσας
1055 3271 1152 3335 τὰς
1175 3272 1387 3335 ἀδικίας
1419 3271 1616 3332 αὐτῶν,
1643 3273 1736 3326 καὶ

165 3364 402 3437 ἐπιθήσει
446 3365 620 3430 αύτάς
643 3367 734 3417 ἐπὶ
756 3367 855 3436 τὴν
878 3364 1117 3435 κεφαλὴν
1165 3363 1255 3417 τοῦ
1283 3365 1516 3435 χιμάρου
1546 3377 1606 3418 σθ
1639 3362 1732 3415 τοῦ

165 3455 351 3520 ζῶντος
389 3458 412 3527 ζ
459 3457 558 3510 καὶ
579 3456 924 3523 ἐξαποστελεῖ
946 3457 1004 3509 ἐν
1031 3458 1175 3529 χειρὶ
1210 3454 1495 3526 ἀνθρώπου
1519 3456 1734 3526 ἑτοίμου

164 3546 236 3609 είς
263 3547 359 3619 τὴν
391 3548 496 3620 ἐρη
505 3565 623 3619 μον.
656 3547 745 3601 22.
767 3548 873 3600 Καὶ
891 3546 1161 3618 λήμψεται
1186 3550 1213 3601 ὁ
1232 3545 1464 3618 χίμαρος
1487 3547 1570 3616 ἐφ’
1588 3546 1736 3618 αύτῷ

166 3638 331 3703 πάσας
361 3641 466 3704 τὰς
495 3639 708 3704 ἀδικίας
738 3639 918 3692 αὐτῶν
973 3641 1053 3704 είς
1098 3639 1196 3710 τὴν
1241 3639 1458 3692 ἄϐατον·
1506 3640 1600 3692 καὶ
1647 3638 1735 3704 ἐξ·

164 3731 446 3786 ἀποστελεῖ
484 3733 576 3784 τὸν
609 3733 841 3803 χίμαρον
869 3733 948 3793 εἰς
972 3731 1069 3802 τὴν
1111 3730 1336 3802 ἔρημον.
1368 3730 1456 3785 25.
1491 3732 1600 3784 Καὶ
1627 3732 1738 3784 είσ-

164 3823 431 3879 ελεύσεται
464 3824 678 3896 Ἀαρὼν
706 3827 784 3889 εἰς
803 3825 901 3894 τὴν
937 3825 1139 3896 σκηνὴν
1159 3823 1252 3876 τοῦ
1288 3823 1607 3896 μαρτυρίου,
1642 3825 1736 3876 καὶ

166 3917 441 3972 ἐκδύσεται
475 3919 578 3990 τὴν
624 3915 814 3989 στολὴν
842 3917 939 3988 τὴν
985 3915 1135 3985 λινῆν
1159 3917 1225 3987 ἢν
1251 3914 1517 3968 ὲνδεδύκει
1550 3916 1734 3968 εἰσπο-

170 4009 453 4080 ρευομένου
481 4007 648 4062 αὐτοῦ
679 4009 756 4070 είς
781 4007 841 4060 τὸ
888 4005 1062 4074 ἅγιονο
1107 4006 1201 4058 καὶ
1258 4003 1520 4076 ἀποθήσει
1570 4003 1738 4074 αὐτὴν

166 4099 289 4154 ἐκεῖ.
320 4101 413 4156 24.
433 4102 551 4155 Καὶ
581 4100 829 4152 λούσεται
861 4098 922 4152 τὸ
955 4097 1113 4168 σῶμα
1141 4096 1306 4150 αὑτοῦ
1329 4096 1479 4150 ὕδατι
1511 4100 1566 4150 ἐν
1591 4097 1737 4166 τόπῳ

169 4192 314 4263 ἁγίῳο
357 4196 457 4248 καὶ
486 4193 766 4246 ἐνδύσεται
796 4192 892 4263 τὴν
921 4191 1113 4262 στολὴν
1152 4189 1336 4253 αὐτοῦ,
1383 4190 1476 4242 καὶ
1509 4188 1737 4256 ἐξελθὼν

164 4288 365 4356 ποιήσει
414 4287 479 4340 τὸ
527 4287 882 4356 ὀλοκαύτωμα
939 4283 1124 4349 αὐτοῦ,
1155 4285 1249 4336 καὶ
1291 4284 1350 4336 τὸ
1381 4281 1735 4352 ὁλοκαύτωμα

158 4379 242 4428 τοῦ
275 4379 433 4442 λαοῦ,
464 4380 566 4432 καὶ
617 4377 919 4444 ὲξιλάσεται
954 4393 1018 4427 πε
1030 4378 1083 4446 ρ).
1125 4375 1289 4429 αὑτοῦ
1337 4376 1428 4428 καὶ
1457 4374 1552 4426 τοῦ
1585 4374 1732 4426 οἴκου

162 4469 336 4534 αὐτοῦ,
368 4471 470 4524 καὶ
505 4470 636 4542 περί⁸
667 4469 759 4524 τοῦ
813 4469 965 4522 λαοῦ.
991 4468 1081 4523 25.
1118 4467 1227 4521 Καὶ
1249 4467 1308 4520 τὺ
1333 4467 1497 4538 στέαρ
1520 4467 1580 4518 τὸ
1608 4467 1734 4538 περὶ

160 4565 256 4617 τῶν
281 4565 577 4638 ἁμαρτιῶν
604 4565 803 4618 ἀνοίσει
855 4565 946 4617 ἐπὶ
975 4564 1044 4616 τὸν
1063 4562 1464 4632 θυσιαστήριον.
1494 4560 1582 4613 26.
1626 4560 1736 4615 Καὶ

161 4657 625 4724 ὀέξαποστέλλων
673 4658 762 4710 τὸν
801 4656 1030 4727 χίμαρον
1080 4655 1170 4707 τὸν
1231 4651 1609 4716 διεσταλμένον
1657 4652 1736 4714 είς

160 4749 366 4817 ἄφεσιν,
396 4752 599 4805 πλυνεῖ
647 4750 715 4801 τὰ
774 4748 964 4819 ίμάτια
996 4745 1182 4811 αὐτοῦ,
1245 4745 1339 4798 καὶ
1387 4743 1633 4796 λούσεται
1677 4743 1738 4794 τὸ

163 4839 311 4912 σῶμα
348 4842 526 4896 αὑτοῦ
559 4840 732 4894 ὓδατγ
762 4837 899 4910 μετὰ
929 4838 1103 4892 ταέτα
1143 4835 1506 4890 εἰσελεύσεται
1537 4837 1616 4897 είς
1639 4833 1738 4903 τὴν

160 4934 536 5005 παρεμϐολήν.
567 4931 658 4986 27.
696 4931 805 4984 Καὶ
840 4931 931 4984 τὸν
956 4931 1151 5001 μόσχον
1175 4927 1263 4981 τὸν
1299 4927 1542 4998 περὶτῆς
1564 4927 1740 4996 ἀμαρ-

160 5025 289 5088 τίας.
314 5027 414 5080 καὶ
442 5026 540 5079 τὸν
587 5024 820 5095 χίμαρον
863 5023 954 5077 τὸν
1013 5022 1141 5093 περ).
1189 5021 1306 5092 τῆς
1339 5019 1634 5090 ἁμαρτίας,
1665 5010 1738 5069 ὧν

158 5116 443 5188 εἰσηνέχθη
474 5116 539 5168 τὸ
588 5109 724 5185 αἷμα
755 5112 934 5166 αὐτῶν
983 5110 1328 5178 ἐξιλάσασθαι
1351 5110 1409 5161 ἐν
1457 5106 1534 5179 τῷ
1578 5107 1736 5175 ἁγίῳ,

162 5206 345 5271 ἐξοίσει
379 5208 531 5262 αὺτά
563 5205 667 5271 ἔξω
701 5205 800 5276 τῆς
827 5203 1196 5277 παρεμϐολῆς,
1240 5202 1336 5256 καὶ
1364 5199 1741 5255 κατακαύσου-

163 5315 238 5351 σιν
259 5300 315 5352 ἐν
356 5300 502 5368 πυρὶ
531 5298 598 5351 τὰ
625 5297 872 5369 δέρματα
922 5295 1120 5360 αὐτῶν,
1155 5295 1246 5349 καὶ
1277 5293 1345 5348 τὰ
1371 5293 1507 5366 κρέα
1541 5293 1739 5354 αὐτῶν,

163 5394 249 5446 καὶ
274 5393 375 5464 τὴν
397 5393 612 5462 κόπρον
633 5389 831 5444 αὐτῶν.
893 5387 982 5444 28.
1041 5389 1098 5441 '0
1147 5386 1202 5440 δὲ
1263 5387 1572 5440 κατακαίων
1604 5385 1743 5439 αύτά

162 5483 346 5539 πλυνεῖ
364 5485 443 5540 τὰ
471 5485 668 5555 ἱμάτια
689 5481 882 5546 αὐτοῦ,
916 5481 1012 5536 καὶ
1057 5479 1306 5534 λούσεται
1352 5479 1412 5533 τὸ
1455 5479 1614 5550 σῶμα
1646 5479 1744 5532 αύ-

141 5563 249 5629 ’,τοῦ
288 5577 472 5631 ὓδατιο
526 5576 622 5630 καὶ
679 5573 816 5645 μετά
857 5572 1030 5626 ταῦτα
1066 5570 1460 5636 ,εἰσελεύσεται
1518 5573 1597 5636 είς
1646 5571 1743 5643 τὴν

163 5667 544 5740 παρεμϐολήν.
577 5666 668 5722 29.
702 5681 766 5722 σι-
820 5667 930 5720 Kal.
963 5664 1114 5717 ἐσται
1145 5663 1303 5718 τοῦτο
1353 5656 1744 5735 ύμῖν’νὸμιμον

165 5763 373 5819 αἰώνιον
411 5765 436 5833 ζ
476 5765 541 5816 ἐν
566 5762 644 5835 τῷ
668 5762 796 5833 μηνὶ
827 5760 903 5832 τῷ
933 5757 1165 5829 ἑϐδόμῳ,
1195 5757 1395 5830 δεκάτῃ
1434 5757 1528 5811 τοῦ
1556 5757 1741 5840 μηνός,

165 5857 536 5911 ταπεινώσετε
568 5854 665 5919 τάς
687 5853 862 5926 ψυχὰς
877 5853 905 5906 ύ
914 5854 1050 5924 μῶν,
1078 5853 1170 5908 καὶ
1202 5855 1310 5907 πᾶν
1332 5853 1488 5923 ἔργον
1511 5853 1570 5906 ού
1602 5853 1746 5923 ποιήο

1837 1255 2000 1312 domo
2054 1272 2186 1321 sua,
2223 1266 2278 1312 ct
2333 1273 2429 1327 pro
2471 1260 2621 1314 omni
2670 1273 2940 1330 synagoga
2985 1255 3169 1313 Israel.
3227 1257 3312 1312 I8.
3343 1256 3408 1311 Et

1835 1349 2141 1421 egredietur
2185 1351 2250 1404 ad
2283 1352 2473 1414 altare,
2505 1352 2650 1422 quod
2692 1361 2775 1406 est
2802 1367 2984 1407 coram
3037 1351 3270 1406 Domino
3305 1370 3318 1404 :
3354 1363 3408 1406 et

1834 1439 2074 1510 expiabit
2103 1457 2265 1511 super
2294 1443 2446 1504 illud,
2477 1453 2530 1498 et
2557 1451 2735 1498 sumet
2764 1444 2830 1496 de
2851 1443 3119 1512 sanguine
3147 1429 3326 1509 vituli;
3355 1453 3407 1496 et

1836 1530 1902 1585 de
1931 1531 2197 1600 sanguine
2244 1532 2402 1598 hirci,
2432 1542 2485 1587 et
2509 1533 2752 1602 imponet
2779 1547 2945 1602 super
2974 1548 3183 1587 cornua
3217 1533 3405 1588 altaris

1836 1619 1893 1673 in
1924 1619 2192 1684 circuitu.
2217 1621 2301 1675 19.
2327 1621 2394 1674 Ει
2419 1635 2666 1692 asperget
2697 1638 2860 1693 super
2890 1623 3020 1677 illud
3045 1623 3113 1679 de
3146 1625 3410 1693 sanguine

1836 1707 2006 1780 digito
2042 1725 2142 1764 suo
2171 1711 2388 1780 septies,
2433 1722 2489 1766 et
2520 1713 2802 1770 mundabit
2832 1715 2985 1780 illud,
3022 1724 3076 1770 et
3100 1717 3408 1772 sanctiﬁca-

1833 1799 1916 1854 bit
1947 1800 2077 1855 illud
2106 1801 2174 1856 ab
2204 1803 2567 1859 immunditiis
2582 1803 3015 1862 ﬁliorumlsrael.
3046 1807 3136 1862 20.
3163 1807 3228 1863 Et
3245 1813 3407 1879 perli-

1834 1891 1942 1947 ciet
1972 1893 2197 1961 expinns
2247 1905 2518 1960 sanctum,
2550 1906 2604 1951 et
2650 1898 3060 1954 tabernaculum
3111 1902 3408 1956 testimonii

1839 1992 1893 2039 et
1927 1985 2099 2041 altare
2131 2000 2192 2042 -ι-
2227 1995 2281 2040 et
2310 2002 2408 2057 pro
2431 1987 2806 2044 sacerdotibus
2833 1991 3159 2061 mundabit:
3187 2002 3244 2048 et
3273 1993 3406 2048 olfe-

1839 2088 1921 2133 ret
1950 2078 2163 2134 hircum
2203 2081 2490 2136 viventem.
2550 2081 2640 2136 2i.
2675 2081 2742 2136 Et
2773 2083 3014 2152 imponet
3058 2087 3238 2140 Aaron
3272 2086 3410 2141 duas

1836 2185 2032 2226 manus
2069 2188 2201 2229 suas
2229 2189 2393 2244 super
2423 2183 2586 2245 caput
2618 2175 2757 2230 hirci
2789 2177 3021 2234 viventis
3053 2196 3067 2235 :
3097 2187 3152 2233 et
3183 2181 3408 2235 conﬁtc-

1834 2260 1982 2316 bitur
2012 2277 2174 2332 super
2204 2278 2270 2319 eo
2298 2280 2488 2321 omnes
2533 2265 2848 2334 iniquitates
2879 2268 3116 2324 ﬁliorum
3146 2268 3334 2336 Israel,
3359 2281 3411 2324 et

1834 2366 2025 2410 omnes
2059 2353 2357 2423 injustitias
2385 2371 2599 2423 eorum,
2635 2366 2691 2414 et
2736 2359 2978 2429 imponet
3008 2376 3101 2416 eas
3127 2377 3290 2431 super
3313 2377 3409 2416 ca-

1833 2455 1931 2517 put
1959 2447 2096 2502 hirci
2124 2461 2188 2504 -ι-
2223 2448 2454 2504 viventis
2509 2449 2532 2520 ζ
2564 2460 2618 2506 et
2657 2451 2869 2506 emittet
2895 2452 2949 2506 in
2981 2468 3145 2508 manu
3174 2453 3410 2509 hominis

1831 2537 2010 2608 parati
2064 2537 2120 2592 in
2170 2537 2467 2594 desertum.
2517 2538 2607 2594 22.
2639 2537 2706 2594 Et
2737 2539 2884 2596 tollet
2912 2540 3098 2596 hircus
3125 2557 3288 2614 super
3320 2558 3408 2597 se-

1833 2629 2012 2700 ipsum
2044 2644 2232 2684 omnes
2266 2630 2563 2698 injustitias
2589 2646 2778 2687 eorum
2812 2632 2866 2686 in
2893 2633 3092 2688 inviam
3126 2651 3139 2686 :
3173 2643 3229 2689 et
3249 2634 3408 2689 emi:-

1835 2730 1909 2777 tet
1937 2722 2147 2777 hircum
2175 2723 2228 2777 in
2253 2724 2550 2779 desertum.
2589 2723 2679 2778 25.
2707 2723 2770 2778 Et
2794 2724 3124 2794 ingredietur
3145 2725 3322 2782 Aaron
3356 2730 3408 2780 in

1834 2813 2243 2869 tabernaculum
2279 2814 2596 2880 testimonii,
2633 2826 2685 2869 et
2731 2823 2894 2870 exuet
2942 2816 3136 2871 stolam
3188 2817 3406 2883 lineam,

1833 2918 1998 2973 quam
2035 2903 2298 2968 induerat
2341 2906 2674 2976 ingrediente
2719 2923 2785 2962 eo
2815 2908 2866 2963 in
2897 2920 3143 2964 sanctum
3187 2927 3200 2962 :
3231 2921 3286 2965 et
3318 2913 3411 2966 de-

1834 3006 2000 3063 ponet
2043 3010 2163 3050 eam
2214 2997 2342 3054 illic.
2396 2998 2486 3052 24.
2518 2997 2584 3052 Et
2612 2999 2814 3054 Iavabit
2839 3015 3038 3072 corpus
3067 3016 3226 3056 suum
3266 3018 3407 3074 aqua

1835 3085 1891 3139 in
1920 3085 2040 3141 loco
2087 3097 2299 3153 sancto,
2346 3098 2400 3144 et
2429 3088 2616 3144 induet
2658 3091 2851 3146 stolam
2889 3107 3043 3153 suam
3090 3111 3105 3148 :
3137 3102 3189 3148 et
3221 3094 3410 3148 exiens

1836 3176 1998 3234 faciet
2032 3179 2408 3236 holocaustum
2453 3199 2635 3248 suum,
2665 3194 2718 3238 et
2747 3185 3124 3240 holocaustum
3169 3188 3352 3258 populi
3394 3207 3407 3242 :

1836 3279 1890 3325 et
1914 3269 2153 3340 expiabit
2184 3287 2281 3342 pro
2315 3289 2392 3338 se,
2429 3284 2480 3330 et
2514 3291 2612 3345 pro
2641 3278 2804 3332 domo
2829 3294 2950 3341 sua,
2982 3288 3035 3333 et
3060 3295 3159 3349 pro
3186 3283 3408 3350 papula.

1837 3361 1929 3418 25.
1959 3360 2027 3416 Et
2070 3363 2304 3433 adipem,
2335 3366 2428 3436 qui
2467 3382 2565 3436 pro
2595 3373 2852 3438 peccatis.
2899 3370 3088 3427 offeret
3134 3387 3299 3442 super
3334 3377 3412 3428 ai-

1838 3464 1972 3510 tare.
2030 3455 2117 3510 26.
2152 3456 2219 3512 Et
2260 3460 2352 3530 qui
2401 3462 2602 3516 emittit
2629 3462 2842 3517 hircum
2877 3475 3218 3535 segregatum
3247 3467 3300 3520 in
3334 3484 3410 3521 rc-

1837 3547 2178 3613 missionem,
2229 3551 2429 3606 lavabit
2471 3553 2793 3608 vestimenta
2822 3571 2942 3620 sua,
2974 3566 3028 3610 et
3059 3556 3258 3612 lavabit
3285 3573 3409 3612 cor-

1837 3655 1942 3709 pus
1972 3657 2130 3696 suum
2177 3658 2318 3712 aqua
2355 3667 2368 3698 ;
2403 3655 2525 3714 post
2571 3645 2686 3700 haec
2733 3647 3064 3716 ingredietur
3109 3650 3164 3704 in
3207 3657 3406 3704 castra.

1837 3733 1928 3788 27.
1955 3733 2021 3787 Et
2043 3735 2270 3790 vitulum
2306 3752 2406 3807 pro
2431 3747 2676 3808 peccato,
2711 3748 2768 3795 et
2795 3740 3004 3796 hircum
3035 3757 3133 3814 pro
3167 3753 3408 3814 peccatu,

1839 3839 2072 3893 quorum
2100 3827 2323 3897 sanguis
2347 3828 2526 3885 illatus
2556 3837 2639 3885 est
2662 3830 2729 3886 ad
2757 3832 3084 3902 expiandum
3113 3835 3168 3889 in
3197 3845 3410 3899 sancto,

1838 3915 2024 3972 efferet
2069 3933 2132 3972 ea
2180 3927 2334 3974 extra
2380 3929 2557 3976 castra
2589 3941 2602 3977 :
2638 3930 2693 3978 et
2737 3925 3060 3980 comburent
3096 3925 3219 3997 igne
3246 3927 3412 3996 pelles

1838 4025 2048 4076 eorum,
2075 4021 2128 4066 et
2155 4029 2348 4069 carnes
2373 4029 2588 4082 eorum,
2621 4025 2676 4070 et
2702 4016 2888 4071 limum
2917 4033 3126 4074 eorum.
3184 4017 3275 4074 28.
3305 4017 3408 4086 Qui

1839 4113 2018 4160 autem
2067 4107 2432 4162 combusserit
2481 4123 2566 4171 ea,
2603 4108 2805 4164 lavabit
2847 4111 3166 4166 vestimenta
3198 4126 3326 4176 sua,
3360 4119 3411 4161 rt

1840 4197 2039 4254 lavabit
2059 4214 2257 4269 corpus
2287 4215 2448 4254 suum
2481 4216 2621 4271 aqua
2656 4219 2671 4256 :
2703 4211 2757 4256 et
2786 4211 2971 4271 postea
3000 4203 3332 4274 ingredietur
3358 4204 3410 4256 in

1839 4296 2038 4343 castra.
2077 4287 2164 4343 29.
2193 4302 2257 4344 -ι-
2286 4288 2353 4343 Et
2397 4289 2501 4344 erit
2551 4291 2653 4345 hoc
2701 4291 2854 4346 vobis
2884 4292 3182 4362 legitimum
3216 4295 3414 4362 sempi‘

1795 4430 1797 4432 .
1840 4378 2102 4448 ternum:
2136 4379 2188 4432 in
2214 4394 2401 4434 mense
2426 4380 2677 4450 septimo,
2729 4382 2936 4436 decima
2967 4382 3172 4438 mensis
3191 4422 3206 4448 ,
3234 4383 3413 4436 humi-

1840 4470 2042 4527 Iiabitis
2073 4472 2284 4527 animas
2326 4481 2568 4539 vestras,
2603 4483 2656 4528 et
2695 4489 2857 4530 omne
2884 4489 3022 4545 opus
3044 4491 3151 4531 non
3181 4475 3412 4539 facietis,

1841 4561 2113 4632 indigena,
2160 4572 2211 4617 et
2238 4564 2564 4636 proselytus,
2610 4564 2702 4634 qui
2734 4566 3015 4635 appositus
3043 4575 3126 4621 est
3154 4568 3207 4621 in
3236 4567 3411 4622 vobis.

1839 4653 1926 4707 50.
1961 4653 2017 4708 ln
2046 4655 2148 4709 hac
2174 4654 2318 4709 enim
2348 4655 2435 4709 die
2457 4655 2697 4726 expiabit
2727 4671 2826 4726 pro
2855 4657 3031 4724 vobis,
3052 4658 3119 4712 ad
3149 4659 3388 4712 mundat:

1839 4743 1967 4798 dum
1990 4759 2086 4800 vos
2115 4745 2183 4799 ab
2205 4744 2460 4800 omnibus
2488 4747 2725 4815 peccatis
2750 4747 2968 4812 vestris,
2984 4756 3109 4803 ante
3125 4747 3412 4803 Dominum

1839 4837 2253 4892 mundabimini.
2315 4838 2405 4894 5i.
2435 4838 2671 4893 Sabbata
2718 4841 3068 4895 sabbatorum
3121 4850 3281 4896 erunt
3312 4857 3412 4897 vo-

1839 4928 1947 4994 bis,
1979 4936 2033 4983 et
2055 4928 2414 4985 humiliabitis
2440 4927 2653 4985 animas
2675 4940 2903 4996 vestras,
2931 4930 3231 5000 legitimum
3279 4946 3416 4987 scm-

1840 5022 2133 5091 piternum.
2190 5022 2280 5075 52.
2313 5021 2564 5092 Expiabit
2607 5024 2900 5090 sacerdos,
2953 5040 3113 5095 quem
3161 5026 3412 5082 unxeriut

1841 5130 1987 5180 eum,
2015 5123 2069 5169 et
2093 5129 2254 5184 quem
2286 5115 2831 5170 initiaverintmanus
2846 5115 2966 5185 ejus
2987 5117 3051 5170 ad
3083 5115 3412 5187 [ungendum

1843 5191 2147 5260 sacerdotio
2196 5215 2322 5276 post
2363 5216 2570 5275 patrem
2595 5208 2733 5276 ejus.
2789 5205 2856 5260 Et
2903 5208 3092 5262 induet
3131 5209 3322 5264 stolam
3359 5211 3414 5261 Ii-

1843 5313 2024 5364 neam,
2076 5298 2272 5353 stolam
2323 5308 2589 5353 sanctam.
2646 5294 2735 5354 55.
2773 5297 2840 5354 Et
2886 5300 3125 5370 expiabit
3157 5299 3415 5355 Sanctum

1845 5392 2045 5457 sancti,
2074 5399 2128 5445 et
2155 5391 2561 5446 tabernaculum
2604 5391 2924 5456 testimonii,
2956 5401 3009 5445 et
3032 5394 3202 5446 altare
3232 5391 3418 5459 expia-

1843 5485 1942 5548 bit,
1985 5492 2040 5538 et
2067 5499 2166 5553 pro
2209 5484 2605 5547 sacerdotibus,
2637 5493 2691 5538 et
2718 5500 2815 5553 pro
2839 5485 2988 5538 omni
3023 5500 3294 5556 synagoga
3327 5499 3420 5538 Gl;-

1845 5575 2033 5645 piabit.
2095 5574 2185 5629 54.
2217 5573 2284 5629 Et
2321 5574 2423 5629 erit
2471 5575 2576 5630 hoc
2605 5575 2760 5631 vobis
2803 5575 3101 5648 legitimum
3135 5576 3419 5647 sempiter-

1846 5683 1976 5722 num
2005 5667 2071 5721 ad
2096 5666 2429 5736 expiandum
2459 5681 2559 5736 pro
2577 5666 2702 5723 [iliis
2729 5666 2894 5723 Israel
2921 5669 2989 5723 ab
3013 5666 3266 5722 omnibus
3295 5682 3419 5738 pec-

1846 5760 1972 5814 tatis
2003 5773 2234 5825 eorum;
2271 5759 2438 5815 semel
2473 5759 2526 5814 in
2556 5773 2700 5815 anno
2722 5757 2835 5828 lict,
2872 5760 3012 5816 sicut
3040 5754 3420 5829 praecepitDo-

1847 5851 2028 5906 minus
2051 5848 2206 5905 Mosi.
