4050 6398
251 303 357 359 645

250 428 440 497 αὑτήν·
476 427 581 480 οὐκ
639 426 984 498 ὲκπορνεύσει
1016 429 1048 499 ἡ
1084 428 1176 498 γῆ,
1217 429 1312 482 καὶ
1362 427 1731 499 πλησθήσεται
1787 431 1820 500 ή

1526 303 1823 364 LEVlTlCl
1859 304 2013 360 CAP.
2060 304 2198 360 XIX.

3389 315 3491 370 646

1926 433 2073 477 tuam
2104 422 2475 492 prostituendo
2505 438 2658 490 eam;
2694 437 2800 478 non
2842 423 3202 481 fornicabitur
3228 432 3372 481 terra
3391 465 3408 492 ,
3441 441 3493 484 et

250 519 316 589 γῆ
341 517 593 586 ἀνομίας.
618 517 702 571 50.
739 517 818 570 Τὰ
855 517 1108 572 Σάϐϐατα
1135 535 1234 590 μου
1255 519 1570 587 φυλάξεσθε,
1597 521 1690 574 καὶ
1715 520 1814 574 ἀπὸ

1924 515 2236 584 implebitur
2257 524 2400 570 terra
2432 515 2736 588 iniquitate.
2778 516 2866 572 50.
2899 517 3134 573 Sabbata
3159 534 3282 573 mea
3311 530 3467 596 custo

249 609 352 663 τῶν
380 608 551 676 ἁγίων
581 626 676 679 μου
728 609 1125 681 φοϐηθήσεσθε⁸
1160 611 1268 680 ἐγὼ
1310 611 1529 685 Κύριος.
1561 613 1652 667 51.
1707 612 1822 664 Οὐκ

248 699 709 771 ἐπακολουθήσετε
759 701 1237 774 ἐγγαστριμύθοις,
1267 704 1358 756 καὶ
1411 707 1522 768 τοῖς
1552 705 1821 768 ὲπαοίδοις

246 792 304 843 οὐ
362 791 896 864 προαολληθήσεσθε
953 793 1310 864 ὲκμιανθῆναι
1357 793 1416 846 ὲν
1463 794 1665 858 αὐτοῖς’
1710 791 1820 862 ἐγὼ

248 881 451 954 Κύριος
482 885 512 937 6
553 882 683 947 Θεὸς
733 882 905 955 ὑμῶν.
951 885 1040 939 52.
1115 885 1248 937 Ἀπὸ
1283 885 1572 957 προσώπου
1631 886 1816 941 πολιοῦ

248 973 604 1045 ἐξαναστήσῃ,
634 977 727 1029 καὶ
774 977 1027 1046 τιμήσεις
1080 977 1367 1048 πρόσωπον
1427 976 1814 1050 πρεσϐυτέρου’

247 1064 339 1119 καὶ
369 1063 653 1138 φοϐηθήσῃ
713 1066 803 1120 τὸν
858 1066 990 1120 Θεόν
1042 1084 1154 1121 σου·
1189 1066 1299 1137 ἐγὼ
1343 1069 1545 1140 Κύριος
1612 1073 1643 1125 6
1681 1070 1816 1134 Θεὸς

249 1157 420 1228 ὑμῶν.
448 1158 536 1213 55.
573 1158 697 1211 Ἐὰν
721 1158 778 1212 δέ
808 1175 892 1223 τις
924 1158 1195 1232 προσέλθῃ
1247 1159 1376 1229 ὑμῖν
1397 1161 1727 1233 προσήλυτος
1756 1164 1814 1216 ὲν

247 1249 310 1318 τῇ
342 1249 413 1318 γῇ
444 1246 618 1317 ὑμῶν,
651 1248 712 1301 οὐ
772 1247 986 1318 θλίψετε
1020 1248 1201 1302 αὐτόν.
1231 1249 1317 1304 54.
1364 1251 1452 1314 Ὠς
1483 1253 1510 1306 6
1539 1251 1813 1322 αὐτόχθων

245 1339 301 1390 ὲν
322 1339 451 1410 ὑμῖν
473 1338 626 1393 ἔσται
651 1341 680 1394 6
711 1340 1042 1412 προσήλυτος
1072 1342 1101 1394 6
1131 1341 1631 1414 πρωπορευὸμενος
1679 1343 1815 1416 πρὸς

245 1429 406 1498 ὑμᾶς.
433 1431 544 1485 Καὶ
581 1432 887 1503 ἀγαπήσεις
913 1432 1072 1485 αὐτὸν
1105 1432 1181 1496 ὡς
1225 1433 1470 1498 σεαυτὸν,
1495 1435 1576 1488 ὅτι
1609 1437 1816 1509 προσή-

243 1522 386 1577 λυτοι
411 1523 704 1598 ἐγενήθητε
735 1527 793 1579 ἐν
829 1529 900 1598 γῇ
941 1524 1236 1594 Αἰγύπτου·
1269 1525 1378 1596 ἐγὼ
1405 1527 1608 1600 Κύριος
1634 1529 1663 1581 6
1682 1529 1814 1595 Θεὸς

243 1614 413 1685 ὑμῶν.
438 1617 526 1671 55.
554 1616 629 1672 οὐ
661 1617 913 1690 ποιήσετε
937 1617 1118 1672 ἄδικον
1153 1619 1213 1671 ἐν
1253 1617 1452 1690 κρίσει,
1486 1620 1544 1672 ὲν
1571 1619 1810 1692 μέτροις,

240 1705 331 1758 καὶ
354 1706 413 1758 ὲν
449 1706 750 1779 σταθμίοις,
779 1707 873 1762 καὶ
917 1709 976 1762 ὲν
1018 1705 1221 1778 ζυγοῖς.
1267 1707 1356 1763 56.
1405 1708 1553 1779 Ζυγὰ
1599 1710 1805 1779 δίκαια,

241 1801 330 1854 καὶ
356 1800 591 1874 στάθμια
613 1801 794 1856 δίκαια
833 1803 901 1872 Χ
933 1802 1026 1857 καὶ
1063 1803 1112 1856 οι
1146 1800 1276 1876 [φι].
1323 1843 1336 1856 .
1413 1843 1428 1857 .
1508 1844 1522 1858 .
1601 1845 1617 1860 .
1695 1847 1710 1861 .
1788 1843 1807 1860 .

1921 607 2099 670 dietis,
2133 615 2188 661 ct
2227 621 2259 660 a
2304 606 2508 662 sanctis
2536 608 2670 663 meis
2709 606 2969 662 timebitis
3001 625 3013 661 :
3046 623 3146 678 ego
3203 605 3488 662 Dominus.

1923 696 2011 750 51.
2053 694 2171 750 Non
2205 697 2505 768 sequemini
2540 697 3018 769 engastrimythos,
3060 709 3114 754 et
3139 699 3488 754 incantaton-

1923 786 2025 842 bus
2076 801 2184 842 non
2230 786 2592 866 adherebitis,
2642 797 2702 843 ut
2747 788 3103 858 inquinemini
3138 789 3193 844 in
3239 791 3338 846 eis.
3380 789 3490 862 Ego

1923 873 2185 931 Dominus
2211 876 2356 934 Deus
2384 887 2580 934 vester.
2619 879 2709 934 32.
2743 879 2789 932 A
2815 879 2953 934 facie
2986 880 3105 934 cani
3133 895 3414 952 exsurges,
3437 893 3490 940 et

1923 965 2218 1023 bonorabis
2245 966 2434 1023 faciem
2471 970 2703 1025 senioris
2732 989 2747 1025 :
2777 978 2831 1025 et
2851 970 3065 1026 timebis
3091 970 3259 1027 Deum
3289 981 3438 1028 tuum
3471 993 3485 1028 :

1920 1075 2021 1131 ego
2057 1059 2318 1118 Dominus
2358 1061 2502 1118 Deus
2541 1073 2737 1119 vester.
2795 1064 2883 1119 55.
2921 1063 2978 1121 Si
3008 1065 3132 1136 quis
3175 1075 3354 1121 autem
3389 1068 3489 1121 ad-

1920 1151 2130 1207 venerit
2153 1153 2307 1209 vobis
2338 1154 2640 1226 proselytus
2659 1155 2712 1209 in
2744 1163 2888 1210 terra
2925 1165 3126 1222 vestra,
3157 1173 3265 1214 non
3291 1158 3490 1229 afﬂige-

1920 1243 1990 1298 tis
2019 1258 2166 1299 eum.
2208 1245 2297 1300 54.
2329 1244 2481 1301 Sicut
2500 1246 2755 1318 indigena
2783 1247 2839 1301 in
2868 1247 3022 1303 vobis
3053 1249 3157 1304 erit
3187 1250 3490 1322 proselytus

1917 1335 2182 1392 accedens
2212 1336 2279 1392 ad
2310 1352 2426 1393 vos.
2468 1336 2534 1393 Et
2555 1338 2744 1409 diliges
2763 1353 2886 1394 eum
2914 1338 3055 1396 sicut
3089 1341 3340 1411 leipsum.
3361 1344 3489 1412 quia

1917 1425 2174 1498 proselyti
2219 1425 2400 1482 fuistis
2449 1427 2504 1482 in
2553 1437 2696 1484 terra
2747 1427 2986 1500 Egypti.
3057 1429 3170 1502 Ego
3225 1430 3488 1486 Dominus

1918 1516 2063 1572 Deus
2095 1529 2291 1574 vester.
2350 1519 2439 1574 55.
2469 1517 2588 1574 Non
2628 1519 2838 1576 facietis
2884 1521 3144 1592 iniustum
3174 1523 3228 1578 in
3255 1522 3484 1593 judicio,

1917 1608 1972 1664 in
2012 1609 2308 1676 mensuris,
2348 1619 2404 1666 et
2443 1611 2498 1666 in
2528 1611 2893 1683 ponderibus,
2941 1622 2995 1668 et
3025 1614 3079 1668 in
3113 1615 3352 1671 slateris.
3394 1613 3484 1670 50.

1917 1695 2346 1770 διοιετωὶιιειω,
2375 1709 2430 1756 et
2456 1699 2695 1772 pondera
2719 1699 2866 1771 justa
2889 1701 3031 1770 Xet
3056 1701 3247 1775 Oephi.
3288 1746 3302 1760 .
3349 1744 3365 1760 .
3408 1743 3425 1760 .
3468 1744 3482 1757 .

1426 2002 1682 2066 CAPUT
1717 2007 1880 2068 XIX
1913 2006 2284 2070 LEVITICI.

554 2101 954 2160 ΣΥΜΜΑΧΟΣ.
1836 2109 1892 2158 0'
1899 2145 1914 2159 .
2766 2114 3164 2171 ΘΕΟΔΟΤΙΩΝ.

311 2263 363 2318 5.
1421 2267 1474 2321 5.
1510 2267 1796 2333 Ἕκαστος.
1836 2270 2079 2335 Ἄλλος,
2115 2272 2273 2344 ἁνήρ.
2523 2277 2576 2330 5.

304 2357 356 2411 4.
1419 2359 1470 2413 4.
1499 2357 1768 2424 Εἰδὼλοις.
1797 2362 2040 2428 Ἀλλος,
2070 2363 2325 2434 ὲλειλείμ.
2522 2370 2576 2423 4.

301 2443 350 2498 τ.
371 2447 560 2519 ’Λργόν
572 2447 715 2500 ἐστιν
727 2447 824 2502 οὐκ
839 2446 1269 2519 εὐδοκηθήσεται.
1416 2448 1470 2502 7.
1501 2447 1726 2502 Ἀθυτόν
1741 2451 1888 2504 ἐστιν
1899 2451 1960 2504 οὐ
1977 2451 2318 2523 δεχθήσεται.
2522 2459 2570 2512 7.
2613 2460 2872 2530 Φεγγούλ.
2912 2499 2929 2515 .
2968 2501 2984 2517 .

301 2539 356 2593 9.
1325 2616 1370 2622 Δ*
1392 2545 1495 2622 _9_._
1526 2545 1819 2622 83¢.on
1842 2547 1996 2622 ρμὦγ
2030 2548 2130 2622 ’τοῦ
2162 2548 2375 2622 ργροῦ.
2524 2552 2577 2605 9.

1325 2616 1587 2682 "AA/ioc,
1607 2616 1612 2617 7
1631 2616 1690 2669 τὸ
1722 2617 1864 2686 φαὰθ
1882 2616 1988 2671 ’τοῦ
2017 2619 2209 2691 ἀγροῦ.

308 2702 389 2757 ili.
1362 2779 1371 2781 γ
1416 2705 1500 2760 10.
1536 2706 1678 2781 ΔΟὕρι
1726 2709 2207 2781 ἑπαγατρυγήσεις.
2247 2713 2378 2765 Ἀλ-
2523 2709 2610 2764 10.

1338 2779 1466 2839 λος,
1497 2775 1597 2830 οὐκ
1634 2775 1984 2847 ἐπιφυλλιεῖς.

305 2864 387 2919 15.
1419 2867 1498 2922 15.
1526 2867 1640 2920 Οὐκ
1687 2867 1980 2939 ἀδικήσεις.
2034 2871 2267 2936 Ἄλλος,
2312 2873 2374 2925 οὐ
2521 2870 2606 2924 15.

1340 2939 1785 3008 συκοφαντήσεις.

305 3028 387 3080 11.
1416 3029 1498 3083 11.
1530 3030 1606 3103 Οὐ
1632 3029 1816 3093 κακῶς
1843 3029 2012 3103 ἐρεῖς.
2045 3033 2284 3099 Ἀλλος,
2312 3035 2373 3088 οὒ
2522 3033 2606 3087 14.

1336 3099 1640 3173 καταράσῃ.

304 3188 383 3242 15.
1339 3257 1357 3263 Α
1414 3189 1496 3263 15.
1518 3187 1648 3263 Οὺδε
1669 3187 2061 3263 μήθαυμᾴσῃς
2083 3191 2372 3263 πρόσωπον
2523 3191 2606 3246 15.

1334 3257 1831 3334 δυνάστου.ᾌλλος
1851 3300 1864 3323 ,
1882 3257 1948 3313 ὀὐ
1975 3257 2218 3326 eaeam;
2242 3263 2374 3334 πρό-

1339 3345 1515 3382 σωπον
1550 3327 1806 3399 μεγάλου.

300 3423 384 3478 16.
1410 3417 1496 3492 16.
1542 3419 1858 3492 Ἐπιστήσῃ.
1891 3422 2136 3487 Ἀλλος,
2192 3424 2376 3476 ὲπισυ-
2520 3422 2606 3478 10.

1335 3489 1528 3560 στήσῃ.
1755 3489 1814 3491 ⁷’

302 3585 385 3639 Π,
1372 3653 1390 3654 η
1405 3580 1489 3633 17.
1520 3582 1598 3654 Τῇ
1626 3581 1814 3654 διανοίᾳ

1920 3601 1991 3637 δυ.
2032 3585 2273 3650 Ἀλλος,
2316 3585 2374 3639 ὲν
2520 3585 2606 3638 17.

1330 3653 1395 3721 τῇ
1419 3652 1612 3723 καρδίᾳ
1637 3670 1752 3708 σου.

299 3748 380 3802 18.
1403 3743 1489 3797 18.
1524 3745 1769 3816 Μηνιεῑς.
1804 3746 2048 3811 Ἀλλος,
2088 3748 2368 3820 τηρήσεις.
2525 3745 2608 3802 18.

303 3846 380 3898 t9,
1339 3903 1359 3910 4
1404 3833 1618 3910 19.ΔΤὸν
1645 3837 1827 3908 νόμον.
1861 3839 2190 3905 ’Ἄλλος-,τὰ
2217 3841 2374 3910 ήκρι-
2522 3839 2610 3892 10.

1331 3903 1598 3975 δασμένα.

501 4001 945 4060 SYMMACHUS.
1494 3999 1632 4056 LXX
1668 4001 2172 4060 INTERPRETES.
2755 3997 3169 4055 THEODOTIU.

293 4101 343 4156 3.
1399 4095 1449 4150 3.
1492 4095 1806 4168 Unusquisq

1938 4100 2112 4166 Alius,
2144 4099 2246 4156 vir.
2519 4097 2571 4151 5.

294 4191 346 4246 4.
1403 4189 1456 4242 4.
1496 4188 1677 4244 ldolis.
1707 4189 1814 4242 Alit

1920 4190 2101 4244 Blilim.
2517 4189 2569 4243 ὁ.

296 4287 345 4340 'l.
411 4284 604 4340 inutile
657 4289 762 4346 est,
798 4294 905 4335 non
963 4276 1260 4348 acceptabi-
1407 4277 1457 4400 '71.
1494 4276 1920 4403 'IInlsacriﬁcabile
1980 4288 2086 4346 est,
2133 4293 2239 4333 non
2275 4295 2369 4336 ac-
2515 4278 2567 4330 7.
2612 4273 2877 4347 Phengul.
2918 4311 2934 4328 .
2972 4308 2992 4328 .
3035 4309 3052 4326 .

296 4373 332 4403 r.
1331 4365 1428 4403 CH)
1456 4366 1486 4403 a
1531 4366 1541 4402 Ι
1575 4366 1658 4402 ur.

234 4364 332 4410 tur.
1331 4358 1658 4415 ceptahilur.

294 4450 344 4503 9.
1372 4437 1455 4512 _9.
1494 4437 1720 4512 Messem
1751 4447 1984 4495 vestram
2017 4440 2152 4512 agri.
2192 4441 2366 4506 Alius,
2513 4438 2567 4492 9.

1333 4509 1530 4576 phaath
1559 4510 1692 4578 agri.

297 4612 377 4665 to,
1401 4599 1486 4652 10,
1535 4597 1652 4652 Νοη
1705 4599 2135 4655 rcvindcmiabis.
2190 4601 2364 4668 Alius,
2515 4593 2596 4652 10.

1333 4684 1438 4723 non
1472 4670 1792 4723 racemabis.

292 4772 376 4827 15.
1404 4761 1485 4815 15.
1519 4759 1638 4813 Non
1668 4759 1905 4814 nocebis.
1935 4759 2107 4824 Alius,
2135 4777 2242 4815 non
2277 4777 2368 4816 ca-
2429 4793 2432 4796 η
2513 4753 2600 4808 15.

1334 4831 1707 4885 lumniaberis.

296 4935 376 4990 Ii.
1403 4922 1490 4977 M.
1522 4920 1639 4976 Non
1674 4920 1812 4976 male
1850 4919 2018 4977 dices.
2054 4921 2230 4989 Alius,
2256 4937 2366 4978 non
2511 4913 2598 4969 14.

1331 4994 1640 5048 maledices.

295 5095 380 5154 15.
1402 5085 1488 5140 15.
1517 5082 1703 5153 Neque
1731 5083 1814 5137 mil

1920 5082 2018 5137 aris
2051 5082 2240 5140 faciem
2273 5101 2366 5152 ρο·
2511 5076 2598 5131 i5-

1332 5157 1513 5237 tentis.
1534 5155 1707 5221 Atius,
1725 5169 1832 5208 non
1857 5155 2148 5211 honorabis
2172 5154 2366 5211 faciem

1331 5243 1532 5297 magni.

292 5325 377 5384 10.
1405 5317 1488 5372 16.
1517 5315 1767 5373 lnslabis.
1800 5345 1814 5370 Α

1920 5331 1952 5370 ’8
1970 5356 1984 5382 ,
2022 5315 2369 5386 ευρρνὶηευιοο
2511 5306 2600 5362 16-

289 5486 374 5540 17.
1328 5404 1491 5537 862.7.
1515 5481 1712 5536 Animo
1734 5487 1847 5534 tuo.
1866 5478 1976 5542 AL,
2000 5477 2053 5531 in
2069 5476 2230 5532 corde
2247 5485 2360 5531 tuo.
2509 5467 2598 5523 17.

299 5578 374 5634 18.
1025 5581 1034 5590 ’
1397 5572 1491 5694 ἃ
1522 5570 1901 5626 Succensebis.
1953 5569 2102 5622 Alius
2128 5609 2143 5635 ,
2179 5567 2365 5622 obser-
2511 5560 2598 5613 18.

1329 5656 1391 5694 va
1434 5658 1501 5696 is.

1329 5656 1501 5700 vatus.

293 5738 370 5794 19.
1399 5731 1486 5784 19.
1520 5730 1730 5800 Legem.
1762 5730 1814 5782 At

1920 5735 2134 5783 crurate
2163 5723 2364 5780 consti-
2511 5713 2606 5773 ωε

1329 5809 1462 5855 tuta.
