4018 6396
319 284 446 344 11115

616 398 1025 463 ΣΥΜΜΔΧΟΣ.

1619 280 1833 338 JOSUE
1860 278 2089 336 CAPUT
2127 278 2236 332 XV.

1905 398 1980 448 0'.

3423 276 3560 336 1614

2832 390 3229 447 ΘΕΟΔΟΤΙΩΝ.

1482 561 1580 626 Δός
1611 577 1699 631 μοι
1730 560 1844 631 -τὴν
1883 556 2160 631 Βοτθανίς.
2208 555 2448 620 Ἄλλος,

1412 632 1501 696 δός
1533 629 1622 702 μοι
1645 629 1827 683 Γωλαθ
1836 629 1997 700 μαῖμ.

1487 724 1599 776 Τὴν
1619 721 1914 776 Γοναιθλὰν

1937 720 2035 792 τὴν
2049 719 2182 775 ἄνω.
2206 719 2451 783 Ἄλλος,

1415 793 1512 863 τὴν
1531 790 1716 847 Γωλὰθ
1742 791 1840 863 τὴν
1865 790 1997 844 ἄνω.

317 890 469 1011 Δ..21.
494 891 573 943 Al‘
593 889 772 954 πόλεις
798 890 892 945 ἀπ’
917 887 1087 961 ἄκρου
1114 886 1213 955 τῆς
1252 904 1345 956 φυ-

344 977 424 1011 ης.

344 977 404 1030 ης
596 1053 1031 1119 SYMMACHUS.
1050 1114 1055 1119 ,

1485 884 1575 937 21.
1611 884 1771 953 Πόλις
1800 881 1953 953 πρὼτ

1419 953 1600 1017 πόλεις
1633 952 1769 1030 πρὸς
1800 955 1865 1023 τῇ
1896 952 2055 1021 φυλῇ-

1590 1046 1733 1101 LXX
1773 1042 2285 1101 INTERPRETES:

1956 879 2182 1021 Ἇῆοῗυλή.
2205 880 2447 942 Ἀιιλως,

2522 947 2533 958 .
2551 947 2575 957 -
2592 877 2680 930 2|.
2705 877 2896 941 Πόλεις
2916 875 3094 929 αὐτῶν
3122 876 3229 930 ἀπὸ
3255 876 3439 940 τέλους
3463 893 3561 945 φυ-

2519 963 2634 1000 Αης.

2549 964 2606 1017 η’
2847 1041 3262 1105 meanunc.

1483 1140 1560 1195 Da
1620 1138 1754 1195 mihi
1799 1137 2101 1195 Butthanis.
2155 1140 2327 1204 Alius,
2382 1141 2483 1199 du.

1416 1212 1549 1266 mihi
1589 1208 1982 1265 Golathmaim.

1484 1301 1802 1357 Gonazthlan
1865 1300 2221 1370 superiorem.
2277 1303 2443 1365 Alius,

1415 1372 1610 1429 Golath
1651 1370 2009 1440 superiorem.

378 1467 464 1522 21.
497 1465 675 1521 Urbes
703 1480 732 1520 a
759 1479 976 1521 summo
1004 1463 1199 1519 tribus.
1481 1463 1572 1517 21.
1619 1460 1763 1517 Urbs

1798 1461 2217 1531 primahtribus.
2257 1463 2463 1529 Alite".

1416 1533 1662 1589 civitates
1699 1532 1766 1587 ad
1792 1531 2013 1587 tribum.

2523 1533 2557 1587 ι)
2593 1463 2681 1515 2i.
2709 1462 2971 1525 Civitates
3006 1475 3195 1521 eorum
3247 1476 3276 1515 a
3322 1459 3429 1524 line
3463 1459 3561 1521 tri-

2563 1548 2644 1587 us.

2563 1548 2644 1587 llS.

312 1632 433 1702 δὼρ,
464 1631 556 1684 καὶ
576 1628 866 1701 Βαγαδιὴλ,
890 1629 984 1682 καὶ
1010 1627 1238 1699 Νωμὰν,
1267 1627 1361 1682 καὶ
1378 1627 1662 1699 Μαχηδὰν,
1695 1625 1880 1689 πόλεις

1992 1636 2041 1682 et
2066 1626 2253 1692 Nasib,
2288 1628 2377 1682 44.
2416 1640 2469 1682 et
2496 1626 2724 1692 Ceilam,
2756 1634 2812 1682 et
2846 1626 3053 1693 Aciezi,
3083 1634 3136 1681 et
3160 1625 3345 1690 Cezib,
3377 1635 3430 1681 et
3457 1625 3564 1681 Ba-

312 1725 615 1793 ἑκκαίδεκα,
633 1725 729 1779 καὶ
754 1727 808 1778 αἱ
825 1724 1009 1795 κῶμαι
1028 1722 1228 1776 αὐτῶν.
1252 1721 1342 1775 42.
1367 1721 1566 1785 Λεὸνά,
1592 1720 1688 1774 καὶ
1716 1718 1884 1783 Ἰθὰκ,

1993 1718 2198 1785 thesar,
2230 1728 2284 1772 et
2309 1717 2509 1773 )Elom.

316 1821 405 1874 xui
432 1818 731 1890 Ἀνὼχ,45.
760 1817 856 1875 καὶ
893 1814 1061 1881 Ἰανὰ,
1089 1815 1184 1869 καὶ
1201 1813 1399 1880 Νασὶὸ,
1423 1814 1881 1887 41.καὶΚεῖλὰμ,
1922 1814 2016 1868 καὶ
2044 1809 2277 1881 "Ausa,
2301 1811 2394 1864 καὶ
2425 1807 2615 1874 Κεᾷὀ,
2656 1808 2749 1862 καὶ
2782 1807 3056 1879 Βαθησὰρ,
3087 1807 3181 1860 καὶ
3211 1806 3417 1876 Λίλὼμ.

365 1915 624 1980 ῙΑλλος,
653 1913 743 1968 21.
774 1913 866 1965 ἐπὶ
883 1911 983 1981 τῆς
1008 1911 1213 1983 ἐρήμου
1241 1910 1510 1974 Καϐσεὲλ,
1541 1910 1637 1965 καὶ
1678 1908 1884 1981 Ἐδρατ,

315 2006 404 2059 καὶ
443 2006 678 2076 Ἰαγοὺρ,
700 2003 791 2057 22.
815 2003 909 2057 καὶ
940 2002 1102 2067 Κινὰ,
1123 2003 1218 2057 καὶ
1243 2000 1480 2072 Διμωνὰ,
1516 2002 1611 2056 καὶ
1668 2000 1883 2066 Ἀδαδὰ,

312 2098 396 2151 25.
419 2097 514 2150 καὶ
542 2096 733 2161 Κεδὲς,
764 2096 860 2150 καὶ
909 2093 1107 2166 Ἀσὼρ,
1138 2094 1233 2148 καὶ
1267 2093 1457 2159 Ἰεθνὰ,
1482 2093 1572 2159 24.
1613 2094 1716 2163 Ζὶφ
1737 2132 1752 2158 ,
1793 2093 1887 2146 καὶ

313 2188 505 2260 Τελὲμ,
536 2188 631 2241 καὶ
654 2186 864 2250 samo,
890 2185 980 2240 25.
1017 2187 1113 2240 καὶ
1142 2186 1199 2239 αἱ
1218 2184 1401 2257 κῶμαι
1431 2185 1632 2239 αὐτῶν.
1658 2184 1769 2239 Καὶ
1792 2184 1890 2237 πό-

314 2281 393 2345 λις
428 2279 689 2352 Ἀγερῶν,
718 2278 857 2351 αὕτη
884 2276 1099 2350 "Act‘up,
1124 2277 1213 2333 26.
1240 2280 1334 2333 καὶ
1392 2278 1606 2351 Ἀμάμ,
1653 2280 1748 2333 καὶ
1787 2280 1890 2332 Eae

324 2371 451 2445 μαά,
487 2371 582 2426 καὶ
604 2369 862 2435 Μωλιιδὰ,
889 2370 981 2426 27.
1009 2371 1104 2424 καὶ
1146 2368 1494 2443 Ἀσεργαδδὰ,
1531 2371 1625 2426 καὶ
1651 2369 1889 2439 Βαιθφα-

315 2461 423 2525 λὲθ,
447 2460 537 2525 28.
573 2461 668 2514 καὶ
691 2458 928 2531 Χορλὰλ,
958 2460 1054 2513 καὶ
1090 2458 1443 2530 Ἀσαρσουλὰ,
1462 2459 1556 2512 καὶ
1586 2456 1886 2529 Βηθσαόεὲ,

314 2552 403 2606 καὶ
427 2554 484 2606 αἱ
525 2550 711 2622 κῶμαι
740 2550 941 2615 αὐτῶν,
980 2550 1076 2604 καὶ
1107 2550 1365 2614 ὲπᾳύλεις
1396 2549 1596 2604 αὐτῶν.
1626 2550 1716 2606 29.
1745 2550 1890 2603 Βαα-

312 2643 395 2708 λὰ,
428 2642 523 2698 καὶ
555 2641 756 2713 Αὒεὶμ,
821 2642 915 2696 καὶ
956 2640 1145 2713 ’Δσὲμ,
1174 2642 1262 2697 50.
1318 2641 1412 2695 καὶ
1461 2640 1743 2713 Ἐθωδὰμ,
1792 2642 1888 2695 καὶ

317 2732 479 2806 Χεὴλ.
506 2732 601 2787 καὶ
636 2731 835 2804 Ἑρμᾶ,
870 2731 959 2787 51.
994 2731 1087 2784 καὶ
1110 2730 1355 2800 Σικελὲγ,
1378 2730 1473 2784 καὶ
1496 2730 1777 2801 Μελεμνὰ,
1795 2730 1890 2797 καὶ

320 2821 610 2885 Σανσαννὰ,
630 2821 719 2876 52.
748 2821 843 2874 καὶ
859 2818 1074 2885 Λαὸὼθ,
1093 2818 1456 2890 καιΣελεεὶμ,
1490 2819 1582 2872 καὶ
1613 2814 1886 2887 Ῥεμμὼν,

315 2915 489 2977 πόλεις
518 2913 692 2967 εἴκοσι
717 2911 878 2966 ἐννέα
901 2912 997 2965 καὶ
1025 2911 1081 2965 αἱ
1114 2910 1298 2981 κῶμαι
1331 2908 1531 2964 αὐτῶν.
1562 2910 1652 2963 55.
1693 2909 1781 2961 Ἐν
1820 2909 1886 2978 τῇ

317 3006 499 3076 πεδινῇ
535 3003 783 3067 Ἐσθαὸλ,
808 3003 901 3057 καὶ
934 3001 1103 3073 Σαρὰ,
1123 3001 1218 3055 καὶ
1259 3000 1443 3065 Ἀσνά,
1484 3001 1580 3054 καὶ
1632 3001 1891 3071 Ῥαμεὺν,

316 3097 399 3151 34.
422 3099 516 3152 καὶ
542 3095 718 3160 Ζανὼ,
757 3096 851 3149 καὶ
883 3093 1186 3164 Ἀδιαθαὶμ,
1230 3093 1325 3149 καὶ
1380 3090 1611 3164 Ἦναὶμ,
1649 3091 1739 3146 55.
1791 3091 1887 3144 καὶ

325 3188 590 3262 Ἰερεμοὺθ
612 3230 628 3255 ,
674 3189 770 3243 καὶ
813 3186 1106 3258 Ὀδολλὰμ,
1137 3187 1235 3241 καὶ
1257 3184 1658 3258 Νεμὸρὰ’,,καὶ
1696 3184 1881 3256 Σωχὼ,

316 3281 425 3347 καί,
446 3279 674 3352 Ἀζηκὰ,
704 3279 793 3333 36.
829 3278 925 3333 καὶ
959 3277 1297 3351 Σαργαρεὶμ,
1323 3276 1418 3331 καὶ
1441 3276 1683 3348 Γαδηρὰ,
1705 3276 1884 3340 πόλεις

320 3371 391 3435 ιδ’,
420 3371 514 3426 καὶ
559 3370 617 3424 αἱ
656 3356 843 3441 κῶμαι
894 3367 1092 3424 αὐτῶν.
1133 3369 1223 3423 57.
1250 3367 1504 3433 Σευννὰν,
1532 3369 1625 3422 καὶ
1663 3369 1881 3432 Ἀδασὰ,

318 3463 404 3516 καὶ
442 3459 779 3532 Μαγδαλγὰλ
798 3499 814 3525 ,
842 3459 931 3515 58.
956 3459 1052 3515 καὶ
1083 3459 1319 3524 Δαλαὰν,
1359 3461 1453 3513 καὶ
1500 3461 1706 3531 Μασφὰ
1725 3500 1741 3525 ,
1790 3463 1884 3516 καὶ

318 3555 599 3627 Εἰκαρεὴλ,
628 3553 721 3608 39:
750 3553 857 3606 καὶ
882 3551 1102 3623 Λαχεὶς,
1133 3552 1227 3605 καὶ
1254 3551 1499 3615 Βασκὰθ,
1528 3553 1621 3605 καὶ
1656 3551 1882 3621 Ἀγλὼν,

319 3646 398 3699 40.
430 3646 523 3701 καὶ
546 3644 764 3708 Χαὸὁὰ,
812 3643 906 3697 καὶ
940 3641 1302 3714 Χαμὰςλκαὶ
1350 3642 1608 3708 Χαθλὼς,
1656 3643 1747 3698 41.
1792 3644 1886 3698 καὶ

321 3737 586 3811 rumpat),
612 3737 707 3792 καὶ
732 3734 1051 3809 Βηθδαγὼθ,
1085 3737 1190 3791 καὶ·
1217 3735 1428 3807 Νωσμὰ
1447 3775 1462 3798 ,
1503 3735 1596 3788 καὶ
1628 3734 1883 3805 Μακηδὰ,

324 3828 492 3893 πόλεις
527 3836 623 3895 ις’,
661 3829 843 3883 καὶ·ἀὶ
877 3827 1064 3899 κῶμαι
1116 3825 1316 3881 αὐτῶν.
1366 3827 1457 3880 42.
1495 3826 1751 3897 Λεὸμνὰ,
1792 3827 1886 3880 καὶ

334 3915 496 3988 ’Δθὲω
514 3917 602 3982 45,
630 3917 726 3970 καὶ
758 3915 959 3987 Ἰεφθὰ,
986 3914 1081 3969 καὶ
1113 3916 1392 3979 Ἀσσεννὰ,
1411 3916 1505 3971 καὶ
1531 3917 1765 3988 Νασεὶμ,
1793 3918 1881 3975 44.

320 4009 404 4061 καὶ
422 4008 627 4073 Kcin,
645 4009 740 4064 καὶ
779 4009 1029 4080 ’Δμεσαὶ,
1060 4008 1155 4062 καὶ
1178 4009 1278 4069 Ζὲν
1307 4007 1415 4081 [ad
1440 4026 1603 4078 marg.
1644 4008 1911 4089 Ἀχζείϐλ

319 4100 404 4154 καὶ
432 4101 701 4175 Μιιρηςῖὲιι
724 4101 819 4154 καὶ
861 4100 1057 4172 Ἔδὼμ.

380 4258 466 4314 21.
510 4259 667 4332 Vulg.
688 4260 735 4314 Α
762 4260 1017 4315 meridie:
1048 4260 1294 4324 Cabseel,
1331 4269 1383 4315 et
1406 4260 1564 4325 Eder,
1596 4271 1650 4316 et
1692 4261 1880 4332 Jagnr,

318 4350 402 4407 22.
428 4361 480 4407 et
512 4351 670 4416 Cina,
718 4361 772 4407 et
803 4351 1050 4415 Dimnna,
1074 4359 1128 4406 et
1154 4340 1360 4411 Adada.
1385 4351 1474 4407 25.
1511 4359 1565 4406 et
1596 4351 1791 4415 Cades,
1829 4359 1883 4406 et

322 4443 469 4509 Asor,
515 4455 568 4500 et
596 4443 870 4506 Jethnam,
906 4443 997 4497 24.
1046 4442 1178 4511 Zipln
1231 4452 1286 4498 et
1322 4441 1529 4508 Telem,
1557 4449 1612 4497 et
1662 4441 1879 4506 Baloth,

320 4531 404 4587 25.
435 4534 571 4587 Asnr
600 4548 742 4588 nova
782 4545 839 4588 et
863 4532 1110 4593 Carioth.
1143 4532 1374 4601 llesron,
1428 4533 1543 4587 haec
1568 4541 1653 4588 est
1722 4533 1886 4594 Asor,

320 4620 399 4675 26.
434 4623 644 4689 Amam,
672 4622 838 4678 Sama
877 4632 930 4677 et
967 4622 1198 4688 Molazln,
1227 4623 1319 4680 27;
1357 4633 1411 4680 et
1456 4623 1792 4695 Asergadda,
1834 4637 1901 4682 et-

325 4712 632 4780 llassemon,
656 4725 711 4771 et
737 4716 1070 4786 Bethplielet,
1107 4717 1198 4774 28.
1230 4728 1282 4772 ct
1310 4718 1623 4783 llasvrsual,
1669 4730 1725 4775 et
1758 4722 1888 4776 Ber-

326 4805 493 4871 sabee,
525 4816 579 4861 et
620 4807 927 4872 Baziothia,
952 4808 1042 4863 29.
1075 4818 1129 4863 et
1162 4808 1345 4875 Baala,
1378 4819 1432 4865 et
1463 4808 1592 4873 Jim,
1620 4821 1674 4866 et
1701 4811 1883 4878 Esem,

323 4893 403 4949 30.
430 4906 482 4951 et
509 4896 781 4964 Eltbolad,
806 4906 860 4953 et
898 4898 1061 4963 Cesil,
1095 4898 1396 4969 etllarma,
1440 4902 1530 4955 3l.
1559 4911 1612 4957 et
1646 4902 1874 4970 Siceleg,

322 4994 370 5038 et
393 4985 722 5051 Medemena,
752 4998 808 5044 et
839 4987 1143 5055 Sensenna,
1174 4992 1264 5047 32.
1297 4990 1561 5056 Lebaoth,
1596 5002 1650 5049 et
1685 4995 1874 5060 Selim,

321 5084 372 5129 ct
401 5078 530 5143 Aén,
556 5089 611 5136 et
638 5079 872 5137 Remon.
904 5080 1107 5137 Omnes
1134 5083 1382 5139 civitates
1424 5084 1612 5154 viginti
1645 5101 1875 5151 novem,

2058 1906 2230 1969 Alius,
2253 1905 2340 1959 21.
2372 1905 2422 1959 in
2451 1904 2665 1958 deserto
2693 1903 2921 1958 Cabseel
2946 1921 2959 1956 :
3001 1912 3055 1956 et
3077 1900 3260 1968 Edrai,
3292 1911 3347 1957 et
3370 1900 3565 1971 Jagur,

1986 1999 2078 2053 22.
2104 2006 2161 2053 et
2196 1997 2354 2064 Cina,
2382 2006 2436 2052 et
2473 1995 2727 2058 Dimona,
2756 2005 2810 2051 et
2838 1996 3047 2059 Adada,
3075 1995 3165 2050 23.
3195 2004 3252 2051 et
3289 1994 3484 2059 Cedes,
3512 2003 3569 2051 et

1988 2090 2149 2155 Asor,
2184 2087 2493 2147 et‘Jethna.
2534 2087 2625 2144 24.
2683 2086 2842 2157 Ziph,
2876 2095 2930 2142 et
2981 2085 3188 2152 Telem,
3243 2094 3298 2140 et
3345 2084 3564 2149 Baloth,

1986 2181 2076 2236 25.
2114 2190 2169 2236 et
2221 2181 2321 2236 vici
2361 2196 2571 2236 earum.
2624 2179 2690 2234 Et
2736 2179 2929 2234 civitas
2975 2178 3215 2247 Ageron,
3252 2179 3367 2233 haec
3403 2181 3565 2239 Asnr.

1988 2273 2082 2341 26,
2121 2282 2175 2328 et
2225 2274 2441 2339 Amam,
2476 2281 2531 2327 et
2572 2270 2795 2336 Samaa,
2824 2278 2880 2326 et
2924 2269 3159 2333 Molada,
3200 2268 3293 2324 27.
3324 2278 3379 2324 et
3405 2268 3570 2324 Aser-

1989 2362 2183 2434 gadda,
2214 2371 2268 2417 et
2292 2360 2689 2431 Bmthpbaletb,
2718 2359 2809 2414 28.
2842 2368 2897 2414 et
2925 2358 3171 2422 Chorlal,
3201 2366 3257 2414 et
3283 2358 3567 2423 Asarsula,

1987 2465 2043 2511 et
2072 2454 2396 2521 Bethsabee,
2444 2463 2499 2510 et
2527 2453 2632 2510 vici
2672 2446 2884 2520 earum,
2919 2461 2975 2507 et
3022 2450 3167 2506 villae
3210 2466 3421 2507 earum.
3473 2449 3566 2504 29.

1989 2548 2173 2611 Baala,
2207 2556 2261 2602 et
2295 2548 2474 2611 Avim,
2501 2556 2555 2602 et
2577 2546 2762 2612 Asem,
2788 2547 2879 2619 3Q.
2903 2554 2957 2599 et
2985 2544 3279 2611 Ethodam,
3307 2552 3360 2599 et
3381 2541 3568 2608 Cheel,

1992 2649 2045 2696 et
2063 2638 2286 2703 Herma,
2305 2640 2394 2693 51.
2423 2647 2479 2693 et
2517 2637 2751 2709 Siceleg,
2776 2646 2831 2693 et
2855 2635 3141 2701 Melemna,
3166 2644 3223 2690 et
3256 2634 3566 2700 Sausanna,

1988 2730 2078 2793 52.
2112 2739 2177 2787 et.
2198 2729 2432 2795 Laboth,
2466 2737 2522 2784 et
2574 2728 2797 2791 Scleim.
2832 2738 2886 2783 et
2934 2727 3201 2783 Remmon
3230 2744 3244 2780 :
3283 2726 3448 2781 urbes
3482 2726 3569 2779 vi-

1990 2818 2347 2889 gintinovem,
2382 2828 2435 2872 et
2457 2817 2599 2873 villae
2620 2815 2835 2872 ciarum.
2872 2818 2960 2870 33.
2996 2819 3054 2870 In
3091 2816 3317 2886 planitie
3344 2813 3568 2881 Estllaol

1987 2917 2042 2964 et
2096 2907 2229 2963 Sara
2254 2951 2268 2973 ,
2309 2918 2361 2963 et
2397 2910 2540 2963 Asna
2567 2948 2582 2972 ,
2623 2918 2676 2963 et
2709 2907 2990 2975 Rameun,
3045 2909 3133 2963 34.
3178 2917 3234 2963 et
3276 2907 3424 2962 Zano
3450 2948 3466 2975 ,
3515 2919 3571 2963 et

1991 3002 2321 3069 Adiathaim,
2344 3011 2395 3057 et
2421 3000 2634 3066 Enaim,
2662 3002 2754 3059 35.
2796 3010 2849 3057 et
2878 3000 3181 3068 Jeremuth,
3214 3009 3269 3057 et
3297 2998 3568 3066 Odollam,

1987 3106 2041 3150 et
2067 3092 2334 3159 Nembra,
2382 3104 2436 3149 et
2468 3092 2667 3162 Socbo,
2716 3103 2773 3149 et
2812 3084 3008 3161 Kzeca,
3041 3092 3129 3148 36.
3173 3103 3229 3149 et
3268 3093 3568 3165 Sargarim,

1992 3196 2046 3243 et
2070 3187 2305 3255 Gadera,
2333 3188 2497 3243 urbes
2523 3188 2963 3259 quatuordecim,
3010 3196 3065 3243 et
3095 3187 3203 3243 vici
3230 3203 3440 3243 earum.
3476 3188 3566 3243 37.

1994 3280 2275 3344 Seunnan,
2316 3289 2370 3335 et
2410 3280 2611 3343 Adasa,
2656 3288 2710 3333 et
2757 3278 3079 3349 Magdalgal,
3125 3280 3216 3334 38.
3251 3289 3307 3335 et
3338 3279 3567 3340 Dalaan.

1991 3381 2044 3426 et
2068 3370 2313 3438 Maspha,
2347 3381 2402 3428 et
2430 3371 2652 3437 lcareel,
2681 3370 2770 3427 59.
2804 3383 2856 3427 et
2884 3371 3103 3438 Lachis,
3148 3381 3203 3428 et
3229 3372 3484 3436 Bascath,
3515 3381 3568 3427 et

1992 3450 2195 3534 Aglon,‘
2217 3462 2301 3540 4t}.
2336 3472 2391 3517 et
2418 3460 2659 3529 Chabba,
2693 3471 2748 3516 et
2774 3461 3032 3528 Chamas,
3069 3472 3123 3518 et
3155 3463 3437 3526 Chathlos,
3473 3462 3561 3516 41.

1992 3566 2042 3609 et
2074 3555 2379 3622 Gaderoth,
2418 3564 2473 3610 et
2512 3544 2873 3626 Bethdago'th,
2906 3566 2960 3611 ct
2986 3555 3212 3620 Nosma,
3242 3569 3298 3612 et
3324 3555 3566 3619 Maceda,

1996 3648 2155 3704 urbes
2215 3648 2488 3704 sexdecim
2542 3655 2596 3703 et
2624 3647 2733 3702 vici
2782 3663 2994 3705 earum.
3045 3647 3136 3705 42.
3196 3648 3458 3710 Lebmna,
3516 3657 3571 3702 et

1991 3740 2180 3804 Ather,
2213 3740 2394 3805 43..et
2443 3738 2703 3810 Jephtha,
2751 3724 2804 3795 et
2838 3739 3108 3807 Assenna,
3149 3748 3205 3795 et
3235 3738 3442 3802 Nasim,
3475 3739 3565 3793 44.

1991 3841 2046 3887 et
2071 3832 2242 3897 Ceila,
2274 3841 2329 3887 et
2356 3832 2596 3899 Amesai,
2626 3842 2680 3892 et
2711 3831 2845 3901 Zen,
2896 3831 3007 3902 (ad
3041 3848 3212 3902 marg.
3243 3830 3483 3901 Achzib)
3517 3841 3571 3885 et

1994 3923 2224 3991 Maresa,
2260 3932 2314 3979 et
2350 3924 2538 3978 Edam.

1993 4259 2181 4322 Sal-ea,
2210 4260 2499 4327 etAsena,
2549 4262 2639 4318 34.
2681 4271 2735 4316 et
2774 4260 2973 4325 Zanoe,
3020 4268 3073 4315 et
3130 4259 3484 4332 Engannim,
3514 4271 3564 4318 et

1990 4351 2236 4423 Taphua,
2279 4362 2334 4408 et
2360 4354 2573 4419 Enaim,
2626 4355 2715 4409 55.
2768 4364 2822 4409 et
2865 4352 3150 4417 Jerimoth,
3201 4365 3257 4411 et
3290 4356 3565 4421 Adullam,

1993 4443 2195 4511 Socho,
2224 4454 2279 4499 et
2308 4446 2506 4503 Azeca.
2554 4447 2641 4502 36.
2692 4456 2745 4501 et
2792 4447 3027 4509 Saraim,
3069 4457 3121 4502 et
3168 4446 3467 4513 Adithaim,
3509 4460 3566 4504 et

1996 4535 2281 4602 Gedera,et
2297 4538 2677 4605 Gederothaim
2702 4559 2713 4592 :
2734 4540 2896 4595 urbes
2911 4540 3343 4610 quattuordecim,
3361 4551 3414 4595 et
3429 4540 3566 4596 villae

1991 4645 2206 4685 earum.
2235 4631 2324 4687 57.
2360 4632 2542 4687 Sanan
2566 4672 2581 4696 ,
2607 4641 2661 4686 et
2692 4630 2957 4695 Hadassa,
3007 4642 3059 4687 et
3091 4631 3429 4703 Magdalgad,
3473 4631 3563 4687 38.

2001 4718 2222 4785 Delean,
2263 4731 2318 4775 et
2350 4721 2625 4793 Masepha,
2654 4729 2707 4775 (ιι
2732 4721 2958 4785 Jecthel,
2995 4722 3083 4777 39.
3121 4721 3339 4792 Lachis,
3371 4732 3422 4777 et
3465 4721 3569 4776 Ba-

1991 4811 2168 4875 scath,
2210 4820 2263 4865 et
2312 4811 2504 4883 Eglon,
2556 4813 2642 4866 40.
2707 4813 3000 4877 Cliebhon,
3053 4823 3108 4869 et
3165 4814 3463 4878 Leheman,
3514 4822 3573 4869 et

1984 4900 2210 4966 Cethlis,
2238 4902 2327 4956 4i.
2359 4911 2413 4956 et
2448 4902 2729 4971 Gideroth,
2757 4913 2810 4959 et
2859 4904 3195 4977 Betlulagon,
3228 4916 3283 4962 et
3332 4903 3563 4969 Naama,

1985 5000 2039 5046 et
2076 4991 2318 5058 Maccda,
2350 4996 2598 5051 civitates
2633 4998 2889 5062 sedecim.
2938 5010 2991 5055 et
3028 4999 3168 5055 villae
3220 5015 3430 5055 earum.
3470 4999 3563 5055 42.

1984 5082 2229 5151 Labana,
2268 5094 2323 5140 et
2356 5085 2541 5153 Ether,
2579 5097 2632 5142 et
2679 5091 2846 5157 Asan,
2891 5093 2978 5147 43.
3018 5092 3271 5163 Jephtha,
3308 5104 3362 5149 et
3400 5091 3566 5157 Esna,

320 5174 373 5219 ct
396 5167 525 5225 villa
548 5185 761 5225 earum.
787 5171 875 5226 33.
901 5171 956 5225 ln
986 5173 1383 5243 campestribus
1411 5188 1569 5229 vero:
1591 5172 1791 5242 Estanl,
1827 5183 1880 5229 et
1986 5184 2040 5231 et
2064 5175 2250 5243 Nesib,
2280 5179 2368 5235 44.
2413 5192 2466 5235 et
2494 5181 2665 5249 Cella,
2702 5192 2755 5237 et
2784 5184 3008 5250 Achzib,
3041 5194 3094 5241 et
3123 5184 3353 5242 Maresa.

622 5266 1027 5322 ΣΥΜΜΑΧΟΣ.

392 5446 471 5483 ῦῧ-
1492 5446 1576 5491 55.

1419 5508 1576 5579 rapiat.

427 5680 454 5695 .
610 5594 1073 5653 SYRIAIACIIUS'

396 5680 474 5736 55.
1489 5692 1576 5747 33.
1611 5691 1665 5746 In
1691 5710 1745 5747 ca

1420 5772 1592 5820 tremo
1623 5765 1745 5819 line.

1491 5438 1578 5515 55.
1613 5441 1698 5492 Ἐν
1725 5441 1929 5511 πεδινῇ.
1959 5442 2203 5507 Ἀλλίᾳ
2224 5444 2462 5515 ὲνὺπερ-

1598 5598 1741 5653 LXX
1778 5600 2282 5660 INTERPRETES.

1489 5692 1576 5747 33.
1611 5691 1665 5746 In
1691 5698 1999 5765 campestri.
2048 5697 2219 5763 Alius,
2275 5699 2326 5750 in
2358 5712 2454 5753 cx-

2849 5280 3251 5336 ΘΕΟΔΟΤΙΩΝ.

2604 5444 2693 5499 55.

2851 5600 3264 5667 ΤΙΙΕΟΒΟΤΙΟ.

2604 5699 2690 5755 55.
