4018 6396
244 400 358 454 1001

240 480 265 506 ¹
531 513 938 571 xmmxox.

293 681 345 734 5.

295 918 347 985 4,
378 917 430 973 5.
467 918 578 972 Καὶ
645 919 912 974 ἔκλαυσαν
939 960 952 980 ,
998 921 1090 975 καὶ
1157 921 1258 974 ἑπ-

241 989 506 1061 υνόμασαν
529 989 595 1061 τὸν
611 990 781 1060 ὄνομα
795 989 887 1043 τοῦ
912 991 1076 1046 τόπου
1109 990 1256 1044 ὲκεί-

241 1075 316 1114 δου
336 1057 720 1130 ’κλαυθμῶνεςζ

293 1219 343 1272 7.
371 1218 524 1272 Μετὰ
571 1218 766 1290 Ἰησοῦ.

291 1310 338 1364 9.
381 1312 468 1366 Ἐν
498 1310 876 1385 Θαμναθαρές.

296 1412 384 1468 10.

296 1575 376 1628 11.

292 1667 371 1722 12.
409 1666 630 1722 Ἐθνῶν.

290 1759 370 1814 15.

293 1849 371 1902 14.
413 1849 503 1903 Ἐν
524 1848 690 1923 χειρί.

289 2101 369 2154 13.

289 2331 368 2386 18.

293 2421 376 2478 17.

288 2743 372 2798 18.

293 2901 373 2956 19.

285 3061 367 3115 η.

495 3245 946 3306 SYMMACHUS.

292 3366 341 3418 5.

291 3596 341 3660 ὁ,
367 3598 418 3652 5.
478 3595 545 3650 Et
597 3593 895 3652 ﬂeverunt.
938 3603 993 3646 et
1028 3603 1255 3644 vocave-

236 3675 346 3721 runt
384 3681 583 3722 nomen
614 3665 724 3718 loci
755 3664 902 3717 illius
927 3701 942 3726 ,
981 3661 1252 3731 planctus.

293 3828 344 3882 7.
377 3827 504 3882 Post
535 3825 747 3889 Jesum,
775 3824 874 3886 uel,
910 3838 1034 3879 cum
1062 3820 1215 3877 Jesu.

296 3919 346 3976 9.
374 3921 432 3974 In
461 3916 918 3973 Thamnathares.

297 4012 376 4066 10.

299 4173 383 4228 11.

299 4266 377 4319 12.
405 4264 686 4321 Gentium.

300 4354 378 4409 15.

296 4449 371 4504 14.
404 4449 457 4505 In
480 4461 674 4506 manu.

300 4705 355 4760 15

297 4867 372 4924 16.

295 4957 356 5008 17

294 5212 378 5268 18.

294 5367 382 5423 19.

273 5529 379 5582 ﬂii

1512 387 1814 452 JUDICUM
1854 389 2084 453 CAPUT
2125 396 2191 451 11.

1823 516 1899 566 0'.

1371 749 1384 766 ⁹
1405 678 1457 732 5.
1495 677 1666 766 Οὑῆμῐη
1685 677 1864 748 ὲξαρῶ
1891 677 2106 759 αὑεούς.
2126 679 2375 766 ᾌλλως,

1332 749 1393 799 οὐ
1430 746 1721 817 προσθήσω
1771 746 2090 818 μετοικῆσαι
2123 749 2213 800 τὸν
2249 747 2376 800 λαὸν

1329 817 1390 870 ὃν
1421 813 1547 870 "im
1575 817 1668 870 τοῦ
1695 815 1915 881 ἐξῶσαι.

1399 908 1454 971 4,
1489 909 1540 962 5.
1606 910 1716 962 Καὶ
1770 908 2072 971 ἔκλαυσαν,
2134 910 2226 962 καὶ
2275 910 2373 963 ἐπ-

1329 978 1614 1050 ωνόμασαν
1647 978 1706 1031 τὸ
1727 979 1896 1050 ὄνομα
1925 979 2020 1032 τοῦ
2035 980 2198 1032 τόπου
2232 981 2372 1050 ὲκεί-

1327 1049 1820 1128 νοχκλαρθμῶνες.
1857 1052 2100 1115 Ἀλλος,
2125 1050 2212 1102 διὰ
2244 1049 2369 1102 τοῦ-

1326 1118 1398 1170 το’
1418 1118 1641 1189 ἐκλήθη.

1399 1207 1452 1265 7.
1475 1209 1631 1262 Μετά
1667 1207 1860 1279 Ἰησοῦ.

1397 1297 1450 1351 9.
1490 1297 1576 1350 Ἐν
1603 1296 1975 1368 Θαμναθαρὲς.

1399 1388 1485 1460 10.
1514 1388 1941 1460 Προσετέθησαν.
1981 1390 2221 1456 Ἀλλος,
2242 1405 2368 1442 συν-

1326 1457 1594 1529 ήχηησαν.

1401 1555 1489 1608 11.
1544 1553 1823 1608 Ἐνὼπιον.
1849 1555 2091 1619 Ἀλλος,
2111 1553 2370 1608 ἐναντίον.

1399 1645 1488 1699 12.
1522 1645 1699 1718 Δαῶν.

1397 1736 1484 1788 15.
1519 1736 1595 1806 Τῇ
1633 1735 1796 1789 Βαάλ.

1398 1832 1486 1887 14.
1517 1833 1609 1895 Εἰς
1644 1832 1740 1896 τὰς
1763 1835 1973 1904 χεῖρας.

1394 1926 1520 2005 ςΕτι
1586 1924 1923 1994 ἀντιστῆναι.
1993 1925 2230 1988 Ἄλλος,
2289 1923 2369 1974 ἔτι

1325 2011 1540 2065 στηναι.

1393 2085 1482 2139 15.
1523 2085 1894 2156 Ἐπορεύοντο.
1926 2082 2370 2156 Ἀλλοαὲξεπο-

1324 2155 1561 2246 εξύρντο.
1598 2154 1848 2246 ι’ἰὶξλλος
1873 2196 1888 2220 ,
1945 2154 2364 2226 ὲξεπόρνευσαν.

1347 2229 1568 2291 Αλλος,
1595 2226 1906 2296 ὲπόρνευον.

1393 2315 1480 2370 16.
1512 2317 1622 2369 Καὶ
1655 2315 1856 2368 ἔσωσεν
1883 2313 2104 2377 αὐτούς.

1391 2409 1477 2463 17.
1495 2409 1697 2462 Ὀπίσω
1719 2407 1854 2461 Θεῶν
1882 2409 2102 2479 ἐτέρων.
2117 2408 2365 2474 Ἀλλος,

1323 2479 1500 2532 ὀπίσω
1523 2479 1658 2531 Θεῶν
1684 2479 1998 2549 ἀλλοτρίων.

1396 2576 1515 2628 Τῶν
1547 2576 1742 2645 λόγων.
1781 2578 1844 2630 υἱ
1873 2575 2105 2639 λοιποὶ,
2141 2575 2240 2640 τὰς
2281 2577 2366 2628 ὲν-

1322 2646 1503 2708 τολάς.

1397 2738 1481 2792 18.
1515 2737 1622 2792 Καὶ
1673 2736 1774 2790 ὅτι.
1815 2737 2052 2801 Ἄλλος,
2104 2735 2198 2788 καὶ
2251 2735 2360 2787 ὅτε.

1327 2808 1571 2873 Ἀλλος,
1603 2809 1801 2860 εἴποτε.

1394 2899 1480 2952 19.
1531 2900 1734 2952 Ὀπίσω
1777 2898 1914 2951 θεῶν
1944 2897 2165 2967 ἑτέρων.
2227 2898 2362 2950 Ἅλ-

1320 2973 1450 3035 λος,
1485 2969 1659 3022 ὀπίσω
1681 2968 1817 3021 θεῶν
1850 2967 2165 3038 ἀλλοτρίων.

1362 3058 1480 3142 κῃ.
1518 3059 1605 3112 Ἐν
1636 3059 1837 3121 αὐτοῖς.
1873 3059 2092 3122 Ἀλλος
2115 3096 2130 3120 ,
2173 3057 2239 3110 δι’
2266 3057 2366 3111 αὑ-

1321 3145 1450 3183 των.

1494 3245 1635 3300 LXX
1667 3244 1732 3298 ΙΝ
1737 3243 2169 3300 TERPRETES.

1393 3357 1448 3411 5.
1478 3355 1596 3410 Non
1627 3354 1870 3410 auferam
1889 3370 2004 3410 eos.
2041 3355 2229 3420 Aliter,
2255 3371 2362 3410 non

1324 3427 1576 3495 adjiciam
1599 3425 1867 3481 lranferre
1892 3427 2179 3495 p0pulum,
2200 3441 2362 3496 quem

1322 3498 1434 3553 dixi
1469 3513 1554 3552 me
1581 3497 1957 3566 expulsurum.

1395 3589 1452 3655 4,
1511 3589 1564 3642 5.
1589 3587 1653 3642 Et
1705 3586 1997 3650 ﬂeverunt,
2034 3596 2088 3641 et
2135 3601 2358 3641 vocave-

1323 3668 1450 3713 runt
1477 3674 1672 3712 nomen
1724 3657 1826 3710 loci
1862 3657 2042 3717 illius,
2091 3656 2358 3724 planctus.

1323 3730 1494 3794 Alius,
1526 3739 1745 3798 propter
1769 3729 1871 3782 hoc
1907 3737 2157 3781 vocatum
2189 3734 2290 3781 est.

1395 3819 1448 3875 7.
1481 3819 1610 3874 PoSt
1630 3817 1842 3884 Jcsum,
1875 3817 1974 3881 vel,
1999 3833 2122 3872 cum
2145 3820 2295 3872 Jesu.

1394 3912 1449 3967 9.
1479 3912 1535 3966 In
1565 3911 2021 3966 Thamnatltares.

1396 4005 1485 4060 10.
1527 4004 1774 4074 Appositi
1810 4011 1959 4059 sunt.
2006 4002 2180 4070 Alius,
2228 4016 2364 4058 can-

1325 4077 1530 4148 gregati
1558 4087 1704 4130 sunt.

1395 4167 1482 4220 11.
1515 4165 1737 4220 Coram.
1765 4165 1934 4233 Alius,
1960 4165 2017 4219 in
2043 4169 2358 4233 conspectu.

1394 4258 1484 4312 1⁸2.
1517 4255 1873 4326 Populorum.

1315 4346 1325 4353 ⁷
1399 4350 1486 4404 15.
1515 4348 1666 4412 Baal,
1696 4348 1820 4415 fem.

1397 4439 1488 4493 14.
1525 4438 1586 4491 In
1627 4450 1844 4491 manus.

1397 4526 1553 4583 Ultra
1606 4526 1884 4581 resistere.
1955 4521 2146 4589 Alius,
2221 4521 2364 4575 ultra

1329 4607 1496 4653 stare.

1401 4687 1488 4743 15.
1531 4686 1704 4740 Ibant.
1747 4683 1922 4746 Alius,
1958 4681 2202 4736 exibant.
2253 4679 2364 4733 Atii

1327 4759 1452 4823 duo,
1479 4758 1693 4818 diverse,
1719 4752 2144 4809 fornicabantur.

1401 4849 1488 4904 16.
1515 4846 1582 4900 Et
1619 4845 1846 4901 salvavit
1878 4857 1992 4897 eos.

1403 4937 1492 4994 17.
1523 4936 1652 4991 Post
1676 4935 1808 4990 deos
1838 4933 1997 4986 alios.
2038 4930 2214 4997 Alius,
2245 4938 2364 4999 post

1329 5011 1464 5063 deos
1497 5008 1726 5061 alienos.

1405 5098 1602 5154 Verba.
1639 5094 1869 5164 Reliqui,
1899 5100 2186 5162 praecepta.

1407 5191 1495 5245 18.
1555 5187 1623 5243 Et
1673 5188 1822 5256 quia.
1885 5184 2060 5249 Alius,
2097 5189 2152 5236 et
2215 5195 2361 5235 cum.

1334 5261 1506 5326 Alius,
1539 5260 1586 5314 si
1631 5257 1870 5328 quando.

1406 5355 1494 5410 19.
1520 5353 1651 5410 Post
1675 5355 1806 5409 deos
1832 5351 1989 5406 alios.
2018 5348 2174 5406 Alius
2191 5391 2209 5418 ,
2245 5357 2366 5421 post

1334 5427 1467 5481 deos
1495 5427 1720 5480 alienos.

1403 5514 1494 5569 22.
1532 5512 1590 5569 ln
1617 5514 1717 5571 eis.
1745 5511 1921 5582 Atius,
1940 5526 2037 5583 per
2060 5525 2174 5566 eas.

3344 388 3485 444 1063

2761 498 3165 566 eEOAOTto'N.

2520 679 2574 731 5.

2509 909 2564 972 4,
2596 909 2648 963 5.
2682 907 2778 960 Διὰ
2806 904 2964 959 τοῦτο
2999 903 3284 959 ἐκάλεσαν.

2508 1214 2563 1269 7.
2591 1209 2747 1268 Μετὰ
2785 1179 2982 1282 Ἰη.σοῦ.

2509 1303 2562 1357 9.
2606 1303 2694 1356 Ἑν
2734 1295 3117 1370 Θαμναοαρές.

2515 1393 2602 1450 10.

2516 1554 2605 1607 11.

2514 1644 2600 1698 12.
2642 1643 2819 1696 Λαῶν.

2513 1736 2598 1790 15.
2634 1734 2722 1805 Τῷ
2755 1733 2922 1788 Βαάλ.

2513 1830 2598 1884 14.
2645 1830 2733 1882 Ἐν
2758 1827 2920 1900 χειρί.

2516 2084 2598 2138 15.

2515 2312 2601 2368 16.

2514 2408 2602 2462 17.

2513 2732 2596 2784 18.

2511 2890 2594 2946 19.

2507 3056 2598 3110 22.

2723 3237 3136 3296 THEODOTIO.

2507 3354 2560 3410 5.

2507 3588 2560 3650 4,
2593 3588 2645 3641 5.
2679 3586 2905 3656 Propter
2928 3586 3030 3638 hoc
3064 3591 3414 3639 vocaverunt.

2507 3818 2561 3872 7.
2593 3816 2723 3874 Post
2749 3815 2962 3879 Iesum.
2995 3816 3093 3881 vel,
3118 3829 3242 3871 cum
3265 3811 3416 3870 Jesu.

2511 3909 2565 3964 9.
2605 3909 2663 3964 In
2690 3907 3146 3964 Thamnathares.

2506 3999 2596 4054 10.

2508 4161 2592 4216 11.

2508 4252 2595 4305 12.
2628 4250 2982 4320 Populorum.

2509 4342 2597 4396 15.
2633 4341 2781 4405 Baal,
2814 4357 2977 4394 masc.

2510 4429 2598 4482 11.
2634 4426 2692 4482 ln
2720 4443 2906 4482 manu.

2509 4684 2595 4739 15.

2509 4843 2594 4896 16.

2510 4935 2596 4988 17.

2509 5183 2596 5237 18.

2513 5344 2600 5396 19.

2509 5503 2600 5557 21.
