3992 6392
499 282 633 337 1255

776 397 863 449 ΤΟ
889 395 1257 450 ΕΒΡΛΙΚΟΝ.

1328 541 1461 617 Βκπη

1255 633 1460 707 112557
1577 697 1580 700 .

637 819 765 869 ε.πή
802 819 1049 874 mum
1087 817 1391 868 ἸΠὩΠὩΠΠΊ
1429 807 1462 860 3

1071 1045 1256 1097 arma:
1293 1021 1466 1096 15mm

621 3256 868 3314 VERSIO
903 3252 1218 3311 HEBRAICI
1254 3252 1462 3311 TEXT.

588 3414 748 3471 Veiis.

584 3508 638 3561 7.
669 3507 750 3563 Ad
769 3507 1030 3564 eundum.

585 3671 638 3725 8.
689 3669 755 3726 Et
795 3669 1148 3726 tardaverunt
1195 3682 1374 3738 usque
1426 3667 1553 3723 dum

519 3740 815 3795 declinaret
847 3739 984 3797 dies.

591 3899 654 3956 Et
679 3910 1029 3957 comederunt
1057 3901 1158 3971 ipsi
1183 3902 1312 3956 duo.

591 4130 642 4185 9.
664 4131 742 4186 Ad
772 4130 1035 4186 eundum.

593 4296 658 4352 Et
686 4311 818 4367 puer
843 4297 988 4367 ejus.

593 4388 821 4444 Remisit
857 4403 937 4445 se.

589 4479 875 4536 Pernocta.

590 4569 655 4624 Et
675 4571 798 4626 ibis.

593 4661 682 4716 10.
723 4660 790 4716 Et
819 4660 1013 4715 noluit.

597 4821 660 4874 ιε.ι
693 4819 858 4874 venit.

593 4978 910 5034 Asinorum.

597 5068 683 5121 11.
706 5066 1086 5122 Descenderat.

594 5227 754 5282 Puer.

597 5315 686 5371 12.
727 5315 804 5370 De
834 5314 980 5372 ﬁliis.

599 5408 690 5464 15.
725 5406 902 5463 Puero
940 5406 1084 5476 ejus.

597 5498 665 5552 Et
686 5498 1146 5566 pernoctabimus.

601 5591 686 5643 ﬂ.
706 5587 771 5643 Et
796 5589 1062 5643 abierunt.

1550 273 2022 330 HEXAPLORUM
2059 269 2225 337 ρυλε
2266 265 2702 325 SUPERSUNT.

1915 393 2003 443 T0
2047 387 2393 442 ΕΒΡΛΙΚΟΝ

1787 462 2117 532 Ἑλληνικοῖς
2148 459 2456 531 γράμμασι.

1691 1849 1777 1904 10.

1695 2264 1784 2319 11.

1703 2674 1788 2729 13.

1630 3010 1633 3012 ’
1700 2997 1788 3054 Ms

1815 3252 2142 3312 VULGATA
2196 3253 2468 3313 LATINA.

1697 3416 1896 3483 Quaeso
1927 3426 1998 3474 te.

1693 3508 1748 3563 7.
1779 3508 1951 3580 Coepit
1976 3509 2111 3565 velle
2140 3511 2438 3580 proﬁcisci.

1696 3666 1750 3722 8.
1791 3665 1972 3724 Donec
1999 3668 2268 3725 increscat
2297 3670 2434 3726 dies.
2552 3698 2562 3712 -

1693 3891 2060 3947 Comederunt
2083 3907 2212 3964 ergo
2240 3893 2422 3948 simul.

1700 4119 1752 4174 9.
1779 4117 1847 4175 Ut
1880 4129 2148 4192 pergcret.

1705 4279 1768 4334 Et
1785 4295 1976 4351 puero.

1707 4373 1786 4426 Ad
1815 4388 2069 4430 occasum
2097 4374 2355 4432 declivior
2388 4377 2479 4435 sit.

1703 4464 1879 4520 Mane.

1706 4559 2093 4617 Proﬁcisccris.

1708 4651 1793 4706 10.
1823 4653 1889 4708 Et
1918 4653 2112 4709 noluit.

1707 4812 1775 4867 Et
1809 4816 1974 4869 venit.

1709 4973 1930 5027 Asinos.

1711 5066 1794 5118 Η.
1829 5063 2136 5120 Mutabatur
2161 5066 2215 5120 in
2240 5077 2477 5124 noctem.

1710 5223 1869 5280 Puer.

1712 5313 1798 5367 12.
1837 5317 1910 5369 De
1937 5315 2080 5370 liliis.

1709 5404 1794 5458 15.
1837 5403 2021 5458 Vacat.

1710 5492 2078 5551 Manebiinus.

1711 5582 1798 5637 14.
1831 5581 1896 5639 Et
1927 5595 2162 5654 coeptum
2196 5590 2492 5659 carpebant
2520 5596 2643 5647 Iter.

3060 381 3365 435 ΑΚΥΛΑΣ.

2785 798 2842 854 8.
2871 798 2972 854 Καὶ
3001 799 3358 872 νωθρεύθητι.

2803 1831 2886 1886 Ιυ.

2807 2257 2887 2313 ll.

2813 2509 2896 2564 12.

2813 2671 2896 2726 15.

2813 2998 2892 3053 14.

3116 3246 3368 3315 AQUILA

2817 3512 2868 3568 7.

2816 3673 2867 3728 8.
2897 3671 2960 3727 Et
2987 3669 3164 3726 larda.

2820 4651 2906 4706 10.

2821 5064 2911 5119 11.

2829 5315 2916 5368 12.

2826 5410 2912 5464 ιδ.
2977 5473 2986 5483 ,

2832 5592 2895 5645 IL

3627 264 3754 321 1256
