1902 3049
234 109 263 136 Η
807 107 976 135 EPISTOLA
996 108 1279 138 NUNCUPATORIA.
1826 117 1857 144 η

230 169 354 199 Summo
375 169 489 208 quippe
506 168 572 198 loco
585 172 678 197 natus
703 173 728 198 et
752 169 842 198 avitae
859 167 970 206 gloriw
983 178 1106 204 memor,
1124 170 1275 208 majorum
1290 174 1416 201 tuor-um
1430 173 1562 212 vestigia
1574 183 1636 203 non
1652 176 1742 206 modo
1760 185 1856 216 sequi,

231 219 284 249 sed
300 220 391 249 etiam
403 223 591 248 antevertere
605 218 770 248 studuisti.
788 218 870 247 Hinc
887 216 1092 256 episcopalem
1105 223 1217 248 nactus
1231 219 1414 258 dignitatem
1428 221 1520 252 rebus
1534 222 1681 254 Ecclesia:
1698 224 1746 255 cel
1756 228 1857 256 maxi-

232 269 290 299 mis
310 268 527 307 componendis
541 276 666 306 operam
678 275 741 296 non
757 267 860 296 minus
875 267 1028 305 sagaciter
1040 276 1131 307 quam
1143 267 1279 307 feliciter
1292 270 1416 300 dedisti.
1433 271 1550 302 Deinde
1559 274 1766 311 promeritam
1780 284 1857 314 pur-

231 330 319 360 purae
332 321 461 359 adeptus
476 321 634 355 honorem,
647 328 682 348 ac
695 319 887 357 gravissimis
901 319 990 357 regni
1002 319 1137 357 negotiis
1152 320 1237 358 apud
1249 326 1370 351 exteras
1381 323 1522 353 nationes
1535 326 1709 355 tractandis
1720 336 1738 356 a
1750 335 1856 366 regum

229 371 364 402 maximo
381 371 559 409 deputatus,
576 370 695 400 nullam
707 371 845 409 Europa
857 369 1016 401 catholica:
1030 371 1186 410 regionem
1203 372 1323 412 insigni
1337 382 1439 404 rerum
1449 381 1606 414 gestarum
1625 376 1792 415 splendore
1806 390 1855 410 ra-

230 431 317 450 cuam
332 420 502 460 reliquisti.
518 422 645 452 Manent
661 422 810 461 hodieque
830 422 942 458 Romw,
956 430 1014 460 per
1029 426 1125 452 totam
1141 424 1279 460 Italiam,
1299 425 1331 454 in
1348 425 1524 463 Germania,
1540 427 1708 466 Hispania,
1725 429 1852 460 Lusita-

228 471 293 504 nia,
319 472 442 551 (θηρία
467 472 628 510 sapientiae
649 472 838 512 virtutisque
857 476 918 502 tute
936 472 1085 510 vestigia;
1109 481 1175 512 qute
1200 475 1304 504 omnia
1327 475 1356 504 si
1372 484 1432 514 pro
1459 477 1505 506 rei
1523 477 1677 516 dignitate
1699 488 1855 510 recensere

228 529 322 551 aaore
348 530 406 551 zar.

228 529 406 559 aggrediar,
1860 530 1862 533 ν

780 617 795 634 .7
810 618 817 624 .
839 619 845 625 .
869 617 876 624 .
898 618 906 625 .
925 598 1067 634 cupidum,
1083 597 1163 626 Pater
1179 599 1291 634 optime,
1314 599 1384 628 vires

784 633 914 660 Deﬁcienl
930 643 936 660 :

227 703 280 733 sed
295 702 502 742 eloquentiori
516 703 593 733 hanc
605 701 738 742 palmam
753 701 914 742 relinquo;
941 703 1016 733 mihi
1035 703 1113 733 enim
1132 703 1164 733 id
1185 708 1258 733 esset
1271 705 1458 742 periculosa!
1467 707 1594 745 plenum
1617 717 1696 747 opus
1711 709 1796 746 alea’,
1825 717 1852 742 et

226 753 354 784 aliunde
370 758 415 784 tot
434 753 578 784 laudibus
596 755 709 793 dignus
724 754 779 784 vix
793 753 880 785 laudi
891 755 1009 784 aditum
1025 756 1187 785 concedere
1199 755 1277 785 soles

271 805 378 834 Verum
395 805 427 834 id
440 805 516 835 mihi
533 814 551 834 α
566 805 716 835 modestia
740 809 795 834 tua
828 805 993 843 impetrare
1006 803 1106 839 liceat,
1122 805 1372 836 Eminentissime
1388 807 1577 845 Car-dinalts,
1598 814 1632 839 ut
1650 811 1711 840 duo
1731 816 1852 843 tantum

225 865 416 896 summopere
429 857 582 893 miranda,
601 866 733 896 quorum
744 857 831 887 testis
843 857 893 897 fui
907 855 1062 892 oculatus,
1077 857 1136 886 huc
1154 856 1292 896 a/feram.
1317 858 1458 889 Primum
1472 866 1515 890 est
1531 866 1559 891 te
1573 862 1617 891 ita
1629 863 1746 900 patria
1760 863 1852 894 rebus

225 916 342 947 semper
361 907 557 947 advigilasse,
577 911 613 937 ut
628 912 728 937 tamen
746 912 935 943 exterarum,
953 907 1038 945 apud
1051 916 1127 946 quos
1143 909 1267 946 negotia
1281 909 1417 948 gerebas,
1439 910 1558 940 animos
1585 911 1644 942 tibi
1666 913 1851 951 decineires,

225 966 253 990 et
270 969 320 989 eos
334 963 398 989 tum
410 958 533 998 ofﬁciis,
547 963 612 988 tum
622 957 745 988 dicendi
761 957 863 996 lepore
875 957 919 987 ita
934 957 993 987 tibi
1004 956 1198 994 conciliares,
1213 964 1248 988 ut
1261 960 1422 998 optimates
1434 965 1460 990 et
1471 960 1570 992 aulici
1581 967 1610 992 te
1623 964 1712 1002 quasi
1726 964 1853 994 Patrem

224 1010 271 1040 τοι
290 1011 504 1050 propinquum
522 1014 735 1048 agnoscerent.
758 1007 960 1045 Quamobrem
976 1008 1009 1037 in
1024 1007 1112 1037 nulla
1125 1009 1189 1047 fere
1201 1009 1338 1048 Europce
1355 1010 1512 1041 catholica
1526 1012 1652 1051 regione
1666 1015 1851 1053 peregrinus

225 1062 429 1094 existimaris.
444 1061 534 1099 Quod
549 1061 588 1096 si,
601 1065 636 1090 ut
652 1060 695 1090 ait
711 1057 827 1088 Orator
844 1057 896 1097 (α),
914 1069 927 1084 α
944 1067 1008 1088 non
1026 1059 1194 1098 quidquam
1216 1069 1254 1089 ex
1268 1059 1358 1090 rebus
1372 1061 1514 1091 humanis
1532 1067 1574 1092 est
1588 1063 1774 1102 praeclarius
1796 1072 1850 1096 aut

222 1113 435 1153 prastantius,
462 1121 550 1151 quam
569 1111 604 1141 de
626 1109 786 1148 republica
801 1108 873 1138 bene
889 1108 1041 1146 mereri,»
1057 1113 1190 1148 quantus
1215 1110 1287 1140 hinc
1306 1111 1368 1140 tuis
1394 1109 1538 1142 laudibus
1557 1113 1697 1144 cumulus
1718 1115 1850 1152 accedit,

223 1164 307 1205 quod
320 1172 383 1193 non
397 1163 535 1202 patriam
548 1161 636 1191 modo
651 1165 747 1195 tuam,
767 1159 819 1189 sed
833 1158 913 1188 alias
928 1159 1018 1189 etiam
1028 1159 1170 1188 nationes
1188 1160 1314 1190 summis
1330 1160 1483 1199 beneﬁciis
1496 1165 1708 1197 exornaveris;
1723 1164 1852 1196 Lusita-

222 1216 306 1246 niam
322 1214 402 1250 dico,
422 1212 598 1247 Bovarium,
619 1209 758 1242 Italiam;
772 1218 839 1248 quae
854 1213 976 1240 tantum
992 1210 1167 1239 ornamenti
1180 1209 1227 1239 vel
1240 1211 1384 1248 prasidii
1398 1211 1431 1241 in
1446 1213 1584 1244 amicitia
1598 1219 1688 1253 atque
1704 1217 1850 1247 auctori-

223 1273 285 1298 tate
299 1272 366 1302 tua,
381 1269 530 1305 quantum
546 1262 697 1293 commodi
710 1261 883 1300 repositum
896 1261 929 1290 in
943 1260 1134 1299 benignitate
1143 1267 1315 1292 senserunt.

261 1317 401 1348 Alterum
417 1315 500 1355 quod
517 1314 759 1352 mihistuporem
775 1322 852 1351 sape
865 1313 1019 1351 ingentem
1031 1312 1139 1342 attulit
1156 1312 1238 1343 illud
1255 1318 1310 1350 est,
1325 1314 1407 1353 quod
1417 1314 1615 1354 amplissimis
1627 1316 1695 1347 licet
1711 1319 1853 1349 muneri-

223 1369 279 1400 bus
296 1376 352 1407 per
370 1371 470 1397 totum
489 1365 558 1394 vitte
574 1362 767 1394 curriculum
779 1363 977 1402 perfunctus,
994 1361 1076 1392 nihil
1091 1362 1232 1392 obstante
1247 1372 1350 1393 rerum
1362 1365 1552 1402 agendarum
1567 1365 1654 1402 mole,
1672 1365 1853 1398 litterarum

223 1421 341 1451 cultum
351 1426 508 1458 nunquam
523 1415 738 1446 intermiseris.
755 1414 815 1444 Nec
826 1419 945 1444 tantum
958 1414 1026 1444 dico
1040 1419 1068 1444 te
1083 1414 1116 1444 id
1128 1415 1314 1453 praestitisse
1328 1416 1412 1455 quod
1425 1416 1524 1446 solent
1535 1416 1593 1447 alii
1606 1418 1760 1456 sapientes
1774 1420 1850 1453 riri.

222 1471 358 1510 publicis
369 1469 502 1507 negotiis
519 1465 670 1505 deputati,
685 1465 802 1504 quiubi
816 1474 833 1493 a
848 1463 942 1494 solito
956 1473 1082 1494 munere
1097 1469 1219 1502 vacant,
1233 1465 1274 1495 ad
1285 1464 1470 1495 litterariam
1484 1467 1736 1498 exercitationem
1746 1474 1852 1498 ιναηε-

224 1528 307 1559 eunt,
325 1520 372 1550 rel
386 1529 447 1549 usu
463 1518 615 1548 librorum
639 1515 822 1546 solitudinis
838 1514 962 1544 taedium
974 1513 1103 1553 fallunt,
1125 1514 1208 1554 quod
1220 1520 1321 1545 tamen
1336 1516 1437 1552 ipsum
1453 1521 1495 1546 est
1514 1516 1545 1546 in
1560 1526 1671 1555 magna
1687 1517 1778 1548 laude
1789 1527 1853 1556 po-

222 1574 372 1606 nendum;
394 1571 446 1601 sed
460 1571 505 1600 ita
517 1577 634 1608 semper
649 1571 861 1606 comparatum
875 1566 972 1606 fuisse
990 1566 1136 1602 demiror,
1153 1570 1187 1596 ut
1205 1566 1241 1596 de
1255 1567 1363 1606 quovis
1381 1566 1577 1604 litteratura,
1591 1578 1644 1597 seu
1665 1578 1773 1606 sacrte,
1797 1578 1853 1599 seu

221 1628 363 1667 profante
378 1633 486 1664 genere
502 1621 695 1662 loquendum,
710 1619 921 1650 disserendum
932 1617 978 1647 vel
992 1617 1187 1648 scribendum
1197 1619 1305 1658 fuerit,
1316 1627 1379 1648 non
1390 1619 1492 1649 minus
1503 1619 1644 1658 expedite
1655 1625 1680 1650 et
1695 1621 1855 1659 sagaciter

223 1679 284 1708 hac
298 1675 406 1715 egeris,
429 1683 519 1714 quam
534 1669 721 1711 peritissimi
734 1670 846 1709 quique
861 1668 977 1698 artium
994 1672 1019 1697 et
1032 1667 1272 1707 disciplinarum
1288 1668 1433 1706 magistri
1447 1678 1457 1697 :
1470 1669 1544 1698 adeo
1561 1673 1594 1698 ut
1610 1670 1664 1708 qui
1679 1674 1707 1699 te
1723 1671 1854 1709 negotia

225 1726 272 1758 rel
289 1726 473 1766 gravissima
488 1729 576 1754 tanta
588 1722 717 1752 solertia
731 1725 915 1751 tractantem
926 1724 1097 1756 cernerent,
1119 1719 1222 1749 omnia
1234 1719 1453 1758 posthabuisse
1474 1725 1634 1758 putarent,
1659 1730 1718 1760 quo
1744 1731 1852 1752 rerum

222 1775 580 1816 gerendarumperitiam
594 1781 804 1812 assequerere;
816 1771 870 1811 qui
884 1779 954 1800 vero
967 1770 1003 1800 de
1018 1771 1180 1809 omnigena
1194 1769 1373 1800 litteratura
1382 1771 1578 1800 disserentem
1587 1772 1744 1807 audirent,
1755 1777 1785 1802 te
1797 1778 1851 1803 to-

223 1835 285 1861 tam
304 1833 422 1859 (etatem
438 1828 467 1858 in
483 1826 659 1857 litterarum
674 1825 779 1855 studio
799 1823 992 1859 contrivisse,
1011 1827 1178 1862 cateraque
1196 1823 1298 1852 omnia
1313 1822 1485 1861 neglexisse
1500 1823 1667 1853 crederent.

262 1880 322 1911 Sed
333 1889 423 1920 quam
437 1878 525 1909 bonis
542 1877 650 1907 avibus
661 1877 776 1916 factum
792 1880 846 1911 est,
861 1880 895 1905 ut
908 1884 946 1904 ex
957 1876 1054 1905 tantis
1067 1874 1270 1914 undequaque
1281 1875 1432 1914 susceptis
1441 1873 1633 1914 feliciterque
1646 1873 1740 1912 gestis
1754 1882 1854 1913 nego-

223 1933 278 1964 tiis
293 1933 333 1962 ad
347 1940 404 1961 nos
418 1934 574 1968 receptum
590 1927 733 1958 haberes!
748 1925 941 1956 [mmortales
955 1935 1026 1955 sane
1043 1925 1163 1963 gratias
1178 1925 1322 1955 habemus
1334 1925 1491 1955 Ludovico
1508 1924 1636 1962 Magno,
1654 1924 1709 1963 qui
1722 1929 1751 1953 te
1766 1929 1855 1953 acta-

224 1991 293 2013 rum
307 1991 411 2012 rerum
425 1980 529 2020 gloria
543 1978 673 2015 clarum,
689 1978 782 2017 hujus
797 1977 927 2007 comobii
938 1977 1110 2006 antistitem
1126 1977 1341 2009 constituerit;
1353 1985 1413 2015 qua
1425 1977 1457 2006 in
1473 1984 1506 2005 re
1515 1975 1617 2004 nescio
1633 1984 1674 2004 an
1682 1973 1757 2012 plus
1770 1974 1852 2009 tuis,

222 2033 472 2064 Eminentissime
485 2030 675 2066 Cardinalis,
692 2039 781 2069 quam
795 2029 914 2059 nostris
930 2028 1318 2066 commodisprospexerit.
1336 2028 1418 2057 Hinc
1430 2026 1486 2056 illa
1501 2026 1597 2065 effusa
1611 2026 1644 2056 in.
1658 2026 1853 2055 monasterio

223 2090 331 2115 nostra
346 2083 466 2121 latitia,
484 2084 554 2114 hinc
570 2082 622 2112 ille
635 2081 767 2120 plausus
786 2080 921 2110 omnium
938 2078 1092 2110 sodalium
1106 2080 1141 2110 de
1153 2084 1240 2109 tanta
1256 2080 1386 2119 fortuna
1401 2079 1462 2109 sibi
1476 2084 1582 2108 mutuo
1597 2076 1853 2116 gratulantium;

222 2148 285 2178 qua
299 2140 331 2168 in
347 2147 380 2167 re
403 2146 467 2167 non
485 2141 591 2175 partes
615 2134 676 2165 tuli
689 2133 895 2172 posteriores.
916 2132 1039 2171 Ecquid
1055 2132 1135 2161 enim
1155 2131 1367 2162 litteratorum
1382 2132 1472 2162 δαειαί
1492 2130 1566 2170 plus
1587 2130 1696 2169 gaudii
1720 2128 1852 2168 afferat,

222 2200 314 2230 quam
329 2199 396 2220 cum
410 2189 470 2219 sibi
484 2188 657 2227 principem
669 2196 688 2216 a
699 2195 806 2224 regum
820 2184 1049 2223 sapientissimo
1066 2184 1224 2222 designari
1242 2184 1439 2222 conspiciunt
1456 2193 1531 2218 eum,
1549 2191 1635 2222 quem
1652 2181 1725 2219 ipsi,
1744 2181 1773 2210 si
1790 2189 1854 2218 pe-

222 2250 276 2269 nes
296 2249 327 2269 se
343 2240 406 2279 ejus
422 2239 469 2269 rei
488 2238 656 2268 arbitrium
668 2236 791 2276 fuisset,
808 2235 962 2265 communi
974 2234 1109 2264 omnium
1128 2233 1247 2264 calculo
1263 2233 1552 2272 sibicooptassent?

262 2291 301 2320 In
319 2288 656 2320 San-Germanensibus
684 2292 785 2317 autem
802 2285 918 2315 (edibus
938 2284 1014 2320 illis,
1029 2294 1095 2324 quae
1110 2289 1156 2315 tot
1170 2285 1354 2323 principum
1369 2283 1559 2314 domicilium
1573 2285 1713 2323 fuerunt,
1737 2293 1794 2313 ceu
1817 2285 1856 2313 in

223 2350 294 2371 arce
307 2339 353 2370 vel
371 2338 495 2379 specula
511 2338 642 2377 quadam
657 2337 857 2371 constitutus,
877 2334 1127 2364 Eminentissime
1142 2334 1333 2371 Cardinalis,
1352 2334 1392 2363 iis
1411 2333 1550 2363 omnibus
1563 2332 1662 2372 fulges
1679 2341 1853 2362 ornamen-

224 2393 276 2429 tis,
292 2391 403 2431 quibus
420 2390 494 2420 olim
509 2389 614 2419 varias
631 2388 768 2426 Europa:
781 2391 885 2425 gentes
914 2385 1106 2421 illustrabas,
1132 2385 1273 2425 quodque
1292 2384 1434 2416 mirabile
1454 2385 1541 2415 dictu
1556 2390 1610 2420 est,
1633 2393 1731 2414 annos
1745 2392 1856 2423 prope

223 2443 387 2474 Nestoreos
402 2451 549 2477 emensus,
566 2441 672 2471 divina
682 2439 814 2478 quadam
829 2436 984 2467 celeritate
1001 2437 1120 2475 ingenii
1139 2437 1322 2476 dicendique
1338 2437 1438 2475 copia,
1451 2436 1532 2466 sicut
1548 2433 1621 2464 olim
1637 2434 1688 2464 ille
1703 2434 1856 2464 Carnea-

224 2495 286 2529 des,
317 2494 452 2524 omnium
467 2493 506 2522 ad
520 2499 549 2523 te
563 2492 681 2522 animos
701 2490 854 2520 convertis
871 2493 896 2518 et
913 2489 1010 2527 rapis.
1030 2489 1070 2518 Te
1083 2497 1160 2527 saepe
1177 2489 1210 2519 in
1225 2498 1369 2518 consessu
1394 2487 1587 2517 eruditorum
1608 2487 1797 2524 suspicimus
1813 2487 1856 2517 de

223 2546 333 2585 quovis
357 2544 533 2575 litterarum
556 2552 664 2582 genere
680 2544 725 2572 ita
734 2541 837 2581 perite
854 2540 1062 2575 disserentem,
1086 2543 1122 2569 ut
1142 2540 1302 2579 fateantur
1320 2547 1420 2568 omnes
1436 2542 1464 2567 te
1480 2546 1542 2566 non
1554 2537 1655 2567 minus
1670 2537 1855 2568 eruditione

223 2606 314 2637 quam
331 2597 484 2635 dignitate
502 2596 620 2635 primas
633 2600 743 2625 tenere.
757 2594 835 2624 Nam
849 2593 911 2623 sive
929 2593 964 2623 de
978 2593 1113 2623 historia
1129 2596 1154 2622 et
1170 2591 1369 2630 geographia,
1393 2590 1456 2619 sive
1469 2589 1505 2620 de
1518 2589 1609 2618 rebus
1628 2588 1854 2618 ecclesiasticis

225 2652 250 2677 et
267 2648 425 2677 canonicis
437 2651 562 2685 agatur,
575 2654 683 2685 parem
696 2646 728 2675 in
744 2644 886 2674 omnibus
900 2643 1079 2684 facultatem
1100 2642 1234 2677 exhibes,
1253 2642 1285 2671 in
1297 2639 1396 2676 nulla,
1413 2645 1446 2670 ut
1464 2641 1509 2670 ita
1527 2640 1636 2674 dicam,
1653 2638 1738 2667 orbis
1756 2637 1853 2668 litte-

224 2697 305 2726 rarii
326 2700 417 2735 parte
440 2697 559 2735 hospes.
579 2696 654 2725 Tum
678 2694 706 2724 si
719 2693 760 2723 ad
779 2693 1002 2723 mansuetiores
1016 2693 1123 2723 Musas
1139 2697 1167 2722 te
1179 2692 1305 2732 referas,
1328 2689 1463 2726 Gracas,
1483 2687 1611 2718 Latinas
1632 2685 1851 2727 Gallicasque,

224 2747 376 2777 memoria?
388 2745 684 2786 felicitatejuvenes,
700 2743 820 2782 ingenii
833 2743 1006 2773 acrimonia
1021 2742 1159 2773 eruditos
1174 2739 1325 2781 quoslibet
1337 2737 1506 2770 antecellis.

263 2812 300 2847 tu)
328 2811 385 2838 Cic.
408 2810 485 2838 Fam.
502 2818 528 2843 ι,
