1902 3049
50 116 77 144 t3
759 110 954 140 PREFATIO.
1354 87 1359 93 ’
1641 111 1675 138 η

82 175 206 214 Stupent
221 183 294 204 sane
308 175 333 205 ii
344 184 426 214 quos
438 175 481 205 ad
491 174 684 205 consortium
697 174 746 203 tui
757 182 881 203 evocare
892 173 1046 212 dignaris,
1062 172 1274 203 litteratorum
1283 172 1434 212 princeps
1444 169 1674 206 amabilissime,

49 232 72 257 et
88 227 211 257 rediisse
227 231 343 265 putant
369 225 428 256 illa
449 231 589 264 tempora
610 225 723 265 quibus
741 224 822 255 inter
838 225 999 263 principes
1016 225 1102 254 viros
1119 224 1151 254 in
1168 225 1252 254 omni
1268 232 1377 262 genere
1391 222 1537 252 micabas.
1564 220 1677 253 Omnia

48 279 153 319 quippe
170 279 243 308 inte
254 277 403 317 ﬂoridam
419 277 558 308 redolent
569 281 706 310 aetatem:
722 276 803 307 bona
815 275 971 313 valetudo,
988 285 1105 306 summa
1120 276 1235 315 gratia,
1254 280 1360 306 tantus
1377 274 1429 305 ille
1446 273 1621 314 injoeando
1635 273 1678 302 lc-

43 340 107 371 pos,
124 332 170 362 sic
184 335 374 369 temperatus
388 335 424 360 ut
436 328 617 370 nihiljoeus
632 328 669 358 de
681 329 837 367 gravitate
853 327 1008 368 decerpat.
1024 329 1086 366 Qui
1099 334 1127 359 te
1140 326 1231 358 talem
1240 328 1356 364 vident,
1374 327 1408 358 id
1417 337 1448 356 se
1460 326 1561 358 oculis
1572 325 1677 357 obser-

45 392 112 413 eare
126 386 239 422 putant
257 379 342 420 quod
356 380 481 420 quidam
498 388 512 410 e
525 378 681 410 veteribus
692 377 776 410 dixit
791 388 797 406 :

503 463 525 489 Α
537 462 619 489 certis
638 461 717 489 annis
732 468 820 489 aevum
835 467 960 488 remeare
976 464 1116 496 peractam

79 559 155 597 Quis
173 558 277 597 igitur
292 556 423 596 Origeni
437 557 598 597 fortunam
613 563 675 583 non
690 552 870 593 gratuletur
886 563 984 589 suam,
1001 553 1056 592 qui
1072 554 1104 583 in
1117 552 1380 592 prwstantissima
1397 552 1533 592 Operam
1549 558 1678 583 suorum

50 616 126 650 parte
135 619 219 649 pene
227 609 389 639 redivivus
402 607 583 646 conspectui
596 607 724 636 sistitur
736 612 791 636 tuo
800 607 814 636 ?
824 615 860 636 ac
872 606 927 646 qui
943 605 1026 635 inter
1036 606 1093 636 (cui
1105 606 1156 636 sui
1171 605 1369 636 Christianos
1383 604 1517 643 palmam
1526 604 1679 635 eruditio—

51 665 90 694 nis
107 663 236 700 tulerat,
247 663 317 703 jam
333 667 372 697 te,
390 662 568 691 litterarum
589 659 691 695 decus,
719 664 891 698 patronum
912 657 1020 695 ambit,
1042 662 1077 688 ut
1093 657 1246 696 auspiciis
1262 657 1326 687 tuis
1347 666 1385 686 ex
1401 656 1536 687 tenebris
1554 655 1609 687 ubi
1624 656 1679 686 diu

54 714 173 745 latuerat
185 715 334 749 eductus,
351 713 392 745 ad
403 713 599 743 eruditorum
615 711 717 742 orbem
727 706 837 752 faciles
855 711 962 742 aditus
977 710 1126 749 reperiat,
1143 714 1246 740 certus
1258 708 1639 749 patrociniituipignore
1650 714 1681 739 se

54 768 78 797 in
95 767 269 806 pristinam
294 774 359 795 non
372 774 573 795 reversurum
587 763 762 802 caliginem.
783 763 877 792 Hunc
898 756 1025 802 illejam
1041 760 1184 791 laborum
1198 761 1338 800 fructum
1358 763 1528 798 exspectat.
1545 758 1680 796 Quantis

56 819 117 848 enim
130 817 308 848 sudoribus
321 817 540 856 Hexaplorum
553 821 581 847 et
597 815 803 854 Octaplorum
823 823 902 853 opus
916 813 1045 844 molitus
1060 814 1113 850 sit,
1131 814 1218 843 testis
1231 812 1279 842 vel
1293 813 1394 851 ipsius
1406 811 1509 850 operis
1526 811 1678 846 conditio,

53 871 123 901 tatis
133 876 160 900 et
172 870 408 909 Hieronymus,
421 869 477 909 qui
486 868 647 908 Origenem
661 870 836 908 χαλκέη-ερον
846 865 996 906 appellat,
1013 867 1087 906 quia
1097 865 1216 896 scilicet
1230 866 1350 896 viscera
1371 865 1464 904 quasi
1479 873 1562 894 teneo
1578 864 1615 894 ob
1631 872 1682 893 as-

46 922 217 952 siduitatem
235 921 401 952 scribendi
413 921 525 952 habere
538 921 713 961 putabatur
727 929 735 948 :
751 920 784 950 in
800 920 890 959 cujus
915 918 1100 958 colligendis
1115 917 1259 958 reliquiis
1276 917 1373 948 multo
1387 916 1493 948 labore
1506 916 1683 946 diuturnis-

45 985 94 1014 que
104 974 229 1014 vigiliis
245 975 457 1010 exercitatus,
477 983 556 1013 pene
571 975 676 1015 factus
690 982 756 1003 sum
773 977 800 1003 et
817 972 883 1011 ipse
895 974 1070 1011 χαλκέντερος
1091 980 1100 1000 :
1118 972 1302 1012 fortunatus
1322 977 1423 1000 tamen
1444 970 1473 1000 si
1493 970 1583 1000 hasce
1600 979 1681 999 meas

46 1027 277 1058 lucubrationes
290 1027 414 1058 lubenti
428 1027 533 1058 animo
548 1026 703 1066 acceperis
712 1036 722 1060 ;
737 1024 946 1064 fortunatior,
956 1024 985 1055 si
997 1024 1039 1055 ad
1048 1023 1246 1060 diuturnum,
1259 1027 1295 1053 ut
1310 1031 1412 1062 spero,
1426 1027 1555 1060 tempus,
1571 1027 1682 1061 patro:

47 1080 115 1110 cinio
131 1085 187 1110 tuo
205 1080 258 1109 uti
276 1087 420 1118 pergam.

719 1227 766 1255 Fr.
794 1228 952 1256 BERNARDUS
973 1235 1007 1255 DE
1027 1223 1221 1258 MONTFAUCON,

620 1263 772 1291 Monachus
786 1263 979 1291 Bcnedictinus
993 1270 1008 1290 e
1032 1263 1242 1298 congregatione
1256 1261 1350 1289 Sancti
1366 1260 1463 1288 Mauri,

650 1469 1089 1536 PR/EFATIO.

840 1614 876 1624 .—

88 1690 155 1718 later
165 1688 358 1725 praestantiora
372 1685 500 1721 Origenis
513 1692 594 1720 opera
612 1683 762 1719 principem
777 1681 900 1709 obtinere
909 1680 1000 1707 locum
1017 1672 1138 1713 Hexapla
1147 1677 1203 1710 illa,
1219 1680 1295 1704 tanto
1306 1676 1398 1704 labore
1411 1676 1558 1712 studioque
1573 1675 1686 1703 concina

61 1742 122 1770 nata,
141 1723 261 1765 fatentur
275 1735 376 1763 eruditi
394 1734 497 1770 quique
514 1737 570 1760 tum
586 1736 701 1762 veteres,
715 1735 772 1757 tum
791 1729 965 1756 recentiores.
986 1726 1054 1754 Cum
1069 1726 1141 1752 enim
1157 1724 1261 1752 homini
1276 1723 1432 1751 Christiano
1446 1723 1514 1750 nihil
1530 1723 1564 1750 ad
1582 1727 1684 1750 rectam

57 1786 126 1813 ﬁdem
139 1785 315 1813 statuendam
330 1789 479 1817 moresque
497 1779 686 1808 inl'ormandos
705 1777 886 1813 opportunius
902 1776 938 1803 sit
948 1775 1100 1802 divinarum
1115 1773 1320 1808 Scripturarum
1342 1771 1530 1806 intelligentia,
1542 1771 1603 1806 ejus
1620 1779 1687 1799 sane

56 1834 159 1862 utilitati
166 1839 233 1862 tunc
241 1833 343 1869 optime
351 1831 506 1860 consultum
515 1833 625 1865 putatur
636 1836 697 1855 cum
704 1826 843 1862 quidpiam
854 1825 880 1852 in
894 1825 984 1852 lucem
994 1822 1122 1851 editurad
1130 1821 1274 1850 reseranda
1285 1820 1433 1855 Scriptura
1442 1828 1541 1848 arcana
1548 1825 1575 1848 et
1582 1819 1616 1847 ad
1625 1821 1686 1854 ejus

54 1880 161 1908 intimos
173 1865 274 1908 sensus
287 1877 470 1914 explorandos
483 1875 729 1904 accommodatum.
742 1872 814 1906 Quid
832 1879 923 1899 autem
940 1878 973 1898 eo
990 1870 1017 1897 in
1038 1876 1136 1905 genere
1150 1867 1322 1900 accuratius,
1338 1867 1404 1902 quid
1422 1868 1455 1894 ad
1471 1865 1619 1901 Scriptura:
1643 1874 1687 1893 sa—

52 1935 99 1955 cra
113 1933 235 1956 mentem
246 1913 421 1962 aperiendam
438 1925 608 1953 commodius
619 1922 720 1950 eximio
734 1921 779 1948 illo
793 1919 973 1954 Hexaplorum
983 1923 1009 1945 et
1019 1917 1190 1951 Oetaplorum
1199 1916 1298 1950 opere?
1311 1915 1348 1942 lbi
1359 1922 1477 1948 namque
1487 1935 1494 1946 ,
1508 1919 1606 1950 praeter
1614 1913 1686 1942 LXX

51 1975 232 2011 lnterprctum
252 1961 411 2005 editionem,
429 1977 484 2000 tres
508 1972 568 1999 alia:
589 1968 838 2004 interpretationes,
860 1974 875 1993 a
895 1965 982 1994 doctis
998 1964 1064 1991 viris
1082 1962 1190 1998 Aquila,
1212 1961 1376 1997 Symmacho
1390 1965 1417 1988 et
1431 1961 1615 1989 Theodotione
1628 1962 1687 1989 cla-

49 2009 163 2056 borata’,
183 2024 212 2050 in
237 2023 366 2049 omnibus
391 2019 530 2048 Hebraica:
553 2018 702 2054 Scriptura!
718 2015 795 2043 libris
813 2013 1025 2049 comparebant;
1046 2011 1072 2038 in
1088 2011 1167 2038 libris
1189 2010 1271 2037 etiam
1288 2017 1342 2036 non
1360 2009 1454 2043 paucis
1474 2009 1557 2036 trium
1574 2009 1688 2044 insuper

47 2054 169 2097 aliorum
186 2069 366 2103 interpretum
379 2072 578 2101 anonymorum
593 2063 727 2091 editiones
741 2067 756 2088 e
771 2060 880 2095 regione
894 2059 1006 2086 aderant
1028 2065 1082 2083 uno
1100 2055 1150 2083 sub
1174 2059 1284 2090 aspectu
1299 2054 1392 2089 positae
1406 2063 1413 2087 ;
1425 2054 1462 2080 ita
1474 2058 1503 2080 ut
1516 2061 1609 2080 earum
1624 2061 1687 2081 om-

44 2119 122 2145 nium
142 2100 272 2150 lectione,
296 2120 322 2143 et
342 2119 438 2143 mutuo
454 2100 524 2141 iacta
544 2111 759 2147 comparatione,
776 2108 798 2136 si
821 2115 876 2142 qua
891 2107 1008 2134 obscura
1024 2108 1050 2131 et
1066 2103 1187 2131 difﬁcilia
1204 2106 1397 2133 occurrerent,
1416 2101 1495 2135 longe
1513 2100 1620 2128 facilius
1635 2101 1682 2127 tali

42 2165 177 2192 subsidio
194 2145 416 2198 explanarentur.
430 2159 499 2186 Hinc
513 2145 616 2186 factum
630 2162 671 2184 est
684 2161 714 2183 ut
727 2154 812 2182 sancti
835 2153 939 2184 Patres,
955 2159 986 2178 ac
1007 2157 1112 2178 veteres
1129 2148 1277 2182 script0res
1294 2145 1470 2174 ecclesiastici
1485 2152 1554 2180 pene
1571 2153 1686 2178 omneS,

41 2212 119 2247 iique
135 2191 261 2238 maxime
274 2209 321 2244 qui
339 2207 426 2236 doctis
441 2207 468 2234 in
487 2213 591 2233 sacram
611 2203 779 2237 Scripturam
798 2198 1005 2227 commentariis
1020 2198 1153 2227 claruere.
1173 2193 1356 2227 Hexaplorum
1371 2191 1497 2227 Origenis
1519 2198 1599 2218 usum
1621 2199 1689 2225 pra:-

41 2240 239 2295 stantiamque
254 2240 358 2294 passim
373 2254 572 2283 commendent.
588 2252 722 2279 Enscbius
738 2257 845 2283 nempe,
859 2247 993 2275 Diodorus
1003 2267 1010 2279 ,
1033 2245 1258 2281 Chrysoslomus,
1274 2241 1474 2274 Theodoretus,
1489 2240 1638 2275 Procopius
1662 2244 1690 2267 et

40 2308 85 2334 alii
100 2317 109 2340 ;
129 2286 263 2340 iuncique
278 2303 392 2330 Latinos
404 2299 595 2335 Hieronymus,
611 2298 656 2333 qui
673 2304 725 2324 non
742 2296 770 2323 ln
784 2293 995 2322 Commentariis
1012 2291 1093 2319 modo
1109 2291 1166 2318 suis
1188 2297 1238 2324 ope
1259 2289 1508 2340 illorum‘perpctno
1524 2287 1621 2320 utitur,
1641 2286 1686 2313 sed

42 2333 133 2381 etiain
149 2354 178 2380 in
195 2333 357 2380 adornanda
369 2347 470 2376 eximia
483 2333 526 2373 illa
539 2346 656 2374 editione
671 2344 779 2375 Latina,
797 2349 878 2377 quam
896 2340 978 2367 hodie
998 2338 1139 2374 Vulgatam
1155 2336 1340 2372 appellamus,
1366 2334 1586 2371 frequentissime
1601 2333 1689 2369 Aqui-

45 2401 100 2428 lam
121 2401 169 2428 vel
182 2398 392 2435 Symmachum,
407 2395 497 2422 rarius
511 2392 726 2420 Theodotionem
740 2391 841 2417 aliosve
854 2388 986 2416 editiones
1002 2387 1134 2421 sequitur.

80 2447 114 2475 Si
131 2430 343 2483 quid-unquam
357 2442 561 2470 immortalitate
580 2439 691 2475 dignum
706 2438 837 2465 emissum
853 2437 879 2463 in
899 2436 987 2463 lucem
1007 2434 1106 2468 fuerit,
1119 2434 1142 2460 si
1155 2440 1208 2468 qua
1228 2430 1381 2459 lucubratio
1395 2438 1409 2458 a
1423 2435 1575 2465 temporum
1588 2430 1688 2465 injuria

46 2476 187 2522 vindicari
201 2476 344 2524 merrierit,
359 2492 416 2518 hac
433 2494 500 2517 sane
519 2492 578 2516 erat
594 2491 635 2514 tot
653 2490 730 2521 parta
751 2485 860 2520 vigiliiS,
875 2482 1025 2515 laboribus,
1042 2481 1204 2516 sumptibus.
1227 2480 1271 2511 At,
1286 2478 1354 2513 proh
1370 2477 1463 2504 dolor!
1482 2484 1497 2504 a
1509 2476 1616 2504 saeculis
1628 2477 1689 2510 plus

51 2552 133 2577 quam
151 2548 215 2571 octo
231 2540 350 2577 ingentis
365 2539 446 2566 molis
460 2543 528 2572 opus
541 2536 577 2563 ita
594 2535 683 2570 periit,
699 2538 727 2560 ut
739 2541 773 2560 ne
786 2531 918 2567 particula
933 2530 1043 2565 quidem
1059 2529 1129 2562 ejus,
1147 2533 1177 2554 ut
1196 2527 1283 2554 fuerat
1300 2525 1333 2552 ab
1347 2525 1463 2559 Origene
1475 2524 1667 2550 concinnatum
1680 2543 1688 2555 ,

55 2572 84 2617 id
103 2599 155 2618 nos
166 2597 254 2624 usque
262 2572 418 2619 devenerit,
431 2592 482 2612 nec
494 2592 555 2619 spes
569 2583 693 2610 videatur
709 2588 769 2608 esse
781 2580 919 2616 quidpiam
935 2582 1054 2612 unquam
1066 2580 1246 2606 emersurum,
1261 2581 1316 2608 quo
1326 2577 1400 2600 tanta
1413 2572 1518 2607 jactura
1535 2572 1688 2603 sarciatur.;

58 2644 72 2663 ι
86 2618 217 2672 tempore.
234 2639 326 2663 autem
350 2631 447 2659 amissi
463 2618 553 2664 operis
579 2629 683 2663 aliquot
699 2627 826 2654 eliluxere
846 2624 960 2655 saecula,
978 2622 1138 2658 ignorantiae
1152 2619 1270 2647 tenebris
1287 2619 1355 2645 adeo
1375 2618 1483 2648 obruta,
1498 2621 1528 2643 ut
1539 2623 1572 2642 ne
1591 2623 1689 2643 sensus

62 2667 164 2720 quidem
181 2681 323 2719 importati
337 2679 433 2708 damni
458 2682 539 2713 penes‘
560 2676 684 2704 homines
699 2675 794 2707 etiam,
813 2678 843 2701 ut
869 2673 915 2700 illa
932 2675 1023 2704 aetate,
1041 2671 1137 2698 doctos
1153 2677 1213 2697 esse
1233 2668 1378 2695 videretur.
1396 2667 1430 2692 At
1451 2670 1511 2700 post
1524 2667 1687 2716 restaurata,

69 2710 187 2767 proximis
206 2710 326 2763 saculis,
343 2729 498 2756 litterarum
513 2726 702 2758 bonarumque
717 2722 815 2750 artian
829 2721 918 2748 studia
931 2741 938 2753 ,
952 2720 998 2747 ubi
1014 2723 1136 2746 veterum
1154 2715 1265 2751 scripta,
1280 2720 1340 2750 quae
1349 2714 1394 2767 diu
1409 2710 1688 2767 jacuerantlinteritui

72 2756 188 2811 proxima.
203 2786 218 2805 e
240 2778 295 2805 situ
319 2756 510 2806 vindicarilet
535 2771 562 2799 in
586 2770 723 2806 publicum
747 2768 833 2796 emitti
849 2769 1007 2802 cmperunt,
1027 2773 1080 2792 non
1097 2763 1206 2791 defuere
1218 2762 1269 2789 viri
1284 2761 1331 2796 qui
1343 2760 1376 2787 de
1392 2758 1579 2809 restaurandis
1596 2756 1688 2811 s‘i'nLo-n

76 2801 191 2863 lluaptis,
208 2819 405 2859 Hexaplo’rum
429 2819 523 2846 salleni
544 2817 661 2849 laciniis,
676 2816 837 2851 cogitarent.
861 2813 912 2847 Qui
927 2820 990 2840 vero
1003 2813 1107 2847 primus
1124 2810 1162 2837 rei
1184 2815 1294 2836 manum
1309 2806 1430 2834 admovit
1441 2804 1590 2832 Flaminius
1605 2801 1687 2829 Nobi-

741 2862 745 2863 ,
831 2861 836 2863 .
906 2859 911 2863 Α
961 2859 977 2863 ..
1037 2857 1052 2863 ..-
1167 2856 1191 2863 .ι
1234 2860 1240 2863 _
1257 2853 1287 2863 nu
1304 2851 1630 2863 ,Aa..z,e:-,1:.....mmm
1645 2847 1687 2863 in;

275 2851 390 2900 (irmcis
406 2866 499 2894 Roma
511 2865 584 2893 cusis
598 2871 670 2892 anno
685 2862 765 2896 1587,
783 2861 883 2889 multas
898 2859 1019 2896 Aquilae,
1036 2856 1204 2894 Symmachi,
1216 2860 1243 2882 et
1257 2853 1452 2881 Theodotionis
1463 2851 1522 2878 aiio-2
1532 2856 1630 2883 umque
1644 2851 1688 2877 διν
