1902 3049
246 95 280 124 ,5
953 88 1148 118 PanFATIO.
1826 97 1858 124 ιθ

245 157 393 188 terprctum
408 151 536 179 lectiones
553 149 626 187 notis
639 149 764 180 inseruit,
778 152 912 183 quotquot
922 148 1045 175 videlicet
1056 154 1111 174 tum
1121 155 1153 174 ex
1169 147 1299 175 Romanis
1312 148 1463 181 codicibus,
1477 155 1533 178 tum
1549 158 1582 178 ex
1596 155 1717 179 veterum
1732 151 1803 179 libris
1813 161 1860 180 cx-

246 208 357 236 cerpere
373 204 492 235 potuerat
504 198 600 225 Petrus
615 197 736 224 Moribus
744 196 892 227 Parisinus,
909 201 937 222 ut
950 203 982 222 ex
999 195 1120 230 ejusdem
1138 195 1233 222 Morin’
1247 196 1368 230 epistolis
1379 197 1549 232 aliorumque
1560 198 1722 225 testimoniis
1733 199 1860 233 arguitur.

281 248 339 277 Sub
356 249 410 275 lucc-
425 246 542 274 Joannes
551 246 665 273 Drusius
675 245 768 272 eadem
786 245 842 279 ipsa
858 252 918 279 quae
929 243 1078 270 Flaminius
1093 243 1222 274 ediderat,
1238 251 1290 270 non
1305 245 1401 278 paucis
1413 245 1615 273 accessionibus
1629 246 1786 281 locupletato
1800 255 1861 276 cum

250 295 363 324 eruditis
381 294 451 321 nolis
466 293 610 327 descripsit
624 301 630 319 :
647 296 674 318 at
687 300 747 319 cum
761 291 816 318 fato
830 294 1033 326 pia-occupatus
1050 297 1080 316 ea
1095 290 1120 316 in
1138 290 1274 324 publicum
1292 290 1372 317 edere
1387 299 1439 317 non
1455 291 1595 326 potuisset,
1612 296 1673 326 post
1688 292 1747 326 ejus
1760 292 1861 320 obitum

245 342 396 378 publicandi
412 350 504 369 curant
523 342 642 375 suscepit
668 339 790 366 Sixtintts
805 339 916 365 Amama
939 337 1134 365 Hebraicaruut
1146 337 1294 364 litterarum
1312 337 1472 374 Franckerrc
1485 338 1622 374 professor
1638 347 1781 377 :iopusque
1791 341 1861 366 Arn-

245 391 338 418 bemi;e
355 389 452 424 proliit
470 397 541 415 anno
556 388 633 419 “322,
650 388 701 414 hoc
714 387 792 414 titulo
808 396 814 413 :
839 385 957 412 Veterum
971 386 1145 420 interpretum
1158 384 1310 412 ercorum
1334 386 1361 412 in
1386 391 1468 413 totum
1484 386 1560 413 Vetus
1575 386 1765 414 Testamentum
1784 387 1863 422 Frag-

243 443 339 469 menta,
352 438 472 467 collecta,
485 445 557 463 versa
568 441 592 462 et
601 436 669 462 notis
679 435 814 461 illustrata
825 442 841 460 α
854 433 958 460 Joanne
970 433 1077 466 Drusio,
1091 433 1189 468 lingua
1200 438 1298 460 sanctte
1310 434 1335 460 in
1347 433 1492 460 illustrium
1512 433 1609 461 Frisia:
1624 435 1746 461 ordinum
1764 435 1863 462 Acade-

243 486 307 517 mia,
317 485 378 511 dum
392 485 495 515 viveret,
506 483 661 518 professore.
683 481 771 508 Drusii
790 481 866 508 labor
881 489 895 508 a
912 481 1028 507 laudatis
1045 480 1111 507 viris
1136 480 1261 507 laudatus
1274 499 1281 511 ,
1297 480 1446 507 litterarum
1467 489 1604 509 sacrarum
1620 482 1749 510 studiosis
1766 490 1863 517 magno

243 532 305 559 usui
326 531 386 558 fuit.
401 530 480 558 llnnc
490 536 539 565 ego
554 530 651 556 librum
667 528 821 563 frequenter
841 527 917 555 adire
934 528 1051 555 solebam
1063 548 1070 558 ,
1083 531 1230 562 antequam
1251 528 1284 554 de
1301 527 1378 555 novis
1398 528 1599 556 accessionibus
1616 528 1747 557 faciendis
1759 530 1861 564 cogita-

242 588 300 607 rem
315 587 322 605 :
340 583 367 606 et
379 578 496 605 mirabar
508 576 622 605 subinde
633 584 665 603 ex
677 581 751 604 tanto
763 583 843 610 opere
858 575 925 602 adeo
940 583 1024 610 pauca
1035 583 1177 610 superesse
1193 574 1354 609 fragmenta.
1365 575 1434 602 Cum
1451 581 1542 603 autem
1557 577 1714 605 evolvendis
1727 578 1865 606 codicibus

243 625 344 654 Graecis
371 624 478 652 solitam
507 623 598 650 darent
615 630 735 657 operam,
760 622 815 656 jam
832 621 896 648 anui
910 626 973 649 sunt
992 621 1133 656 plusquam
1147 621 1241 656 viginti
1260 626 1331 654 tres,
1350 630 1405 649 rem
1416 642 1424 654 ,
1444 631 1537 657 quam.
1550 629 1625 658 potui
1639 624 1862 659 diligentissime,

243 682 303 701 sum
316 680 443 708 agressus
459 681 467 698 ς
484 676 539 698 tum
558 671 580 698 si
595 679 647 706 qua
674 675 794 697 veterum
821 669 995 704 interpretum
1018 670 1075 696 looa
1109 669 1135 696 in
1163 670 1355 704 manuscriptis
1374 675 1559 702 occurrerent,
1577 672 1668 698 statim
1684 671 1717 698 ad
1737 672 1864 699 Drusium

243 718 432 753 properabam,
449 721 478 744 ut
489 717 655 752 explorarent
672 723 705 742 an
721 715 863 743 observata
878 715 1004 750 editaque
1020 722 1122 742 essent.
1142 715 1220 742 Brevi
1232 720 1322 742 autem
1339 716 1459 750 comperi
1473 717 1558 744 multa
1572 718 1752 751 praetermissa
1765 717 1864 751 fuisse,

243 766 298 792 imo
310 773 342 792 ex
355 765 411 800 jam
429 764 579 792 observatis
591 769 617 791 et
632 763 712 791 editis
728 771 780 790 non
793 770 877 797 pauca
887 770 947 790 esse
963 771 1022 797 quae
1043 771 1125 789 manu
1148 763 1251 790 medica
1275 768 1393 797 egerent.
1411 762 1480 791 llinc
1502 764 1593 790 omnia
1610 763 1763 791 describere
1783 764 1864 799 coepi,

243 812 427 848 paulatimque
439 816 495 838 tum
514 811 540 838 in
557 810 654 843 Gallia,
675 815 730 837 tum
745 810 771 836 in
787 809 871 842 italia,
889 813 915 836 et
928 808 1102 844 potissimum
1117 808 1220 840 Romze,
1239 813 1341 836 tantam
1363 809 1508 837 lectionum
1523 810 1618 837 silvam
1636 810 1741 844 reperi,
1755 816 1783 837 ut
1796 810 1865 838 Dru-

241 861 319 888 siana
332 859 455 888 collectio
471 863 570 886 nostra:
578 863 735 893 comparata
750 865 784 886 ne
803 858 936 886 decimam
955 857 1075 892 quidem,
1097 857 1152 883 imo
1178 864 1212 884 ne
1231 857 1363 884 decimam
1379 858 1502 893 quintam
1517 858 1575 894 ejus
1592 865 1693 894 partem
1708 859 1863 894 attingeret.

241 909 402 944 Quanquam
417 907 512 934 nonin
524 907 652 934 omnibus
668 905 814 941 Scriptura:
835 913 920 934 sacrae
937 905 1014 932 libris
1029 905 1141 939 :rqualis
1163 905 1293 932 oﬂ'eratur
1305 905 1451 934 lectionum
1472 907 1579 935 messis.
1593 906 1659 934 Nam
1673 908 1699 935 in
1718 907 1866 935 Pentateu-

241 956 304 987 cbo,
321 955 343 982 si
359 961 521 981 annumeres
539 961 570 979 ea
587 961 649 987 qua:
661 952 688 978 in
700 951 853 986 Appendice
867 959 899 978 ex
917 951 1010 978 codice
1025 950 1193 978 Coisliuiano
1210 951 1402 986 adiunximus,
1421 960 1455 979 ne
1473 953 1628 980 vicesimam
1639 954 1747 989 quidem
1759 960 1868 981 nostra-

241 1009 301 1029 rum
321 1005 425 1036 partem
439 1004 547 1035 aequant
559 999 697 1026 Drusianze
721 999 859 1026 lectiones.
877 998 906 1025 ln
929 998 1006 1025 libris
1018 997 1101 1025 Josue
1117 998 1280 1026 etJudicum
1291 1007 1360 1034 pene
1376 1000 1443 1027 nihil
1465 1000 1546 1028 habet
1566 1000 1691 1033 Drusius,
1709 1002 1755 1028 ubi
1771 1009 1821 1029 nos
1835 1002 1866 1028 in

241 1048 355 1083 singulis
368 1055 436 1083 pene
448 1047 588 1074 versiculis
600 1046 728 1074 lectiones
743 1046 914 1081 proferimus.
928 1047 958 1072 In
975 1045 1051 1073 libris
1064 1045 1180 1080 Regum,
1193 1047 1310 1074 maxime
1320 1047 1346 1074 in
1361 1048 1449 1081 primo
1464 1053 1490 1075 et
1502 1049 1632 1081 secundo,
1642 1050 1686 1076 vix
1698 1049 1868 1085 quinquage-

240 1095 338 1122 simam
357 1099 511 1122 nostrorum
533 1094 693 1129 particulam
706 1094 875 1121 exhibetille.
891 1094 918 1120 In
934 1094 1004 1121 libro
1015 1093 1066 1121 Job
1076 1094 1170 1121 multis
1186 1095 1307 1129 partibus
1324 1094 1486 1123 Drusianam
1499 1101 1609 1131 superat
1623 1102 1715 1124 nostra
1730 1097 1864 1130 collectio,

240 1143 394 1178 pariterque
410 1142 436 1169 in
452 1141 578 1173 Psalmis,
589 1149 704 1176 quorum
722 1142 798 1169 multi
812 1149 879 1176 pene
890 1146 976 1169 totum
994 1141 1188 1178 Symmachum
1203 1148 1407 1176 repraseutant.
1422 1142 1450 1170 ln
1477 1142 1640 1176 Proverbiis,
1656 1144 1819 1172 Ecclesiaste
1838 1150 1868 1172 et

239 1191 360 1218 Canticis
375 1198 428 1217 non
448 1191 531 1217 multa
553 1189 716 1224 proferimus
738 1197 818 1217 nera.
835 1189 932 1217 Verum
950 1190 975 1217 in
990 1190 1128 1225 prophetis
1145 1189 1282 1230 omnibus,
1298 1190 1433 1225 praecipue
1447 1198 1510 1218 vero
1527 1191 1552 1218 in
1568 1191 1684 1218 Jeremia
1696 1213 1703 1224 ,
1726 1191 1866 1219 Ezrchiele

239 1243 268 1266 et
282 1238 431 1265 minoribus
453 1237 601 1272 prophetis,
621 1242 661 1264 tot
673 1237 794 1264 nondum
810 1237 953 1265 observata
970 1243 1137 1273 comparent,
1151 1243 1180 1264 ut
1194 1237 1328 1265 Drusiaua
1341 1238 1463 1266 collectio
1476 1239 1509 1266 iis
1524 1239 1620 1266 obruta
1644 1239 1766 1266 videatur
1789 1247 1863 1267 esse.

274 1284 322 1312 llis
338 1285 374 1312 ita
389 1285 563 1319 comparatis,
574 1284 607 1312 de
620 1284 701 1312 modo
714 1285 894 1312 concinnandi
910 1286 1061 1320 edcndique
1073 1286 1163 1320 operis
1185 1293 1239 1312 non
1253 1293 1306 1312 una
1319 1285 1371 1313 fuit
1386 1287 1534 1314 amicorum
1557 1288 1699 1315 sententia.
1720 1287 1773 1314 Alii
1792 1287 1865 1314 enim

240 1333 366 1360 volebant
382 1337 467 1359 totum
494 1332 657 1360 llcbraicnm
674 1331 717 1359 edi
740 1337 842 1360 textum
865 1341 925 1360 cum
943 1333 1165 1368 interpretatione
1181 1333 1234 1360 τῶν
1245 1333 1283 1365 0’,
1294 1333 1388 1361 eadem
1400 1342 1512 1369 prorsus
1527 1335 1654 1363 methodo
1666 1343 1719 1371 qua
1735 1335 1866 1371 Origenes

239 1379 370 1410 ediderat,
383 1378 420 1405 ita
438 1382 468 1404 ut
483 1385 527 1404 sex
541 1377 640 1411 ub'que
664 1377 796 1404 columnae
811 1377 948 1410 adessent,
961 1381 988 1404 ct
998 1377 1084 1405 sicubi
1106 1377 1221 1404 aliorum
1238 1378 1417 1413 interpretum
1435 1379 1569 1407 editiones
1582 1380 1741 1412 deﬁcerent,
1762 1388 1868 1408 \acuus

241 1426 277 1453 ibi
294 1426 369 1453 locus
383 1425 591 1460 relinqueretur.
607 1426 640 1451 At
660 1432 703 1451 me
720 1424 879 1457 reluctante,
892 1429 1035 1460 etquanto
1051 1425 1230 1452 litteratorum
1248 1425 1431 1458 incommodo,
1449 1427 1613 1462 quantisque
1639 1428 1790 1463 sumptibus
1809 1433 1866 1455 tam

240 1473 359 1500 immane
378 1480 447 1507 opus
469 1472 637 1506 proditurum
651 1475 723 1498 esset
734 1471 876 1506 objiciente
895 1472 943 1507 (α),
961 1472 1001 1499 vel
1016 1472 1094 1499 iidem
1111 1473 1161 1506 ipsi
1175 1473 1220 1507 qui
1236 1473 1288 1500 tale
1300 1474 1443 1501 consilium
1457 1474 1604 1508 dederant,
1621 1480 1744 1503 auctores
1754 1476 1867 1503 demum

240 1521 358 1553 fuerunt,
375 1525 405 1547 ut
418 1520 444 1547 in
462 1520 548 1555 primo
577 1520 664 1546 solum
682 1518 819 1546 cheseos
835 1519 932 1554 capite,
949 1519 1028 1554 quasi
1052 1527 1100 1554 pro
1113 1520 1274 1554 specimine,
1291 1520 1461 1556 Origeniante
1473 1522 1607 1550 columna:
1621 1524 1747 1551 adessent
1764 1533 1770 1551 :
1791 1531 1823 1551 ac
1839 1525 1869 1551 in

239 1568 416 1603 sequentibus
431 1567 528 1594 deinde
538 1566 682 1601 capitibus,
697 1574 728 1593 ea
741 1567 828 1594 solum
843 1566 902 1594 loca
921 1567 1082 1595 aii‘crrcntur
1108 1568 1134 1594 in
1159 1569 1415 1604 medium,quorum
1433 1571 1620 1605 interpretatio
1636 1572 1693 1599 sive
1713 1573 1867 1599 secundum

238 1614 376 1650 Aquilam,
403 1614 460 1641 sive
479 1613 627 1640 secundum
651 1612 720 1639 alios
735 1617 839 1647 reperta
848 1612 960 1641 fuisset:
979 1614 1016 1640 ita
1040 1617 1070 1640 ut
1096 1613 1226 1640 lectiones
1246 1614 1299 1641 illac
1316 1622 1377 1641 cuin
1406 1614 1527 1646 Hebraeo,
1543 1615 1614 1643 LXX
1630 1615 1826 1652 interpretibus
1840 1621 1870 1644 et

240 1662 354 1696 Vulgata
371 1666 544 1696 comparatae,
559 1668 614 1687 uno
627 1659 679 1688 sub
690 1665 800 1695 aspectu
813 1659 944 1695 iacerent,
960 1665 986 1688 et
1003 1661 1111 1696 quidem
1127 1662 1222 1690 eodem
1238 1661 1343 1695 ordine,
1354 1667 1485 1697 quantum
1503 1662 1609 1696 licebat,
1625 1671 1678 1698 quo
1696 1664 1730 1691 ab
1749 1664 1870 1698 Origene

239 1710 266 1738 in
282 1708 411 1744 Ηετειιριὶδ
428 1708 522 1744 positae
536 1708 653 1735 fuerant.

274 1756 432 1791 Compendii
444 1763 508 1783 vero
524 1764 616 1788 causa,
632 1756 677 1784 ubi
688 1756 742 1784 duo
756 1756 798 1784 vel
814 1761 868 1784 tres
882 1756 923 1783 vel
940 1756 1030 1791 plures
1046 1756 1206 1792 interpretes
1228 1758 1323 1785 eodem
1338 1765 1453 1792 prorsus
1467 1758 1550 1786 modo
1560 1762 1679 1791 vertunt,
1695 1766 1726 1786 ac
1737 1758 1798 1786 sine
1812 1759 1872 1785 ullo

238 1803 282 1830 vel
299 1803 413 1830 minimo
429 1802 598 1834 discrimine,
618 1807 683 1830 tunc
695 1803 846 1830 versionem
863 1810 915 1829 non
931 1803 1077 1837 repetimus
1101 1803 1134 1830 ad
1156 1804 1289 1838 singulos,
1308 1809 1337 1831 ut
1359 1803 1460 1832 fecerat
1474 1804 1622 1839 Origenes,
1635 1805 1681 1832 sed
1696 1806 1806 1832 noiiiina
1818 1813 1870 1832 eo~

239 1857 300 1877 rum
315 1849 362 1885 qui
378 1849 501 1877 similiter
515 1848 682 1883 interpretati
695 1847 812 1881 fuerant,
827 1855 842 1874 a
855 1847 941 1882 prima
955 1848 1044 1875 solum
1058 1848 1177 1875 nominis
1189 1849 1289 1882 littera,
1304 1849 1492 1884 praemittimus
1506 1850 1557 1877 boc
1574 1854 1652 1884 pacto
1665 1850 1709 1881 A.,
1725 1850 1768 1881 Σ..
1786 1849 1818 1876 Θ.
1837 1850 1872 1876 tv

238 1897 296 1927 τοῖς
310 1895 462 1931 μυκτῆρσιν
478 1893 560 1922 αὐτοῦ
573 1894 618 1926 Α..
632 1893 674 1928 S.,
691 1893 755 1927 Th.,
769 1895 796 1921 in
810 1894 920 1921 naribus
935 1894 989 1928 ejus

1121 1902 1157 1922 ca:
1172 1894 1306 1926 lectionis,
1323 1900 1349 1922 et
1362 1895 1613 1930 interpretationum
1630 1895 1872 1931 Gmcarunyqum

239 1942 313 1969 illam
329 1946 491 1977 sequun!ur,
505 1942 658 1969 versionem
677 1941 800 1969 Latinam
817 1941 844 1968 in
871 1941 956 1968 altera
986 1941 1111 1968 columna
1125 1949 1140 1968 e
1165 1941 1274 1976 regione
1294 1942 1429 1976 ponimus,
1447 1942 1590 1977 subiuncta
1605 1942 1690 1970 altero
1707 1943 1873 1977 charactere

240 1987 353 2024 Vulgata
368 1987 474 2020 Latina,
491 1988 612 2014 utetiam
628 1985 720 2014 Grzece
732 1986 850 2021 imperiti
866 1986 918 2013 hac
935 1990 1029 2013 nostra
1041 1985 1200 2013 collectione
1217 1986 1255 2013 uti
1270 1987 1387 2014 valeant.

273 2033 332 2061 Non
347 2034 458 2062 deerant
474 2033 520 2067 qui
532 2032 629 2059 vellent
650 2031 784 2066 integrum
807 2031 849 2058 edi
875 2035 980 2058 textum
997 2029 1130 2057 Biblicum
1145 2050 1152 2062 ,
1167 2030 1212 2057 alii
1226 2030 1405 2063 Hebraicum,
1424 2031 1468 2058 alii
1489 2029 1571 2063 LXX,
1582 2032 1627 2058 alii
1642 2039 1705 2059 vero
1720 2031 1873 2068 Vulgatam

237 2081 372 2114 Latinam,
390 2086 420 2108 ut
435 2081 538 2108 scilicet
550 2081 596 2115 qui
616 2078 742 2114 Hexaptis
758 2079 870 2110 nostris,
890 2078 936 2105 ubi
954 2082 1046 2105 textus
1062 2077 1166 2112 integer
1187 2079 1336 2106 secundum
1357 2079 1458 2106 nullam
1481 2079 1625 2106 editionem
1644 2079 1736 2112 adest,
1751 2080 1791 2106 uti
1812 2081 1875 2106 vel-

238 2130 305 2162 lent,
317 2129 353 2156 ibi
371 2133 458 2155 tamen
473 2132 556 2154 totam
570 2126 716 2162 Seriptnrae
728 2126 825 2153 seriem
840 2125 988 2153 secundum
1004 2125 1123 2159 aliquam
1140 2132 1173 2151 ex
1193 2125 1358 2152 editionibus
1375 2126 1407 2152 ad
1424 2133 1534 2152 manum
1552 2125 1693 2152 haberent.
1714 2125 1753 2152 Ne
1768 2126 1873 2159 multa,

239 2176 291 2203 hoc
301 2176 365 2202 item
378 2175 521 2202 consilium
545 2174 728 2209 respuendum
751 2173 815 2201 duxi
833 2184 839 2199 ;
853 2173 985 2207 siquidem
1003 2180 1047 2200 res
1065 2173 1101 2199 ita
1127 2172 1287 2200 concinnata
1312 2177 1370 2205 est,
1386 2177 1415 2200 ut
1430 2173 1547 2208 quisque
1558 2173 1700 2200 commode
1713 2174 1815 2208 possit,
1827 2174 1876 2201 vel

239 2220 413 2252 llehraicum,
425 2220 465 2247 vel
483 2219 552 2246 LXX
572 2220 741 2254 interpretes,
758 2218 799 2246 vel
812 2217 951 2252 Vulgatam
964 2217 1098 2249 Latinam,
1112 2218 1153 2244 vel
1164 2218 1273 2245 demum
1290 2217 1439 2253 Polyglotta
1453 2219 1521 2253 ipsa,
1533 2219 1583 2247 hac
1594 2224 1726 2254 praesente
1735 2224 1762 2246 et
1771 2225 1874 2254 aperta

239 2265 422 2300 "cupiarum
438 2265 606 2297 collectione,
619 2264 770 2299 perlegere;
786 2268 868 2298 atque
881 2263 926 2290 ubi
944 2267 1090 2297 suppetunt
1107 2266 1227 2288 Veterum
1248 2262 1424 2296 interpretum
1439 2263 1579 2298 lectiones,
1601 2265 1709 2292 easdem
1732 2272 1796 2292 cum
1815 2273 1852 2292 eo
1865 2286 1874 2299 ,

239 2320 320 2348 quem
336 2320 391 2348 pra:
405 2312 532 2339 manibus
546 2311 657 2344 habent,
671 2310 817 2345 Scriptura:
832 2314 904 2336 textu
925 2309 1060 2341 conferre,
1076 2313 1105 2335 ut
1118 2308 1236 2343 plurium
1252 2308 1429 2344 interpretum
1449 2310 1551 2336 auxilio
1565 2318 1607 2338 res
1625 2310 1715 2337 minus
1735 2312 1810 2337 trita:
1826 2311 1874 2337 vel

240 2361 361 2388 obscurae
377 2359 483 2387 facilius
497 2359 610 2393 intelligi
624 2361 734 2393 queant.

277 2407 397 2442 Singulis
416 2406 550 2442 capitibus
567 2410 645 2432 notas
657 2404 826 2439 subiicimus,
844 2403 888 2431 ubi
906 2403 993 2439 primo
1002 2404 1103 2431 dicitur
1115 2404 1250 2431 undcnam
1265 2403 1397 2431 lectiones
1408 2408 1528 2432 veterum
1538 2404 1715 2440 interpretum
1727 2410 1877 2440 excerpta;

240 2456 350 2484 fuerint.
366 2455 466 2482 Deinde
488 2455 511 2482 si
525 2462 578 2489 qua
594 2455 627 2481 ad
653 2460 745 2480 veram
761 2452 902 2480 lectionem
924 2452 1097 2479 asserendam
1115 2458 1248 2486 oportuna
1262 2456 1416 2486 suppetant,
1429 2459 1459 2479 ea
1483 2452 1556 2480 clare
1579 2460 1628 2487 pro
1646 2452 1756 2480 modulo
1770 2459 1878 2481 nostro

240 2504 414 2539 proferimus.
425 2503 495 2530 Loca
505 2501 614 2529 Patrum
623 2508 655 2528 ac
665 2505 784 2528 veterum
795 2500 956 2535 scriptorum
969 2500 1109 2527 selectiora
1122 2499 1275 2534 adjicimus,
1288 2507 1382 2526 eorum
1397 2491 1514 2527 maxime
1528 2507 1644 2534 quorum
1657 2507 1751 2534 opera,
1766 2504 1878 2534 praeter

239 2547 454 2583 ἁποσπασμάτια
461 2547 566 2582 (exigua
573 2547 731 2581 fragmenta)
739 2553 798 2580 quae
807 2545 833 2572 in
842 2545 951 2572 Catenis
957 2553 990 2572 m:

1126 2545 1148 2572 is
1160 2550 1316 2580 supersunt,
1326 2545 1462 2579 deperdita
1471 2550 1544 2573 sunt.
1552 2545 1654 2572 Horum
1664 2553 1728 2573 vero
1737 2545 1875 2573 festivam

239 2595 345 2630 copiam
355 2593 549 2621 animadvertct
559 2592 682 2619 eruditus
698 2591 791 2624 lector,
805 2591 955 2626 praesertim
969 2591 993 2618 in
1007 2591 1201 2620 Pentateucbo.
1215 2593 1237 2619 Δ
1254 2592 1446 2627 prolixioribus
1461 2591 1697 2627 cxplanationibus
1709 2592 1877 2626 compendii

239 2649 322 2670 causa
339 2640 531 2668 abstinuimus.
548 2637 605 2665 Non
616 2639 688 2666 cnim
704 2639 731 2665 in
746 2638 884 2672 proposito
903 2638 981 2666 nobis
999 2638 1049 2666 fuit
1063 2640 1257 2667 commentaria
1268 2648 1335 2667 nova
1351 2640 1377 2666 in
1396 2639 1562 2674 Scripturam
1581 2646 1686 2666 sacram
1701 2638 1801 2671 edere,
1823 2639 1876 2667 sed

239 2697 271 2717 ea
289 2688 376 2716 solum
397 2687 492 2714 afferre
504 2694 565 2722 quae
576 2691 695 2714 veterum
709 2685 887 2720 interpretum
911 2685 1071 2715 lectionibus
1088 2687 1129 2715 vel
1144 2687 1273 2715 eruendis
1284 2687 1323 2714 vel
1344 2687 1538 2714 conﬁrmandis
1555 2686 1707 2714 necessaria
1719 2691 1816 2713 erant.
1832 2687 1874 2714 Ex

272 2750 307 2781 (ιι)
321 2748 500 2780 Primigenium
513 2748 624 2772 ordinem
632 2748 812 2781 [partitionem
832 2748 926 2781 scilicet
947 2749 973 2773 in
993 2750 1117 2774 columnas
1129 2756 1182 2777 sex,
1196 2748 1226 2773 ab
1233 2749 1291 2781 ipso
1301 2748 1410 2781 Origene
1424 2749 1571 2781 institutum.
1584 2748 1738 2772 retinuimus.
1757 2746 1878 2781 Grandia

241 2778 327 2809 utique
344 2778 423 2809 labor,
440 2783 551 2811 sumptus
571 2778 730 2811 grandiores!»
740 2785 802 2808 quos
813 2782 894 2803 tamen
907 2780 931 2804 in
950 2783 1052 2810 gratiam
1066 2782 1186 2805 tectorum
1203 2778 1509 2811 subeundos—recepimus.
1523 2779 1650 2805 Prooeunt
1668 2784 1728 2809 ergo
1751 2778 1880 2811 egregia

242 2811 353 2842 reliquiae
365 2818 413 2836 non
423 2811 472 2842 jam
483 2809 582 2835 nomine
594 2815 675 2840 tenus,
688 2809 732 2833 sed
744 2815 802 2834 vere
816 2815 893 2839 tam“
904 2809 1050 2836 distribute.
1064 2811 1130 2836 Eon.
1144 2811 1248 2836 Ρηλοι..
