  <div class='ocr_page' id='page_1' title='image "/cluster/home/n/w/nwhite01/storage/ocr_20150623/15/njp.32101010944542/016.png"; bbox 0 0 1902 3049; ppageno 0'>
   <div class='ocr_carea' id='block_1_1' title="bbox 53 139 1669 180">
    <p class='ocr_par' dir='ltr' id='par_1_1' title="bbox 53 139 1669 180">
     <span class='ocr_line' id='line_1_1' title="bbox 53 139 1669 180; baseline 0.002 -3"><span class='ocrx_word' id='word_1_1' title='bbox 53 139 74 170; x_wconf 62' lang='lat' dir='ltr'><strong>\i</strong></span> <span class='ocrx_word' id='word_1_2' title='bbox 760 150 952 178; x_wconf 67' lang='lat' dir='ltr'><strong>Pl-tAil-‘A&#39;l‘lo.</strong></span> <span class='ocrx_word' id='word_1_3' title='bbox 1637 153 1669 180; x_wconf 74' lang='grc' dir='ltr'><strong>ιε</strong></span> 
     </span>
    </p>
   </div>
   <div class='ocr_carea' id='block_1_2' title="bbox 61 203 1665 245">
    <p class='ocr_par' dir='ltr' id='par_1_2' title="bbox 61 203 1665 245">
     <span class='ocr_line' id='line_1_2' title="bbox 61 203 1665 245; baseline 0.002 -11"><span class='ocrx_word' id='word_1_4' title='bbox 61 203 206 234; x_wconf 73' lang='lat' dir='ltr'><strong>linniinotis</strong></span> <span class='ocrx_word' id='word_1_5' title='bbox 220 213 273 234; x_wconf 85' lang='lat' dir='ltr'><strong>eas</strong></span> <span class='ocrx_word' id='word_1_6' title='bbox 288 207 460 243; x_wconf 66' lang='lat' dir='ltr'><strong>delegimus</strong></span> <span class='ocrx_word' id='word_1_7' title='bbox 473 213 498 241; x_wconf 75' lang='lat' dir='ltr'><strong>et</strong></span> <span class='ocrx_word' id='word_1_8' title='bbox 512 207 712 242; x_wconf 79' lang='lat' dir='ltr'><strong>exseripsimus,</strong></span> <span class='ocrx_word' id='word_1_9' title='bbox 728 216 789 243; x_wconf 68' lang='lat' dir='ltr'><strong>quae</strong></span> <span class='ocrx_word' id='word_1_10' title='bbox 804 209 926 236; x_wconf 87' lang='lat' dir='ltr'><strong>utiliores</strong></span> <span class='ocrx_word' id='word_1_11' title='bbox 943 217 1004 236; x_wconf 87' lang='lat' dir='ltr'><strong>esse</strong></span> <span class='ocrx_word' id='word_1_12' title='bbox 1019 209 1186 236; x_wconf 70' lang='lat' dir='ltr'><strong>videbantur.</strong></span> <span class='ocrx_word' id='word_1_13' title='bbox 1204 209 1278 237; x_wconf 90' lang='lat' dir='ltr'><strong>Licet</strong></span> <span class='ocrx_word' id='word_1_14' title='bbox 1291 211 1363 238; x_wconf 89' lang='lat' dir='ltr'><strong>enim</strong></span> <span class='ocrx_word' id='word_1_15' title='bbox 1379 210 1424 238; x_wconf 90' lang='lat' dir='ltr'><strong>ille</strong></span> <span class='ocrx_word' id='word_1_16' title='bbox 1436 211 1538 238; x_wconf 75' lang='lat' dir='ltr'><strong>strenui</strong></span> <span class='ocrx_word' id='word_1_17' title='bbox 1550 212 1665 245; x_wconf 85' lang='lat' dir='ltr'><strong>scripto-</strong></span> 
     </span>
    </p>
   </div>
   <div class='ocr_carea' id='block_1_3' title="bbox 67 253 1670 292">
    <p class='ocr_par' dir='ltr' id='par_1_3' title="bbox 67 253 1670 292">
     <span class='ocr_line' id='line_1_3' title="bbox 67 253 1670 292; baseline 0.001 -10"><span class='ocrx_word' id='word_1_18' title='bbox 67 255 95 284; x_wconf 81' lang='lat' dir='ltr'><strong>ris</strong></span> <span class='ocrx_word' id='word_1_19' title='bbox 105 261 193 281; x_wconf 82' lang='lat' dir='ltr'><strong>munus</strong></span> <span class='ocrx_word' id='word_1_20' title='bbox 203 253 381 288; x_wconf 73' lang='lat' dir='ltr'><strong>impleverit,</strong></span> <span class='ocrx_word' id='word_1_21' title='bbox 395 254 583 289; x_wconf 72' lang='lat' dir='ltr'><strong>grammaticis</strong></span> <span class='ocrx_word' id='word_1_22' title='bbox 595 258 683 281; x_wconf 87' lang='lat' dir='ltr'><strong>tamen</strong></span> <span class='ocrx_word' id='word_1_23' title='bbox 699 254 936 286; x_wconf 83' lang='lat' dir='ltr'><strong>adnotationibus,</strong></span> <span class='ocrx_word' id='word_1_24' title='bbox 955 262 1003 289; x_wconf 92' lang='lat' dir='ltr'><strong>pro</strong></span> <span class='ocrx_word' id='word_1_25' title='bbox 1016 262 1089 281; x_wconf 89' lang='lat' dir='ltr'><strong>more</strong></span> <span class='ocrx_word' id='word_1_26' title='bbox 1102 262 1152 282; x_wconf 89' lang='lat' dir='ltr'><strong>suo</strong></span> <span class='ocrx_word' id='word_1_27' title='bbox 1163 275 1171 287; x_wconf 81' lang='grc'>,</span> <span class='ocrx_word' id='word_1_28' title='bbox 1189 255 1278 282; x_wconf 84' lang='lat' dir='ltr'><strong>omnia</strong></span> <span class='ocrx_word' id='word_1_29' title='bbox 1291 255 1323 282; x_wconf 86' lang='lat' dir='ltr'><strong>ad</strong></span> <span class='ocrx_word' id='word_1_30' title='bbox 1339 265 1467 283; x_wconf 75' lang='lat' dir='ltr'><strong>nauseam</strong></span> <span class='ocrx_word' id='word_1_31' title='bbox 1481 265 1566 290; x_wconf 85' lang='lat' dir='ltr'><strong>usque</strong></span> <span class='ocrx_word' id='word_1_32' title='bbox 1582 258 1670 292; x_wconf 86' lang='lat' dir='ltr'><strong>reple-</strong></span> 
     </span>
    </p>
   </div>
   <div class='ocr_carea' id='block_1_4' title="bbox 69 299 1670 335">
    <p class='ocr_par' dir='ltr' id='par_1_4' title="bbox 69 299 1670 335">
     <span class='ocr_line' id='line_1_4' title="bbox 69 299 1670 335; baseline -0.001 -6"><span class='ocrx_word' id='word_1_33' title='bbox 69 302 103 334; x_wconf 79' lang='lat' dir='ltr'><strong>vit,</strong></span> <span class='ocrx_word' id='word_1_34' title='bbox 119 301 150 328; x_wconf 84' lang='lat' dir='ltr'><strong>ita</strong></span> <span class='ocrx_word' id='word_1_35' title='bbox 174 304 203 326; x_wconf 88' lang='lat' dir='ltr'><strong>ut</strong></span> <span class='ocrx_word' id='word_1_36' title='bbox 216 304 270 327; x_wconf 86' lang='lat' dir='ltr'><strong>&#39;res</strong></span> <span class='ocrx_word' id='word_1_37' title='bbox 298 300 419 326; x_wconf 85' lang='lat' dir='ltr'><strong>omnino</strong></span> <span class='ocrx_word' id='word_1_38' title='bbox 438 301 516 327; x_wconf 87' lang='lat' dir='ltr'><strong>tritas</strong></span> <span class='ocrx_word' id='word_1_39' title='bbox 527 303 554 326; x_wconf 88' lang='lat' dir='ltr'><strong>et</strong></span> <span class='ocrx_word' id='word_1_40' title='bbox 570 299 668 333; x_wconf 83' lang='lat' dir='ltr'><strong>cuique</strong></span> <span class='ocrx_word' id='word_1_41' title='bbox 690 299 797 334; x_wconf 86' lang='lat' dir='ltr'><strong>pervias</strong></span> <span class='ocrx_word' id='word_1_42' title='bbox 821 300 922 334; x_wconf 81' lang='lat' dir='ltr'><strong>passim</strong></span> <span class='ocrx_word' id='word_1_43' title='bbox 942 300 1036 327; x_wconf 82' lang='lat' dir='ltr'><strong>aﬂcrat</strong></span> <span class='ocrx_word' id='word_1_44' title='bbox 1052 308 1151 334; x_wconf 90' lang='lat' dir='ltr'><strong>:quam</strong></span> <span class='ocrx_word' id='word_1_45' title='bbox 1167 307 1223 326; x_wconf 76' lang='lat' dir='ltr'><strong>rem</strong></span> <span class='ocrx_word' id='word_1_46' title='bbox 1236 300 1286 335; x_wconf 85' lang='lat' dir='ltr'><strong>ipsi</strong></span> <span class='ocrx_word' id='word_1_47' title='bbox 1300 320 1307 333; x_wconf 96' lang='lat'><strong>,</strong></span> <span class='ocrx_word' id='word_1_48' title='bbox 1318 308 1367 328; x_wconf 83' lang='lat' dir='ltr'><strong>nec</strong></span> <span class='ocrx_word' id='word_1_49' title='bbox 1381 302 1439 328; x_wconf 93' lang='lat' dir='ltr'><strong>sine</strong></span> <span class='ocrx_word' id='word_1_50' title='bbox 1455 301 1585 335; x_wconf 76' lang='lat' dir='ltr'><strong>ludibrio.</strong></span> <span class='ocrx_word' id='word_1_51' title='bbox 1604 301 1670 329; x_wconf 90' lang='lat' dir='ltr'><strong>vitio</strong></span> 
     </span>
    </p>
   </div>
   <div class='ocr_carea' id='block_1_5' title="bbox 60 345 468 381">
    <p class='ocr_par' dir='ltr' id='par_1_5' title="bbox 60 345 468 381">
     <span class='ocr_line' id='line_1_5' title="bbox 60 345 468 381; baseline -0.005 -6"><span class='ocrx_word' id='word_1_52' title='bbox 60 347 165 375; x_wconf 80' lang='lat' dir='ltr'><strong>vertebat</strong></span> <span class='ocrx_word' id='word_1_53' title='bbox 174 345 314 381; x_wconf 85' lang='lat' dir='ltr'><strong>Josephus</strong></span> <span class='ocrx_word' id='word_1_54' title='bbox 331 346 468 381; x_wconf 74' lang='lat' dir='ltr'><strong>Scaliger.</strong></span> 
     </span>
    </p>
   </div>
   <div class='ocr_carea' id='block_1_6' title="bbox 85 391 1668 426">
    <p class='ocr_par' dir='ltr' id='par_1_6' title="bbox 85 391 1668 426">
     <span class='ocr_line' id='line_1_6' title="bbox 85 391 1668 426; baseline 0.001 -6"><span class='ocrx_word' id='word_1_55' title='bbox 85 393 237 420; x_wconf 75' lang='lat' dir='ltr'><strong>Eatitionum</strong></span> <span class='ocrx_word' id='word_1_56' title='bbox 253 391 395 424; x_wconf 84' lang='lat' dir='ltr'><strong>ordinem,</strong></span> <span class='ocrx_word' id='word_1_57' title='bbox 409 399 490 426; x_wconf 90' lang='lat' dir='ltr'><strong>quem</strong></span> <span class='ocrx_word' id='word_1_58' title='bbox 501 391 628 426; x_wconf 76' lang='lat' dir='ltr'><strong>Origenes</strong></span> <span class='ocrx_word' id='word_1_59' title='bbox 638 391 800 423; x_wconf 88' lang='lat' dir='ltr'><strong>instituerat,</strong></span> <span class='ocrx_word' id='word_1_60' title='bbox 817 392 978 419; x_wconf 89' lang='lat' dir='ltr'><strong>servandum</strong></span> <span class='ocrx_word' id='word_1_61' title='bbox 995 391 1058 419; x_wconf 78' lang='lat' dir='ltr'><strong>duxi</strong></span> <span class='ocrx_word' id='word_1_62' title='bbox 1070 411 1077 422; x_wconf 87' lang='lat'>.</span> <span class='ocrx_word' id='word_1_63' title='bbox 1092 391 1128 419; x_wconf 86' lang='lat' dir='ltr'><strong>ita</strong></span> <span class='ocrx_word' id='word_1_64' title='bbox 1147 396 1176 418; x_wconf 94' lang='lat' dir='ltr'><strong>ut</strong></span> <span class='ocrx_word' id='word_1_65' title='bbox 1192 391 1278 426; x_wconf 82' lang='lat' dir='ltr'><strong>primo</strong></span> <span class='ocrx_word' id='word_1_66' title='bbox 1292 392 1395 419; x_wconf 88' lang='lat' dir='ltr'><strong>locetur</strong></span> <span class='ocrx_word' id='word_1_67' title='bbox 1407 391 1553 420; x_wconf 86' lang='lat' dir='ltr'><strong>Ilebraicus</strong></span> <span class='ocrx_word' id='word_1_68' title='bbox 1567 397 1668 426; x_wconf 76' lang='lat' dir='ltr'><strong>textus,</strong></span> 
     </span>
    </p>
   </div>
   <div class='ocr_carea' id='block_1_7' title="bbox 48 438 1670 476">
    <p class='ocr_par' dir='ltr' id='par_1_7' title="bbox 48 438 1670 476">
     <span class='ocr_line' id='line_1_7' title="bbox 48 438 1670 476; baseline -0.002 -7"><span class='ocrx_word' id='word_1_69' title='bbox 48 442 140 469; x_wconf 88' lang='lat' dir='ltr'><strong>deinde</strong></span> <span class='ocrx_word' id='word_1_70' title='bbox 155 440 268 476; x_wconf 81' lang='lat' dir='ltr'><strong>Aquila,</strong></span> <span class='ocrx_word' id='word_1_71' title='bbox 292 444 358 475; x_wconf 88' lang='lat' dir='ltr'><strong>post</strong></span> <span class='ocrx_word' id='word_1_72' title='bbox 386 438 577 474; x_wconf 80' lang='lat' dir='ltr'><strong>Symmachus,</strong></span> <span class='ocrx_word' id='word_1_73' title='bbox 593 444 690 474; x_wconf 87' lang='lat' dir='ltr'><strong>quarto</strong></span> <span class='ocrx_word' id='word_1_74' title='bbox 705 440 765 467; x_wconf 92' lang='lat' dir='ltr'><strong>loco</strong></span> <span class='ocrx_word' id='word_1_75' title='bbox 781 439 862 471; x_wconf 74' lang='lat' dir='ltr'><strong>LXX,</strong></span> <span class='ocrx_word' id='word_1_76' title='bbox 878 444 1014 474; x_wconf 74' lang='lat' dir='ltr'><strong>postremo</strong></span> <span class='ocrx_word' id='word_1_77' title='bbox 1037 439 1187 466; x_wconf 80' lang='lat' dir='ltr'><strong>&#39;l‘heodotio</strong></span> <span class='ocrx_word' id='word_1_78' title='bbox 1204 448 1210 466; x_wconf 90' lang='lat'><strong>:</strong></span> <span class='ocrx_word' id='word_1_79' title='bbox 1230 443 1310 473; x_wconf 83' lang='lat' dir='ltr'><strong>atque</strong></span> <span class='ocrx_word' id='word_1_80' title='bbox 1331 440 1375 466; x_wconf 84' lang='lat' dir='ltr'><strong>tibi</strong></span> <span class='ocrx_word' id='word_1_81' title='bbox 1390 444 1444 466; x_wconf 90' lang='lat' dir='ltr'><strong>tres</strong></span> <span class='ocrx_word' id='word_1_82' title='bbox 1459 440 1518 466; x_wconf 65' lang='lat' dir='ltr'><strong>aliae</strong></span> <span class='ocrx_word' id='word_1_83' title='bbox 1537 439 1670 467; x_wconf 89' lang='lat' dir='ltr'><strong>editiones</strong></span> 
     </span>
    </p>
   </div>
   <div class='ocr_carea' id='block_1_8' title="bbox 46 485 1671 525">
    <p class='ocr_par' dir='ltr' id='par_1_8' title="bbox 46 485 1671 525">
     <span class='ocr_line' id='line_1_8' title="bbox 46 485 1671 525; baseline -0.001 -9"><span class='ocrx_word' id='word_1_84' title='bbox 46 490 150 525; x_wconf 77' lang='lat' dir='ltr'><strong>quinta,</strong></span> <span class='ocrx_word' id='word_1_85' title='bbox 166 493 246 515; x_wconf 73' lang='lat' dir='ltr'><strong>sexta</strong></span> <span class='ocrx_word' id='word_1_86' title='bbox 257 493 287 515; x_wconf 88' lang='lat' dir='ltr'><strong>et.</strong></span> <span class='ocrx_word' id='word_1_87' title='bbox 301 487 419 522; x_wconf 85' lang='lat' dir='ltr'><strong>septima</strong></span> <span class='ocrx_word' id='word_1_88' title='bbox 431 487 573 520; x_wconf 83' lang='lat' dir='ltr'><strong>habentur,</strong></span> <span class='ocrx_word' id='word_1_89' title='bbox 591 487 643 514; x_wconf 62' lang='lat' dir='ltr'><strong>illas</strong></span> <span class='ocrx_word' id='word_1_90' title='bbox 655 487 808 515; x_wconf 68' lang='lat' dir='ltr'><strong>novissimae</strong></span> <span class='ocrx_word' id='word_1_91' title='bbox 823 487 944 514; x_wconf 90' lang='lat' dir='ltr'><strong>omnium</strong></span> <span class='ocrx_word' id='word_1_92' title='bbox 962 491 1107 521; x_wconf 84' lang='lat' dir='ltr'><strong>ponantur.</strong></span> <span class='ocrx_word' id='word_1_93' title='bbox 1123 485 1236 516; x_wconf 68' lang='lat' dir='ltr'><strong>Hebraei.</strong></span> <span class='ocrx_word' id='word_1_94' title='bbox 1250 486 1431 518; x_wconf 87' lang='lat' dir='ltr'><strong>Samaritani,</strong></span> <span class='ocrx_word' id='word_1_95' title='bbox 1447 490 1473 513; x_wconf 87' lang='lat' dir='ltr'><strong>et</strong></span> <span class='ocrx_word' id='word_1_96' title='bbox 1489 486 1549 521; x_wconf 79' lang='lat' dir='ltr'><strong>Syri</strong></span> <span class='ocrx_word' id='word_1_97' title='bbox 1562 487 1671 514; x_wconf 63' lang='lat' dir='ltr'><strong>Graecas</strong></span> 
     </span>
    </p>
   </div>
   <div class='ocr_carea' id='block_1_9' title="bbox 47 533 1667 571">
    <p class='ocr_par' dir='ltr' id='par_1_9' title="bbox 47 533 1667 571">
     <span class='ocr_line' id='line_1_9' title="bbox 47 533 1667 571; baseline -0.003 -6"><span class='ocrx_word' id='word_1_98' title='bbox 47 537 298 571; x_wconf 79' lang='lat' dir='ltr'><strong>interpretationes,</strong></span> <span class='ocrx_word' id='word_1_99' title='bbox 309 543 371 571; x_wconf 66' lang='lat' dir='ltr'><strong>quae</strong></span> <span class='ocrx_word' id='word_1_100' title='bbox 387 543 579 569; x_wconf 86' lang='lat' dir='ltr'><strong>nonnunquam</strong></span> <span class='ocrx_word' id='word_1_101' title='bbox 596 540 753 567; x_wconf 86' lang='lat' dir='ltr'><strong>occurrunt,</strong></span> <span class='ocrx_word' id='word_1_102' title='bbox 769 542 874 569; x_wconf 85' lang='lat' dir='ltr'><strong>semper</strong></span> <span class='ocrx_word' id='word_1_103' title='bbox 887 539 947 569; x_wconf 89' lang='lat' dir='ltr'><strong>post</strong></span> <span class='ocrx_word' id='word_1_104' title='bbox 963 534 1122 561; x_wconf 84' lang='lat' dir='ltr'><strong>llehraicum</strong></span> <span class='ocrx_word' id='word_1_105' title='bbox 1137 539 1238 561; x_wconf 74' lang='lat' dir='ltr'><strong>textum</strong></span> <span class='ocrx_word' id='word_1_106' title='bbox 1254 537 1280 560; x_wconf 91' lang='lat' dir='ltr'><strong>et</strong></span> <span class='ocrx_word' id='word_1_107' title='bbox 1295 538 1357 560; x_wconf 91' lang='lat' dir='ltr'><strong>ante</strong></span> <span class='ocrx_word' id='word_1_108' title='bbox 1370 534 1438 561; x_wconf 88' lang='lat' dir='ltr'><strong>alias</strong></span> <span class='ocrx_word' id='word_1_109' title='bbox 1450 533 1581 561; x_wconf 83' lang='lat' dir='ltr'><strong>editiones</strong></span> <span class='ocrx_word' id='word_1_110' title='bbox 1592 534 1667 562; x_wconf 73' lang='lat' dir='ltr'><strong>Grae-</strong></span> 
     </span>
    </p>
   </div>
   <div class='ocr_carea' id='block_1_10' title="bbox 47 579 1671 615">
    <p class='ocr_par' dir='ltr' id='par_1_10' title="bbox 47 579 1671 615">
     <span class='ocr_line' id='line_1_10' title="bbox 47 579 1671 615; baseline -0.003 -4"><span class='ocrx_word' id='word_1_111' title='bbox 47 592 87 611; x_wconf 80' lang='lat' dir='ltr'><strong>cas</strong></span> <span class='ocrx_word' id='word_1_112' title='bbox 102 584 246 610; x_wconf 80' lang='lat' dir='ltr'><strong>locamus.</strong></span> <span class='ocrx_word' id='word_1_113' title='bbox 265 582 405 610; x_wconf 71' lang='lat' dir='ltr'><strong>Hebraicaa</strong></span> <span class='ocrx_word' id='word_1_114' title='bbox 415 581 544 608; x_wconf 81' lang='lat' dir='ltr'><strong>lectiones</strong></span> <span class='ocrx_word' id='word_1_115' title='bbox 560 581 618 608; x_wconf 86' lang='lat' dir='ltr'><strong>sine</strong></span> <span class='ocrx_word' id='word_1_116' title='bbox 630 581 737 615; x_wconf 91' lang='lat' dir='ltr'><strong>punctis</strong></span> <span class='ocrx_word' id='word_1_117' title='bbox 752 581 971 615; x_wconf 86' lang='lat' dir='ltr'><strong>motionibusquc</strong></span> <span class='ocrx_word' id='word_1_118' title='bbox 991 580 1175 607; x_wconf 78' lang='lat' dir='ltr'><strong>Massoreticis</strong></span> <span class='ocrx_word' id='word_1_119' title='bbox 1194 580 1238 606; x_wconf 88' lang='lat' dir='ltr'><strong>hic</strong></span> <span class='ocrx_word' id='word_1_120' title='bbox 1260 587 1366 614; x_wconf 85' lang='lat' dir='ltr'><strong>semper</strong></span> <span class='ocrx_word' id='word_1_121' title='bbox 1383 581 1558 608; x_wconf 86' lang='lat' dir='ltr'><strong>scribuntur:</strong></span> <span class='ocrx_word' id='word_1_122' title='bbox 1576 587 1624 607; x_wconf 88' lang='lat' dir='ltr'><strong>nec</strong></span> <span class='ocrx_word' id='word_1_123' title='bbox 1638 579 1671 606; x_wconf 86' lang='lat' dir='ltr'><strong>li-</strong></span> 
     </span>
    </p>
   </div>
   <div class='ocr_carea' id='block_1_11' title="bbox 39 628 1670 664">
    <p class='ocr_par' dir='ltr' id='par_1_11' title="bbox 39 628 1670 664">
     <span class='ocr_line' id='line_1_11' title="bbox 39 628 1670 664; baseline -0.001 -6"><span class='ocrx_word' id='word_1_124' title='bbox 39 631 135 658; x_wconf 87' lang='lat' dir='ltr'><strong>berum</strong></span> <span class='ocrx_word' id='word_1_125' title='bbox 153 630 210 657; x_wconf 79' lang='lat' dir='ltr'><strong>fuit</strong></span> <span class='ocrx_word' id='word_1_126' title='bbox 226 637 310 657; x_wconf 87' lang='lat' dir='ltr'><strong>secus</strong></span> <span class='ocrx_word' id='word_1_127' title='bbox 322 637 411 663; x_wconf 79' lang='lat' dir='ltr'><strong>agere,</strong></span> <span class='ocrx_word' id='word_1_128' title='bbox 424 628 487 664; x_wconf 77' lang='lat' dir='ltr'><strong>quia</strong></span> <span class='ocrx_word' id='word_1_129' title='bbox 502 633 572 655; x_wconf 71' lang='lat' dir='ltr'><strong>noue</strong></span> <span class='ocrx_word' id='word_1_130' title='bbox 586 628 636 656; x_wconf 72' lang='lat' dir='ltr'><strong>illze</strong></span> <span class='ocrx_word' id='word_1_131' title='bbox 649 628 829 656; x_wconf 71' lang='lat' dir='ltr'><strong>Massoretica:</strong></span> <span class='ocrx_word' id='word_1_132' title='bbox 843 629 992 662; x_wconf 66' lang='lat' dir='ltr'><strong>saepissime</strong></span> <span class='ocrx_word' id='word_1_133' title='bbox 1002 628 1035 655; x_wconf 85' lang='lat' dir='ltr'><strong>ad</strong></span> <span class='ocrx_word' id='word_1_134' title='bbox 1050 629 1133 655; x_wconf 87' lang='lat' dir='ltr'><strong>alium</strong></span> <span class='ocrx_word' id='word_1_135' title='bbox 1151 635 1260 655; x_wconf 84' lang='lat' dir='ltr'><strong>sensum</strong></span> <span class='ocrx_word' id='word_1_136' title='bbox 1275 628 1466 661; x_wconf 88' lang='lat' dir='ltr'><strong>determinant,</strong></span> <span class='ocrx_word' id='word_1_137' title='bbox 1479 628 1670 662; x_wconf 88' lang='lat' dir='ltr'><strong>diversumque</strong></span> 
     </span>
    </p>
   </div>
   <div class='ocr_carea' id='block_1_12' title="bbox 36 674 1670 712">
    <p class='ocr_par' dir='ltr' id='par_1_12' title="bbox 36 674 1670 712">
     <span class='ocr_line' id='line_1_12' title="bbox 36 674 1670 712; baseline -0.001 -8"><span class='ocrx_word' id='word_1_138' title='bbox 36 678 70 704; x_wconf 80' lang='lat' dir='ltr'><strong>ab</strong></span> <span class='ocrx_word' id='word_1_139' title='bbox 82 684 119 704; x_wconf 89' lang='lat' dir='ltr'><strong>eo</strong></span> <span class='ocrx_word' id='word_1_140' title='bbox 131 684 219 712; x_wconf 86' lang='lat' dir='ltr'><strong>quem</strong></span> <span class='ocrx_word' id='word_1_141' title='bbox 237 677 277 703; x_wconf 90' lang='lat' dir='ltr'><strong>illi</strong></span> <span class='ocrx_word' id='word_1_142' title='bbox 286 676 370 703; x_wconf 86' lang='lat' dir='ltr'><strong>secuti</strong></span> <span class='ocrx_word' id='word_1_143' title='bbox 386 681 459 702; x_wconf 90' lang='lat' dir='ltr'><strong>sunt.</strong></span> <span class='ocrx_word' id='word_1_144' title='bbox 470 675 606 702; x_wconf 90' lang='lat' dir='ltr'><strong>Lineolam</strong></span> <span class='ocrx_word' id='word_1_145' title='bbox 616 680 704 702; x_wconf 85' lang='lat' dir='ltr'><strong>tamen</strong></span> <span class='ocrx_word' id='word_1_146' title='bbox 713 674 838 709; x_wconf 79' lang='lat' dir='ltr'><strong>Maccaph</strong></span> <span class='ocrx_word' id='word_1_147' title='bbox 851 675 962 705; x_wconf 76' lang='lat' dir='ltr'><strong>dictant,</strong></span> <span class='ocrx_word' id='word_1_148' title='bbox 973 679 1001 701; x_wconf 92' lang='lat' dir='ltr'><strong>ut</strong></span> <span class='ocrx_word' id='word_1_149' title='bbox 1013 674 1038 701; x_wconf 93' lang='lat' dir='ltr'><strong>in</strong></span> <span class='ocrx_word' id='word_1_150' title='bbox 1055 674 1235 702; x_wconf 81' lang='lat' dir='ltr'><strong>Massoreticis</strong></span> <span class='ocrx_word' id='word_1_151' title='bbox 1246 675 1321 702; x_wconf 88' lang='lat' dir='ltr'><strong>libris</strong></span> <span class='ocrx_word' id='word_1_152' title='bbox 1331 680 1487 709; x_wconf 77' lang='lat' dir='ltr'><strong>usurpatur,</strong></span> <span class='ocrx_word' id='word_1_153' title='bbox 1504 676 1670 703; x_wconf 79' lang='lat' dir='ltr'><strong>retinendam</strong></span> 
     </span>
    </p>
   </div>
   <div class='ocr_carea' id='block_1_13' title="bbox 36 720 1669 758">
    <p class='ocr_par' dir='ltr' id='par_1_13' title="bbox 36 720 1669 758">
     <span class='ocr_line' id='line_1_13' title="bbox 36 720 1669 758; baseline -0.001 -8"><span class='ocrx_word' id='word_1_154' title='bbox 36 723 116 753; x_wconf 77' lang='lat' dir='ltr'><strong>duxi.</strong></span> <span class='ocrx_word' id='word_1_155' title='bbox 133 723 203 758; x_wconf 83' lang='lat' dir='ltr'><strong>quia</strong></span> <span class='ocrx_word' id='word_1_156' title='bbox 221 722 285 756; x_wconf 85' lang='lat' dir='ltr'><strong>ejus</strong></span> <span class='ocrx_word' id='word_1_157' title='bbox 300 722 418 756; x_wconf 81' lang='lat' dir='ltr'><strong>aliquam</strong></span> <span class='ocrx_word' id='word_1_158' title='bbox 432 721 562 748; x_wconf 90' lang='lat' dir='ltr'><strong>rationem</strong></span> <span class='ocrx_word' id='word_1_159' title='bbox 579 721 707 748; x_wconf 79' lang='lat' dir='ltr'><strong>habuisse</strong></span> <span class='ocrx_word' id='word_1_160' title='bbox 718 721 842 748; x_wconf 85' lang='lat' dir='ltr'><strong>videntur</strong></span> <span class='ocrx_word' id='word_1_161' title='bbox 861 726 965 748; x_wconf 83' lang='lat' dir='ltr'><strong>veteres</strong></span> <span class='ocrx_word' id='word_1_162' title='bbox 977 721 1031 754; x_wconf 87' lang='lat' dir='ltr'><strong>illi,</strong></span> <span class='ocrx_word' id='word_1_163' title='bbox 1051 725 1080 747; x_wconf 86' lang='lat' dir='ltr'><strong>ut</strong></span> <span class='ocrx_word' id='word_1_164' title='bbox 1096 728 1128 748; x_wconf 80' lang='lat' dir='ltr'><strong>ex</strong></span> <span class='ocrx_word' id='word_1_165' title='bbox 1148 721 1237 748; x_wconf 83' lang='lat' dir='ltr'><strong>verbis</strong></span> <span class='ocrx_word' id='word_1_166' title='bbox 1250 720 1389 748; x_wconf 80' lang='lat' dir='ltr'><strong>Hebraicis</strong></span> <span class='ocrx_word' id='word_1_167' title='bbox 1404 721 1496 749; x_wconf 63' lang='lat' dir='ltr'><strong>Graece</strong></span> <span class='ocrx_word' id='word_1_168' title='bbox 1510 722 1669 757; x_wconf 62' lang='lat' dir='ltr'><strong>descriptis,</strong></span> 
     </span>
    </p>
   </div>
   <div class='ocr_carea' id='block_1_14' title="bbox 35 767 565 805">
    <p class='ocr_par' dir='ltr' id='par_1_14' title="bbox 35 767 565 805">
     <span class='ocr_line' id='line_1_14' title="bbox 35 767 565 805; baseline -0.002 -9"><span class='ocrx_word' id='word_1_169' title='bbox 35 777 97 805; x_wconf 61' lang='lat' dir='ltr'><strong>quae</strong></span> <span class='ocrx_word' id='word_1_170' title='bbox 115 773 288 803; x_wconf 81' lang='lat' dir='ltr'><strong>supersunt,</strong></span> <span class='ocrx_word' id='word_1_171' title='bbox 304 767 436 803; x_wconf 91' lang='lat' dir='ltr'><strong>liquidum</strong></span> <span class='ocrx_word' id='word_1_172' title='bbox 448 768 565 796; x_wconf 86' lang='lat' dir='ltr'><strong>videtur.</strong></span> 
     </span>
    </p>
   </div>
   <div class='ocr_carea' id='block_1_15' title="bbox 70 812 1670 850">
    <p class='ocr_par' dir='ltr' id='par_1_15' title="bbox 70 812 1670 850">
     <span class='ocr_line' id='line_1_15' title="bbox 70 812 1670 850; baseline 0.001 -9"><span class='ocrx_word' id='word_1_173' title='bbox 70 815 212 842; x_wconf 80' lang='lat' dir='ltr'><strong>Hebraici</strong></span> <span class='ocrx_word' id='word_1_174' title='bbox 231 819 322 841; x_wconf 74' lang='lat' dir='ltr'><strong>textus</strong></span> <span class='ocrx_word' id='word_1_175' title='bbox 337 813 458 841; x_wconf 85' lang='lat' dir='ltr'><strong>Latinam</strong></span> <span class='ocrx_word' id='word_1_176' title='bbox 474 813 723 848; x_wconf 83' lang='lat' dir='ltr'><strong>interpretationem</strong></span> <span class='ocrx_word' id='word_1_177' title='bbox 735 812 859 840; x_wconf 78' lang='lat' dir='ltr'><strong>dedimus</strong></span> <span class='ocrx_word' id='word_1_178' title='bbox 870 833 877 845; x_wconf 88' lang='lat'><strong>,</strong></span> <span class='ocrx_word' id='word_1_179' title='bbox 892 814 999 848; x_wconf 88' lang='lat' dir='ltr'><strong>qualem</strong></span> <span class='ocrx_word' id='word_1_180' title='bbox 1024 813 1123 841; x_wconf 90' lang='lat' dir='ltr'><strong>dedere</strong></span> <span class='ocrx_word' id='word_1_181' title='bbox 1141 813 1237 842; x_wconf 89' lang='lat' dir='ltr'><strong>Santcs</strong></span> <span class='ocrx_word' id='word_1_182' title='bbox 1253 813 1391 850; x_wconf 77' lang='lat' dir='ltr'><strong>Pagninus</strong></span> <span class='ocrx_word' id='word_1_183' title='bbox 1409 815 1449 842; x_wconf 95' lang='lat' dir='ltr'><strong>vel</strong></span> <span class='ocrx_word' id='word_1_184' title='bbox 1471 814 1550 842; x_wconf 78' lang='lat' dir='ltr'><strong>Arias</strong></span> <span class='ocrx_word' id='word_1_185' title='bbox 1566 814 1670 842; x_wconf 54' lang='lat' dir='ltr'><strong>lllonta&#39;</strong></span> 
     </span>
    </p>
   </div>
   <div class='ocr_carea' id='block_1_16' title="bbox 37 858 1670 896">
    <p class='ocr_par' dir='ltr' id='par_1_16' title="bbox 37 858 1670 896">
     <span class='ocr_line' id='line_1_16' title="bbox 37 858 1670 896; baseline 0.001 -9"><span class='ocrx_word' id='word_1_186' title='bbox 37 870 110 888; x_wconf 82' lang='lat' dir='ltr'><strong>nus:</strong></span> <span class='ocrx_word' id='word_1_187' title='bbox 133 869 205 887; x_wconf 85' lang='lat' dir='ltr'><strong>nam</strong></span> <span class='ocrx_word' id='word_1_188' title='bbox 222 861 384 887; x_wconf 80' lang='lat' dir='ltr'><strong>alterutrum</strong></span> <span class='ocrx_word' id='word_1_189' title='bbox 405 860 462 887; x_wconf 86' lang='lat' dir='ltr'><strong>fere</strong></span> <span class='ocrx_word' id='word_1_190' title='bbox 489 860 645 895; x_wconf 86' lang='lat' dir='ltr'><strong>sequimur;</strong></span> <span class='ocrx_word' id='word_1_191' title='bbox 663 860 698 886; x_wconf 88' lang='lat' dir='ltr'><strong>ita</strong></span> <span class='ocrx_word' id='word_1_192' title='bbox 714 864 802 886; x_wconf 88' lang='lat' dir='ltr'><strong>tamen</strong></span> <span class='ocrx_word' id='word_1_193' title='bbox 820 858 849 887; x_wconf 86' lang='lat' dir='ltr'><strong>ul</strong></span> <span class='ocrx_word' id='word_1_194' title='bbox 868 860 976 894; x_wconf 89' lang='lat' dir='ltr'><strong>quando</strong></span> <span class='ocrx_word' id='word_1_195' title='bbox 991 861 1028 887; x_wconf 94' lang='lat' dir='ltr'><strong>illi</strong></span> <span class='ocrx_word' id='word_1_196' title='bbox 1041 861 1124 888; x_wconf 92' lang='lat' dir='ltr'><strong>nimio</strong></span> <span class='ocrx_word' id='word_1_197' title='bbox 1144 861 1271 896; x_wconf 87' lang='lat' dir='ltr'><strong>scrupulo</strong></span> <span class='ocrx_word' id='word_1_198' title='bbox 1296 861 1531 896; x_wconf 86' lang='lat' dir='ltr'><strong>interpretationes</strong></span> <span class='ocrx_word' id='word_1_199' title='bbox 1554 862 1670 889; x_wconf 76' lang='lat' dir='ltr'><strong>etlcrnnt</strong></span> 
     </span>
    </p>
   </div>
   <div class='ocr_carea' id='block_1_17' title="bbox 38 906 1670 942">
    <p class='ocr_par' dir='ltr' id='par_1_17' title="bbox 38 906 1670 942">
     <span class='ocr_line' id='line_1_17' title="bbox 38 906 1670 942; baseline -0.001 -7"><span class='ocrx_word' id='word_1_200' title='bbox 38 908 192 939; x_wconf 78' lang='lat' dir='ltr'><strong>barbaras,</strong></span> <span class='ocrx_word' id='word_1_201' title='bbox 219 912 248 935; x_wconf 90' lang='lat' dir='ltr'><strong>et</strong></span> <span class='ocrx_word' id='word_1_202' title='bbox 260 915 321 942; x_wconf 62' lang='grc' dir='ltr'><strong>ψη</strong></span> <span class='ocrx_word' id='word_1_203' title='bbox 337 908 380 935; x_wconf 78' lang='lat' dir='ltr'><strong>vix</strong></span> <span class='ocrx_word' id='word_1_204' title='bbox 397 907 580 941; x_wconf 80' lang='lat' dir='ltr'><strong>intelligantur</strong></span> <span class='ocrx_word' id='word_1_205' title='bbox 591 926 598 937; x_wconf 87' lang='lat'><strong>,</strong></span> <span class='ocrx_word' id='word_1_206' title='bbox 614 906 682 933; x_wconf 85' lang='lat' dir='ltr'><strong>alias</strong></span> <span class='ocrx_word' id='word_1_207' title='bbox 703 906 899 933; x_wconf 82' lang='lat' dir='ltr'><strong>substituamus</strong></span> <span class='ocrx_word' id='word_1_208' title='bbox 918 907 1028 941; x_wconf 87' lang='lat' dir='ltr'><strong>paulum</strong></span> <span class='ocrx_word' id='word_1_209' title='bbox 1044 907 1223 942; x_wconf 69' lang='lat' dir='ltr'><strong>elegantiores</strong></span> <span class='ocrx_word' id='word_1_210' title='bbox 1233 912 1260 934; x_wconf 89' lang='lat' dir='ltr'><strong>et</strong></span> <span class='ocrx_word' id='word_1_211' title='bbox 1276 907 1415 934; x_wconf 86' lang='lat' dir='ltr'><strong>clariores.</strong></span> <span class='ocrx_word' id='word_1_212' title='bbox 1433 907 1481 934; x_wconf 72' lang='lat' dir='ltr'><strong>Vix</strong></span> <span class='ocrx_word' id='word_1_213' title='bbox 1501 909 1572 934; x_wconf 88' lang='lat' dir='ltr'><strong>enim</strong></span> <span class='ocrx_word' id='word_1_214' title='bbox 1591 916 1670 942; x_wconf 78' lang='lat' dir='ltr'><strong>aequo</strong></span> 
     </span>
    </p>
   </div>
   <div class='ocr_carea' id='block_1_18' title="bbox 37 952 1669 995">
    <p class='ocr_par' dir='ltr' id='par_1_18' title="bbox 37 952 1669 995">
     <span class='ocr_line' id='line_1_18' title="bbox 37 952 1669 995; baseline -0.001 -15"><span class='ocrx_word' id='word_1_215' title='bbox 37 955 133 982; x_wconf 89' lang='lat' dir='ltr'><strong>animo</strong></span> <span class='ocrx_word' id='word_1_216' title='bbox 151 955 242 986; x_wconf 86' lang='lat' dir='ltr'><strong>feras,</strong></span> <span class='ocrx_word' id='word_1_217' title='bbox 256 954 370 988; x_wconf 80' lang='lat' dir='ltr'><strong>exempli</strong></span> <span class='ocrx_word' id='word_1_218' title='bbox 388 961 481 984; x_wconf 86' lang='lat' dir='ltr'><strong>causa,</strong></span> <span class='ocrx_word' id='word_1_219' title='bbox 496 961 552 986; x_wconf 89' lang='lat' dir='ltr'><strong>eos,</strong></span> <span class='ocrx_word' id='word_1_220' title='bbox 572 953 617 980; x_wconf 80' lang='lat' dir='ltr'><strong>ubi</strong></span> <span class='ocrx_word' id='word_1_221' title='bbox 634 957 674 995; x_wconf 65' lang='grc' dir='ltr'>ἾΝ</span> <span class='ocrx_word' id='word_1_222' title='bbox 690 960 739 987; x_wconf 85' lang='lat' dir='ltr'><strong>pro</strong></span> <span class='ocrx_word' id='word_1_223' title='bbox 749 953 791 979; x_wconf 85' lang='lat' dir='ltr'><strong>ira</strong></span> <span class='ocrx_word' id='word_1_224' title='bbox 810 952 950 985; x_wconf 86' lang='lat' dir='ltr'><strong>accipitur,</strong></span> <span class='ocrx_word' id='word_1_225' title='bbox 964 953 1036 987; x_wconf 91' lang='lat' dir='ltr'><strong>quod</strong></span> <span class='ocrx_word' id='word_1_226' title='bbox 1045 953 1144 987; x_wconf 75' lang='lat' dir='ltr'><strong>possint</strong></span> <span class='ocrx_word' id='word_1_227' title='bbox 1158 954 1298 988; x_wconf 85' lang='lat' dir='ltr'><strong>contingit,</strong></span> <span class='ocrx_word' id='word_1_228' title='bbox 1315 962 1407 980; x_wconf 82' lang='lat' dir='ltr'><strong>nasum</strong></span> <span class='ocrx_word' id='word_1_229' title='bbox 1418 958 1530 984; x_wconf 85' lang='lat' dir='ltr'><strong>vertere.</strong></span> <span class='ocrx_word' id='word_1_230' title='bbox 1541 959 1669 980; x_wconf 81' lang='lat' dir='ltr'><strong>ctnasum</strong></span> 
     </span>
    </p>
   </div>
   <div class='ocr_carea' id='block_1_19' title="bbox 42 998 1671 1036">
    <p class='ocr_par' dir='ltr' id='par_1_19' title="bbox 42 998 1671 1036">
     <span class='ocr_line' id='line_1_19' title="bbox 42 998 1671 1036; baseline -0.001 -8"><span class='ocrx_word' id='word_1_231' title='bbox 42 1001 96 1033; x_wconf 69' lang='lat' dir='ltr'><strong>Dei,</strong></span> <span class='ocrx_word' id='word_1_232' title='bbox 109 1009 166 1036; x_wconf 91' lang='lat' dir='ltr'><strong>pro</strong></span> <span class='ocrx_word' id='word_1_233' title='bbox 185 1001 228 1027; x_wconf 82' lang='lat' dir='ltr'><strong>ira</strong></span> <span class='ocrx_word' id='word_1_234' title='bbox 248 1000 295 1027; x_wconf 77' lang='lat' dir='ltr'><strong>Dei</strong></span> <span class='ocrx_word' id='word_1_235' title='bbox 312 1000 412 1034; x_wconf 89' lang='lat' dir='ltr'><strong>ubique</strong></span> <span class='ocrx_word' id='word_1_236' title='bbox 425 999 606 1033; x_wconf 83' lang='lat' dir='ltr'><strong>interpretari,</strong></span> <span class='ocrx_word' id='word_1_237' title='bbox 622 1003 652 1026; x_wconf 89' lang='lat' dir='ltr'><strong>ut</strong></span> <span class='ocrx_word' id='word_1_238' title='bbox 667 1003 762 1026; x_wconf 63' lang='lat' dir='ltr'><strong>caetera</strong></span> <span class='ocrx_word' id='word_1_239' title='bbox 776 1003 878 1026; x_wconf 84' lang='lat' dir='ltr'><strong>taceam</strong></span> <span class='ocrx_word' id='word_1_240' title='bbox 892 998 1057 1034; x_wconf 68' lang='grc' dir='ltr'><strong>κακοζηλίας</strong></span> <span class='ocrx_word' id='word_1_241' title='bbox 1073 1000 1205 1034; x_wconf 82' lang='lat' dir='ltr'><strong>exempla.</strong></span> <span class='ocrx_word' id='word_1_242' title='bbox 1221 999 1337 1028; x_wconf 81' lang='lat' dir='ltr'><strong>Nomina</strong></span> <span class='ocrx_word' id='word_1_243' title='bbox 1353 1008 1416 1027; x_wconf 90' lang='lat' dir='ltr'><strong>vero</strong></span> <span class='ocrx_word' id='word_1_244' title='bbox 1433 1001 1540 1035; x_wconf 84' lang='lat' dir='ltr'><strong>propria</strong></span> <span class='ocrx_word' id='word_1_245' title='bbox 1554 1008 1607 1026; x_wconf 86' lang='lat' dir='ltr'><strong>non</strong></span> <span class='ocrx_word' id='word_1_246' title='bbox 1627 1008 1671 1028; x_wconf 83' lang='lat' dir='ltr'><strong>se-</strong></span> 
     </span>
    </p>
   </div>
   <div class='ocr_carea' id='block_1_20' title="bbox 44 1045 1670 1081">
    <p class='ocr_par' dir='ltr' id='par_1_20' title="bbox 44 1045 1670 1081">
     <span class='ocr_line' id='line_1_20' title="bbox 44 1045 1670 1081; baseline 0 -7"><span class='ocrx_word' id='word_1_247' title='bbox 44 1048 166 1074; x_wconf 84' lang='lat' dir='ltr'><strong>cundum</strong></span> <span class='ocrx_word' id='word_1_248' title='bbox 183 1047 386 1074; x_wconf 71' lang='lat' dir='ltr'><strong>Massomticam</strong></span> <span class='ocrx_word' id='word_1_249' title='bbox 400 1045 551 1077; x_wconf 79' lang='lat' dir='ltr'><strong>lectionem,</strong></span> <span class='ocrx_word' id='word_1_250' title='bbox 566 1045 612 1072; x_wconf 81' lang='lat' dir='ltr'><strong>sed</strong></span> <span class='ocrx_word' id='word_1_251' title='bbox 628 1049 657 1072; x_wconf 90' lang='lat' dir='ltr'><strong>ut</strong></span> <span class='ocrx_word' id='word_1_252' title='bbox 669 1050 774 1072; x_wconf 86' lang='lat' dir='ltr'><strong>veteres</strong></span> <span class='ocrx_word' id='word_1_253' title='bbox 788 1045 926 1080; x_wconf 81' lang='lat' dir='ltr'><strong>legebant.</strong></span> <span class='ocrx_word' id='word_1_254' title='bbox 944 1049 974 1072; x_wconf 92' lang='lat' dir='ltr'><strong>ut</strong></span> <span class='ocrx_word' id='word_1_255' title='bbox 991 1045 1137 1079; x_wconf 89' lang='lat' dir='ltr'><strong>plurimum</strong></span> <span class='ocrx_word' id='word_1_256' title='bbox 1155 1046 1351 1081; x_wconf 80' lang='lat' dir='ltr'><strong>exprimimus;</strong></span> <span class='ocrx_word' id='word_1_257' title='bbox 1367 1047 1389 1073; x_wconf 93' lang='lat' dir='ltr'><strong>si</strong></span> <span class='ocrx_word' id='word_1_258' title='bbox 1403 1054 1483 1074; x_wconf 82' lang='lat' dir='ltr'><strong>secus</strong></span> <span class='ocrx_word' id='word_1_259' title='bbox 1495 1046 1617 1080; x_wconf 84' lang='lat' dir='ltr'><strong>accidat,</strong></span> <span class='ocrx_word' id='word_1_260' title='bbox 1628 1046 1670 1074; x_wconf 84' lang='lat' dir='ltr'><strong>vel</strong></span> 
     </span>
    </p>
   </div>
   <div class='ocr_carea' id='block_1_21' title="bbox 49 1092 671 1128">
    <p class='ocr_par' dir='ltr' id='par_1_21' title="bbox 49 1092 671 1128">
     <span class='ocr_line' id='line_1_21' title="bbox 49 1092 671 1128; baseline -0.005 -7"><span class='ocrx_word' id='word_1_261' title='bbox 49 1095 149 1121; x_wconf 81' lang='lat' dir='ltr'><strong>incuria</strong></span> <span class='ocrx_word' id='word_1_262' title='bbox 167 1094 211 1121; x_wconf 89' lang='lat' dir='ltr'><strong>vel</strong></span> <span class='ocrx_word' id='word_1_263' title='bbox 228 1095 305 1128; x_wconf 87' lang='lat' dir='ltr'><strong>lapsu</strong></span> <span class='ocrx_word' id='word_1_264' title='bbox 319 1093 547 1128; x_wconf 81' lang='lat' dir='ltr'><strong>typographorum</strong></span> <span class='ocrx_word' id='word_1_265' title='bbox 561 1092 671 1119; x_wconf 84' lang='lat' dir='ltr'><strong>accidit.</strong></span> 
     </span>
    </p>
   </div>
   <div class='ocr_carea' id='block_1_22' title="bbox 76 1139 1668 1176">
    <p class='ocr_par' dir='ltr' id='par_1_22' title="bbox 76 1139 1668 1176">
     <span class='ocr_line' id='line_1_22' title="bbox 76 1139 1668 1176; baseline 0.001 -9"><span class='ocrx_word' id='word_1_266' title='bbox 76 1139 241 1168; x_wconf 67' lang='lat' dir='ltr'><strong>Asteriscos</strong></span> <span class='ocrx_word' id='word_1_267' title='bbox 255 1146 280 1167; x_wconf 88' lang='lat' dir='ltr'><strong>et</strong></span> <span class='ocrx_word' id='word_1_268' title='bbox 307 1140 401 1167; x_wconf 82' lang='lat' dir='ltr'><strong>obelos</strong></span> <span class='ocrx_word' id='word_1_269' title='bbox 421 1139 598 1174; x_wconf 89' lang='lat' dir='ltr'><strong>apposuimus</strong></span> <span class='ocrx_word' id='word_1_270' title='bbox 609 1159 616 1170; x_wconf 86' lang='lat'><strong>,</strong></span> <span class='ocrx_word' id='word_1_271' title='bbox 634 1139 790 1174; x_wconf 86' lang='lat' dir='ltr'><strong>ubicunque</strong></span> <span class='ocrx_word' id='word_1_272' title='bbox 816 1139 842 1166; x_wconf 95' lang='lat' dir='ltr'><strong>in</strong></span> <span class='ocrx_word' id='word_1_273' title='bbox 859 1140 1051 1174; x_wconf 88' lang='lat' dir='ltr'><strong>manuscriptis</strong></span> <span class='ocrx_word' id='word_1_274' title='bbox 1073 1140 1246 1168; x_wconf 84' lang='lat' dir='ltr'><strong>notabantur.</strong></span> <span class='ocrx_word' id='word_1_275' title='bbox 1263 1140 1381 1168; x_wconf 72' lang='lat' dir='ltr'><strong>Czeteros</strong></span> <span class='ocrx_word' id='word_1_276' title='bbox 1394 1146 1494 1172; x_wconf 86' lang='lat' dir='ltr'><strong>autem,</strong></span> <span class='ocrx_word' id='word_1_277' title='bbox 1509 1141 1554 1176; x_wconf 90' lang='lat' dir='ltr'><strong>qui</strong></span> <span class='ocrx_word' id='word_1_278' title='bbox 1567 1141 1668 1176; x_wconf 85' lang='lat' dir='ltr'><strong>passim</strong></span> 
     </span>
    </p>
   </div>
   <div class='ocr_carea' id='block_1_23' title="bbox 50 1185 1669 1223">
    <p class='ocr_par' dir='ltr' id='par_1_23' title="bbox 50 1185 1669 1223">
     <span class='ocr_line' id='line_1_23' title="bbox 50 1185 1669 1223; baseline 0.001 -9"><span class='ocrx_word' id='word_1_279' title='bbox 50 1187 230 1214; x_wconf 83' lang='lat' dir='ltr'><strong>occurrebant</strong></span> <span class='ocrx_word' id='word_1_280' title='bbox 240 1186 266 1212; x_wconf 93' lang='lat' dir='ltr'><strong>in</strong></span> <span class='ocrx_word' id='word_1_281' title='bbox 282 1185 410 1220; x_wconf 71' lang='lat' dir='ltr'><strong>Hexaplis</strong></span> <span class='ocrx_word' id='word_1_282' title='bbox 426 1185 608 1220; x_wconf 82' lang='lat' dir='ltr'><strong>Origenianis,</strong></span> <span class='ocrx_word' id='word_1_283' title='bbox 618 1192 743 1219; x_wconf 87' lang='lat' dir='ltr'><strong>quosque</strong></span> <span class='ocrx_word' id='word_1_284' title='bbox 754 1185 810 1219; x_wconf 86' lang='lat' dir='ltr'><strong>jam</strong></span> <span class='ocrx_word' id='word_1_285' title='bbox 825 1186 966 1212; x_wconf 86' lang='lat' dir='ltr'><strong>restituere</strong></span> <span class='ocrx_word' id='word_1_286' title='bbox 976 1185 1165 1213; x_wconf 84' lang='lat' dir='ltr'><strong>difficillimum</strong></span> <span class='ocrx_word' id='word_1_287' title='bbox 1180 1191 1259 1219; x_wconf 84' lang='lat' dir='ltr'><strong>esset,</strong></span> <span class='ocrx_word' id='word_1_288' title='bbox 1271 1194 1323 1213; x_wconf 94' lang='lat' dir='ltr'><strong>non</strong></span> <span class='ocrx_word' id='word_1_289' title='bbox 1337 1187 1532 1222; x_wconf 85' lang='lat' dir='ltr'><strong>perquircndos</strong></span> <span class='ocrx_word' id='word_1_290' title='bbox 1546 1196 1606 1215; x_wconf 77' lang='lat' dir='ltr'><strong>esse</strong></span> <span class='ocrx_word' id='word_1_291' title='bbox 1619 1197 1669 1223; x_wconf 84' lang='lat' dir='ltr'><strong>pu-</strong></span> 
     </span>
    </p>
   </div>
   <div class='ocr_carea' id='block_1_24' title="bbox 54 1232 1669 1270">
    <p class='ocr_par' dir='ltr' id='par_1_24' title="bbox 54 1232 1669 1270">
     <span class='ocr_line' id='line_1_24' title="bbox 54 1232 1669 1270; baseline 0.001 -10"><span class='ocrx_word' id='word_1_292' title='bbox 54 1234 175 1262; x_wconf 79' lang='lat' dir='ltr'><strong>tavimus.</strong></span> <span class='ocrx_word' id='word_1_293' title='bbox 189 1232 274 1266; x_wconf 84' lang='lat' dir='ltr'><strong>Nam,</strong></span> <span class='ocrx_word' id='word_1_294' title='bbox 289 1237 319 1259; x_wconf 93' lang='lat' dir='ltr'><strong>ut</strong></span> <span class='ocrx_word' id='word_1_295' title='bbox 331 1232 418 1260; x_wconf 78' lang='lat' dir='ltr'><strong>fusius</strong></span> <span class='ocrx_word' id='word_1_296' title='bbox 429 1232 455 1259; x_wconf 93' lang='lat' dir='ltr'><strong>in</strong></span> <span class='ocrx_word' id='word_1_297' title='bbox 471 1232 698 1260; x_wconf 67' lang='lat' dir='ltr'><strong>Praeliminaribus</strong></span> <span class='ocrx_word' id='word_1_298' title='bbox 713 1233 828 1265; x_wconf 85' lang='lat' dir='ltr'><strong>dicetur,</strong></span> <span class='ocrx_word' id='word_1_299' title='bbox 843 1233 1036 1260; x_wconf 82' lang='lat' dir='ltr'><strong>asteriscorum</strong></span> <span class='ocrx_word' id='word_1_300' title='bbox 1052 1233 1169 1260; x_wconf 77' lang='lat' dir='ltr'><strong>maxima</strong></span> <span class='ocrx_word' id='word_1_301' title='bbox 1183 1242 1244 1268; x_wconf 86' lang='lat' dir='ltr'><strong>pars</strong></span> <span class='ocrx_word' id='word_1_302' title='bbox 1256 1234 1337 1268; x_wconf 86' lang='lat' dir='ltr'><strong>hujus</strong></span> <span class='ocrx_word' id='word_1_303' title='bbox 1352 1235 1458 1269; x_wconf 74' lang='lat' dir='ltr'><strong>generis</strong></span> <span class='ocrx_word' id='word_1_304' title='bbox 1474 1239 1560 1267; x_wconf 87' lang='lat' dir='ltr'><strong>eraut,</strong></span> <span class='ocrx_word' id='word_1_305' title='bbox 1577 1240 1606 1262; x_wconf 93' lang='lat' dir='ltr'><strong>ut</strong></span> <span class='ocrx_word' id='word_1_306' title='bbox 1622 1244 1669 1270; x_wconf 85' lang='lat' dir='ltr'><strong>pa-</strong></span> 
     </span>
    </p>
   </div>
   <div class='ocr_carea' id='block_1_25' title="bbox 49 1278 1669 1314">
    <p class='ocr_par' dir='ltr' id='par_1_25' title="bbox 49 1278 1669 1314">
     <span class='ocr_line' id='line_1_25' title="bbox 49 1278 1669 1314; baseline 0.001 -7"><span class='ocrx_word' id='word_1_307' title='bbox 49 1288 104 1307; x_wconf 85' lang='lat' dir='ltr'><strong>rum</strong></span> <span class='ocrx_word' id='word_1_308' title='bbox 123 1281 188 1307; x_wconf 86' lang='lat' dir='ltr'><strong>inde</strong></span> <span class='ocrx_word' id='word_1_309' title='bbox 207 1280 280 1307; x_wconf 91' lang='lat' dir='ltr'><strong>lucis</strong></span> <span class='ocrx_word' id='word_1_310' title='bbox 299 1279 332 1306; x_wconf 89' lang='lat' dir='ltr'><strong>ad</strong></span> <span class='ocrx_word' id='word_1_311' title='bbox 355 1279 504 1306; x_wconf 88' lang='lat' dir='ltr'><strong>litterarum</strong></span> <span class='ocrx_word' id='word_1_312' title='bbox 521 1278 713 1305; x_wconf 85' lang='lat' dir='ltr'><strong>Hebraicarum</strong></span> <span class='ocrx_word' id='word_1_313' title='bbox 732 1279 934 1313; x_wconf 78' lang='lat' dir='ltr'><strong>intelligentiam</strong></span> <span class='ocrx_word' id='word_1_314' title='bbox 956 1278 1106 1306; x_wconf 84' lang='lat' dir='ltr'><strong>accederet.</strong></span> <span class='ocrx_word' id='word_1_315' title='bbox 1125 1279 1264 1313; x_wconf 83' lang='lat' dir='ltr'><strong>Siquidem</strong></span> <span class='ocrx_word' id='word_1_316' title='bbox 1278 1284 1353 1306; x_wconf 84' lang='lat' dir='ltr'><strong>tanto</strong></span> <span class='ocrx_word' id='word_1_317' title='bbox 1372 1280 1499 1314; x_wconf 80' lang='lat' dir='ltr'><strong>sorupuln</strong></span> <span class='ocrx_word' id='word_1_318' title='bbox 1513 1279 1620 1306; x_wconf 80' lang='lat' dir='ltr'><strong>fuerant</strong></span> <span class='ocrx_word' id='word_1_319' title='bbox 1633 1281 1669 1308; x_wconf 86' lang='lat' dir='ltr'><strong>ab</strong></span> 
     </span>
    </p>
   </div>
   <div class='ocr_carea' id='block_1_26' title="bbox 48 1325 1671 1364">
    <p class='ocr_par' dir='ltr' id='par_1_26' title="bbox 48 1325 1671 1364">
     <span class='ocr_line' id='line_1_26' title="bbox 48 1325 1671 1364; baseline 0.001 -11"><span class='ocrx_word' id='word_1_320' title='bbox 48 1327 161 1364; x_wconf 75' lang='lat' dir='ltr'><strong>Origene</strong></span> <span class='ocrx_word' id='word_1_321' title='bbox 186 1327 284 1363; x_wconf 87' lang='lat' dir='ltr'><strong>positi,</strong></span> <span class='ocrx_word' id='word_1_322' title='bbox 311 1331 340 1354; x_wconf 91' lang='lat' dir='ltr'><strong>ut</strong></span> <span class='ocrx_word' id='word_1_323' title='bbox 363 1326 405 1353; x_wconf 88' lang='lat' dir='ltr'><strong>vel</strong></span> <span class='ocrx_word' id='word_1_324' title='bbox 431 1333 512 1360; x_wconf 88' lang='lat' dir='ltr'><strong>quatn</strong></span> <span class='ocrx_word' id='word_1_325' title='bbox 527 1325 652 1353; x_wconf 85' lang='lat' dir='ltr'><strong>minimas</strong></span> <span class='ocrx_word' id='word_1_326' title='bbox 665 1326 810 1360; x_wconf 77' lang='lat' dir='ltr'><strong>particulas</strong></span> <span class='ocrx_word' id='word_1_327' title='bbox 828 1325 1056 1360; x_wconf 82' lang='lat' dir='ltr'><strong>Hebraismosque</strong></span> <span class='ocrx_word' id='word_1_328' title='bbox 1071 1334 1176 1357; x_wconf 87' lang='lat' dir='ltr'><strong>omnes,</strong></span> <span class='ocrx_word' id='word_1_329' title='bbox 1191 1327 1237 1360; x_wconf 90' lang='lat' dir='ltr'><strong>qui</strong></span> <span class='ocrx_word' id='word_1_330' title='bbox 1254 1326 1347 1354; x_wconf 75' lang='lat' dir='ltr'><strong>Gneca</strong></span> <span class='ocrx_word' id='word_1_331' title='bbox 1365 1327 1455 1362; x_wconf 79' lang='lat' dir='ltr'><strong>lingua</strong></span> <span class='ocrx_word' id='word_1_332' title='bbox 1473 1335 1525 1354; x_wconf 89' lang='lat' dir='ltr'><strong>non</strong></span> <span class='ocrx_word' id='word_1_333' title='bbox 1542 1332 1671 1362; x_wconf 83' lang='lat' dir='ltr'><strong>poterant</strong></span> 
     </span>
    </p>
   </div>
   <div class='ocr_carea' id='block_1_27' title="bbox 51 1373 1670 1409">
    <p class='ocr_par' dir='ltr' id='par_1_27' title="bbox 51 1373 1670 1409">
     <span class='ocr_line' id='line_1_27' title="bbox 51 1373 1670 1409; baseline 0 -6"><span class='ocrx_word' id='word_1_334' title='bbox 51 1377 177 1404; x_wconf 82' lang='lat' dir='ltr'><strong>concinne</strong></span> <span class='ocrx_word' id='word_1_335' title='bbox 206 1374 359 1407; x_wconf 84' lang='lat' dir='ltr'><strong>enuntiari,</strong></span> <span class='ocrx_word' id='word_1_336' title='bbox 384 1374 485 1408; x_wconf 83' lang='lat' dir='ltr'><strong>quique</strong></span> <span class='ocrx_word' id='word_1_337' title='bbox 502 1373 567 1400; x_wconf 88' lang='lat' dir='ltr'><strong>nihil</strong></span> <span class='ocrx_word' id='word_1_338' title='bbox 584 1374 616 1400; x_wconf 87' lang='lat' dir='ltr'><strong>ad</strong></span> <span class='ocrx_word' id='word_1_339' title='bbox 640 1381 750 1400; x_wconf 88' lang='lat' dir='ltr'><strong>sensum</strong></span> <span class='ocrx_word' id='word_1_340' title='bbox 775 1373 909 1400; x_wconf 67' lang='lat' dir='ltr'><strong>faciebant</strong></span> <span class='ocrx_word' id='word_1_341' title='bbox 920 1394 927 1406; x_wconf 92' lang='lat'><strong>,</strong></span> <span class='ocrx_word' id='word_1_342' title='bbox 944 1373 1097 1408; x_wconf 87' lang='lat' dir='ltr'><strong>importuna</strong></span> <span class='ocrx_word' id='word_1_343' title='bbox 1115 1374 1242 1409; x_wconf 70' lang='grc' dir='ltr'><strong>ἀκριὸείᾳ</strong></span> <span class='ocrx_word' id='word_1_344' title='bbox 1259 1379 1391 1401; x_wconf 87' lang='lat' dir='ltr'><strong>notarent.</strong></span> <span class='ocrx_word' id='word_1_345' title='bbox 1413 1375 1489 1402; x_wconf 90' lang='lat' dir='ltr'><strong>Tunc</strong></span> <span class='ocrx_word' id='word_1_346' title='bbox 1500 1383 1565 1402; x_wconf 84' lang='lat' dir='ltr'><strong>vero</strong></span> <span class='ocrx_word' id='word_1_347' title='bbox 1581 1377 1670 1404; x_wconf 90' lang='lat' dir='ltr'><strong>solum</strong></span> 
     </span>
    </p>
   </div>
   <div class='ocr_carea' id='block_1_28' title="bbox 52 1421 1671 1459">
    <p class='ocr_par' dir='ltr' id='par_1_28' title="bbox 52 1421 1671 1459">
     <span class='ocr_line' id='line_1_28' title="bbox 52 1421 1671 1459; baseline 0.001 -9"><span class='ocrx_word' id='word_1_348' title='bbox 52 1423 166 1450; x_wconf 81' lang='lat' dir='ltr'><strong>asterisci</strong></span> <span class='ocrx_word' id='word_1_349' title='bbox 177 1427 204 1449; x_wconf 90' lang='lat' dir='ltr'><strong>et</strong></span> <span class='ocrx_word' id='word_1_350' title='bbox 219 1429 252 1449; x_wconf 87' lang='lat' dir='ltr'><strong>ea</strong></span> <span class='ocrx_word' id='word_1_351' title='bbox 269 1428 331 1456; x_wconf 62' lang='lat' dir='ltr'><strong>qum</strong></span> <span class='ocrx_word' id='word_1_352' title='bbox 344 1421 481 1449; x_wconf 86' lang='lat' dir='ltr'><strong>asteriscis</strong></span> <span class='ocrx_word' id='word_1_353' title='bbox 493 1421 682 1448; x_wconf 84' lang='lat' dir='ltr'><strong>indicabantur</strong></span> <span class='ocrx_word' id='word_1_354' title='bbox 699 1421 773 1448; x_wconf 88' lang='lat' dir='ltr'><strong>utilia</strong></span> <span class='ocrx_word' id='word_1_355' title='bbox 784 1426 870 1454; x_wconf 84' lang='lat' dir='ltr'><strong>erant,</strong></span> <span class='ocrx_word' id='word_1_356' title='bbox 887 1429 947 1448; x_wconf 90' lang='lat' dir='ltr'><strong>cum</strong></span> <span class='ocrx_word' id='word_1_357' title='bbox 961 1422 1097 1449; x_wconf 89' lang='lat' dir='ltr'><strong>clausulas</strong></span> <span class='ocrx_word' id='word_1_358' title='bbox 1109 1427 1155 1449; x_wconf 90' lang='lat' dir='ltr'><strong>aut</strong></span> <span class='ocrx_word' id='word_1_359' title='bbox 1171 1422 1250 1449; x_wconf 85' lang='lat' dir='ltr'><strong>verba</strong></span> <span class='ocrx_word' id='word_1_360' title='bbox 1268 1430 1281 1449; x_wconf 92' lang='lat' dir='ltr'><strong>a</strong></span> <span class='ocrx_word' id='word_1_361' title='bbox 1297 1422 1367 1449; x_wconf 79' lang='lat' dir='ltr'><strong>LXX</strong></span> <span class='ocrx_word' id='word_1_362' title='bbox 1387 1422 1580 1458; x_wconf 87' lang='lat' dir='ltr'><strong>lnterprctihus</strong></span> <span class='ocrx_word' id='word_1_363' title='bbox 1600 1431 1671 1459; x_wconf 73' lang='lat' dir='ltr'><strong>prae-</strong></span> 
     </span>
    </p>
   </div>
   <div class='ocr_carea' id='block_1_29' title="bbox 57 1469 1670 1506">
    <p class='ocr_par' dir='ltr' id='par_1_29' title="bbox 57 1469 1670 1506">
     <span class='ocr_line' id='line_1_29' title="bbox 57 1469 1670 1506; baseline 0.001 -8"><span class='ocrx_word' id='word_1_364' title='bbox 57 1471 169 1498; x_wconf 81' lang='lat' dir='ltr'><strong>termissa</strong></span> <span class='ocrx_word' id='word_1_365' title='bbox 186 1470 358 1498; x_wconf 79' lang='lat' dir='ltr'><strong>exhibebant</strong></span> <span class='ocrx_word' id='word_1_366' title='bbox 372 1479 379 1496; x_wconf 92' lang='lat'><strong><em>:</em></strong></span> <span class='ocrx_word' id='word_1_367' title='bbox 400 1469 481 1504; x_wconf 88' lang='lat' dir='ltr'><strong>hujus</strong></span> <span class='ocrx_word' id='word_1_368' title='bbox 494 1474 583 1496; x_wconf 88' lang='lat' dir='ltr'><strong>autem</strong></span> <span class='ocrx_word' id='word_1_369' title='bbox 602 1469 707 1504; x_wconf 80' lang='lat' dir='ltr'><strong>generis</strong></span> <span class='ocrx_word' id='word_1_370' title='bbox 723 1469 868 1497; x_wconf 81' lang='lat' dir='ltr'><strong>asteriscos</strong></span> <span class='ocrx_word' id='word_1_371' title='bbox 883 1477 990 1497; x_wconf 89' lang='lat' dir='ltr'><strong>summo</strong></span> <span class='ocrx_word' id='word_1_372' title='bbox 1016 1470 1106 1497; x_wconf 86' lang='lat' dir='ltr'><strong>studio</strong></span> <span class='ocrx_word' id='word_1_373' title='bbox 1123 1470 1351 1505; x_wconf 80' lang='lat' dir='ltr'><strong>perquisivimus,</strong></span> <span class='ocrx_word' id='word_1_374' title='bbox 1368 1472 1414 1506; x_wconf 87' lang='lat' dir='ltr'><strong>qui</strong></span> <span class='ocrx_word' id='word_1_375' title='bbox 1431 1471 1453 1499; x_wconf 91' lang='lat' dir='ltr'><strong>si</strong></span> <span class='ocrx_word' id='word_1_376' title='bbox 1468 1480 1529 1499; x_wconf 89' lang='lat' dir='ltr'><strong>cum</strong></span> <span class='ocrx_word' id='word_1_377' title='bbox 1546 1472 1607 1500; x_wconf 87' lang='lat' dir='ltr'><strong>aliis</strong></span> <span class='ocrx_word' id='word_1_378' title='bbox 1623 1481 1670 1500; x_wconf 84' lang='lat' dir='ltr'><strong>su-</strong></span> 
     </span>
    </p>
   </div>
   <div class='ocr_carea' id='block_1_30' title="bbox 61 1517 1672 1553">
    <p class='ocr_par' dir='ltr' id='par_1_30' title="bbox 61 1517 1672 1553">
     <span class='ocr_line' id='line_1_30' title="bbox 61 1517 1672 1553; baseline 0.002 -10"><span class='ocrx_word' id='word_1_379' title='bbox 61 1518 221 1551; x_wconf 71' lang='lat' dir='ltr'><strong>pervacaneis</strong></span> <span class='ocrx_word' id='word_1_380' title='bbox 240 1523 447 1552; x_wconf 84' lang='lat' dir='ltr'><strong>comparentur.</strong></span> <span class='ocrx_word' id='word_1_381' title='bbox 473 1517 629 1551; x_wconf 83' lang='lat' dir='ltr'><strong>paucissimi</strong></span> <span class='ocrx_word' id='word_1_382' title='bbox 654 1522 726 1544; x_wconf 87' lang='lat' dir='ltr'><strong>sunt.</strong></span> <span class='ocrx_word' id='word_1_383' title='bbox 743 1517 817 1544; x_wconf 89' lang='lat' dir='ltr'><strong>Obeli</strong></span> <span class='ocrx_word' id='word_1_384' title='bbox 837 1522 938 1548; x_wconf 79' lang='lat' dir='ltr'><strong>autem,</strong></span> <span class='ocrx_word' id='word_1_385' title='bbox 962 1525 993 1544; x_wconf 90' lang='lat' dir='ltr'><strong>ea</strong></span> <span class='ocrx_word' id='word_1_386' title='bbox 1009 1526 1069 1552; x_wconf 71' lang='lat' dir='ltr'><strong>qua:</strong></span> <span class='ocrx_word' id='word_1_387' title='bbox 1083 1518 1110 1544; x_wconf 95' lang='lat' dir='ltr'><strong>in</strong></span> <span class='ocrx_word' id='word_1_388' title='bbox 1125 1517 1195 1544; x_wconf 70' lang='lat' dir='ltr'><strong>LXX</strong></span> <span class='ocrx_word' id='word_1_389' title='bbox 1211 1517 1404 1553; x_wconf 84' lang='lat' dir='ltr'><strong>lnterpretibus</strong></span> <span class='ocrx_word' id='word_1_390' title='bbox 1420 1520 1607 1547; x_wconf 88' lang='lat' dir='ltr'><strong>redundabant</strong></span> <span class='ocrx_word' id='word_1_391' title='bbox 1623 1521 1672 1547; x_wconf 82' lang='lat' dir='ltr'><strong>ad-</strong></span> 
     </span>
    </p>
   </div>
   <div class='ocr_carea' id='block_1_31' title="bbox 62 1563 1670 1600">
    <p class='ocr_par' dir='ltr' id='par_1_31' title="bbox 62 1563 1670 1600">
     <span class='ocr_line' id='line_1_31' title="bbox 62 1563 1670 1600; baseline 0.003 -9"><span class='ocrx_word' id='word_1_392' title='bbox 62 1572 177 1596; x_wconf 77' lang='lat' dir='ltr'><strong>notantes,</strong></span> <span class='ocrx_word' id='word_1_393' title='bbox 207 1565 389 1600; x_wconf 68' lang='lat' dir='ltr'><strong>assequendte</strong></span> <span class='ocrx_word' id='word_1_394' title='bbox 420 1563 623 1600; x_wconf 81' lang='lat' dir='ltr'><strong>Seripturarum</strong></span> <span class='ocrx_word' id='word_1_395' title='bbox 650 1565 743 1598; x_wconf 89' lang='lat' dir='ltr'><strong>menti,</strong></span> <span class='ocrx_word' id='word_1_396' title='bbox 771 1570 801 1593; x_wconf 91' lang='lat' dir='ltr'><strong>ut</strong></span> <span class='ocrx_word' id='word_1_397' title='bbox 827 1566 974 1600; x_wconf 90' lang='lat' dir='ltr'><strong>plurimum</strong></span> <span class='ocrx_word' id='word_1_398' title='bbox 990 1565 1103 1597; x_wconf 81' lang='lat' dir='ltr'><strong>saltem.</strong></span> <span class='ocrx_word' id='word_1_399' title='bbox 1118 1573 1213 1600; x_wconf 86' lang='lat' dir='ltr'><strong>parum</strong></span> <span class='ocrx_word' id='word_1_400' title='bbox 1230 1566 1427 1594; x_wconf 85' lang='lat' dir='ltr'><strong>conducebant.</strong></span> <span class='ocrx_word' id='word_1_401' title='bbox 1445 1567 1627 1599; x_wconf 82' lang='lat' dir='ltr'><strong>Quamobrem</strong></span> <span class='ocrx_word' id='word_1_402' title='bbox 1644 1569 1670 1596; x_wconf 91' lang='lat' dir='ltr'><strong>id</strong></span> 
     </span>
    </p>
   </div>
   <div class='ocr_carea' id='block_1_32' title="bbox 60 1612 1668 1648">
    <p class='ocr_par' dir='ltr' id='par_1_32' title="bbox 60 1612 1668 1648">
     <span class='ocr_line' id='line_1_32' title="bbox 60 1612 1668 1648; baseline 0.002 -9"><span class='ocrx_word' id='word_1_403' title='bbox 60 1614 159 1640; x_wconf 72' lang='lat' dir='ltr'><strong>maxime</strong></span> <span class='ocrx_word' id='word_1_404' title='bbox 168 1613 343 1646; x_wconf 83' lang='lat' dir='ltr'><strong>curavimus,</strong></span> <span class='ocrx_word' id='word_1_405' title='bbox 356 1616 386 1639; x_wconf 90' lang='lat' dir='ltr'><strong>ut</strong></span> <span class='ocrx_word' id='word_1_406' title='bbox 396 1620 477 1647; x_wconf 92' lang='lat' dir='ltr'><strong>quam</strong></span> <span class='ocrx_word' id='word_1_407' title='bbox 494 1612 624 1647; x_wconf 86' lang='lat' dir='ltr'><strong>plurimas</strong></span> <span class='ocrx_word' id='word_1_408' title='bbox 636 1620 776 1647; x_wconf 86' lang='lat' dir='ltr'><strong>possemus</strong></span> <span class='ocrx_word' id='word_1_409' title='bbox 788 1618 910 1640; x_wconf 90' lang='lat' dir='ltr'><strong>veterum</strong></span> <span class='ocrx_word' id='word_1_410' title='bbox 924 1613 1100 1648; x_wconf 80' lang='lat' dir='ltr'><strong>interpretum</strong></span> <span class='ocrx_word' id='word_1_411' title='bbox 1116 1613 1244 1641; x_wconf 87' lang='lat' dir='ltr'><strong>lectiones</strong></span> <span class='ocrx_word' id='word_1_412' title='bbox 1256 1614 1378 1641; x_wconf 88' lang='lat' dir='ltr'><strong>studioso</strong></span> <span class='ocrx_word' id='word_1_413' title='bbox 1391 1615 1482 1642; x_wconf 89' lang='lat' dir='ltr'><strong>lectori</strong></span> <span class='ocrx_word' id='word_1_414' title='bbox 1499 1615 1668 1644; x_wconf 68' lang='lat' dir='ltr'><strong>olrerremus.</strong></span> 
     </span>
    </p>
   </div>
   <div class='ocr_carea' id='block_1_33' title="bbox 84 1659 1671 1696">
    <p class='ocr_par' dir='ltr' id='par_1_33' title="bbox 84 1659 1671 1696">
     <span class='ocr_line' id='line_1_33' title="bbox 84 1659 1671 1696; baseline 0.001 -8"><span class='ocrx_word' id='word_1_415' title='bbox 84 1660 170 1688; x_wconf 90' lang='lat' dir='ltr'><strong>Sicubi</strong></span> <span class='ocrx_word' id='word_1_416' title='bbox 190 1668 277 1696; x_wconf 87' lang='lat' dir='ltr'><strong>porro</strong></span> <span class='ocrx_word' id='word_1_417' title='bbox 293 1660 451 1695; x_wconf 85' lang='lat' dir='ltr'><strong>hujusmodi</strong></span> <span class='ocrx_word' id='word_1_418' title='bbox 470 1660 598 1688; x_wconf 86' lang='lat' dir='ltr'><strong>lectiones</strong></span> <span class='ocrx_word' id='word_1_419' title='bbox 613 1660 708 1687; x_wconf 83' lang='lat' dir='ltr'><strong>Latine</strong></span> <span class='ocrx_word' id='word_1_420' title='bbox 722 1665 825 1687; x_wconf 90' lang='lat' dir='ltr'><strong>tantum</strong></span> <span class='ocrx_word' id='word_1_421' title='bbox 842 1661 881 1687; x_wconf 86' lang='lat' dir='ltr'><strong>vel</strong></span> <span class='ocrx_word' id='word_1_422' title='bbox 897 1661 930 1688; x_wconf 88' lang='lat' dir='ltr'><strong>ab</strong></span> <span class='ocrx_word' id='word_1_423' title='bbox 945 1659 1109 1696; x_wconf 82' lang='lat' dir='ltr'><strong>Hieronymo</strong></span> <span class='ocrx_word' id='word_1_424' title='bbox 1123 1661 1163 1687; x_wconf 88' lang='lat' dir='ltr'><strong>vel</strong></span> <span class='ocrx_word' id='word_1_425' title='bbox 1176 1661 1209 1688; x_wconf 87' lang='lat' dir='ltr'><strong>ab</strong></span> <span class='ocrx_word' id='word_1_426' title='bbox 1225 1661 1359 1696; x_wconf 79' lang='lat' dir='ltr'><strong>Hcsycltio</strong></span> <span class='ocrx_word' id='word_1_427' title='bbox 1373 1661 1532 1695; x_wconf 78' lang='lat' dir='ltr'><strong>afferuntur,</strong></span> <span class='ocrx_word' id='word_1_428' title='bbox 1548 1670 1580 1690; x_wconf 81' lang='lat' dir='ltr'><strong>ex</strong></span> <span class='ocrx_word' id='word_1_429' title='bbox 1596 1662 1671 1690; x_wconf 87' lang='lat' dir='ltr'><strong>Lati-</strong></span> 
     </span>
    </p>
   </div>
   <div class='ocr_carea' id='block_1_34' title="bbox 60 1707 1670 1746">
    <p class='ocr_par' dir='ltr' id='par_1_34' title="bbox 60 1707 1670 1746">
     <span class='ocr_line' id='line_1_34' title="bbox 60 1707 1670 1746; baseline 0.002 -12"><span class='ocrx_word' id='word_1_430' title='bbox 60 1708 90 1735; x_wconf 83' lang='lat' dir='ltr'><strong>nis</strong></span> <span class='ocrx_word' id='word_1_431' title='bbox 102 1709 193 1736; x_wconf 65' lang='lat' dir='ltr'><strong>Graeca</strong></span> <span class='ocrx_word' id='word_1_432' title='bbox 207 1708 302 1736; x_wconf 87' lang='lat' dir='ltr'><strong>facere</strong></span> <span class='ocrx_word' id='word_1_433' title='bbox 312 1708 374 1735; x_wconf 89' lang='lat' dir='ltr'><strong>sine</strong></span> <span class='ocrx_word' id='word_1_434' title='bbox 390 1707 507 1742; x_wconf 87' lang='lat' dir='ltr'><strong>alicujus</strong></span> <span class='ocrx_word' id='word_1_435' title='bbox 519 1715 569 1735; x_wconf 88' lang='lat' dir='ltr'><strong>ms.</strong></span> <span class='ocrx_word' id='word_1_436' title='bbox 587 1707 748 1736; x_wconf 87' lang='lat' dir='ltr'><strong>auctoritate</strong></span> <span class='ocrx_word' id='word_1_437' title='bbox 765 1713 902 1735; x_wconf 88' lang='lat' dir='ltr'><strong>tentavere</strong></span> <span class='ocrx_word' id='word_1_438' title='bbox 921 1708 1030 1743; x_wconf 88' lang='lat' dir='ltr'><strong>quidam</strong></span> <span class='ocrx_word' id='word_1_439' title='bbox 1050 1708 1218 1743; x_wconf 70' lang='lat' dir='ltr'><strong>:Graccaque</strong></span> <span class='ocrx_word' id='word_1_440' title='bbox 1241 1708 1398 1743; x_wconf 89' lang='lat' dir='ltr'><strong>hujusmodi</strong></span> <span class='ocrx_word' id='word_1_441' title='bbox 1414 1709 1575 1745; x_wconf 85' lang='lat' dir='ltr'><strong>fragmenta,</strong></span> <span class='ocrx_word' id='word_1_442' title='bbox 1592 1711 1670 1746; x_wconf 86' lang='lat' dir='ltr'><strong>quasi</strong></span> 
     </span>
    </p>
   </div>
   <div class='ocr_carea' id='block_1_35' title="bbox 58 1755 1670 1794">
    <p class='ocr_par' dir='ltr' id='par_1_35' title="bbox 58 1755 1670 1794">
     <span class='ocr_line' id='line_1_35' title="bbox 58 1755 1670 1794; baseline 0.003 -12"><span class='ocrx_word' id='word_1_443' title='bbox 58 1763 200 1790; x_wconf 65' lang='lat' dir='ltr'><strong>germanum</strong></span> <span class='ocrx_word' id='word_1_444' title='bbox 217 1755 336 1791; x_wconf 70' lang='lat' dir='ltr'><strong>Aquilae,</strong></span> <span class='ocrx_word' id='word_1_445' title='bbox 369 1755 536 1790; x_wconf 86' lang='lat' dir='ltr'><strong>Symmachi,</strong></span> <span class='ocrx_word' id='word_1_446' title='bbox 562 1755 756 1784; x_wconf 87' lang='lat' dir='ltr'><strong>Theodotionis</strong></span> <span class='ocrx_word' id='word_1_447' title='bbox 779 1761 807 1783; x_wconf 88' lang='lat' dir='ltr'><strong>et</strong></span> <span class='ocrx_word' id='word_1_448' title='bbox 831 1756 945 1783; x_wconf 85' lang='lat' dir='ltr'><strong>aliorum</strong></span> <span class='ocrx_word' id='word_1_449' title='bbox 961 1761 1082 1789; x_wconf 82' lang='lat' dir='ltr'><strong>textum,</strong></span> <span class='ocrx_word' id='word_1_450' title='bbox 1099 1756 1126 1784; x_wconf 93' lang='lat' dir='ltr'><strong>in</strong></span> <span class='ocrx_word' id='word_1_451' title='bbox 1145 1757 1232 1785; x_wconf 88' lang='lat' dir='ltr'><strong>lucem</strong></span> <span class='ocrx_word' id='word_1_452' title='bbox 1250 1757 1410 1785; x_wconf 87' lang='lat' dir='ltr'><strong>emiserunt.</strong></span> <span class='ocrx_word' id='word_1_453' title='bbox 1427 1757 1463 1785; x_wconf 86' lang='lat' dir='ltr'><strong>Ex</strong></span> <span class='ocrx_word' id='word_1_454' title='bbox 1484 1759 1583 1794; x_wconf 90' lang='lat' dir='ltr'><strong>talique</strong></span> <span class='ocrx_word' id='word_1_455' title='bbox 1601 1767 1670 1787; x_wconf 86' lang='lat' dir='ltr'><strong>ausu</strong></span> 
     </span>
    </p>
   </div>
   <div class='ocr_carea' id='block_1_36' title="bbox 57 1801 1670 1841">
    <p class='ocr_par' dir='ltr' id='par_1_36' title="bbox 57 1801 1670 1841">
     <span class='ocr_line' id='line_1_36' title="bbox 57 1801 1670 1841; baseline 0.004 -13"><span class='ocrx_word' id='word_1_456' title='bbox 57 1802 203 1837; x_wconf 84' lang='lat' dir='ltr'><strong>plerumque</strong></span> <span class='ocrx_word' id='word_1_457' title='bbox 221 1803 323 1830; x_wconf 88' lang='lat' dir='ltr'><strong>accidit</strong></span> <span class='ocrx_word' id='word_1_458' title='bbox 338 1807 367 1830; x_wconf 94' lang='lat' dir='ltr'><strong>ut</strong></span> <span class='ocrx_word' id='word_1_459' title='bbox 386 1803 465 1837; x_wconf 83' lang='lat' dir='ltr'><strong>longe</strong></span> <span class='ocrx_word' id='word_1_460' title='bbox 479 1802 615 1837; x_wconf 88' lang='lat' dir='ltr'><strong>disparata</strong></span> <span class='ocrx_word' id='word_1_461' title='bbox 629 1811 677 1838; x_wconf 92' lang='lat' dir='ltr'><strong>pro</strong></span> <span class='ocrx_word' id='word_1_462' title='bbox 694 1803 763 1831; x_wconf 89' lang='lat' dir='ltr'><strong>veris</strong></span> <span class='ocrx_word' id='word_1_463' title='bbox 778 1803 988 1837; x_wconf 86' lang='lat' dir='ltr'><strong>substituantur,</strong></span> <span class='ocrx_word' id='word_1_464' title='bbox 1004 1804 1074 1838; x_wconf 86' lang='lat' dir='ltr'><strong>quod</strong></span> <span class='ocrx_word' id='word_1_465' title='bbox 1089 1804 1238 1838; x_wconf 66' lang='lat' dir='ltr'><strong>saepissime</strong></span> <span class='ocrx_word' id='word_1_466' title='bbox 1253 1805 1354 1839; x_wconf 81' lang='lat' dir='ltr'><strong>experti</strong></span> <span class='ocrx_word' id='word_1_467' title='bbox 1368 1801 1477 1837; x_wconf 64' lang='lat' dir='ltr'><strong>&#39;sumus,</strong></span> <span class='ocrx_word' id='word_1_468' title='bbox 1491 1813 1552 1834; x_wconf 89' lang='lat' dir='ltr'><strong>cum</strong></span> <span class='ocrx_word' id='word_1_469' title='bbox 1566 1812 1670 1841; x_wconf 85' lang='lat' dir='ltr'><strong>reperta</strong></span> 
     </span>
    </p>
   </div>
   <div class='ocr_carea' id='block_1_37' title="bbox 57 1849 1669 1886">
    <p class='ocr_par' dir='ltr' id='par_1_37' title="bbox 57 1849 1669 1886">
     <span class='ocr_line' id='line_1_37' title="bbox 57 1849 1669 1886; baseline 0.002 -10"><span class='ocrx_word' id='word_1_470' title='bbox 57 1856 106 1876; x_wconf 66' lang='lat' dir='ltr'><strong>tera</strong></span> <span class='ocrx_word' id='word_1_471' title='bbox 120 1850 247 1881; x_wconf 84' lang='lat' dir='ltr'><strong>lectione,</strong></span> <span class='ocrx_word' id='word_1_472' title='bbox 261 1850 336 1877; x_wconf 93' lang='lat' dir='ltr'><strong>illius</strong></span> <span class='ocrx_word' id='word_1_473' title='bbox 347 1850 406 1876; x_wconf 90' lang='lat' dir='ltr'><strong>sine</strong></span> <span class='ocrx_word' id='word_1_474' title='bbox 422 1850 582 1877; x_wconf 79' lang='lat' dir='ltr'><strong>auctoritate</strong></span> <span class='ocrx_word' id='word_1_475' title='bbox 593 1849 696 1877; x_wconf 90' lang='lat' dir='ltr'><strong>codicis</strong></span> <span class='ocrx_word' id='word_1_476' title='bbox 711 1849 827 1883; x_wconf 88' lang='lat' dir='ltr'><strong>alicujus</strong></span> <span class='ocrx_word' id='word_1_477' title='bbox 842 1850 997 1877; x_wconf 61' lang='lat' dir='ltr'><strong>substitutm</strong></span> <span class='ocrx_word' id='word_1_478' title='bbox 1012 1850 1111 1876; x_wconf 74' lang='grc' dir='ltr'><strong>νωθεία</strong></span> <span class='ocrx_word' id='word_1_479' title='bbox 1125 1851 1273 1885; x_wconf 87' lang='lat' dir='ltr'><strong>conspicua</strong></span> <span class='ocrx_word' id='word_1_480' title='bbox 1286 1850 1346 1877; x_wconf 82' lang='lat' dir='ltr'><strong>fuit.</strong></span> <span class='ocrx_word' id='word_1_481' title='bbox 1359 1850 1413 1878; x_wconf 80' lang='lat' dir='ltr'><strong>Nec</strong></span> <span class='ocrx_word' id='word_1_482' title='bbox 1427 1852 1549 1886; x_wconf 90' lang='lat' dir='ltr'><strong>improbo</strong></span> <span class='ocrx_word' id='word_1_483' title='bbox 1566 1857 1669 1886; x_wconf 88' lang='lat' dir='ltr'><strong>tamen,</strong></span> 
     </span>
    </p>
   </div>
   <div class='ocr_carea' id='block_1_38' title="bbox 55 1896 1668 1932">
    <p class='ocr_par' dir='ltr' id='par_1_38' title="bbox 55 1896 1668 1932">
     <span class='ocr_line' id='line_1_38' title="bbox 55 1896 1668 1932; baseline 0.003 -9"><span class='ocrx_word' id='word_1_484' title='bbox 55 1899 152 1930; x_wconf 82' lang='lat' dir='ltr'><strong>quando</strong></span> <span class='ocrx_word' id='word_1_485' title='bbox 168 1898 343 1932; x_wconf 79' lang='lat' dir='ltr'><strong>exploratum</strong></span> <span class='ocrx_word' id='word_1_486' title='bbox 363 1902 406 1924; x_wconf 90' lang='lat' dir='ltr'><strong>est</strong></span> <span class='ocrx_word' id='word_1_487' title='bbox 422 1905 456 1924; x_wconf 85' lang='lat' dir='ltr'><strong>ex</strong></span> <span class='ocrx_word' id='word_1_488' title='bbox 472 1897 570 1932; x_wconf 88' lang='lat' dir='ltr'><strong>quibus</strong></span> <span class='ocrx_word' id='word_1_489' title='bbox 583 1896 684 1924; x_wconf 59' lang='lat' dir='ltr'><strong>Gracis</strong></span> <span class='ocrx_word' id='word_1_490' title='bbox 701 1897 791 1924; x_wconf 86' lang='lat' dir='ltr'><strong>verbis</strong></span> <span class='ocrx_word' id='word_1_491' title='bbox 809 1897 902 1924; x_wconf 85' lang='lat' dir='ltr'><strong>Latina</strong></span> <span class='ocrx_word' id='word_1_492' title='bbox 918 1898 1071 1930; x_wconf 88' lang='lat' dir='ltr'><strong>manarint,</strong></span> <span class='ocrx_word' id='word_1_493' title='bbox 1088 1898 1110 1924; x_wconf 89' lang='lat' dir='ltr'><strong>si</strong></span> <span class='ocrx_word' id='word_1_494' title='bbox 1130 1903 1194 1924; x_wconf 89' lang='lat' dir='ltr'><strong>tunc</strong></span> <span class='ocrx_word' id='word_1_495' title='bbox 1208 1898 1266 1932; x_wconf 85' lang='lat' dir='ltr'><strong>ipsa</strong></span> <span class='ocrx_word' id='word_1_496' title='bbox 1278 1898 1370 1926; x_wconf 61' lang='lat' dir='ltr'><strong>Caeca</strong></span> <span class='ocrx_word' id='word_1_497' title='bbox 1394 1899 1475 1926; x_wconf 86' lang='lat' dir='ltr'><strong>verba</strong></span> <span class='ocrx_word' id='word_1_498' title='bbox 1493 1900 1645 1928; x_wconf 83' lang='lat' dir='ltr'><strong>iudicentur</strong></span> <span class='ocrx_word' id='word_1_499' title='bbox 1660 1910 1668 1929; x_wconf 88' lang='lat'><strong>:</strong></span> 
     </span>
    </p>
   </div>
   <div class='ocr_carea' id='block_1_39' title="bbox 54 1942 1669 1980">
    <p class='ocr_par' dir='ltr' id='par_1_39' title="bbox 54 1942 1669 1980">
     <span class='ocr_line' id='line_1_39' title="bbox 54 1942 1669 1980; baseline 0.002 -12"><span class='ocrx_word' id='word_1_500' title='bbox 54 1943 155 1977; x_wconf 78' lang='lat' dir='ltr'><strong>exempli</strong></span> <span class='ocrx_word' id='word_1_501' title='bbox 169 1950 266 1975; x_wconf 85' lang='lat' dir='ltr'><strong>causa,</strong></span> <span class='ocrx_word' id='word_1_502' title='bbox 285 1943 308 1970; x_wconf 91' lang='lat' dir='ltr'><strong>si</strong></span> <span class='ocrx_word' id='word_1_503' title='bbox 323 1942 386 1977; x_wconf 87' lang='lat' dir='ltr'><strong>quis</strong></span> <span class='ocrx_word' id='word_1_504' title='bbox 397 1947 518 1969; x_wconf 86' lang='lat' dir='ltr'><strong>veterum</strong></span> <span class='ocrx_word' id='word_1_505' title='bbox 543 1943 646 1970; x_wconf 82' lang='lat' dir='ltr'><strong>diceret</strong></span> <span class='ocrx_word' id='word_1_506' title='bbox 668 1943 772 1977; x_wconf 70' lang='lat' dir='ltr'><strong>Aquilae</strong></span> <span class='ocrx_word' id='word_1_507' title='bbox 788 1943 929 1970; x_wconf 83' lang='lat' dir='ltr'><strong>lectionem</strong></span> <span class='ocrx_word' id='word_1_508' title='bbox 954 1943 994 1971; x_wconf 86' lang='lat' dir='ltr'><strong>sic</strong></span> <span class='ocrx_word' id='word_1_509' title='bbox 1009 1943 1117 1976; x_wconf 87' lang='lat' dir='ltr'><strong>habere,</strong></span> <span class='ocrx_word' id='word_1_510' title='bbox 1138 1949 1161 1969; x_wconf 85' lang='lat' dir='ltr'><strong>et</strong></span> <span class='ocrx_word' id='word_1_511' title='bbox 1177 1944 1204 1970; x_wconf 81' lang='lat' dir='ltr'><strong>in</strong></span> <span class='ocrx_word' id='word_1_512' title='bbox 1218 1945 1322 1970; x_wconf 80' lang='lat' dir='ltr'><strong>nontine</strong></span> <span class='ocrx_word' id='word_1_513' title='bbox 1332 1944 1389 1978; x_wconf 78' lang='lat' dir='ltr'><strong>ejus</strong></span> <span class='ocrx_word' id='word_1_514' title='bbox 1407 1950 1493 1979; x_wconf 83' lang='lat' dir='ltr'><strong>gentes</strong></span> <span class='ocrx_word' id='word_1_515' title='bbox 1508 1947 1669 1980; x_wconf 83' lang='lat' dir='ltr'><strong>sperabunt,</strong></span> 
     </span>
    </p>
   </div>
   <div class='ocr_carea' id='block_1_40' title="bbox 52 1984 803 2025">
    <p class='ocr_par' dir='ltr' id='par_1_40' title="bbox 52 1984 803 2024">
     <span class='ocr_line' id='line_1_40' title="bbox 52 1984 803 2024; baseline 0.003 -10"><span class='ocrx_word' id='word_1_516' title='bbox 52 1984 105 2016; x_wconf 70' lang='lat' dir='ltr'><strong>‘uuc</strong></span> <span class='ocrx_word' id='word_1_517' title='bbox 119 1990 178 2017; x_wconf 87' lang='lat' dir='ltr'><strong>sine</strong></span> <span class='ocrx_word' id='word_1_518' title='bbox 194 1989 320 2024; x_wconf 85' lang='lat' dir='ltr'><strong>periculo</strong></span> <span class='ocrx_word' id='word_1_519' title='bbox 341 1989 394 2016; x_wconf 91' lang='lat' dir='ltr'><strong>dici</strong></span> <span class='ocrx_word' id='word_1_520' title='bbox 409 1994 501 2024; x_wconf 87' lang='lat' dir='ltr'><strong>posset</strong></span> <span class='ocrx_word' id='word_1_521' title='bbox 515 1989 607 2016; x_wconf 64' lang='lat' dir='ltr'><strong>Graeca</strong></span> <span class='ocrx_word' id='word_1_522' title='bbox 624 1989 666 2016; x_wconf 89' lang='lat' dir='ltr'><strong>sic</strong></span> <span class='ocrx_word' id='word_1_523' title='bbox 682 1989 803 2016; x_wconf 76' lang='lat' dir='ltr'><strong>habuisst</strong></span> 
     </span>
    </p>
   </div>
   <div class='ocr_carea' id='block_1_41' title="bbox 917 1984 1668 2025">
    <p class='ocr_par' dir='ltr' id='par_1_41' title="bbox 917 1989 1668 2025">
     <span class='ocr_line' id='line_1_41' title="bbox 917 1989 1668 2025; baseline 0.005 -10"><span class='ocrx_word' id='word_1_524' title='bbox 917 1999 928 2015; x_wconf 76' lang='grc' dir='ltr'><em>ν</em></span> <span class='ocrx_word' id='word_1_525' title='bbox 941 1989 979 2025; x_wconf 84' lang='grc' dir='ltr'>τῷ</span> <span class='ocrx_word' id='word_1_526' title='bbox 991 1990 1100 2024; x_wconf 74' lang='grc' dir='ltr'><strong>ὀνόματι</strong></span> <span class='ocrx_word' id='word_1_527' title='bbox 1116 1989 1197 2016; x_wconf 79' lang='grc' dir='ltr'><strong>αὑτοῦ</strong></span> <span class='ocrx_word' id='word_1_528' title='bbox 1212 1989 1246 2016; x_wconf 76' lang='grc' dir='ltr'><strong>τὰ</strong></span> <span class='ocrx_word' id='word_1_529' title='bbox 1260 1989 1323 2025; x_wconf 79' lang='grc' dir='ltr'><strong>ἔθνη</strong></span> <span class='ocrx_word' id='word_1_530' title='bbox 1336 1990 1466 2017; x_wconf 77' lang='grc' dir='ltr'><strong>ἐλπιοῦσι.</strong></span> <span class='ocrx_word' id='word_1_531' title='bbox 1483 1991 1517 2018; x_wconf 83' lang='grc' dir='ltr'><strong>Αι</strong></span> <span class='ocrx_word' id='word_1_532' title='bbox 1532 1992 1576 2018; x_wconf 91' lang='lat' dir='ltr'><strong>illo</strong></span> <span class='ocrx_word' id='word_1_533' title='bbox 1587 1992 1668 2019; x_wconf 86' lang='lat' dir='ltr'><strong>etiam</strong></span> 
     </span>
    </p>
   </div>
   <div class='ocr_carea' id='block_1_42' title="bbox 51 2028 1669 2072">
    <p class='ocr_par' dir='ltr' id='par_1_42' title="bbox 51 2028 1669 2072">
     <span class='ocr_line' id='line_1_42' title="bbox 51 2028 1669 2072; baseline 0.002 -10"><span class='ocrx_word' id='word_1_534' title='bbox 51 2042 106 2063; x_wconf 70' lang='lat' dir='ltr'><strong>usu</strong></span> <span class='ocrx_word' id='word_1_535' title='bbox 122 2028 282 2063; x_wconf 82' lang='lat' dir='ltr'><strong>monendus</strong></span> <span class='ocrx_word' id='word_1_536' title='bbox 298 2041 371 2063; x_wconf 88' lang='lat' dir='ltr'><strong>esset</strong></span> <span class='ocrx_word' id='word_1_537' title='bbox 388 2037 473 2063; x_wconf 88' lang='lat' dir='ltr'><strong>lector</strong></span> <span class='ocrx_word' id='word_1_538' title='bbox 485 2036 577 2064; x_wconf 63' lang='lat' dir='ltr'><strong>Graeca</strong></span> <span class='ocrx_word' id='word_1_539' title='bbox 588 2044 620 2063; x_wconf 88' lang='lat' dir='ltr'><strong>ex</strong></span> <span class='ocrx_word' id='word_1_540' title='bbox 635 2036 739 2064; x_wconf 86' lang='lat' dir='ltr'><strong>Latinis</strong></span> <span class='ocrx_word' id='word_1_541' title='bbox 754 2036 826 2064; x_wconf 84' lang='lat' dir='ltr'><strong>facta</strong></span> <span class='ocrx_word' id='word_1_542' title='bbox 847 2036 941 2070; x_wconf 88' lang='lat' dir='ltr'><strong>fuisse,</strong></span> <span class='ocrx_word' id='word_1_543' title='bbox 956 2037 1028 2072; x_wconf 91' lang='lat' dir='ltr'><strong>quod</strong></span> <span class='ocrx_word' id='word_1_544' title='bbox 1044 2037 1124 2064; x_wconf 84' lang='lat' dir='ltr'><strong>etiam</strong></span> <span class='ocrx_word' id='word_1_545' title='bbox 1141 2045 1247 2064; x_wconf 86' lang='lat' dir='ltr'><strong>summa</strong></span> <span class='ocrx_word' id='word_1_546' title='bbox 1265 2038 1394 2072; x_wconf 79' lang='lat' dir='ltr'><strong>religione</strong></span> <span class='ocrx_word' id='word_1_547' title='bbox 1408 2039 1582 2072; x_wconf 67' lang='lat' dir='ltr'><strong>prmstitimus</strong></span> <span class='ocrx_word' id='word_1_548' title='bbox 1597 2048 1603 2065; x_wconf 90' lang='lat'><strong>:</strong></span> <span class='ocrx_word' id='word_1_549' title='bbox 1619 2040 1669 2066; x_wconf 85' lang='lat' dir='ltr'><strong>hu-</strong></span> 
     </span>
    </p>
   </div>
   <div class='ocr_carea' id='block_1_43' title="bbox 46 2082 1668 2117">
    <p class='ocr_par' dir='ltr' id='par_1_43' title="bbox 46 2082 1668 2117">
     <span class='ocr_line' id='line_1_43' title="bbox 46 2082 1668 2117; baseline 0.002 -9"><span class='ocrx_word' id='word_1_550' title='bbox 46 2082 217 2117; x_wconf 78' lang='lat' dir='ltr'><strong>jusmodique</strong></span> <span class='ocrx_word' id='word_1_551' title='bbox 228 2083 290 2109; x_wconf 88' lang='lat' dir='ltr'><strong>loca</strong></span> <span class='ocrx_word' id='word_1_552' title='bbox 304 2089 411 2116; x_wconf 87' lang='lat' dir='ltr'><strong>semper</strong></span> <span class='ocrx_word' id='word_1_553' title='bbox 422 2082 529 2109; x_wconf 88' lang='lat' dir='ltr'><strong>uncinis</strong></span> <span class='ocrx_word' id='word_1_554' title='bbox 542 2082 714 2115; x_wconf 86' lang='lat' dir='ltr'><strong>inclusimus,</strong></span> <span class='ocrx_word' id='word_1_555' title='bbox 739 2089 801 2110; x_wconf 91' lang='lat' dir='ltr'><strong>cum</strong></span> <span class='ocrx_word' id='word_1_556' title='bbox 816 2083 856 2110; x_wconf 86' lang='lat' dir='ltr'><strong>vel</strong></span> <span class='ocrx_word' id='word_1_557' title='bbox 869 2091 901 2110; x_wconf 81' lang='lat' dir='ltr'><strong>ex</strong></span> <span class='ocrx_word' id='word_1_558' title='bbox 917 2082 1022 2110; x_wconf 84' lang='lat' dir='ltr'><strong>Latinis</strong></span> <span class='ocrx_word' id='word_1_559' title='bbox 1043 2082 1112 2110; x_wconf 83' lang='lat' dir='ltr'><strong>facta</strong></span> <span class='ocrx_word' id='word_1_560' title='bbox 1123 2103 1130 2115; x_wconf 85' lang='lat'><strong>,</strong></span> <span class='ocrx_word' id='word_1_561' title='bbox 1145 2083 1186 2110; x_wconf 87' lang='lat' dir='ltr'><strong>vel</strong></span> <span class='ocrx_word' id='word_1_562' title='bbox 1201 2083 1311 2111; x_wconf 88' lang='lat' dir='ltr'><strong>aliunde</strong></span> <span class='ocrx_word' id='word_1_563' title='bbox 1324 2083 1406 2110; x_wconf 89' lang='lat' dir='ltr'><strong>dubia</strong></span> <span class='ocrx_word' id='word_1_564' title='bbox 1421 2084 1500 2111; x_wconf 88' lang='lat' dir='ltr'><strong>nobis</strong></span> <span class='ocrx_word' id='word_1_565' title='bbox 1514 2092 1575 2111; x_wconf 86' lang='lat' dir='ltr'><strong>esse</strong></span> <span class='ocrx_word' id='word_1_566' title='bbox 1593 2085 1668 2112; x_wconf 89' lang='lat' dir='ltr'><strong>vidc-</strong></span> 
     </span>
    </p>
   </div>
   <div class='ocr_carea' id='block_1_44' title="bbox 45 2129 152 2158">
    <p class='ocr_par' dir='ltr' id='par_1_44' title="bbox 45 2129 152 2158">
     <span class='ocr_line' id='line_1_44' title="bbox 45 2129 152 2158; baseline 0.019 -2"><span class='ocrx_word' id='word_1_567' title='bbox 45 2129 152 2158; x_wconf 83' lang='lat' dir='ltr'><strong>bantur.</strong></span> 
     </span>
    </p>
   </div>
   <div class='ocr_carea' id='block_1_45' title="bbox 88 2172 1667 2215">
    <p class='ocr_par' dir='ltr' id='par_1_45' title="bbox 88 2172 1667 2215">
     <span class='ocr_line' id='line_1_45' title="bbox 88 2172 1667 2215; baseline 0.001 -13"><span class='ocrx_word' id='word_1_568' title='bbox 88 2175 249 2203; x_wconf 79' lang='lat' dir='ltr'><strong>Monendns</strong></span> <span class='ocrx_word' id='word_1_569' title='bbox 277 2179 319 2202; x_wconf 86' lang='lat' dir='ltr'><strong>est</strong></span> <span class='ocrx_word' id='word_1_570' title='bbox 348 2175 481 2202; x_wconf 86' lang='lat' dir='ltr'><strong>candidus</strong></span> <span class='ocrx_word' id='word_1_571' title='bbox 502 2175 596 2209; x_wconf 85' lang='lat' dir='ltr'><strong>lector,</strong></span> <span class='ocrx_word' id='word_1_572' title='bbox 621 2179 651 2202; x_wconf 93' lang='lat' dir='ltr'><strong>ut</strong></span> <span class='ocrx_word' id='word_1_573' title='bbox 670 2183 732 2215; x_wconf 79' lang='lat' dir='ltr'><strong>cum</strong></span> <span class='ocrx_word' id='word_1_574' title='bbox 755 2175 815 2203; x_wconf 85' lang='lat' dir='ltr'><strong>loca</strong></span> <span class='ocrx_word' id='word_1_575' title='bbox 846 2176 968 2210; x_wconf 69' lang='lat' dir='ltr'><strong>quaedam</strong></span> <span class='ocrx_word' id='word_1_576' title='bbox 987 2176 1013 2203; x_wconf 93' lang='lat' dir='ltr'><strong>in</strong></span> <span class='ocrx_word' id='word_1_577' title='bbox 1031 2175 1214 2203; x_wconf 83' lang='lat' dir='ltr'><strong>Pentateucho</strong></span> <span class='ocrx_word' id='word_1_578' title='bbox 1232 2176 1374 2204; x_wconf 87' lang='lat' dir='ltr'><strong>consulere</strong></span> <span class='ocrx_word' id='word_1_579' title='bbox 1390 2176 1520 2210; x_wconf 85' lang='lat' dir='ltr'><strong>voluerit,</strong></span> <span class='ocrx_word' id='word_1_580' title='bbox 1536 2183 1589 2204; x_wconf 88' lang='lat' dir='ltr'><strong>non</strong></span> <span class='ocrx_word' id='word_1_581' title='bbox 1607 2172 1667 2204; x_wconf 86' lang='lat' dir='ltr'><strong>eam</strong></span> 
     </span>
    </p>
   </div>
   <div class='ocr_carea' id='block_1_46' title="bbox 40 2223 1668 2259">
    <p class='ocr_par' dir='ltr' id='par_1_46' title="bbox 40 2223 1668 2259">
     <span class='ocr_line' id='line_1_46' title="bbox 40 2223 1668 2259; baseline 0.002 -10"><span class='ocrx_word' id='word_1_582' title='bbox 40 2224 129 2256; x_wconf 85' lang='lat' dir='ltr'><strong>modo,</strong></span> <span class='ocrx_word' id='word_1_583' title='bbox 143 2232 206 2259; x_wconf 67' lang='lat' dir='ltr'><strong>quae</strong></span> <span class='ocrx_word' id='word_1_584' title='bbox 221 2224 248 2250; x_wconf 92' lang='lat' dir='ltr'><strong>in</strong></span> <span class='ocrx_word' id='word_1_585' title='bbox 266 2223 400 2258; x_wconf 89' lang='lat' dir='ltr'><strong>principio</strong></span> <span class='ocrx_word' id='word_1_586' title='bbox 413 2223 502 2257; x_wconf 88' lang='lat' dir='ltr'><strong>posita</strong></span> <span class='ocrx_word' id='word_1_587' title='bbox 521 2227 572 2257; x_wconf 86' lang='lat' dir='ltr'><strong>est,</strong></span> <span class='ocrx_word' id='word_1_588' title='bbox 599 2223 780 2257; x_wconf 76' lang='lat' dir='ltr'><strong>llexaptarum</strong></span> <span class='ocrx_word' id='word_1_589' title='bbox 795 2223 995 2254; x_wconf 87' lang='lat' dir='ltr'><strong>collectionem.</strong></span> <span class='ocrx_word' id='word_1_590' title='bbox 1014 2224 1061 2250; x_wconf 83' lang='lat' dir='ltr'><strong>sed</strong></span> <span class='ocrx_word' id='word_1_591' title='bbox 1087 2223 1169 2250; x_wconf 89' lang='lat' dir='ltr'><strong>etiam</strong></span> <span class='ocrx_word' id='word_1_592' title='bbox 1190 2223 1371 2258; x_wconf 86' lang='lat' dir='ltr'><strong>Appendiccm</strong></span> <span class='ocrx_word' id='word_1_593' title='bbox 1389 2232 1496 2259; x_wconf 83' lang='lat' dir='ltr'><strong>semper</strong></span> <span class='ocrx_word' id='word_1_594' title='bbox 1511 2225 1591 2252; x_wconf 87' lang='lat' dir='ltr'><strong>adeat</strong></span> <span class='ocrx_word' id='word_1_595' title='bbox 1607 2233 1614 2252; x_wconf 72' lang='grc' dir='ltr'><strong>ι</strong></span> <span class='ocrx_word' id='word_1_596' title='bbox 1633 2225 1668 2252; x_wconf 86' lang='lat' dir='ltr'><strong>ibi</strong></span> 
     </span>
    </p>
   </div>
   <div class='ocr_carea' id='block_1_47' title="bbox 40 2265 1669 2307">
    <p class='ocr_par' dir='ltr' id='par_1_47' title="bbox 40 2265 1669 2307">
     <span class='ocr_line' id='line_1_47' title="bbox 40 2265 1669 2307; baseline 0.001 -10"><span class='ocrx_word' id='word_1_597' title='bbox 40 2278 159 2307; x_wconf 86' lang='lat' dir='ltr'><strong>namque</strong></span> <span class='ocrx_word' id='word_1_598' title='bbox 171 2271 294 2307; x_wconf 86' lang='lat' dir='ltr'><strong>plurima</strong></span> <span class='ocrx_word' id='word_1_599' title='bbox 320 2271 436 2305; x_wconf 87' lang='lat' dir='ltr'><strong>reperiet</strong></span> <span class='ocrx_word' id='word_1_600' title='bbox 451 2271 571 2298; x_wconf 89' lang='lat' dir='ltr'><strong>nondum</strong></span> <span class='ocrx_word' id='word_1_601' title='bbox 595 2271 737 2298; x_wconf 88' lang='lat' dir='ltr'><strong>observata</strong></span> <span class='ocrx_word' id='word_1_602' title='bbox 755 2271 833 2298; x_wconf 87' lang='lat' dir='ltr'><strong>nobis</strong></span> <span class='ocrx_word' id='word_1_603' title='bbox 851 2279 913 2298; x_wconf 90' lang='lat' dir='ltr'><strong>cum</strong></span> <span class='ocrx_word' id='word_1_604' title='bbox 928 2271 1140 2298; x_wconf 85' lang='lat' dir='ltr'><strong>Pentateuchum</strong></span> <span class='ocrx_word' id='word_1_605' title='bbox 1163 2271 1315 2303; x_wconf 78' lang='lat' dir='ltr'><strong>ederemus,</strong></span> <span class='ocrx_word' id='word_1_606' title='bbox 1329 2272 1475 2306; x_wconf 84' lang='lat' dir='ltr'><strong>aliquando</strong></span> <span class='ocrx_word' id='word_1_607' title='bbox 1491 2272 1572 2298; x_wconf 88' lang='lat' dir='ltr'><strong>etiam</strong></span> <span class='ocrx_word' id='word_1_608' title='bbox 1591 2265 1669 2306; x_wconf 74' lang='lat' dir='ltr'><strong>plura</strong></span> 
     </span>
    </p>
   </div>
   <div class='ocr_carea' id='block_1_48' title="bbox 38 2318 1668 2354">
    <p class='ocr_par' dir='ltr' id='par_1_48' title="bbox 38 2318 1668 2354">
     <span class='ocr_line' id='line_1_48' title="bbox 38 2318 1668 2354; baseline 0.001 -9"><span class='ocrx_word' id='word_1_609' title='bbox 38 2326 117 2353; x_wconf 83' lang='lat' dir='ltr'><strong>quam</strong></span> <span class='ocrx_word' id='word_1_610' title='bbox 134 2327 162 2345; x_wconf 81' lang='lat' dir='ltr'><strong>in</strong></span> <span class='ocrx_word' id='word_1_611' title='bbox 179 2318 319 2354; x_wconf 85' lang='lat' dir='ltr'><strong>principio</strong></span> <span class='ocrx_word' id='word_1_612' title='bbox 333 2325 522 2352; x_wconf 80' lang='lat' dir='ltr'><strong>posueramus.</strong></span> <span class='ocrx_word' id='word_1_613' title='bbox 539 2318 680 2346; x_wconf 84' lang='lat' dir='ltr'><strong>Lectiones</strong></span> <span class='ocrx_word' id='word_1_614' title='bbox 706 2319 741 2345; x_wconf 94' lang='lat' dir='ltr'><strong>ibi</strong></span> <span class='ocrx_word' id='word_1_615' title='bbox 760 2319 861 2351; x_wconf 65' lang='lat' dir='ltr'><strong>multae,</strong></span> <span class='ocrx_word' id='word_1_616' title='bbox 879 2319 963 2354; x_wconf 80' lang='lat' dir='ltr'><strong>ignoti</strong></span> <span class='ocrx_word' id='word_1_617' title='bbox 980 2323 1059 2346; x_wconf 86' lang='lat' dir='ltr'><strong>antea</strong></span> <span class='ocrx_word' id='word_1_618' title='bbox 1077 2319 1248 2353; x_wconf 86' lang='lat' dir='ltr'><strong>interpretis,</strong></span> <span class='ocrx_word' id='word_1_619' title='bbox 1268 2326 1318 2346; x_wconf 85' lang='lat' dir='ltr'><strong>suo</strong></span> <span class='ocrx_word' id='word_1_620' title='bbox 1341 2320 1447 2346; x_wconf 88' lang='lat' dir='ltr'><strong>auctori</strong></span> <span class='ocrx_word' id='word_1_621' title='bbox 1467 2320 1668 2354; x_wconf 85' lang='lat' dir='ltr'><strong>restituuntur;</strong></span> 
     </span>
    </p>
   </div>
   <div class='ocr_carea' id='block_1_49' title="bbox 37 2365 1668 2402">
    <p class='ocr_par' dir='ltr' id='par_1_49' title="bbox 37 2365 1668 2402">
     <span class='ocr_line' id='line_1_49' title="bbox 37 2365 1668 2402; baseline 0.002 -12"><span class='ocrx_word' id='word_1_622' title='bbox 37 2365 92 2392; x_wconf 64' lang='lat' dir='ltr'><strong>alia!</strong></span> <span class='ocrx_word' id='word_1_623' title='bbox 107 2374 193 2393; x_wconf 82' lang='lat' dir='ltr'><strong>secus</strong></span> <span class='ocrx_word' id='word_1_624' title='bbox 211 2366 309 2400; x_wconf 71' lang='lat' dir='ltr'><strong>positae</strong></span> <span class='ocrx_word' id='word_1_625' title='bbox 322 2365 511 2392; x_wconf 87' lang='lat' dir='ltr'><strong>emendantur.</strong></span> <span class='ocrx_word' id='word_1_626' title='bbox 525 2365 600 2393; x_wconf 88' lang='lat' dir='ltr'><strong>Hanc</strong></span> <span class='ocrx_word' id='word_1_627' title='bbox 611 2370 701 2393; x_wconf 87' lang='lat' dir='ltr'><strong>autem</strong></span> <span class='ocrx_word' id='word_1_628' title='bbox 719 2366 890 2394; x_wconf 84' lang='lat' dir='ltr'><strong>Collectionis</strong></span> <span class='ocrx_word' id='word_1_629' title='bbox 909 2371 1008 2394; x_wconf 68' lang='lat' dir='ltr'><strong>nostrae</strong></span> <span class='ocrx_word' id='word_1_630' title='bbox 1021 2371 1126 2401; x_wconf 83' lang='lat' dir='ltr'><strong>partem</strong></span> <span class='ocrx_word' id='word_1_631' title='bbox 1141 2367 1201 2393; x_wconf 90' lang='lat' dir='ltr'><strong>ideo</strong></span> <span class='ocrx_word' id='word_1_632' title='bbox 1215 2366 1241 2393; x_wconf 93' lang='lat' dir='ltr'><strong>in</strong></span> <span class='ocrx_word' id='word_1_633' title='bbox 1257 2367 1325 2400; x_wconf 84' lang='lat' dir='ltr'><strong>line,</strong></span> <span class='ocrx_word' id='word_1_634' title='bbox 1338 2367 1502 2402; x_wconf 86' lang='lat' dir='ltr'><strong>Appendicis</strong></span> <span class='ocrx_word' id='word_1_635' title='bbox 1520 2375 1596 2394; x_wconf 90' lang='lat' dir='ltr'><strong>more</strong></span> <span class='ocrx_word' id='word_1_636' title='bbox 1606 2387 1613 2399; x_wconf 81' lang='lat'><strong>,</strong></span> <span class='ocrx_word' id='word_1_637' title='bbox 1627 2367 1668 2394; x_wconf 87' lang='lat' dir='ltr'><strong>lo-</strong></span> 
     </span>
    </p>
   </div>
   <div class='ocr_carea' id='block_1_50' title="bbox 36 2413 1669 2449">
    <p class='ocr_par' dir='ltr' id='par_1_50' title="bbox 36 2413 1669 2449">
     <span class='ocr_line' id='line_1_50' title="bbox 36 2413 1669 2449; baseline 0.001 -10"><span class='ocrx_word' id='word_1_638' title='bbox 36 2414 170 2446; x_wconf 78' lang='lat' dir='ltr'><strong>cavimus,</strong></span> <span class='ocrx_word' id='word_1_639' title='bbox 184 2414 253 2449; x_wconf 86' lang='lat' dir='ltr'><strong>quia</strong></span> <span class='ocrx_word' id='word_1_640' title='bbox 268 2413 303 2441; x_wconf 86' lang='lat' dir='ltr'><strong>ad</strong></span> <span class='ocrx_word' id='word_1_641' title='bbox 321 2413 513 2440; x_wconf 83' lang='lat' dir='ltr'><strong>bibliothecam</strong></span> <span class='ocrx_word' id='word_1_642' title='bbox 528 2413 733 2447; x_wconf 80' lang='lat' dir='ltr'><strong>Ooislinianam,</strong></span> <span class='ocrx_word' id='word_1_643' title='bbox 749 2422 781 2441; x_wconf 78' lang='lat' dir='ltr'><strong>ex</strong></span> <span class='ocrx_word' id='word_1_644' title='bbox 797 2415 875 2449; x_wconf 87' lang='lat' dir='ltr'><strong>cujus</strong></span> <span class='ocrx_word' id='word_1_645' title='bbox 889 2415 981 2442; x_wconf 88' lang='lat' dir='ltr'><strong>codice</strong></span> <span class='ocrx_word' id='word_1_646' title='bbox 996 2414 1143 2449; x_wconf 84' lang='lat' dir='ltr'><strong>perinsigni</strong></span> <span class='ocrx_word' id='word_1_647' title='bbox 1157 2414 1286 2441; x_wconf 83' lang='lat' dir='ltr'><strong>lectiones</strong></span> <span class='ocrx_word' id='word_1_648' title='bbox 1306 2414 1364 2441; x_wconf 81' lang='lat' dir='ltr'><strong>illas</strong></span> <span class='ocrx_word' id='word_1_649' title='bbox 1377 2415 1541 2449; x_wconf 84' lang='lat' dir='ltr'><strong>poster-iores</strong></span> <span class='ocrx_word' id='word_1_650' title='bbox 1554 2413 1669 2441; x_wconf 89' lang='lat' dir='ltr'><strong>mutuati</strong></span> 
     </span>
    </p>
   </div>
   <div class='ocr_carea' id='block_1_51' title="bbox 36 2461 1668 2498">
    <p class='ocr_par' dir='ltr' id='par_1_51' title="bbox 36 2461 1668 2498">
     <span class='ocr_line' id='line_1_51' title="bbox 36 2461 1668 2498; baseline 0 -9"><span class='ocrx_word' id='word_1_651' title='bbox 36 2469 142 2495; x_wconf 77' lang='lat' dir='ltr'><strong>sumus,</strong></span> <span class='ocrx_word' id='word_1_652' title='bbox 158 2463 268 2490; x_wconf 90' lang='lat' dir='ltr'><strong>aditum</strong></span> <span class='ocrx_word' id='word_1_653' title='bbox 285 2462 429 2497; x_wconf 87' lang='lat' dir='ltr'><strong>impetrare</strong></span> <span class='ocrx_word' id='word_1_654' title='bbox 444 2461 616 2496; x_wconf 85' lang='lat' dir='ltr'><strong>nequivimus</strong></span> <span class='ocrx_word' id='word_1_655' title='bbox 626 2462 676 2498; x_wconf 78' lang='grc' dir='ltr'><strong>(α),</strong></span> <span class='ocrx_word' id='word_1_656' title='bbox 690 2463 774 2490; x_wconf 90' lang='lat' dir='ltr'><strong>donec</strong></span> <span class='ocrx_word' id='word_1_657' title='bbox 788 2464 815 2489; x_wconf 93' lang='lat' dir='ltr'><strong>in</strong></span> <span class='ocrx_word' id='word_1_658' title='bbox 827 2463 886 2497; x_wconf 80' lang='lat' dir='ltr'><strong>ejus</strong></span> <span class='ocrx_word' id='word_1_659' title='bbox 898 2462 1098 2497; x_wconf 85' lang='lat' dir='ltr'><strong>possessionem</strong></span> <span class='ocrx_word' id='word_1_660' title='bbox 1111 2462 1214 2489; x_wconf 89' lang='lat' dir='ltr'><strong>veniret</strong></span> <span class='ocrx_word' id='word_1_661' title='bbox 1228 2462 1428 2489; x_wconf 86' lang='lat' dir='ltr'><strong>illustrissimus</strong></span> <span class='ocrx_word' id='word_1_662' title='bbox 1442 2461 1518 2489; x_wconf 89' lang='lat' dir='ltr'><strong>Dom.</strong></span> <span class='ocrx_word' id='word_1_663' title='bbox 1535 2461 1668 2489; x_wconf 88' lang='lat' dir='ltr'><strong>Henricus</strong></span> 
     </span>
    </p>
   </div>
   <div class='ocr_carea' id='block_1_52' title="bbox 36 2508 1668 2546">
    <p class='ocr_par' dir='ltr' id='par_1_52' title="bbox 36 2508 1668 2546">
     <span class='ocr_line' id='line_1_52' title="bbox 36 2508 1668 2546; baseline -0.001 -9"><span class='ocrx_word' id='word_1_664' title='bbox 36 2509 150 2538; x_wconf 85' lang='lat' dir='ltr'><strong>Carolus</strong></span> <span class='ocrx_word' id='word_1_665' title='bbox 164 2511 202 2538; x_wconf 94' lang='lat' dir='ltr'><strong>du</strong></span> <span class='ocrx_word' id='word_1_666' title='bbox 218 2510 355 2537; x_wconf 83' lang='lat' dir='ltr'><strong>Cambout</strong></span> <span class='ocrx_word' id='word_1_667' title='bbox 368 2510 401 2538; x_wconf 90' lang='lat' dir='ltr'><strong>de</strong></span> <span class='ocrx_word' id='word_1_668' title='bbox 412 2508 526 2542; x_wconf 88' lang='lat' dir='ltr'><strong>Coislin,</strong></span> <span class='ocrx_word' id='word_1_669' title='bbox 544 2510 598 2537; x_wconf 83' lang='lat' dir='ltr'><strong>dux</strong></span> <span class='ocrx_word' id='word_1_670' title='bbox 614 2515 640 2537; x_wconf 92' lang='lat' dir='ltr'><strong>et</strong></span> <span class='ocrx_word' id='word_1_671' title='bbox 663 2519 713 2546; x_wconf 83' lang='lat' dir='ltr'><strong>par</strong></span> <span class='ocrx_word' id='word_1_672' title='bbox 726 2511 865 2544; x_wconf 75' lang='lat' dir='ltr'><strong>Francize,</strong></span> <span class='ocrx_word' id='word_1_673' title='bbox 876 2511 1022 2546; x_wconf 88' lang='lat' dir='ltr'><strong>episcopus</strong></span> <span class='ocrx_word' id='word_1_674' title='bbox 1037 2510 1176 2543; x_wconf 86' lang='lat' dir='ltr'><strong>Metensis,</strong></span> <span class='ocrx_word' id='word_1_675' title='bbox 1195 2509 1370 2538; x_wconf 78' lang='lat' dir='ltr'><strong>Coislinianae</strong></span> <span class='ocrx_word' id='word_1_676' title='bbox 1386 2510 1496 2537; x_wconf 75' lang='lat' dir='ltr'><strong>familize</strong></span> <span class='ocrx_word' id='word_1_677' title='bbox 1510 2510 1603 2542; x_wconf 81' lang='lat' dir='ltr'><strong>decus,</strong></span> <span class='ocrx_word' id='word_1_678' title='bbox 1621 2510 1668 2544; x_wconf 91' lang='lat' dir='ltr'><strong>qui</strong></span> 
     </span>
    </p>
   </div>
   <div class='ocr_carea' id='block_1_53' title="bbox 39 2557 1668 2593">
    <p class='ocr_par' dir='ltr' id='par_1_53' title="bbox 39 2557 1668 2593">
     <span class='ocr_line' id='line_1_53' title="bbox 39 2557 1668 2593; baseline 0 -9"><span class='ocrx_word' id='word_1_679' title='bbox 39 2565 82 2590; x_wconf 86' lang='lat' dir='ltr'><strong>pro</strong></span> <span class='ocrx_word' id='word_1_680' title='bbox 97 2560 196 2586; x_wconf 88' lang='lat' dir='ltr'><strong>innata</strong></span> <span class='ocrx_word' id='word_1_681' title='bbox 214 2558 405 2585; x_wconf 77' lang='lat' dir='ltr'><strong>beneficicntia</strong></span> <span class='ocrx_word' id='word_1_682' title='bbox 422 2558 530 2585; x_wconf 85' lang='lat' dir='ltr'><strong>codices</strong></span> <span class='ocrx_word' id='word_1_683' title='bbox 554 2558 634 2586; x_wconf 90' lang='lat' dir='ltr'><strong>nobis</strong></span> <span class='ocrx_word' id='word_1_684' title='bbox 660 2559 694 2586; x_wconf 89' lang='lat' dir='ltr'><strong>ad</strong></span> <span class='ocrx_word' id='word_1_685' title='bbox 722 2564 817 2586; x_wconf 90' lang='lat' dir='ltr'><strong>nutum</strong></span> <span class='ocrx_word' id='word_1_686' title='bbox 845 2558 1037 2593; x_wconf 88' lang='lat' dir='ltr'><strong>suppeditavit.</strong></span> <span class='ocrx_word' id='word_1_687' title='bbox 1051 2557 1112 2585; x_wconf 63' lang='lat' dir='ltr'><strong>Haec</strong></span> <span class='ocrx_word' id='word_1_688' title='bbox 1129 2565 1211 2592; x_wconf 87' lang='lat' dir='ltr'><strong>porro</strong></span> <span class='ocrx_word' id='word_1_689' title='bbox 1234 2557 1396 2585; x_wconf 88' lang='lat' dir='ltr'><strong>bibliotheca</strong></span> <span class='ocrx_word' id='word_1_690' title='bbox 1418 2558 1668 2592; x_wconf 86' lang='lat' dir='ltr'><strong>manuscriptorum</strong></span> 
     </span>
    </p>
   </div>
   <div class='ocr_carea' id='block_1_54' title="bbox 41 2603 1667 2641">
    <p class='ocr_par' dir='ltr' id='par_1_54' title="bbox 41 2603 1667 2641">
     <span class='ocr_line' id='line_1_54' title="bbox 41 2603 1667 2641; baseline 0.001 -11"><span class='ocrx_word' id='word_1_691' title='bbox 41 2603 192 2632; x_wconf 73' lang='lat' dir='ltr'><strong>Graecorum</strong></span> <span class='ocrx_word' id='word_1_692' title='bbox 210 2604 289 2639; x_wconf 87' lang='lat' dir='ltr'><strong>copia</strong></span> <span class='ocrx_word' id='word_1_693' title='bbox 307 2605 412 2638; x_wconf 88' lang='lat' dir='ltr'><strong>paucis,</strong></span> <span class='ocrx_word' id='word_1_694' title='bbox 427 2605 584 2639; x_wconf 60' lang='lat' dir='ltr'><strong>praestantia</strong></span> <span class='ocrx_word' id='word_1_695' title='bbox 596 2613 660 2632; x_wconf 88' lang='lat' dir='ltr'><strong>vero</strong></span> <span class='ocrx_word' id='word_1_696' title='bbox 674 2609 701 2633; x_wconf 90' lang='lat' dir='ltr'><strong>et</strong></span> <span class='ocrx_word' id='word_1_697' title='bbox 714 2606 876 2641; x_wconf 86' lang='lat' dir='ltr'><strong>antiquitate</strong></span> <span class='ocrx_word' id='word_1_698' title='bbox 888 2605 954 2632; x_wconf 92' lang='lat' dir='ltr'><strong>nulli</strong></span> <span class='ocrx_word' id='word_1_699' title='bbox 970 2605 1104 2633; x_wconf 90' lang='lat' dir='ltr'><strong>concedit.</strong></span> <span class='ocrx_word' id='word_1_700' title='bbox 1122 2604 1224 2632; x_wconf 83' lang='lat' dir='ltr'><strong>Horum</strong></span> <span class='ocrx_word' id='word_1_701' title='bbox 1243 2605 1397 2640; x_wconf 82' lang='lat' dir='ltr'><strong>catalogum</strong></span> <span class='ocrx_word' id='word_1_702' title='bbox 1419 2605 1588 2640; x_wconf 86' lang='lat' dir='ltr'><strong>peramplum</strong></span> <span class='ocrx_word' id='word_1_703' title='bbox 1607 2613 1667 2640; x_wconf 86' lang='lat' dir='ltr'><strong>pre-</strong></span> 
     </span>
    </p>
   </div>
   <div class='ocr_carea' id='block_1_55' title="bbox 46 2652 1613 2689">
    <p class='ocr_par' dir='ltr' id='par_1_55' title="bbox 46 2652 1613 2689">
     <span class='ocr_line' id='line_1_55' title="bbox 46 2652 1613 2689; baseline 0.001 -12"><span class='ocrx_word' id='word_1_704' title='bbox 46 2652 167 2688; x_wconf 81' lang='lat' dir='ltr'><strong>tiosisque</strong></span> <span class='ocrx_word' id='word_1_705' title='bbox 178 2652 322 2681; x_wconf 86' lang='lat' dir='ltr'><strong>anecdotis</strong></span> <span class='ocrx_word' id='word_1_706' title='bbox 338 2653 407 2679; x_wconf 88' lang='lat' dir='ltr'><strong>bene</strong></span> <span class='ocrx_word' id='word_1_707' title='bbox 420 2652 513 2680; x_wconf 90' lang='lat' dir='ltr'><strong>multis</strong></span> <span class='ocrx_word' id='word_1_708' title='bbox 525 2653 687 2681; x_wconf 88' lang='lat' dir='ltr'><strong>instructum</strong></span> <span class='ocrx_word' id='word_1_709' title='bbox 706 2654 757 2681; x_wconf 84' lang='lat' dir='ltr'><strong>sub</strong></span> <span class='ocrx_word' id='word_1_710' title='bbox 775 2654 834 2689; x_wconf 88' lang='lat' dir='ltr'><strong>ejus</strong></span> <span class='ocrx_word' id='word_1_711' title='bbox 851 2654 981 2688; x_wconf 79' lang='lat' dir='ltr'><strong>auspiciis</strong></span> <span class='ocrx_word' id='word_1_712' title='bbox 998 2661 1138 2688; x_wconf 89' lang='lat' dir='ltr'><strong>paramus,</strong></span> <span class='ocrx_word' id='word_1_713' title='bbox 1152 2653 1307 2688; x_wconf 89' lang='lat' dir='ltr'><strong>propediem</strong></span> <span class='ocrx_word' id='word_1_714' title='bbox 1321 2653 1347 2679; x_wconf 92' lang='lat' dir='ltr'><strong>in</strong></span> <span class='ocrx_word' id='word_1_715' title='bbox 1364 2653 1450 2679; x_wconf 91' lang='lat' dir='ltr'><strong>lucem</strong></span> <span class='ocrx_word' id='word_1_716' title='bbox 1468 2652 1613 2679; x_wconf 68' lang='lat' dir='ltr'><strong>edendum.</strong></span> 
     </span>
    </p>
   </div>
   <div class='ocr_carea' id='block_1_56' title="bbox 74 2698 1668 2737">
    <p class='ocr_par' dir='ltr' id='par_1_56' title="bbox 74 2698 1668 2737">
     <span class='ocr_line' id='line_1_56' title="bbox 74 2698 1668 2737; baseline -0.001 -9"><span class='ocrx_word' id='word_1_717' title='bbox 74 2702 156 2729; x_wconf 79' lang='lat' dir='ltr'><strong>Solita</strong></span> <span class='ocrx_word' id='word_1_718' title='bbox 173 2710 237 2737; x_wconf 82' lang='lat' dir='ltr'><strong>erga</strong></span> <span class='ocrx_word' id='word_1_719' title='bbox 256 2709 308 2730; x_wconf 89' lang='lat' dir='ltr'><strong>nos</strong></span> <span class='ocrx_word' id='word_1_720' title='bbox 320 2700 493 2729; x_wconf 78' lang='lat' dir='ltr'><strong>humanitate</strong></span> <span class='ocrx_word' id='word_1_721' title='bbox 507 2708 613 2735; x_wconf 86' lang='lat' dir='ltr'><strong>semper</strong></span> <span class='ocrx_word' id='word_1_722' title='bbox 632 2709 698 2729; x_wconf 83' lang='lat' dir='ltr'><strong>usus</strong></span> <span class='ocrx_word' id='word_1_723' title='bbox 715 2705 756 2729; x_wconf 87' lang='lat' dir='ltr'><strong>est</strong></span> <span class='ocrx_word' id='word_1_724' title='bbox 769 2702 971 2729; x_wconf 84' lang='lat' dir='ltr'><strong>illustrissimus</strong></span> <span class='ocrx_word' id='word_1_725' title='bbox 990 2702 1073 2729; x_wconf 81' lang='lat' dir='ltr'><strong>abbas</strong></span> <span class='ocrx_word' id='word_1_726' title='bbox 1087 2701 1121 2729; x_wconf 89' lang='lat' dir='ltr'><strong>de</strong></span> <span class='ocrx_word' id='word_1_727' title='bbox 1134 2701 1264 2734; x_wconf 83' lang='lat' dir='ltr'><strong>Louvois,</strong></span> <span class='ocrx_word' id='word_1_728' title='bbox 1275 2700 1450 2727; x_wconf 81' lang='lat' dir='ltr'><strong>Bibliotheca:</strong></span> <span class='ocrx_word' id='word_1_729' title='bbox 1467 2699 1557 2735; x_wconf 66' lang='lat' dir='ltr'><strong>Regia:</strong></span> <span class='ocrx_word' id='word_1_730' title='bbox 1572 2698 1668 2734; x_wconf 66' lang='lat' dir='ltr'><strong>prtefe&lt;</strong></span> 
     </span>
    </p>
   </div>
   <div class='ocr_carea' id='block_1_57' title="bbox 52 2745 1666 2786">
    <p class='ocr_par' dir='ltr' id='par_1_57' title="bbox 52 2745 1666 2786">
     <span class='ocr_line' id='line_1_57' title="bbox 52 2745 1666 2786; baseline -0.001 -13"><span class='ocrx_word' id='word_1_731' title='bbox 52 2753 109 2782; x_wconf 78' lang='lat' dir='ltr'><strong>ctus,</strong></span> <span class='ocrx_word' id='word_1_732' title='bbox 123 2751 166 2785; x_wconf 90' lang='lat' dir='ltr'><strong>qui</strong></span> <span class='ocrx_word' id='word_1_733' title='bbox 182 2759 230 2786; x_wconf 88' lang='lat' dir='ltr'><strong>pro</strong></span> <span class='ocrx_word' id='word_1_734' title='bbox 245 2755 311 2778; x_wconf 86' lang='lat' dir='ltr'><strong>voto</strong></span> <span class='ocrx_word' id='word_1_735' title='bbox 324 2749 407 2777; x_wconf 89' lang='lat' dir='ltr'><strong>nobis</strong></span> <span class='ocrx_word' id='word_1_736' title='bbox 420 2748 510 2783; x_wconf 80' lang='lat' dir='ltr'><strong>regios</strong></span> <span class='ocrx_word' id='word_1_737' title='bbox 528 2749 634 2776; x_wconf 81' lang='lat' dir='ltr'><strong>codices</strong></span> <span class='ocrx_word' id='word_1_738' title='bbox 646 2750 760 2782; x_wconf 87' lang='lat' dir='ltr'><strong>obtulit,</strong></span> <span class='ocrx_word' id='word_1_739' title='bbox 775 2757 892 2784; x_wconf 86' lang='lat' dir='ltr'><strong>quorum</strong></span> <span class='ocrx_word' id='word_1_740' title='bbox 908 2758 987 2777; x_wconf 88' lang='lat' dir='ltr'><strong>usum</strong></span> <span class='ocrx_word' id='word_1_741' title='bbox 1007 2749 1119 2784; x_wconf 79' lang='lat' dir='ltr'><strong>singqu</strong></span> <span class='ocrx_word' id='word_1_742' title='bbox 1139 2748 1223 2775; x_wconf 85' lang='lat' dir='ltr'><strong>ferme</strong></span> <span class='ocrx_word' id='word_1_743' title='bbox 1244 2748 1325 2783; x_wconf 86' lang='lat' dir='ltr'><strong>hujus</strong></span> <span class='ocrx_word' id='word_1_744' title='bbox 1348 2748 1437 2782; x_wconf 86' lang='lat' dir='ltr'><strong>operis</strong></span> <span class='ocrx_word' id='word_1_745' title='bbox 1452 2749 1556 2782; x_wconf 74' lang='lat' dir='ltr'><strong>pagina:</strong></span> <span class='ocrx_word' id='word_1_746' title='bbox 1569 2745 1666 2773; x_wconf 80' lang='lat' dir='ltr'><strong>testiﬁ-</strong></span> 
     </span>
    </p>
   </div>
   <div class='ocr_carea' id='block_1_58' title="bbox 55 2794 1664 2832">
    <p class='ocr_par' dir='ltr' id='par_1_58' title="bbox 55 2794 1664 2832">
     <span class='ocr_line' id='line_1_58' title="bbox 55 2794 1664 2832; baseline -0.001 -10"><span class='ocrx_word' id='word_1_747' title='bbox 55 2802 140 2826; x_wconf 74' lang='lat' dir='ltr'><strong>tantur.</strong></span> <span class='ocrx_word' id='word_1_748' title='bbox 158 2798 260 2828; x_wconf 88' lang='lat' dir='ltr'><strong>Ofliciis</strong></span> <span class='ocrx_word' id='word_1_749' title='bbox 277 2800 345 2827; x_wconf 86' lang='lat' dir='ltr'><strong>item</strong></span> <span class='ocrx_word' id='word_1_750' title='bbox 363 2797 424 2824; x_wconf 87' lang='lat' dir='ltr'><strong>suis</strong></span> <span class='ocrx_word' id='word_1_751' title='bbox 437 2804 487 2823; x_wconf 76' lang='lat' dir='ltr'><strong>nos</strong></span> <span class='ocrx_word' id='word_1_752' title='bbox 502 2798 624 2824; x_wconf 86' lang='lat' dir='ltr'><strong>certatim</strong></span> <span class='ocrx_word' id='word_1_753' title='bbox 642 2799 778 2832; x_wconf 87' lang='lat' dir='ltr'><strong>prosecuti</strong></span> <span class='ocrx_word' id='word_1_754' title='bbox 794 2803 858 2827; x_wconf 91' lang='lat' dir='ltr'><strong>sunt</strong></span> <span class='ocrx_word' id='word_1_755' title='bbox 871 2818 877 2830; x_wconf 86' lang='lat'><strong>,</strong></span> <span class='ocrx_word' id='word_1_756' title='bbox 892 2797 923 2825; x_wconf 87' lang='lat' dir='ltr'><strong>V.</strong></span> <span class='ocrx_word' id='word_1_757' title='bbox 936 2798 977 2825; x_wconf 90' lang='lat' dir='ltr'><strong>Cl.</strong></span> <span class='ocrx_word' id='word_1_758' title='bbox 991 2797 1119 2825; x_wconf 89' lang='lat' dir='ltr'><strong>Nicolaus</strong></span> <span class='ocrx_word' id='word_1_759' title='bbox 1134 2797 1271 2829; x_wconf 86' lang='lat' dir='ltr'><strong>Clemens,</strong></span> <span class='ocrx_word' id='word_1_760' title='bbox 1295 2796 1328 2823; x_wconf 91' lang='lat' dir='ltr'><strong>de</strong></span> <span class='ocrx_word' id='word_1_761' title='bbox 1338 2797 1417 2831; x_wconf 86' lang='lat' dir='ltr'><strong>cujus</strong></span> <span class='ocrx_word' id='word_1_762' title='bbox 1428 2796 1503 2823; x_wconf 89' lang='lat' dir='ltr'><strong>obitu</strong></span> <span class='ocrx_word' id='word_1_763' title='bbox 1519 2794 1664 2821; x_wconf 86' lang='lat' dir='ltr'><strong>admodum</strong></span> 
     </span>
    </p>
   </div>
   <div class='ocr_carea' id='block_1_59' title="bbox 77 2844 1664 2900">
    <p class='ocr_par' dir='ltr' id='par_1_59' title="bbox 77 2844 1664 2900">
     <span class='ocr_line' id='line_1_59' title="bbox 77 2844 1664 2900; baseline -0.006 -25"><span class='ocrx_word' id='word_1_764' title='bbox 77 2845 105 2875; x_wconf 79' lang='grc' dir='ltr'><strong>(α)</strong></span> <span class='ocrx_word' id='word_1_765' title='bbox 115 2847 239 2873; x_wconf 77' lang='lat' dir='ltr'><strong>Lectiones</strong></span> <span class='ocrx_word' id='word_1_766' title='bbox 251 2847 350 2873; x_wconf 86' lang='lat' dir='ltr'><strong>codicis</strong></span> <span class='ocrx_word' id='word_1_767' title='bbox 358 2844 519 2882; x_wconf 23' lang='lat' dir='ltr'><strong>’Coislinianl,</strong></span> <span class='ocrx_word' id='word_1_768' title='bbox 531 2851 591 2900; x_wconf 52' lang='grc' dir='ltr'><strong>εἷρπε</strong></span> <span class='ocrx_word' id='word_1_769' title='bbox 604 2845 627 2869; x_wconf 92' lang='lat' dir='ltr'><strong>in</strong></span> <span class='ocrx_word' id='word_1_770' title='bbox 642 2847 778 2878; x_wconf 77' lang='lat' dir='ltr'><strong>appendice</strong></span> <span class='ocrx_word' id='word_1_771' title='bbox 791 2846 930 2878; x_wconf 82' lang='lat' dir='ltr'><strong>conjecerat</strong></span> <span class='ocrx_word' id='word_1_772' title='bbox 941 2846 1156 2875; x_wconf 79' lang='lat' dir='ltr'><strong>Montefalconius,</strong></span> <span class='ocrx_word' id='word_1_773' title='bbox 1178 2845 1207 2870; x_wconf 89' lang='lat' dir='ltr'><strong>ad</strong></span> <span class='ocrx_word' id='word_1_774' title='bbox 1219 2846 1352 2876; x_wconf 82' lang='lat' dir='ltr'><strong>capitulum</strong></span> <span class='ocrx_word' id='word_1_775' title='bbox 1374 2844 1574 2875; x_wconf 82' lang='lat' dir='ltr'><strong>unumquodque,</strong></span> <span class='ocrx_word' id='word_1_776' title='bbox 1595 2848 1664 2872; x_wconf 72' lang='lat' dir='ltr'><strong>cujus</strong></span> 
     </span>
     <span class='ocr_line' id='line_1_60' title="bbox 77 2874 640 2900; baseline 0 0"><span class='ocrx_word' id='word_1_777' title='bbox 77 2881 102 2900; x_wconf 86' lang='lat' dir='ltr'><strong>nt.</strong></span> <span class='ocrx_word' id='word_1_778' title='bbox 118 2881 259 2900; x_wconf 58' lang='lat' dir='ltr'><strong>nam-and“</strong></span> <span class='ocrx_word' id='word_1_779' title='bbox 271 2881 434 2900; x_wconf 71' lang='lat' dir='ltr'><strong>minumus.</strong></span> <span class='ocrx_word' id='word_1_780' title='bbox 450 2874 518 2900; x_wconf 79' lang='lat' dir='ltr'><strong>Eon.</strong></span> <span class='ocrx_word' id='word_1_781' title='bbox 557 2882 640 2900; x_wconf 67' lang='lat' dir='ltr'><strong>arnoa.</strong></span> 
     </span>
    </p>
   </div>
   <div class='ocr_carea' id='block_1_60' title="bbox 59 2874 640 2909">
    <p class='ocr_par' dir='ltr' id='par_1_60' title="bbox 59 2874 640 2909">
     <span class='ocr_line' id='line_1_61' title="bbox 59 2874 640 2909; baseline -0.015 -2"><span class='ocrx_word' id='word_1_782' title='bbox 59 2874 102 2909; x_wconf 61' lang='lat' dir='ltr'><strong>“tu.</strong></span> <span class='ocrx_word' id='word_1_783' title='bbox 117 2881 259 2906; x_wconf 72' lang='lat' dir='ltr'><strong>revocandas</strong></span> <span class='ocrx_word' id='word_1_784' title='bbox 271 2877 434 2905; x_wconf 76' lang='lat' dir='ltr'><strong>curavimus.</strong></span> <span class='ocrx_word' id='word_1_785' title='bbox 450 2874 518 2900; x_wconf 80' lang='lat' dir='ltr'><strong>Ean.</strong></span> <span class='ocrx_word' id='word_1_786' title='bbox 536 2874 640 2900; x_wconf 69' lang='lat' dir='ltr'><strong>Parnoa.</strong></span> 
     </span>
    </p>
   </div>
  </div>
