1902 3049
264 130 300 160 19
945 133 1201 164 ΡΒᾹΞΜΜΙΝΛΒΙΑ
1854 143 1886 171 9.)

265 191 413 224 doluimus,
427 196 452 218 et
467 191 668 220 eruditissimus
693 193 813 221 Joannes
828 193 979 228 Boivinius,
1006 196 1155 223 litterarum
1176 197 1295 224 omnium
1309 218 1316 229 ,
1334 199 1507 235 iuaximcque
1522 200 1687 235 Graecarum,
1711 202 1808 230 notitia
1820 204 1886 231 cele-

266 237 335 267 bris.

301 284 472 311 Bibliotheca:
485 284 648 313 Colliertinze
665 286 808 315 thesauros
822 288 900 316 nobis
918 289 1024 324 aperuit
1039 291 1283 324 praestantissimus
1296 292 1380 320 abbas
1401 294 1435 321 de
1447 293 1605 330 Seignelay,
1622 295 1736 330 ejusque
1752 296 1831 331 jussu
1843 304 1887 325 eo-

264 333 337 360 dices
352 332 429 359 nobis
444 340 493 365 pro
508 337 571 360 voto
585 335 767 362 commodavit
781 334 812 361 V.
824 335 864 363 Cl.
879 337 914 363 du
930 337 1046 370 Chesne,
1061 337 1182 372 ejusdem
1197 339 1364 367 bibliotheca:
1377 345 1478 368 custos.
1493 340 1715 370 Vetustissimuln
1735 344 1887 378 pulcherri-

265 388 392 415 tnumque
406 379 601 415 Prophetarum
616 382 745 414 codicem,
760 388 870 418 rogante
882 384 1027 412 Maecenate
1044 391 1136 413 nostro
1157 387 1374 414 eminentissimo
1392 388 1523 415 cardinali
1547 388 1696 423 d‘Estrées,
1713 398 1727 417 a
1746 389 1806 417 RR.
1836 390 1885 418 PP.

263 428 374 455 Jesuitis
391 429 422 456 ad
437 434 555 463 quatuor
568 430 654 457 solum
671 430 728 458 dies
744 431 948 466 impetravimus
965 442 972 459 :
987 434 1117 468 pluraque
1130 434 1192 461 inde
1201 435 1354 469 excerpturi
1367 443 1487 469 eramus,
1503 436 1525 463 si
1535 436 1733 464 diuturniorem
1746 437 1772 464 in
1785 445 1819 464 eo
1829 445 1887 472 ope-

265 483 323 502 ram
335 483 436 510 ponere
451 475 582 504 licuisset.
596 477 703 505 Gratias
717 479 778 505 item
792 480 923 508 habemus
934 481 1069 509 maximas
1082 482 1240 509 doctissimo
1255 483 1389 518 nobisque
1405 484 1572 512 amicissimo
1584 484 1709 512 Michaeli
1723 484 1843 520 Lequien
1856 494 1885 514 ex

264 523 360 549 ordine
372 523 590 557 praedicatorum,
601 525 647 558 qui
663 525 799 553 Francisci
815 525 972 555 Combeiisii
998 529 1114 556 schedas
1129 530 1207 557 nobis
1225 530 1342 564 obtulit,
1358 531 1429 559 unde
1443 539 1498 560 non
1516 533 1683 568 spernendas
1697 533 1725 560 in
1740 533 1840 562 Genesi
1860 539 1884 562 et

263 569 356 597 Exodo
370 575 492 598 veterum
506 571 635 599 lectiones
648 574 843 607 excerpsimus.

297 617 327 645 In
352 617 428 645 Italia
450 627 504 646 non
525 627 611 654 pauca
631 628 664 647 ex
679 621 819 649 codicibus
834 621 972 651 Vaticanis
994 625 1109 652 mutuati
1132 633 1246 657 sumus,
1266 626 1344 661 longe
1358 627 1436 661 plura
1454 627 1593 655 collecturi
1605 628 1628 656 si
1643 628 1799 656 liberiorem
1813 630 1885 657 nobis

262 665 365 693 aditum
380 665 488 694 fecisset
505 667 528 694 is
545 667 590 702 qui
601 673 658 695 tum
674 669 857 697 celeberrimae
869 671 942 698 illius
956 671 1131 700 Bibliotheca:
1151 678 1244 701 custos
1257 679 1325 701 erat.
1342 674 1426 702 Multo
1447 675 1607 710 ampliorem
1623 675 1772 703 lectionum
1783 677 1884 710 copiam

263 714 444 748 suppeditavit
459 715 622 744 bibliotheca
641 715 698 745 RR.
711 716 763 744 PP.
784 717 812 745 S.
827 717 920 746 Basilii
944 718 1047 752 Romae,
1061 721 1140 755 cujus
1163 722 1273 749 codices
1295 730 1344 756 pro
1364 727 1427 749 voto
1443 723 1477 750 ad
1491 731 1603 750 manum
1621 731 1729 758 semper
1745 724 1886 751 habuimus.

263 761 394 789 beneﬁcio
418 764 637 791 reverendissimi
660 764 690 791 P.
712 764 783 792 Petri
811 766 942 800 Mennitii,
961 768 1044 796 totius
1067 769 1172 796 ordinis
1192 769 1311 805 praafecti
1327 771 1536 805 generalis,qui
1550 770 1648 798 studiis
1662 771 1767 798 nostris
1784 778 1886 806 semper

263 808 338 841 favit,
355 814 382 837 et
394 811 552 846 rogantibus
567 820 708 848 nunquam
722 813 818 841 deluit.
846 817 850 819 ’

263 923 1194 937 ν-ῄ-ᾓῂ

475 1013 914 1091 PBIIIJIIIINARIA
974 1015 1037 1091 IN
1079 1015 1347 1091 IIEXAPLA
1401 1015 1668 1095 0IlIGIiNIS

828 1235 1018 1280 CAPUT
1056 1235 1316 1280 PRIMUM.

553 1330 598 1360 De
630 1330 852 1369 Tetraplorum
878 1334 974 1370 a'que
993 1331 1212 1370 Hexaplorum
1233 1330 1419 1361 nominibus
1436 1336 1466 1362 et
1480 1330 1589 1362 forma.

260 1409 281 1436 Ι.
299 1409 475 1445 'I'etraplorum~
495 1414 522 1435 et
544 1411 799 1445 Hexaplorumvaria
815 1413 928 1445 _nomina.
949 1412 980 1436 ll.
992 1412 1041 1437 Cur
1050 1412 1166 1445 Tetrapla
1177 1415 1202 1445 et
1224 1412 1335 1445 Hexapla
1351 1412 1655 1445 Origenesadornaverit.
1670 1412 1712 1438 III.
1726 1413 1765 1438 An
1778 1414 1887 1445 Hexapla

291 1441 360 1471 prius
371 1447 443 1471 quam
457 1441 584 1472 Tetrapla.
596 1442 694 1467 Certum
707 1443 803 1466 videtur
815 1443 930 1474 Tetrapla
943 1450 1010 1473 prius
1020 1450 1092 1474 quam
1105 1441 1216 1474 llexapla
1230 1441 1346 1467 adornata
1357 1441 1439 1467 fuisse.
1454 1443 1492 1468 IV.
1512 1444 1565 1472 Quo
1577 1447 1687 1474 tempore
1707 1445 1819 1476 Hexapla
1830 1441 1886 1469 edn-

291 1472 436 1495 cinnaverit.
450 1471 478 1495 ν.
493 1473 544 1495 Ulla
565 1474 659 1495 ratione
672 1473 797 1495 Tetrapla.
809 1473 919 1495 Hexanla
935 1478 960 1495 et
976 1474 1076 1495 Oclanla
1099 1474 1247 1495 digesserit.
1270 1475 1381 1495 ilemnue
1402 1474 1533 1495 Iinneanla.
1547 1473 1589 1495 Vl.
1611 1475 1635 1495 In
1647 1474 1737 1495 nnihnq
1755 1477 1886 1495 Scrinium.

493 1473 544 1507 Qua
560 1474 661 1507 ratione
672 1473 798 1507 Tetrapla1
809 1473 960 1507 ﬂexap’laﬂet
976 1474 1082 1507 chtpla
1099 1473 1254 1507 digesserit,_
1270 1475 1381 1507 ilernque
1396 1473 1589 1507 Alinneapljauvl.
1610 1473 1635 1499 In
1647 1474 1737 1506 quibus
1755 1473 1886 1507 Scriptum

294 1502 363 1536 libris
375 1503 628 1536 tresaliasred’itiones
640 1502 759 1534 Hexaplis
770 1502 899 1529 addiderit.
912 1505 964 1529 Vll.
983 1505 1020 1528 Dc
1033 1502 1097 1528 dotis
1109 1502 1135 1528 in
1146 1505 1295 1536 marginibus
1307 1502 1474 1536 Hexaplorum
1487 1502 1522 1529 ~ab
1538 1505 1647 1536 Origene
1656 1502 1761 1536 'positis.
1775 1502 1838 1531 Vlil.
1853 1509 1885 1531 An

291 1528 437 1567 ξιιιιωι-ἱῐδιιι
450 1537 475 1567 et
486 1535 546 1567 Syri
554 1535 673 1567 lectiones
684 1528 1050 1567 in‘margiuibusrﬂexaplorum
1063 1536 1188 1560 locaverit.
1198 1528 1252 1560 “IX.
1266 1528 1354 1560 Utrum

290 1564 380 1588 Gram-ae
396 1565 525 1588 versiones
535 1564 635 1589 fuerint.

312 1616 332 1643 Ι.
352 1617 535 1652 Tetraplorum
548 1623 572 1645 et
587 1617 767 1653 Hexaplorum
786 1620 859 1647 varia
875 1621 992 1647 nomina.

296 1662 361 1695 Quae
371 1663 405 1690 de
421 1663 609 1701 Tetraplorum
640 1669 668 1692 et
686 1664 868 1700 Hexaplorum
891 1667 1048 1695 nominibus

259 1708 359 1736 dicturi
371 1717 478 1742 sumus,
494 1711 626 1744 nondum,
643 1717 672 1738 ut
691 1718 773 1746 puto,
794 1712 939 1740 observata
961 1713 1047 1745 fuere,

259 1762 344 1790 quare
362 1756 404 1782 vel
429 1756 486 1790 ipsa
511 1757 628 1796 novitate
644 1757 776 1791 placitura
805 1766 866 1786 csse
881 1759 1047 1793 sperandum

258 1806 310 1828 est.
327 1801 453 1836 Tetrapla
465 1808 491 1829 et
512 1802 641 1837 Hexapla,
659 1804 698 1831 sic
715 1804 742 1830 in
766 1803 864 1838 plurali
887 1805 1047 1839 exprimuno

259 1852 304 1873 tur
315 1847 349 1874 ab
361 1847 488 1882 Origene,
505 1848 634 1880 Eusebio,
652 1849 803 1884 Epiphanio
824 1855 851 1877 et
870 1850 1046 1886 Hieronymo,

258 1893 416 1928 Τετραπλᾶ,
435 1893 565 1926 Ἐξαπλᾶ,
579 1895 759 1930 videnturque
768 1896 804 1922 ita
817 1896 944 1931 primitus
956 1897 1048 1932 appel-

257 1940 312 1966 lata
330 1939 423 1968 fuisse.
449 1940 545 1968 Verum
561 1941 606 1968 alii
624 1943 785 1976 posterioris
804 1943 853 1970 aevi
867 1943 953 1971 Graeci
979 1944 1047 1971 scri-

257 1991 348 2021 ptores
366 1987 536 2022 frequentius
550 1988 727 2024 Τετραπλοῦν
740 1993 767 2017 et
788 1990 937 2022 Ἐξαπλοῦν
951 1991 977 2017 in
990 1992 1047 2018 sin-

257 2033 343 2067 gulari
357 2033 494 2066 dicebant,
521 2033 673 2069 Tetraplum
690 2035 817 2062 videlicet
842 2040 870 2063 et
883 2035 1045 2071 Hexaplum,

258 2083 286 2105 ut
300 2079 401 2114 passim
417 2081 621 2109 animadvertas
636 2081 664 2108 in
684 2082 756 2109 notis
774 2082 855 2117 hujus
877 2083 977 2118 operis.
1001 2082 1047 2110 Sic

257 2124 284 2151 in
298 2129 361 2152 nota
376 2126 409 2152 ad
425 2126 550 2153 ultimum
568 2132 650 2162 caput
667 2127 729 2154 libri
741 2126 762 2153 Il
779 2127 882 2163 Regum
895 2149 902 2160 ,
919 2129 948 2154 ἐν
963 2129 991 2154 δὲ
1007 2129 1046 2164 τῷ

262 2169 396 2205 Ἐξαπλῷ,
419 2172 537 2204 καὶτοῖς
560 2173 767 2209 ἀκριϐεστέροις
789 2175 844 2200 τῶν
860 2175 1044 2210 ἀντιγράφων,

257 2214 284 2240 in
298 2213 418 2249 "amplo
435 2222 523 2242 autem
536 2221 560 2242 et
574 2217 601 2243 in
611 2217 823 2244 accuratioribus
839 2218 1044 2252 exemplaribus,

255 2265 309 2286 etc.
328 2259 359 2286 Et
379 2260 442 2287 alibi
459 2261 625 2296 frequenter,
640 2263 759 2290 maxime
781 2264 808 2291 in
830 2264 908 2291 libris
929 2263 1044 2299 Regum.

257 2305 378 2333 Indicant
390 2311 480 2334 autem
497 2308 643 2344 Τετραπλᾶ
660 2317 707 2337 seu
723 2309 908 2345 Τετραπλοῦν,
923 2311 1044 2345 quadru-

255 2352 362 2385 pliccm,
387 2352 507 2385 Ἐξαπλᾶ
524 2362 589 2381 vero
614 2363 662 2382 seu
683 2355 849 2388 Ἐξαπλοῦν,
867 2356 1044 2390 sextuplicem

256 2397 404 2432 Scriptura:
418 2403 532 2431 textum,
553 2408 607 2429 uno
619 2406 766 2436 conspectu
782 2403 900 2437 positum
913 2423 920 2436 ,
939 2409 969 2429 ut
984 2403 1040 2437 pln-

256 2442 331 2471 ribus
347 2443 417 2471 infra
434 2447 682 2479 reprtesentabitur.
700 2446 763 2475 Ilaec
787 2455 869 2482 porro
885 2449 1042 2484 signiﬁcan-

255 2489 309 2515 tius
323 2497 338 2516 a
355 2489 454 2517 Graecis
465 2491 624 2522 auctoribus
640 2501 693 2519 non
703 2493 798 2527 paucis
815 2498 947 2521 vocantur
959 2494 1040 2522 etiam

254 2535 457 2570 Τετρασέλιδον,
476 2537 533 2564 sive
550 2538 718 2573 quadruplex
740 2539 877 2566 columna.
901 2539 946 2566 Sic
970 2540 1042 2567 enim

254 2580 369 2610 habetur
383 2581 408 2608 in
426 2583 499 2610 notis
519 2583 552 2610 ad
565 2584 660 2618 psalm.
676 2593 775 2615 txxxvr
789 2593 821 2612 ex
835 2585 928 2612 codice
944 2584 1042 2612 Coisli-

254 2628 336 2655 niano
352 2637 358 2655 :
375 2629 473 2664 Μήτηρ
485 2629 554 2655 Σιὼν
568 2630 597 2656 τὸ
617 2639 632 2665 ρ
643 2630 713 2659 κατὰ
729 2630 888 2667 προσθήκην
901 2631 989 2658 ἔκειτο
1001 2631 1042 2662 εἰς

252 2673 301 2709 τὴν
316 2673 370 2703 τῶν
386 2675 414 2701 0'
430 2676 459 2701 ἐν
478 2674 517 2710 τῷ
531 2675 716 2712 Τετρασελίδῳ
727 2684 734 2691 ⁵
752 2677 781 2702 ὲν
805 2676 833 2703 δὲ
854 2676 893 2712 τῷ
915 2677 1042 2703 Ὀκτασε-

252 2717 324 2754 λίδῳ,
338 2719 375 2755 μὴ
391 2721 423 2755 τῇ
442 2720 510 2747 Σιὼν
524 2721 608 2756 ἤγουν
623 2721 684 2756 δίχα
696 2721 743 2748 τοῦ
761 2722 810 2756 ῥῶ.
829 2721 889 2755 Quo
906 2722 1042 2757 signiﬁca-

253 2769 307 2797 tur,
321 2766 348 2792 in
363 2765 542 2798 Tetraselido,
559 2767 616 2794 sive
636 2767 662 2794 in
684 2767 811 2802 Tctraplo
825 2767 897 2794 LXX
914 2768 1042 2795 habuisse

252 2809 396 2842 lectionem
412 2811 485 2837 illam
500 2812 634 2844 vitiatam.
650 2813 750 2849 Μήτηρ
765 2813 844 2846 Σιὼν,
857 2813 944 2840 Mater
959 2813 1042 2845 Sion;

253 2856 281 2884 in
298 2855 453 2884 Octasclido
473 2862 563 2885 autem
582 2859 639 2886 sive
657 2859 683 2887 in
703 2859 816 2895 Octaplo
840 2860 876 2888 ita
902 2860 999 2889 lectum
1017 2865 1044 2889 ct

1394 1536 1487 1567 rigenis
1501 1540 1613 1567 tempore
1633 1537 1779 1562 Samaritani
1791 1541 1820 1562 et
1834 1538 1886 1568 επὶ

1060 1622 1083 1652 Α
1098 1618 1269 1646 emendatum
1284 1617 1369 1646 fuisse
1381 1618 1418 1655 μὴ
1434 1620 1467 1654 τῇ
1481 1618 1550 1645 Σιὼν
1563 1638 1570 1650 ,
1589 1620 1708 1654 nunquid
1727 1619 1804 1647 δίοιιὶ
1815 1641 1823 1653 ,
1840 1629 1885 1648 ex-

1100 1669 1198 1698 puucta
1215 1665 1303 1691 littera
1316 1672 1341 1699 ρ.
1356 1663 1482 1698 Tetrapla
1501 1665 1582 1699 igitur
1598 1665 1794 1701 Τετρασέλιδον
1808 1686 1816 1698 ,
1836 1666 1885 1693 Ile-

1099 1711 1178 1745 xapla
1193 1718 1256 1737 vero
1287 1709 1475 1743 Ἑξασέλιδον,
1502 1711 1641 1745 sextuplex
1666 1711 1793 1739 Colum-na
1816 1713 1887 1739 dice-

1099 1757 1208 1788 bantur,
1227 1761 1256 1782 ut
1270 1756 1362 1783 videas
1375 1758 1402 1783 in
1421 1762 1484 1783 nota
1501 1757 1535 1783 ad
1556 1765 1615 1791 cap.
1631 1765 1646 1783 ν
1662 1757 1782 1785 Miclueze
1798 1768 1805 1786 :
1825 1759 1885 1794 quia

1099 1801 1224 1836 Tetrapla
1245 1800 1380 1836 Origenis,
1397 1807 1514 1836 quatuor
1527 1803 1667 1830 versioues
1679 1804 1794 1838 Aquilae,
1809 1805 1887 1840 Sym-

1099 1848 1199 1880 machi,
1217 1847 1287 1874 LXX
1299 1848 1477 1882 lntcrpretum
1490 1853 1516 1875 et
1531 1848 1727 1877 Theodotiouis
1743 1858 1791 1885 per
1814 1852 1887 1878 colu-

1098 1901 1176 1921 mnas
1189 1902 1205 1921 e
1219 1894 1328 1929 regione
1347 1895 1452 1929 positas
1473 1895 1742 1930 complcctebantur;
1767 1896 1886 1932 Ilexapla

1098 1947 1162 1966 vero
1180 1944 1283 1966 textum
1300 1940 1462 1967 Hebraicum
1477 1941 1574 1968 litteris
1591 1941 1731 1969 Hebraicis
1743 1963 1750 1972 .
1771 1947 1797 1969 et
1815 1951 1830 1970 e
1848 1952 1887 1970 rc-

1097 1985 1177 2020 gione
1187 1986 1309 2020 proxime
1320 1985 1445 2013 eumdem
1456 1987 1544 2021 ipsum
1556 1986 1657 2015 Graecis
1669 1987 1766 2015 litteris
1776 1997 1783 2021 ;
1794 1994 1887 2022 postea

1097 2036 1215 2066 quatuor
1228 2032 1336 2060 Graecas
1353 2032 1591 2067 interpretationes
1607 2034 1703 2061 eodem
1726 2042 1781 2068 quo
1805 2043 1887 2070 supra

1097 2078 1151 2105 ritu
1167 2078 1279 2109 locatas,
1293 2078 1470 2105 exhibebant.
1488 2078 1566 2111 Σελὶς
1582 2085 1672 2106 autem
1691 2080 1831 2114 signiﬁcat
1846 2089 1888 2116 pa-

1097 2125 1198 2159 ginam,
1215 2124 1401 2160 τετρασέλιδον
1417 2125 1543 2160 paginam
1566 2126 1818 2159 quadruplicatam,
1840 2134 1886 2153 seu

1096 2176 1213 2205 quatuor
1240 2171 1442 2203 columnarum,
1477 2171 1629 2203 ὲξασέλιδον
1655 2179 1721 2198 vero
1756 2173 1886 2207 paginam

1097 2218 1323 2252 si-xtuplicatam,
1351 2218 1408 2245 sive
1433 2225 1482 2245 sex
1510 2219 1708 2246 columnarum.
1735 2217 1770 2244 Ut
1793 2224 1887 2246 autem

1095 2263 1233 2299 τετραπλᾶ
1247 2263 1445 2298 τετρασέλιδον,
1462 2268 1489 2291 et
1507 2264 1612 2297 ἑξαπλᾶ
1631 2262 1781 2296 ἑξασέλιδον
1803 2272 1888 2292 voca-

1096 2310 1204 2340 bantur.
1221 2309 1260 2336 sic
1271 2315 1297 2336 et
1306 2309 1439 2341 ὀκταπλᾶ,
1456 2309 1638 2342 ὀκτασέλιδον,
1664 2309 1720 2336 sive
1738 2317 1810 2344 opus
1827 2316 1888 2337 octo

1095 2355 1294 2388 columnarum,
1308 2360 1338 2382 ut
1349 2355 1440 2383 videas
1452 2356 1478 2384 iu
1490 2360 1553 2382 nota
1567 2355 1600 2382 ad
1617 2355 1752 2389 psalmum
1771 2364 1885 2383 Lxxxw.

1095 2402 1198 2430 Dicitur
1215 2406 1305 2429 autem
1317 2409 1386 2437 opus
1404 2407 1466 2430 octo
1483 2403 1685 2435 columnarum,
1702 2402 1766 2436 quia
1787 2408 1887 2437 praeter

1094 2455 1139 2474 sex
1164 2452 1327 2475 memoratas
1351 2447 1495 2479 editiones,
1510 2447 1571 2474 dure
1595 2447 1655 2474 alia:
1675 2447 1842 2481 quibusdam
1860 2449 1886 2475 iu

1095 2491 1172 2527 libris
1194 2496 1343 2522 memorato
1360 2492 1548 2520 columnarum
1569 2492 1623 2519 situ
1648 2493 1884 2526 reprazscntahan-

1095 2542 1148 2569 tur.

1132 2583 1221 2611 Semel
1236 2583 1298 2612 item
1315 2584 1341 2610 in
1358 2584 1429 2611 notis
1444 2582 1477 2610 ad
1495 2581 1632 2616 Ilesaiam,
1649 2591 1708 2618 cap.
1731 2591 1772 2616 Ill,
1791 2584 1819 2617 ᾖ.
1839 2584 1883 2615 25.

1096 2629 1210 2664 legimus
1224 2629 1422 2662 πεντασέλιδον,
1441 2629 1491 2657 hoc
1504 2634 1545 2655 est
1558 2630 1679 2665 quinque
1690 2630 1884 2657 columnarum

1094 2684 1171 2711 opus.
1189 2675 1256 2702 Nota
1276 2680 1366 2702 autem
1396 2675 1454 2702 haec
1467 2675 1556 2709 prodit
1571 2683 1603 2702 ex
1628 2676 1727 2711 insigni
1743 2684 1796 2703 ms.
1826 2677 1882 2703 Rll.

1094 2721 1146 2749 PP.
1158 2721 1334 2753 Jesuitarum,
1344 2725 1370 2747 et
1383 2722 1423 2748 sic
1440 2721 1520 2748 habet
1537 2723 1579 2748 :oi
1592 2722 1621 2748 Γ.
1637 2722 1720 2757 στίχοι
1732 2724 1756 2748 οἱ
1771 2723 1883 2750 ὑποκεί-

1095 2775 1170 2803 μενοι
1184 2767 1234 2793 οὐκ
1245 2766 1347 2792 ἔκειντο
1363 2767 1392 2792 ὲν
1409 2766 1447 2801 τῷ
1457 2767 1649 2803 πεντασελίδῳ,
1664 2768 1724 2794 οὐδὲ
1741 2768 1883 2804 Ὼριγένης

1095 2813 1274 2848 ἐξηγούμενος
1286 2812 1387 2838 τούτων
1401 2813 1532 2848 ἐμνήσθη.
1551 2814 1577 2840 Id
1590 2819 1632 2840 est
1648 2823 1654 2840 :
1676 2813 1737 2840 Tres
1748 2815 1883 2848 subjunrti

1097 2860 1215 2888 veniendi
1232 2867 1284 2886 non
1294 2864 1368 2886 erant
1385 2860 1410 2886 in
1422 2859 1601 2892 Pontosclido,
1616 2860 1667 2886 sire
1679 2860 1704 2886 in
1721 2859 1790 2886 libro
1804 2862 1884 2896 quin-
