1902 3049
59 135 86 163 ‘1'.
236 148 246 157 θ
665 136 699 163 IN
721 135 878 162 llEXAl‘lA
898 131 1070 161 ORIGEL‘HS.
1648 130 1684 158 (ΣΞ

67 206 109 233 que
121 196 302 224 rollmnarum
320 206 328 224 :
344 206 431 232 neque
442 206 528 225 eorum
542 198 658 224 meminit
685 198 809 232 Origenes
826 205 852 222 tn
869 199 890 226 Α
923 194 953 222 ΙΙ.
968 194 1022 221 Cur
1038 192 1160 225 Tetrapla
1174 196 1198 218 et
1218 191 1337 225 Hexapla
1350 189 1474 225 Origenes
1490 188 1666 216 adamaverit.

66 243 220 277 expositione
232 251 293 269 sua.
315 243 382 270 Inde
395 243 544 278 profectum
561 242 676 270 fortasse
691 251 788 270 nomen
799 248 849 274 est,

64 288 133 323 quod
148 288 254 315 librarii
269 289 384 323 quidam
398 289 555 317 llcbraicam
569 289 700 317 Hebraicc
722 290 849 324 scriptam

63 334 227 365 columnam,
244 342 298 361 non
315 336 419 362 usitata
433 336 484 362 sibi
500 336 687 363 characterum
701 336 788 364 forma
804 337 851 364 de~

63 380 158 411 territi,
174 380 202 406 in
225 381 365 408 nonnullis
391 382 593 416 exemplaribus
616 383 849 416 praetermiserim,

61 425 181 460 satisque
195 426 344 453 habuerint
362 426 524 454 Hebraicum
542 432 644 454 textum
667 428 761 456 Gra'co
786 429 852 456 cha-

61 476 164 498 ractere
189 477 410 505 repraesentare:
431 473 510 507 cujus
530 474 568 500 rei
585 475 738 508 exemplum
767 474 851 502 habe-

61 524 122 543 mus
135 517 161 542 in
181 518 279 544 codice
298 517 457 550 Barberino,
471 518 548 547 Osca:
565 528 603 552 χι,
623 520 649 552 1,
667 521 712 547 ubi
730 521 850 555 quinque

60 562 251 590 columnarum
278 564 460 599 fragmentum
484 566 594 593 elTertur
613 575 726 602 prorsus
749 568 848 595 omissa

61 608 195 637 Hebraica
218 611 377 646 scriptione.
412 612 440 640 Si
469 614 531 648 quis
561 621 651 641 autem
691 615 849 647 reluctetur,

59 655 190 689 etdicat,
213 665 268 684 non
294 657 354 685 ideo
380 659 566 686 πεντασέλιόον
589 661 698 692 vocari,
726 661 798 696 quod
823 662 849 688 in

60 700 226 734 quibusdam
243 702 320 729 libris
333 702 464 731 chraica
477 705 610 738 scriptura
625 713 736 739 prorsus
748 706 850 733 omissa

61 745 152 778 fuerit,
171 747 220 774 sed
237 748 310 782 quod
327 748 353 775 in
367 750 525 777 recensione
536 750 724 777 columnarum
742 750 851 778 Hebrai-

61 799 108 820 cas
124 797 231 824 textus,
249 795 333 821 semel
351 794 501 828 Hebraicis,
515 801 662 831 posteaque
679 798 761 825 semel
776 798 850 825 Grae-

61 837 98 863 cis
114 837 216 864 litteris
232 838 396 873 descriptus,
413 847 462 874 pro
476 848 529 867 una
545 844 649 868 tantum
662 842 788 870 columna
814 844 849 870 sit

62 881 185 915 habitus,
205 883 270 910 huic
281 892 334 911 non
350 885 497 912 admodum
515 888 671 921 repugnabo
688 897 694 914 :
712 896 773 915 nam
788 888 851 916 licet

62 934 93 954 ex
104 928 304 956 Hebraicarum
318 930 470 958 litterarum
483 933 630 960 omissione
642 933 774 962 accidisse
791 943 852 963 sus-

62 974 147 1007 picer,
162 979 192 1001 ut.
209 975 236 1002 id
256 979 314 1002 tuto
335 976 470 1004 afﬁrmare
486 978 606 1012 possim,
630 981 754 1015 exempla
781 989 851 1009 nova

62 1019 212 1047 desiderari
229 1029 283 1048 non
300 1022 424 1050 diﬂiteor.

96 1064 295 1101 Hexaplorum,
312 1068 447 1101 ἑξαπλῶν,
462 1077 559 1098 nomen
575 1078 607 1098 ex
621 1076 718 1099 natura
735 1080 782 1100 sua
805 1073 852 1100 ad-

60 1111 204 1146 jectivum,
228 1113 397 1141 substantive
414 1115 514 1150 passim
539 1122 687 1152 usurpatur
706 1126 720 1145 a
751 1118 852 1147 Grarcis

64 1158 264 1192 scriptoribus;
291 1160 439 1194 aliquando
457 1162 536 1188 etiam
561 1163 703 1197 adjective.
730 1164 774 1194 Sic
791 1165 852 1199 Epi-

63 1203 198 1237 phanius,
220 1205 290 1232 libro
314 1205 350 1232 De
376 1207 544 1241 pmderibus,
564 1208 697 1241 Ἐξαπλὰς
710 1209 783 1244 (sic)
804 1211 852 1242 τὰς

63 1248 192 1282 Bima-ag,
207 1249 372 1284 Sextuplices
395 1252 488 1279 Libros
500 1275 507 1286 ,
526 1258 555 1280 ut
571 1253 752 1289 llexaplorum
769 1255 852 1283 libros

64 1295 186 1323 indicet:
212 1302 240 1323 et
269 1297 296 1324 in
326 1300 514 1328 vetustissimo
540 1301 732 1335 prophetarum
761 1300 853 1327 codice

63 1347 142 1374 penes
155 1341 214 1368 RR.
230 1341 283 1368 PP.
300 1342 420 1371 Jt-suitas
436 1345 533 1379 legitur
550 1345 682 1378 ὲξαπλοῦς
705 1346 851 1381 Ἱερεμίας,

62 1386 202 1419 sextuplex
217 1385 371 1420 Jeremias,
388 1396 403 1415 a
419 1390 561 1424 sextuplici
580 1391 717 1418 columna.
742 1391 782 1418 Ex
800 1392 852 1418 fre—

62 1432 152 1465 quenti
167 1440 253 1466 porro
269 1433 324 1466 illa,
347 1442 407 1468 qua:
420 1435 446 1461 in
464 1436 600 1471 plerisque
614 1438 735 1472 antiquis
757 1445 851 1465 exem-

62 1477 182 1510 plaribus
200 1480 334 1512 occurrit,
361 1481 542 1517 Hexaplornm
568 1485 724 1518 mentione,
751 1484 851 1512 factum

60 1524 166 1552 videtur
177 1531 207 1553 ut
225 1527 342 1559 librarii,
360 1529 428 1564 πρὸς
442 1530 642 1566 ἀντιδιαστολὴν
659 1531 851 1567 llexaplorum,

59 1570 127 1597 alios
143 1571 247 1602 libros,
268 1573 314 1607 qui
334 1574 444 1601 unicam
460 1575 513 1600 τῶν
526 1576 553 1602 Ο¹
569 1576 715 1603 editionem
734 1577 852 1612 complc-

57 1618 215 1650 cteliantur,
232 1620 309 1646 ἁπλᾶ
325 1620 382 1647 sive
394 1621 526 1655 simplicia
547 1627 690 1654 vocarent,
712 1627 739 1650 et
756 1624 792 1650 ita
810 1624 852 1650 di-

56 1662 233 1698 stinguerent
251 1673 266 1692 a
280 1667 489 1700 sextuplicibus.
508 1668 552 1696 Sic
574 1669 599 1695 in
623 1669 716 1696 codice
735 1669 852 1703 quodam

57 1708 232 1738 Coisliniano
249 1712 347 1739 decimi
363 1714 455 1740 saeculi
470 1714 502 1741 ad
517 1715 615 1742 librum
634 1715 668 1741 lll
686 1714 789 1749 Regum
802 1722 852 1747 vn,

56 1753 101 1786 16,
119 1755 232 1790 legitur,
251 1756 279 1783 ἔν
290 1766 346 1784 τιτι
358 1758 386 1784 δὲ
399 1758 454 1785 τῶν
466 1759 568 1791 ἁπλῶν,
580 1761 606 1786 in
622 1760 780 1795 quibusdam
794 1760 853 1786 Ha-

53 1799 175 1832 plorum,
192 1801 252 1829 sive
265 1802 434 1837 simplicium
452 1805 658 1839 exemplarium.

87 1846 207 1874 Certum
224 1849 451 1885 exploratumque
463 1856 505 1878 est
519 1851 545 1878 in
556 1851 682 1884 Psalmis,
698 1851 723 1878 in
735 1851 854 1887 Prophe-

52 1891 90 1919 tis
104 1894 266 1922 minoribus
276 1900 303 1922 et
316 1895 410 1923 forsan
424 1897 499 1929 alibi,
512 1902 610 1931 prmter
625 1897 694 1924 duas
712 1898 854 1926 columnas
875 1923 877 1927 .

52 1937 224 1973 llebraicas,
243 1950 359 1976 quarum
375 1943 461 1970 altera
479 1943 631 1976 Hebraicis,
648 1944 733 1971 altera
753 1943 854 1971 Graecis

49 1983 157 2013 litteris
178 1986 320 2021 descripta
345 1993 419 2021 erat;
447 1993 474 2015 et
499 1996 546 2016 se:
575 1989 718 2016 columnas
745 1989 854 2016 Grzecas

51 2031 175 2058 totidem
196 2031 466 2066 interpretationuln,
484 2042 581 2069 nempe
594 2034 710 2069 Aquilae,
729 2035 855 2070 Symma-

48 2077 116 2110 chi,
138 2077 228 2110 LXX,
249 2077 465 2112 Theodotionis,
491 2079 599 2112 Quintae
617 2085 643 2108 et
661 2080 767 2112 Sexta,
795 2088 856 2115 quas

48 2121 140 2148 simul
158 2126 225 2149 octo
242 2123 386 2151 columnas
397 2144 404 2156 ,
424 2125 481 2152 sive
498 2124 609 2160 Octapla
629 2126 831 2153 constituebant
846 2135 853 2159 ;

48 2167 208 2202 septimam
243 2169 324 2195 etiam
349 2169 472 2197 Griecam
498 2171 645 2198 editionem
668 2171 772 2204 fuisse,
795 2179 856 2207 quae

47 2221 159 2241 nonam
186 2214 344 2242 columnam
377 2224 511 2252 oceupare
541 2218 644 2250 debuit,
676 2222 757 2252 atque
785 2218 853 2245 adeo
870 2229 892 2256 ι)

50 2258 222 2295 Enneapla,
261 2261 319 2288 sive
344 2270 441 2290 novem
480 2263 672 2291 columnarum
703 2272 772 2299 opus
798 2264 853 2292 elli-

51 2313 131 2334 cere.
175 2308 211 2334 At
252 2308 354 2335 mirum
390 2308 506 2337 fortasse
542 2310 667 2337 videatur
703 2310 855 2345 Enneaplo-

53 2359 120 2378 rum
163 2359 265 2380 nomen
301 2361 438 2388 nusquam
471 2355 543 2390 apud
583 2359 689 2383 veteres
723 2363 856 2383 memora-

57 2401 116 2424 tum
131 2399 261 2433 reperiri.
280 2399 321 2426 An
334 2400 399 2434 quia
415 2400 488 2428 illam
500 2401 645 2428 editionem
656 2401 787 2436 Origenes
801 2410 854 2429 non

59 2443 88 2470 in
101 2445 177 2471 serie
193 2445 385 2473 columnarum
397 2467 404 2479 ,
420 2446 466 2474 sed
484 2446 511 2473 in
531 2446 587 2474 imo
605 2447 727 2482 margine
751 2448 855 2475 locave-

60 2492 114 2521 rat,
129 2489 193 2516 ideo
204 2497 340 2525 nusquam
355 2490 557 2526 Enneaplorum
571 2499 680 2523 nomen,
692 2492 774 2518 etiam
791 2500 854 2529 eum

64 2533 108 2560 illa
131 2535 237 2567 aderat,
263 2540 427 2570 usurpatum
443 2536 503 2563 est?
520 2537 561 2563 An
588 2542 709 2563 veterum
737 2536 854 2568 incuria,

67 2580 169 2608 etiamsi
197 2582 356 2610 columnam
383 2583 556 2616 occupaverit
588 2589 665 2609 suam
682 2601 688 2613 ,
720 2590 854 2616 nusquam

71 2629 154 2654 tamen
167 2627 306 2664 Enneapla
319 2632 471 2655 memorata
485 2628 739 2663 deprehenduntur?
751 2628 779 2655 ld
791 2634 857 2655 sane

76 2671 238 2701 divinandum
259 2673 439 2708 relinquitur.
464 2672 548 2700 Multa
574 2681 684 2708 quoque
710 2673 762 2700 alia
792 2676 858 2700 sunt

76 2726 125 2752 qua
136 2727 164 2747 ex
177 2720 237 2748 solo
252 2719 443 2753 chaplorum
456 2716 685 2753 Octaplorumque
696 2722 855 2752 conspectu,

75 2767 146 2794 statim
159 2773 224 2795 nota
240 2767 349 2800 cuique
365 2769 393 2791 et
408 2764 549 2792 manifesta
563 2768 670 2795 essent,
690 2770 805 2798 quasque
823 2762 856 2789 iis

73 2813 171 2843 destituti
189 2814 234 2841 vix
253 2821 289 2840 ac
307 2819 345 2838 ne
361 2809 406 2837 vix
433 2810 541 2845 quidem
564 2811 720 2845 conjectum
746 2808 855 2843 assequi

69 2869 155 2898 possum
160 2870 204 2890 us.

937 240 996 272 Quo
1015 244 1103 265 autem
1128 237 1241 264 consilio
1257 235 1381 269 'l'ctrapla
1398 239 1425 262 et
1441 234 1558 269 Hexapla
1574 234 1685 260 concin-

902 286 1006 312 naverit
1030 284 1172 319 Origenes,
1189 283 1305 317 explicat
1326 281 1507 316 Hieronymus
1529 280 1686 314 praefatione

902 331 928 357 in
945 331 1027 358 libros
1041 330 1283 364 Paralipomenwn,
1301 328 1342 355 his
1358 327 1448 354 verbis
1465 334 1471 352 :
1491 325 1524 352 Et
1541 331 1608 352 certe
1625 325 1686 352 Ori-

901 385 974 412 genes
993 385 1041 403 non
1061 376 1145 402 solum
1163 374 1325 409 excinplaria
1339 373 1482 407 composuit
1497 378 1610 407 quatuor
1630 371 1687 398 erli-

902 423 1012 454 tionum,
1029 430 1042 448 ε
1054 422 1155 456 regione
1168 419 1273 454 singula
1290 419 1366 446 verba
1381 418 1546 448 describens;
1570 422 1596 442 ut
1618 424 1685 442 unus

901 469 1055 495 dissentiens
1072 467 1173 499 statim,
1188 468 1289 493 caneris
1306 466 1374 492 inter
1399 473 1425 491 se
1450 462 1685 494 consentientibus,

902 519 1050 548 arguatur;
1067 513 1121 545 sed,
1134 513 1203 547 quod
1216 512 1325 546 majoris
1337 511 1458 537 audacia:
1468 514 1516 541 est,
1532 510 1558 536 in
1574 508 1686 535 editione

901 558 976 585 LXX
991 558 1174 585 Tlteodotionis
1190 558 1330 583 editionem
1350 555 1473 587 miscuit,
1496 555 1627 581 asteriscis
1643 556 1688 581 de-

900 606 1008 640 signans
1026 613 1084 640 qua:
1098 605 1184 630 minus
1199 609 1260 630 ante
1276 603 1391 637 fuerant,
1411 606 1436 627 et
1452 600 1560 635 virgulis
1584 609 1641 635 quae
1652 609 1687 640 ea:

900 653 1031 687 super/luo
1045 651 1200 678 videbantur
1220 650 1352 684 apposita.
1367 647 1403 675 Ut
1420 648 1500 683 igitur
1518 647 1636 682 prudens
1649 646 1692 682 le-'

901 701 960 723 ctor
983 705 1015 724 ex
1033 697 1179 722 multarum
1197 694 1450 728 interpretationum
1466 692 1609 719 collatione
1625 698 1687 725 pos-

901 746 941 768 set
957 749 1081 776 qutenam
1097 741 1186 768 verior
1208 740 1353 774 explicatio
1380 742 1452 766 esset
1474 737 1686 772 deprehendere,

901 788 960 815 illas
972 796 1066 815 omnes
1081 788 1216 815 editiones
1233 794 1287 813 uno
1311 790 1458 820 conspectu
1477 785 1576 811 locavit
1597 784 1687 820 Orige-

901 842 960 866 nes,
972 838 1001 861 ut
1019 833 1150 860 llebraiee
1162 832 1279 866 imperiti
1298 836 1409 866 possent
1424 830 1542 865 plurium
1565 831 1634 857 inter
1658 838 1688 857 se

867 879 887 906 B
902 879 1127 908 consentientium
1139 879 1327 906 auctoritatem
1340 877 1476 911 amplecti.
1487 877 1538 903 Sed
1554 878 1618 912 quia
1631 878 1689 905 haec

902 926 957 953 veri
971 933 1069 952 sensus
1095 923 1259 958 assequendi
1272 923 1326 955 via,
1345 923 1447 949 incerta
1465 930 1535 956 saepe
1555 927 1606 954 est,
1639 929 1688 949 nec

901 972 1004 1000 erroris
1018 971 1140 1006 periculo
1157 975 1233 996 vacat
1252 978 1258 996 :
1277 969 1437 1003 plerumque
1450 968 1522 994 enim
1536 968 1635 995 accidit
1648 972 1687 999 ut,

902 1018 962 1045 aliis
975 1025 988 1044 a
1006 1024 1071 1043 vero
1086 1016 1172 1043 limite
1188 1014 1393 1042 deflectentibus
1404 1034 1412 1046 ,
1435 1021 1505 1040 unus
1530 1021 1687 1048 germanam

902 1061 1022 1089 auctoris
1033 1065 1150 1088 mentem
1164 1060 1316 1094 exprimat;
1329 1059 1453 1085 dicamus
1463 1057 1544 1084 etiam
1558 1057 1689 1084 llebraice

901 1108 988 1136 doctis
997 1107 1065 1134 hanc
1074 1106 1223 1134 editionum
1238 1105 1424 1132 collectionem
1436 1104 1575 1138 perutilcm
1588 1103 1687 1131 fuisse:

902 1162 963 1182 nam
980 1154 1017 1181 illi
1033 1161 1081 1188 pro
1095 1161 1137 1186 ca,
1157 1161 1210 1187 qua
1228 1152 1376 1186 pollebant,
1402 1150 1597 1178 llebraicarum
1619 1150 1690 1176 litte-

902 1208 994 1227 rarum
1010 1199 1116 1234 peritia,
1132 1202 1256 1233 poterant
1277 1198 1403 1232 quisnam
1420 1197 1553 1231 interpres
1579 1197 1689 1231 propius

902 1244 936 1271 ad
949 1243 1049 1270 fontem
1072 1243 1214 1270 accederet
1235 1242 1393 1275 intelligere.
1407 1241 1494 1268 Aliam
1523 1241 1586 1268 item
1609 1241 1690 1275 hujus

902 1289 936 1315 ab
952 1296 980 1316 se
999 1288 1117 1322 suscepti
1135 1287 1227 1322 operis
1245 1294 1356 1313 causam
1381 1286 1536 1314 subindicat
1558 1286 1689 1320 Origenes

903 1335 1098 1363 Commentario
1113 1335 1139 1360 in
1161 1333 1327 1360 Matt/imum.
1346 1332 1415 1365 Quia
1432 1332 1562 1359 nimirum
1575 1332 1618 1359 ille
1629 1332 1689 1359 edi-

903 1380 970 1408 tioni
983 1379 1037 1406 τῶν
1051 1381 1077 1405 0'
1093 1378 1222 1414 Vulgata,
1237 1379 1294 1405 sive
1309 1379 1398 1413 κοινῇ,
1424 1378 1599 1405 librariorum
1620 1385 1689 1404 ausu

903 1430 929 1453 et
946 1425 1099 1461 ignorantia
1115 1430 1261 1459 corruptae,
1272 1432 1382 1451 manum
1397 1425 1528 1451 medicam
1546 1425 1691 1452 admovere

903 1471 1040 1505 cupiebat,
1055 1478 1086 1497 ea
1103 1477 1164 1505 quae
1182 1469 1366 1504 praetermissa
1383 1469 1502 1502 fuerant,
1515 1477 1547 1496 ex
1565 1469 1625 1497 aliis
1634 1469 1691 1496 edi-

904 1519 1024 1547 tionibus
1036 1527 1098 1546 cum
1110 1518 1247 1546 asteriscis
1266 1518 1370 1545 addidit
1386 1525 1393 1544 :
1417 1526 1532 1553 qumque
1556 1518 1690 1546 redunda—

866 1557 887 1585 (ἶ
904 1566 979 1597 bant.
999 1571 1056 1592 nec'
1069 1569 1147 1592 erant
1173 1564 1199 1590 in
1217 1563 1364 1595 Hebraico,
1388 1564 1520 1599 appositis
1545 1565 1646 1597 obelis,
1661 1570 1691 1591 ut

903 1612 1008 1639 invecta
1022 1612 1134 1638 notavit.
1155 1611 1244 1645 Atque
1260 1615 1289 1638 ut
1303 1611 1539 1638 emendationibus
1554 1611 1611 1638 suis
1622 1611 1692 1638 face-

904 1662 945 1685 ret
956 1658 1046 1696 ﬁtlem,
1063 1665 1116 1685 una
1131 1664 1193 1684 cum
1210 1656 1342 1684 Hebraico
1359 1657 1474 1684 aliorum
1497 1657 1692 1691 interpretatio-

904 1711 954 1731 nes
967 1711 982 1730 e
1000 1703 1111 1738 regione
1124 1702 1231 1737 posuit,
1247 1706 1277 1729 ut
1301 1702 1418 1736 quisque
1436 1702 1526 1729 videre
1547 1706 1638 1736 posset
1662 1710 1691 1729 se

904 1757 958 1776 non
971 1748 1030 1775 sine
1043 1748 1207 1775 auctoritate
1220 1752 1247 1775 et
1268 1755 1366 1774 manca
1382 1747 1558 1775 resarcivisse
1571 1768 1578 1779 ,
1597 1752 1623 1774 et
1644 1755 1691 1774 su-

903 1794 1006 1829 perﬂua
1019 1794 1135 1829 praefixis
1151 1794 1236 1822 obelis
1255 1798 1284 1820 ut
1300 1794 1410 1821 inducta
1429 1799 1549 1821 notasse.

904 1840 947 1868 lll.
962 1841 1002 1866 An
1025 1840 1144 1873 Ilrzapla
1156 1841 1229 1874 prius
1244 1848 1323 1875 quam
1333 1874 1336 1875 ν
1347 1839 1480 1874 Tetrapla.
1501 1840 1605 1867 Certum
1619 1839 1690 1866 vide-

941 1880 983 1902 tur
999 1875 1121 1909 Tetrupla
1131 1876 1204 1908 prius
1220 1874 1297 1910 quam
1314 1874 1434 1910 IIexuplu
1451 1875 1584 1901 adornata
1596 1875 1688 1909 fuisse.

940 1931 1075 1964 Quaeritur
1088 1931 1240 1966 chaplane
1254 1931 1338 1965 prius,
1355 1939 1389 1958 an
1403 1931 1527 1966 Tetrapla
1542 1931 1691 1958 concinna-

906 1978 974 2005 verit
982 1976 1123 2012 Origenes.
1134 1977 1210 2005 Multi
1220 1976 1345 2011 Tetrapla
1356 1977 1494 2010 prazivisse
1510 1981 1690 2004 censuerunt:

905 2031 999 2051 verum
1011 2028 1112 2058 pugnat
1127 2023 1260 2050 llem-icus
1279 2022 1402 2050 Valesius
1416 2021 1558 2056 Origenem
1573 2021 1691 2056 Hexapla

897 2065 1023 2098 edidisse
1038 2074 1101 2096 ante
1123 2077 1206 2104 quam
1231 2068 1366 2103 Tetraplis
1388 2075 1500 2094 manum
1525 2068 1690 2099 admoveret,

905 2117 958 2145 hoc
972 2117 1052 2145 nixus
1069 2115 1178 2144 Eusebii
1202 2115 1358 2143 testimonio
1387 2114 1458 2141 (list.
1480 2114 1624 2141 EcctJib.
1649 2121 1691 2152 _Vl,

905 2171 965 2198 cap.
978 2163 1011 2190 16
1026 2171 1032 2189 :
1050 2163 1157 2194 Ταύτας
1170 2161 1198 2188 δὲ
1215 2162 1324 2193 ἁπάσας
1347 2161 1393 2187 ἐπὶ
1412 2161 1508 2187 ταυτὸν
1523 2159 1691 2194 συναγαγὼν,

905 2208 999 2236 διελών
1015 2218 1045 2235 τε
1067 2209 1134 2244 πρὸς
1155 2207 1257 2240 κῶλον,
1280 2208 1327 2234 καὶ
1347 2206 1542 2240 ἀντιπαραθεὶς
1566 2206 1693 2242 ἀλλήλαις

907 2255 975 2290 μετὰ
991 2255 1038 2281 καὶ
1061 2255 1145 2289 αὐτῆς
1167 2254 1215 2289 τῆς
1235 2253 1366 2288 Ἐϐραίων
1387 2252 1575 2288 σημειώσεως,
1589 2252 1623 2278 τὰ
1638 2251 1692 2278 τῶν

905 2300 1058 2336 λεγομένων
1076 2299 1214 2333 Ἐξάπλῶν
1229 2300 1293 2334 ἡμῖν
1307 2298 1461 2334 ἀντίγραφα
1478 2297 1672 2324 καταλέλοιπεν
1684 2305 1690 2312 ’

907 2347 979 2377 ἰδίως
997 2347 1046 2380 τὴν
1073 2345 1185 2372 ’Δκύλου
1208 2345 1254 2371 καὶ
1268 2344 1428 2380 Συμμάχῡυ,
1451 2343 1498 2370 καὶ
1518 2343 1693 2374 Θεοδοτίωνος

906 2391 1010 2418 ἔκδοσιν
1027 2392 1084 2427 ἃμα
1105 2393 1138 2427 τῇ
1154 2391 1208 2418 τῶν
1226 2391 1253 2417 0'
1267 2392 1295 2417 ὲν
1306 2391 1361 2421 τοῖς
1375 2389 1541 2425 Τετραπλοῖς
1563 2389 1694 2416 ἐπικατα-

907 2438 1051 2468 σκευάσας.
1069 2437 1135 2471 Quae
1150 2437 1190 2465 sic
1204 2437 1248 2463 ille
1261 2437 1340 2463 vertit
1354 2445 1360 2462 :
1384 2436 1440 2463 Has
1456 2437 1538 2470 igitur
1553 2443 1640 2462 omnes
1652 2435 1694 2460 in-

907 2485 1105 2520 terpretationes
1121 2492 1181 2510 cum
1193 2485 1220 2510 in
1232 2491 1313 2510 unum
1325 2491 1418 2517 corpus
1431 2482 1586 2517 collegisset,
1606 2486 1631 2508 et
1648 2488 1694 2514 per

908 2537 977 2558 certa
990 2531 1046 2558 cola
1058 2539 1089 2557 ac
1102 2521 1217 2557 membra
1233 2530 1412 2562 distinxisset,
1427 2537 1480 2555 una
1493 2537 1551 2555 cum
1565 2529 1621 2562 ipso
1636 2527 1692 2553 He-

907 2578 995 2604 braico
1012 2581 1084 2604 textu
1097 2598 1103 2610 ,
1120 2575 1302 2610 Hexaplorum
1314 2575 1386 2601 nobis
1398 2575 1559 2609 exemplaria
1569 2574 1692 2608 reliquit;

906 2629 996 2660 postea
1011 2632 1069 2651 vero
1079 2623 1220 2651 editionem
1235 2623 1338 2659 Aquila:
1352 2627 1376 2649 et
1393 2622 1544 2657 Symmachi
1559 2629 1589 2647 ac
1609 2620 1692 2647 Theo-

907 2671 1022 2698 dotionis
1033 2679 1090 2698 cum
1104 2669 1278 2705 Septuaginta
1295 2669 1473 2703 Interpretum
1497 2667 1611 2693 versione
1623 2673 1694 2692 seor-

906 2726 964 2745 sum
980 2718 1007 2744 in
1022 2717 1150 2751 Tetraplis
1164 2716 1284 2752 digessit.
1299 2716 1360 2743 ldeo
1371 2720 1460 2742 autem
1480 2713 1519 2741 sic
1534 2713 1691 2740 vertendum

907 2770 966 2790 esse
977 2762 1100 2794 credidit,
1115 2762 1188 2796 quod
1203 2768 1297 2788 vocem
1313 2758 1587 2789 ὲπικατασκευὰσας,
1609 2763 1692 2790 quam

907 2809 964 2843 ipse
985 2816 1025 2845 ex‘
1045 2807 1236 2842 manuscriptis
1263 2815 1312 2842 pro
1328 2805 1512 2836 ἐπισκευάσας
1541 2800 1691 2831 substituit,

907 2857 1014 2889 putaret
1033 2853 1204 2889 significare,
1230 2853 1354 2882 Tetraula
1367 2855 1428 2887 post
1444 2850 1515 2878 edita
1535 2848 1629 2876 fuisse.
1658 2846 1694 2875 At
