1902 3049
238 111 276 142 23
922 114 1182 142 PBELIMLVARIA
1823 119 1858 148 95

237 170 295 199 si-e
321 171 515 205 ἐπισκευάσας,
537 174 594 202 sive
619 175 875 208 ὲπικατασκιυάσας
901 175 1006 211 legatur

1074 177 1118 203 τὸν
1132 177 1237 213 εἱρμὸν,
1257 182 1322 209 etc..
1345 177 1497 206 referamur
1509 178 1543 206 ad
1557 178 1706 211 δείκνυται,
1723 183 1750 207 et
1762 187 1858 208 sensus

238 217 312 245 hunc
323 225 383 245 esse
398 219 515 246 arbitror
529 220 642 254 hujusce
657 221 708 248 loci
728 229 838 249 sensum
853 232 860 248 :
886 221 1020 257 Hexaplo-

238 272 296 290 rum
307 265 381 292 nobis
395 266 556 300 exemplaria
576 268 680 303 reliquit
694 277 704 296 :
728 278 787 296 cum
803 270 912 296 seorsim
927 270 1021 297 editio—

236 317 295 335 iwm
309 309 420 343 Aquilae.
439 310 590 346 Symmachi
617 318 641 340 tt
662 313 846 343 Theodolionis
864 324 922 342 cum
943 315 1019 347 LXX

236 354 428 391 Interpretilms
442 359 468 385 in
483 359 614 395 Tetraplis
626 362 786 397 digessisset.

269 402 396 431 Aoristus
417 405 489 432 enim
511 406 563 434 hoc
589 407 641 434 situ
668 408 775 442 positus
800 417 856 436 rem
882 414 1019 444 postremo

233 449 402 477 enuntiatam
422 451 498 485 prius
520 451 618 480 factam
636 461 696 481 esse
715 454 840 486 denotat.
859 463 941 490 quam
958 463 1018 482 eam

234 501 295 528 qua:
305 497 466 530 praecedenti
480 498 562 525 verbo
578 499 724 526 iudicatur.
737 499 799 527 Haec
811 509 875 528 vero
890 501 1018 536 loquendi

234 539 321 569 forma
337 542 405 570 adeo
429 543 508 570 obvia
529 545 600 580 apud
618 545 766 581 scriptores
781 546 891 575 Graecos
914 553 964 579 est,
989 553 1019 575 ut

233 585 333 612 mirum
348 587 383 613 sit
397 587 485 615 virum
503 589 612 617 doctum
631 591 658 617 in
679 598 708 618 re
725 595 779 618 tam
802 597 894 627 aperta
911 593 1018 628 lapsum

226 638 303 663 psse.
316 631 361 659 Sic
374 634 443 668 apud
461 635 623 664 Strabonem
636 638 684 665 lib.
697 647 745 666 xut
758 639 815 665 luec
833 639 914 666 verba
927 649 934 665 :
953 640 1017 666 Ἀτ-

231 678 312 710 τιλος
326 679 460 712 διεδέξατο
473 682 522 717 τὴν
532 683 628 718 ἀρχὴν,
643 685 689 710 καὶ
702 684 872 720 ἀνηγορεύθη
891 685 1018 720 βασιλεὺς

232 720 309 756 οὗτος
327 726 450 762 πρῶτος,
467 729 580 763 νικήσας
606 729 728 762 Γαλάτας
747 731 808 767 νίκῃ
833 731 956 769 μεγάλῃ,
978 733 1018 758 sic

232 771 423 805 explicantur:
451 775 555 801 Attalus
578 777 679 810 exceyiit
704 777 852 811 imperium,
874 782 898 804 et
915 778 1016 812 primus

232 824 278 844 rex
292 817 470 852 proclamatas
481 826 530 852 est,
542 826 679 856 postquam
694 830 816 857 magnam
826 824 962 850 victoriam
985 824 1016 850 de

1072 224 1116 254 sit,
1142 229 1281 251 ostensum
1306 229 1348 252 est
1375 224 1526 252 secundum
1555 226 1654 252 seriem
1669 226 1712 252 vel
1737 234 1770 253 ex
1787 229 1858 254 serie

1071 267 1196 296 llebraici
1216 275 1242 297 et
1253 270 1368 297 aliarum
1385 270 1535 298 editionum
1547 291 1555 301 ,
1573 276 1676 298 textum
1694 272 1749 298 τῶν
1769 274 1798 299 0'
1810 273 1858 299 ali-

1069 319 1136 350 quot
1152 315 1178 342 in
1196 316 1261 343 locis
1275 318 1470 352 transpositam
1481 339 1487 349 ,
1501 322 1527 345 et
1549 323 1713 352 praepostere
1737 319 1856 346 locatum

1070 360 1168 393 fuisse;
1184 362 1308 389 videlicet
1324 363 1350 390 in
1365 369 1428 391 nota
1446 363 1481 390 ad
1496 364 1645 399 marginem
1665 364 1855 398 Tetraplorum

1069 408 1167 442 pOsita.
1179 416 1239 443 qua:
1249 409 1375 436 monebat
1384 418 1416 437 eo
1428 410 1486 437 loco
1498 411 1595 437 seriem
1610 409 1664 436 τῶν
1673 411 1699 436 0'
1718 411 1854 437 turbatam

1068 459 1094 481 et
1106 455 1300 489 transpositam
1317 463 1376 483 esse
1396 464 1402 481 :
1420 464 1480 491 qua:
1497 461 1648 490 sequuntur
1661 456 1745 488 enim,
1759 456 1854 484 τούτου

1068 499 1147 536 χάριν
1164 500 1359 536 παρεθήκαμεν
1375 501 1545 532 ἀκολουθίαν,
1566 502 1623 528 ideo
1641 507 1739 528 rectam
1761 503 1855 528 seriem

1068 546 1130 581 (hic)
1148 548 1333 580 opposuimus.
1361 553 1452 582 aperte
1469 548 1590 576 indicant
1608 549 1680 576 illam
1703 549 1854 575 restitutio-

1068 600 1129 620 nem
1148 598 1211 627 post
1224 594 1295 620 edita
1318 594 1441 628 Tetrapla
1470 593 1569 622 factam
1599 594 1693 621 fuisse.
1723 594 1771 621 His
1794 602 1856 629 qua:

1065 639 1121 673 jam
1136 639 1251 666 dicimus
1264 639 1342 666 ﬁdem
1358 639 1421 666 facit
1433 646 1496 667 nota
1508 640 1611 668 codicis
1625 640 1679 669 ltlt.
1693 639 1745 666 PP.
1764 639 1855 666 Jesui-

1068 690 1155 711 tarum
1169 685 1273 720 collegii
1290 685 1417 712 Ludovici
1431 685 1530 721 Magni,
1546 694 1627 720 quam
1644 685 1713 712 infra
1728 685 1852 713 edemus.

1067 730 1104 757 lbi
1122 739 1238 765 namque
1259 732 1359 758 dicitur
1377 731 1520 766 Origenem
1544 732 1671 767 Tetrapla
1685 740 1733 758 sua
1758 739 1853 759 corre-

1068 776 1139 802 xisse
1168 781 1194 803 et
1219 777 1331 804 scholiis
1353 777 1521 804 illustrasse:
1550 785 1611 812 quas
1636 777 1738 805 scholia
1765 777 1853 812 ipsius

1067 820 1192 854 ()rigeuis
1203 829 1284 848 manu
1300 822 1435 856 descripta
1454 823 1558 848 vi.lerat
1572 823 1595 849 is
1607 822 1654 857 qui
1676 827 1768 849 notam
1792 821 1853 848 edi—

231 860 336 894 Galqu‘;
348 853 612 899 νερσγιηπωμΝεηί
624 853 870 896 ιίοριιιίρξνίριοιςίθ
881 875 1016 904 pom-emo
1034 853 1052 880 Β
1067 865 1116 892 dit.
1132 865 1207 892 lllam
1222 874 1302 900 porro
1315 867 1375 894 cod.
1401 867 1607 902 Monspeliettsis
1629 872 1719 894 notam
1739 867 1773 894 ad
1799 866 1854 894 He-

231 907 292 936 loco
307 910 445 937 enuntiari
462 911 594 946 videatur,
614 920 645 940 ex
660 914 804 948 perspicuo
830 919 919 941 tamen
941 920 1016 943 noto-

231 960 285 987 que
298 961 347 982 usu
373 955 416 982 hic
440 956 600 990 intelligitur
627 959 768 986 victoriam
794 961 966 994 przeceSsisse
990 966 1017 988 et

232 997 467 1035 inaugurationem
482 1008 602 1031 secutam
625 1012 695 1032 esse.
711 1004 788 1032 llunc
815 1006 878 1032 item
905 1006 1014 1033 Eusebii

236 1043 325 1075 locum
341 1046 381 1074 sic
402 1047 536 1083 intelligas
552 1054 668 1084 oportet,
685 1058 716 1077 ac
733 1051 756 1077 si
773 1051 858 1079 series
873 1052 908 1078 ita
925 1060 954 1079 se
969 1053 1016 1079 ba-

236 1089 320 1123 δοκι,
337 1092 409 1124 ἰδίως
422 1093 470 1129 τὴν
490 1095 601 1121 Ἀκύλου
618 1096 663 1122 καὶ
687 1097 834 1133 Συμμὰχου
853 1099 900 1125 καὶ
920 1098 1015 1125 Θεοδο-

232 1135 328 1169 ςίωνος
347 1138 451 1165 ἔκδοσιν
473 1140 530 1176 ἅμα
546 1142 578 1175 τῇ
600 1141 654 1168 τῶν
669 1144 696 1167 U'
719 1142 748 1167 ἐν
769 1144 825 1174 τοῖς
850 1143 1016 1178 Τετραπλοῖς

229 1182 491 1216 ἑπικατασκευάςας.
506 1185 541 1211 τὰ
556 1186 610 1212 τῶν
623 1187 776 1222 λεγομένων
799 1188 937 1221 meum»;
949 1191 1015 1225 ἡμῖν

228 1227 379 1263 ἀντίγραφα
395 1230 604 1260 καταλέλοιπεν·
621 1233 646 1259 id
661 1239 712 1266 est,
726 1243 785 1261 cum
797 1235 906 1261 seorsim
918 1235 1014 1261 editio-

229 1280 285 1299 nem
296 1275 410 1309 Aquilw,
431 1275 583 1310 Symmachi
605 1283 629 1305 et
652 1279 836 1307 T/teodotiunis
860 1289 919 1307 cum
937 1280 1012 1307 LXX

230 1317 419 1354 Interpretrbus
440 1322 468 1348 in
485 1322 615 1357 Tetraplis
639 1325 788 1359 digessisset
801 1345 808 1357 ,
832 1326 1013 1361 Hexaplorum

229 1365 303 1394 nobis
318 1366 480 1400 exemplaria
494 1369 608 1404 reliquit.
624 1369 752 1406 Nihilque
762 1372 844 1399 ollicit
856 1372 919 1399 huic
931 1373 1014 1400 inter-

228 1411 382 1445 pretationi,
398 1421 448 1439 vox
463 1415 611 1449 composita
629 1417 902 1450 ὲπικατασκευάσαςῖ
918 1419 1012 1447 eadem

228 1456 328 1497 quippe
355 1458 424 1486 ratio
447 1467 524 1495 reque
541 1461 610 1490 valet
627 1462 653 1488 in
682 1464 841 1498 compositis
857 1465 1012 1500 quibusque

228 1506 310 1538 atque
327 1504 354 1531 in
370 1505 548 1540 simplicibus.
561 1515 622 1535 cum
641 1508 686 1534 tali
701 1509 781 1536 modo
798 1516 973 1545 usurpentur.

261 1549 318 1586 Qua
331 1551 419 1585 posita
434 1553 657 1587 interpretatione
675 1554 800 1590 Tetrapla
827 1550 898 1585 haitd
929 1558 1011 1587 dubie

227 1596 304 1636 prius
322 1604 402 1632 quam
419 1597 538 1635 llexapla
553 1600 668 1628 ediderit
679 1601 820 1636 Origenes.
839 1603 871 1630 Et
884 1604 941 1632 haec
954 1609 1012 1632 erat

227 1642 396 1671 eruditorum
419 1645 511 1678 opinio
527 1650 672 1681 antequam
697 1647 839 1681 Valesius,
859 1657 1010 1678 memorato

228 1686 336 1719 Eusebii
349 1689 408 1717 loco
425 1690 519 1723 fultus,
536 1699 634 1719 novam
647 1693 773 1726 aperiret.
787 1694 826 1722 Ad
839 1696 896 1723 lucc
907 1702 1009 1730 autem,

228 1733 353 1770 Origenis
369 1741 431 1763 nota
448 1737 474 1763 in
486 1742 567 1772 caput
583 1746 654 1767 xutt
669 1739 780 1768 Genesis
795 1749 822 1768 v.
839 1742 865 1774 6,
881 1750 962 1777 quam
976 1750 1010 1770 ex

227 1782 320 1810 codice
335 1781 525 1818 Monspeliensi
540 1785 612 1812 eruit
623 1785 803 1815 Combelisius
813 1807 820 1820 ,
846 1793 928 1815 totam
952 1791 1009 1816 sol-

227 1834 289 1857 vere
300 1828 477 1862 quaestionem
493 1829 609 1857 videtur.
633 1830 698 1862 Eam
723 1840 802 1867 porro
821 1834 860 1860 sic
875 1834 1009 1862 edidimus

226 1873 319 1900 eodem
334 1875 410 1901 loco:
429 1874 538 1910 Ἐπειδὴ
552 1876 581 1902 ὲν
594 1878 649 1909 τοῖς
661 1878 841 1914 Τετραπλοῖς,
860 1879 888 1914 ἐξ
909 1877 946 1908 ὧν
963 1882 1009 1913 καὶ

225 1918 256 1945 τὸ
270 1918 434 1955 ἀντίγραφον
447 1921 612 1957 μετελήφθη,
627 1923 694 1958 πρὸς
704 1925 749 1951 τὸν
762 1926 855 1961 εἱρμὸν
871 1927 915 1953 τὸν
930 1928 958 1954 ὲν
971 1928 1010 1964 τῷ

231 1965 366 2001 Έῦραῖκῴ
385 1967 431 1993 καὶ
447 1968 507 2000 ταῖς
523 1967 616 2000 ἄλλαις
630 1970 751 1998 ἐκδὸπεσι
769 1972 903 2000 δείκνυται
919 1976 967 2002 καὶ
992 1977 1008 2011 ἡ

223 2011 278 2038 τῶν
294 2012 491 2048 Ἑϐδομήκοντα
507 2014 535 2045 ἕν
548 2023 602 2042 τισι
618 2017 708 2049 τόποις
720 2019 908 2053 μετατεθεῖςα,
925 2021 962 2053 ὡς
975 2022 1009 2054 τὰ

225 2058 322 2094 πρῶτα
340 2059 440 2096 ὕστερα
453 2062 500 2087 καὶ
516 2061 549 2088 τὰ
564 2061 664 2099 ὕστερα
675 2065 769 2100 πρῶτα
779 2066 924 2099 γενέσθαι·
940 2068 1009 2103 ὅπερ

225 2105 272 2131 καὶ
286 2106 402 2136 ἐνταῦθα
420 2107 518 2144 εὑρέθη
535 2108 657 2135 παθοῦσα
667 2119 673 2124 ·
687 2111 780 2138 τούτου
792 2113 872 2148 χάριν
888 2113 1009 2149 παρεθή-

223 2158 312 2186 καμεν
329 2151 487 2179 ἀκολουθίαν
498 2161 504 2168 ·
522 2153 579 2180 ἐστι
592 2154 619 2182 δὲ
637 2156 714 2191 αὕτη.
732 2157 786 2192 Τῷ,
802 2159 1008 2194 Κατοικήσομεν

1067 911 1146 946 xapla
1169 912 1293 946 Origenis
1315 913 1449 947 pertinere
1469 921 1522 939 non
1548 913 1751 947 ambigendum.
1782 910 1850 938 Nam

1068 958 1094 983 in
1112 957 1238 991 llcxaplis
1249 958 1293 984 ille
1309 959 1366 985 suis
1386 959 1444 987 lora
1459 958 1636 993 Septuaginta
1659 958 1851 992 lulerpretum,

1067 1010 1127 1036 qure
1141 1003 1183 1029 vel
1199 1003 1370 1030 librariorum
1388 1004 1476 1038 lapsu,
1486 1005 1526 1031 vel
1538 1005 1590 1032 alio
1606 1012 1670 1031 casu
1685 1004 1851 1038 transposita

1067 1047 1184 1081 inierant,
1201 1050 1290 1076 ordini
1311 1057 1361 1077 stto
1381 1050 1497 1077 restituit
1511 1071 1518 1082 ,
1543 1055 1572 1077 ut
1587 1050 1657 1077 infra
1678 1050 1851 1084 probabitur.

1101 1094 1179 1126 Quod
1202 1100 1292 1122 autent
1316 1095 1342 1121 in
1372 1095 1506 1130 Tetraplis
1531 1096 1677 1123 editionem
1702 1095 1772 1122 LXX
1795 1104 1851 1122 non

1066 1139 1248 1166 emendaverit
1275 1139 1424 1175 Origenes,
1449 1141 1495 1168 sed
1522 1141 1555 1167 iis
1580 1149 1690 1168 manum
1716 1142 1851 1168 medicam

1066 1189 1159 1220 postea
1176 1186 1342 1217 admovorit,
1361 1195 1456 1222 nempe
1473 1195 1534 1214 cum
1548 1186 1664 1222 llexapla
1689 1191 1716 1214 et
1737 1186 1852 1221 Octapla

1065 1231 1221 1263 adornaret,
1237 1233 1330 1260 multis
1345 1240 1376 1260 ex
1391 1233 1457 1260 locis
1466 1233 1668 1268 comprobatur.
1685 1233 1730 1260 Sic
1744 1234 1851 1267 psalmo

1065 1285 1175 1308 Lxxxvt,
1196 1278 1224 1304 in
1252 1284 1314 1306 nota
1339 1279 1370 1306 ad
1392 1279 1408 1314 3‘
1435 1279 1451 1306 5
1475 1279 1599 1313 superius
1618 1287 1693 1305 num.
1717 1280 1729 1306 l
1756 1280 1849 1313 allata,

1064 1323 1164 1350 dicitur
1184 1324 1273 1352 locum
1294 1325 1369 1352 illum
1392 1325 1516 1351 vitiatum
1541 1325 1639 1360 Μήτηρ
1660 1324 1739 1356 Σιὼν,
1764 1325 1851 1352 Mater

1064 1369 1139 1402 Sion,
1164 1370 1210 1404 qui
1229 1371 1337 1405 respicit
1361 1370 1521 1399 llebraicum
1541 1363 1629 1413 ῙἸὙὲΊ,
1646 1371 1737 1398 haberi
1756 1371 1782 1398 in
1797 1370 1850 1398 Tc-

1064 1417 1203 1447 lraselido.
1220 1417 1278 1443 sive
1293 1418 1319 1443 in
1333 1416 1476 1452 Tctraplo;
1494 1425 1574 1444 secus
1590 1421 1678 1443 autem
1693 1417 1719 1443 in
1735 1416 1852 1444 Octase-t

1064 1462 1128 1494 liilo,
1148 1463 1204 1490 sive
1223 1463 1249 1490 in
1273 1462 1402 1497 Octaplo,
1423 1463 1468 1490 ubi
1488 1469 1561 1490 recte
1582 1463 1734 1498 legebatur.
1757 1463 1794 1499 μὴ
1812 1465 1850 1500 τῇ

1065 1508 1144 1539 Σιὼν,
1160 1510 1276 1547 nunquid
1305 1509 1380 1540 Sion,
1396 1509 1459 1544 quia
1472 1509 1597 1536 videlicet
1617 1510 1688 1536 hurtc
1704 1509 1794 1536 locum
1819 1509 1849 1536 in

1063 1554 1196 1590 Tetraplis
1219 1555 1377 1583 mendosum
1389 1576 1396 1587 ,
1414 1555 1440 1581 in
1455 1554 1575 1589 Octaplis
1587 1560 1678 1590 postea
1695 1555 1852 1584 emendavit

1061 1602 1202 1637 Origenes.
1220 1603 1248 1629 In
1259 1602 1328 1630 libro
1345 1607 1435 1629 autent
1450 1601 1501 1630 Job
1513 1602 1732 1636 frequentissima
1744 1610 1850 1629 memo-

1061 1654 1157 1676 rantur
1173 1649 1230 1676 loca
1246 1657 1278 1676 ex
1296 1648 1431 1684 Tetraplis
1449 1650 1602 1682 desumpta.
1618 1647 1719 1683 quibus
1733 1648 1850 1674 demon-

1061 1699 1164 1722 stratur
1179 1694 1249 1722 LXX
1267 1694 1445 1729 lnterpretum
1472 1695 1629 1727 editionem,
1654 1701 1715 1729 qua:
1737 1694 1774 1720 ab
1789 1693 1852 1721 Ori—

1060 1749 1128 1775 gene
1150 1742 1177 1768 in
1201 1740 1334 1776 Tetraplis
1359 1741 1446 1776 posita
1462 1739 1562 1772 fuerat,
1589 1748 1644 1766 non
1672 1739 1849 1766 emendatam

1060 1787 1146 1815 fuisse
1160 1797 1167 1821 ;
1186 1788 1232 1815 sed
1257 1793 1285 1815 et
1300 1789 1445 1824 σφάλματα
1466 1793 1492 1816 et
1506 1792 1688 1823 praeposteras
1703 1786 1850 1818 lectiones,

1060 1841 1121 1867 quae
1134 1833 1160 1859 in
1175 1834 1376 1868 exemplaribus
1388 1833 1441 1860 τῶν
1457 1835 1484 1860 0’
1499 1834 1659 1863 exstabant,
1680 1832 1785 1858 itttacta
1810 1832 1850 1859 lbi

1060 1880 1242 1912 remansisse,
1267 1885 1295 1906 ut
1319 1880 1436 1915 quisque
1460 1879 1676 1907 animadvertere
1704 1878 1792 1912 possit
1817 1878 1850 1904 in

1060 1925 1132 1952 notis
1146 1926 1256 1952 nostris.
1278 1924 1455 1960 Exploratum
1472 1926 1564 1960 itaque
1586 1928 1628 1951 cst
1647 1928 1750 1950 textum
1773 1922 1850 1950 LXX

1059 1968 1238 2004 lnterpretum
1253 1971 1280 1996 in
1295 1970 1428 2005 Tetraplis
1440 1978 1492 1997 non
1505 1969 1677 1996 emendatum
1688 1968 1784 2000 fuisse,
1799 1969 1850 1995 sed

1059 2020 1156 2051 postea
1173 2018 1199 2042 in
1215 2015 1341 2051 llexaplis
1357 2016 1382 2043 id
1410 2015 1569 2050 praestitisse
1590 2015 1745 2048 Origenem.
1773 2014 1852 2046 Qua-

1059 2067 1169 2098 propter
1180 2062 1224 2088 ubi
1239 2062 1272 2088 de
1283 2062 1448 2089 emendanda
1460 2061 1530 2091 LXX
1541 2061 1717 2095 lntcrpretum
1727 2061 1850 2087 lectione

1059 2108 1148 2142 agitur
1177 2107 1247 2142 apud
1273 2112 1397 2139 veteres,
1426 2106 1545 2141 chapla
1572 2113 1689 2141 semper,
1717 2104 1850 2139 Tetrale

1060 2161 1197 2188 nunquam
1215 2153 1341 2180 citantur.
1356 2152 1425 2180 llinc
1436 2158 1524 2180 autem
1541 2152 1673 2186 liquidum
1692 2156 1733 2179 est
1748 2151 1852 2178 Tetra-

224 2197 248 2224 oi
264 2198 356 2229 παῖδές
373 2207 419 2225 σου
441 2200 469 2225 ὲν
486 2200 519 2235 γῇ
538 2201 636 2237 Γεσὲμ,
659 2204 822 2232 συνάπτεται
840 2206 871 2231 τὸ
882 2225 889 2237 ,
902 2204 968 2232 Εἷπε
980 2207 1008 2233 δὲ

1067 2200 1102 2226 )la
1119 2200 1195 2234 prius
1206 2207 1287 2234 quam
1305 2198 1416 2234 Octapla
1428 2200 1499 2226 edita
1512 2199 1596 2226 fuisse
1610 2208 1616 2226 :
1632 2207 1694 2227 nam
1715 2198 1737 2225 si
1753 2197 1850 2226 Hexa—

223 2243 323 2279 Φαραὼ
336 2244 374 2279 τῷ
394 2245 502 2281 Ἰωσὴφ,
519 2248 721 2283 κατοικήτωσαν
735 2251 764 2276 ὲν
775 2252 809 2286 γῇ
823 2251 920 2287 Γεσέμ.
935 2253 967 2279 Εἰ
979 2253 1008 2280 δὲ

224 2289 332 2326 ἐπίστῃ,
346 2291 386 2316 ὅτι
398 2291 465 2322 εἰσὶν
478 2293 506 2323 ὲν
521 2293 623 2326 αὐτοῖς.
637 2293 694 2321 Hoc
710 2301 751 2323 cst
766 2305 773 2322 :
790 2296 1007 2332 Quandoquidem

223 2335 250 2363 in
269 2335 408 2370 Tetraplis.
427 2338 495 2365 unde
504 2339 636 2374 exemplar
648 2346 841 2376 rransumptum
854 2349 902 2375 est,
917 2352 1009 2372 secun-

222 2381 286 2413 dum
298 2383 391 2410 seriem
406 2383 531 2411 Μαίη-αἰεί
543 2387 709 2422 aliarumque
724 2388 868 2416 editionum
886 2391 1004 2417 ostendi-

223 2431 278 2459 tur.
305 2427 477 2463 Septuaginta
497 2430 673 2466 Interpretari:
700 2433 839 2460 editionem
864 2436 964 2470 aliquot
979 2437 1006 2463 in

223 2473 288 2502 locis
303 2477 491 2510 transpositam
505 2477 607 2512 fuisse;
625 2479 663 2509 ita
685 2484 713 2505 ut
729 2487 788 2514 qua:
805 2481 895 2514 priora
919 2487 1004 2513 erant,

222 2521 371 2554 posterius;
384 2530 442 2557 quae
467 2523 622 2556 posteriora,
644 2525 717 2558 prius
741 2525 893 2553 locarentur
912 2533 922 2553 :
937 2528 1005 2562 quod

222 2565 269 2592 hoc
291 2566 372 2594 etiam
384 2567 442 2594 loco
457 2569 585 2596 accidisse
609 2569 829 2603 deprehenditur;
844 2572 902 2599 ideo
918 2581 1005 2600 veram

221 2611 314 2637 seriem
333 2612 374 2638 hic
393 2614 574 2647 opposuimus,
598 2622 656 2649 qua:
672 2615 710 2641 sic
726 2615 812 2642 habet.
836 2616 886 2643 His
900 2617 983 2646 verbis
996 2639 1004 2651 ,

221 2654 409 2686 Habitabiutus
424 2659 499 2692 pueri
516 2659 553 2685 tui
572 2659 598 2686 in
612 2663 683 2686 terra
703 2660 799 2698 Gesem
811 2680 818 2693 ,
838 2662 1006 2698 subjungitnr

220 2701 302 2727 illud:
313 2701 385 2730 Dixi’
399 2707 487 2730 autem
500 2703 606 2731 Pharao
617 2703 716 2739 Ioseph
729 2712 737 2732 :
754 2705 880 2734 Habitent
895 2707 921 2734 in
933 2713 1004 2736 terra

220 2746 327 2775 Gesem.
356 2749 384 2775 Si
403 2755 493 2776 autem
521 2751 647 2782 noveris,
665 2751 737 2785 quod
753 2751 808 2779 sint
835 2753 862 2780 in
885 2754 935 2786 eis,
949 2759 1002 2783 etc.

220 2791 306 2825 Quam
331 2799 423 2821 notam
448 2799 478 2822 ut
493 2800 564 2822 recte
590 2796 734 2833 intelligas,
758 2800 891 2834 virgulam
917 2809 1003 2836 ponas

221 2842 324 2874 oportet
340 2844 400 2873 post
416 2846 507 2867 vocem
519 2840 682 2878 μετελήφθη,
693 2843 727 2870 ita
737 2848 766 2872 ut
776 2846 914 2883 sequentia
929 2846 996 2882 πρὸς

1059 2247 1102 2281 pla
1116 2254 1178 2273 cum
1194 2246 1314 2273 editione
1331 2246 1434 2273 scilicet
1449 2246 1493 2273 illa
1504 2245 1559 2272 τῶν
1570 2247 1597 2272 Ο¹
1615 2253 1629 2272 a
1648 2245 1755 2272 mendis
1780 2254 1851 2280 pur-

1057 2298 1127 2328 gata,
1142 2291 1218 2326 prius
1231 2291 1362 2319 edidisset
1383 2291 1530 2326 Origenes;
1554 2299 1587 2318 an
1605 2291 1732 2318 credatur
1752 2291 1848 2326 ipsum

1056 2344 1150 2374 postea
1165 2346 1228 2366 cum
1241 2337 1365 2372 Tetrapla
1379 2338 1482 2369 ederet,
1501 2338 1583 2365 missa
1602 2338 1646 2364 illa
1668 2346 1749 2372 quam
1766 2343 1850 2366 tanto

1056 2385 1150 2413 labore
1162 2384 1362 2412 emaculaverat
1374 2383 1519 2418 chaplari
1536 2384 1663 2416 editione,
1685 2384 1767 2411 aliam
1804 2385 1850 2412 in-

1055 2433 1228 2463 emendatam
1243 2437 1270 2460 et
1279 2432 1376 2460 erratis
1392 2432 1498 2467 plenam
1512 2431 1686 2466 posuisseYId
1697 2436 1771 2458 certe
1778 2439 1848 2460 cum

1055 2484 1129 2507 recta
1144 2480 1248 2507 ratione
1265 2483 1418 2514 pugnaret:
1440 2483 1467 2505 et
1485 2484 1613 2513 praeterea
1631 2478 1708 2505 locus
1730 2477 1848 2506 Eusebii

1056 2534 1135 2562 quem
1148 2533 1229 2560 supra
1241 2525 1446 2560 descripsimus,
1460 2532 1564 2553 necnon
1576 2532 1693 2558 sequens
1703 2523 1847 2560 Origcuis,

1055 2571 1081 2599 id
1103 2577 1194 2607 aperte
1219 2575 1341 2601 narrant.
1359 2570 1421 2597 Haec
1444 2575 1534 2598 autem
1563 2570 1687 2605 pluribus
1702 2572 1847 2605 prosecuti

1057 2625 1163 2649 sumus,
1175 2617 1238 2652 quia
1255 2617 1388 2644 Henricus
1403 2615 1528 2643 Valesius
1539 2615 1627 2643 locum
1647 2615 1756 2642 Eusebii
1779 2623 1847 2651 per-

1057 2671 1149 2698 peram
1165 2664 1369 2698 interpretatus,
1389 2662 1476 2691 doctis
1489 2662 1594 2697 aliquot
1607 2661 1673 2689 viris
1689 2662 1782 2688 lucum
1802 2661 1847 2690 fe-

1053 2713 1137 2737 cerat.

1142 2753 1186 2780 IV.
1205 2753 1264 2785 Quo
1281 2757 1393 2785 tempore
1408 2751 1529 2787 Hexapla
1543 2752 1747 2779 continuaverit.

1090 2798 1128 2826 De
1149 2803 1269 2832 tempore
1292 2804 1347 2831 quo
1374 2796 1491 2831 Hesapla
1517 2797 1659 2824 adornavit
1683 2797 1842 2832 Origenes,

1056 2853 1167 2881 prorsus
1184 2843 1324 2871 ἀσύστατα
1339 2850 1432 2872 narrat
1449 2843 1626 2885 Epiphanius,
1641 2845 1686 2879 qui
1702 2845 1751 2878 ait,
1771 2845 1841 2875 οη.
