1902 3049
120 87 156 113 95

118 152 214 181 geriem
228 152 245 172 a
259 149 383 180 tempore
398 145 475 173 Decii
493 147 527 174 ad
540 154 625 182 usque
639 146 784 182 imperium
799 147 867 174 Galli
884 152 910 175 et

117 190 263 218 Voiusiaui
289 195 317 217 et
340 191 413 218 ultra
440 192 589 220 ﬂoruisse:
615 200 647 220 ac
671 193 698 219 in
722 193 910 228 persecutione

117 236 192 264 Decii
211 237 297 264 multa
318 245 428 271 passum
442 258 450 269 ,
475 246 562 273 neque
579 243 667 266 tamen
691 239 821 274 martyrio
843 246 910 266 con-

114 286 299 313 summatum.
318 281 472 310 Caesaream
493 284 680 311 concessisse:
698 284 761 311 inde
773 283 910 320 Jerosoly-

115 334 192 353 mam
206 347 214 359 ,
238 332 332 361 postea
365 327 489 363 Tyrum:
517 330 579 360 ubi,
603 329 691 364 pergit
714 329 774 360 ille.
796 335 858 356 octo
883 334 911 357 et

115 371 214 405 viginti
238 380 374 400 annorum
392 375 480 408 spatio
501 380 639 406 moratus,
661 374 780 409 llcxapla
798 383 909 410 compo-

114 418 183 444 suit.
200 417 264 445 Hmc
280 418 463 453 Epiphanius,
480 421 526 455 qui
547 421 645 447 mirum
665 425 796 455 quantum
814 429 827 448 a
844 429 908 449 vero

113 464 296 491 aberrarerit.
310 464 377 492 Nam
392 473 465 497 cum,
479 466 595 494 Eusebio
610 471 687 499 teste,
704 465 836 501 Origenes
855 467 907 493 im-

113 511 277 543 perantibus
301 510 378 538 Gallo
406 516 433 538 et
449 511 606 543 Volusiano.
635 512 681 547 qui
707 521 779 540 anno
805 513 907 539 Christi

110 555 165 583 2.54
181 556 247 583 (κεκεςὶ
265 561 340 587 sunt,
358 556 469 589 obierit,
498 558 542 584 vix
567 558 654 592 potuit
680 563 740 592 post
756 557 829 585 Decii
844 566 906 592 per-

111 601 286 628 secutionem
317 602 378 628 anni
400 602 451 628 251
483 603 569 630 tribus
597 603 677 630 annis
703 603 813 631 vixissv.
841 603 906 632 luce

110 646 197 681 igitur
211 647 390 675 doctissimus
414 647 669 684 illustrissimusque
690 648 820 681 llurtius,
837 650 907 685 reje—

110 693 165 719 ctis
182 691 329 726 Epiphanii
352 693 434 725 notis,
447 694 555 722 aliunde
576 695 708 722 calculum
729 699 821 730 petere
844 697 907 723 nitie

108 743 154 766 tur
163 746 172 766 :
181 743 269 772 utque
278 739 490 773 probabiliorem
501 748 531 767 ea
541 741 573 768 de
585 749 613 768 re
624 743 904 776 statuatsententiam,

108 784 143 811 ad
157 789 270 819 tempus
285 784 424 812 Maximini
439 794 506 820 opus
526 786 707 822 llexaplorum
726 793 835 815 revocat
848 798 854 815 ε
871 797 903 816 ac

108 829 247 857 Caesarea:
263 831 419 857 inchoatum
436 850 443 863 ,
471 831 533 867 Tyri
546 837 636 860 autem
657 833 803 869 perfectum
820 833 904 862 fuisse

108 876 249 910 opinatur.
283 876 320 904 lie
332 882 407 904 tanto
429 882 519 905 autem
540 878 644 907 edendo
662 887 742 914 opere
762 880 818 915 jam
840 885 904 908 tunc

108 921 248 956 cogitasse
261 920 404 956 Origenem
420 928 507 957 putat,
522 932 583 951 cum
598 924 769 952 Alexandria:
783 933 904 953 versare.

108 970 155 992 tur
166 974 172 990 :
184 965 341 999 ibidemque
355 969 499 995 nonnullas
510 968 656 1004 Scripturae
667 970 903 1005 interpretationes

107 1011 253 1046 collegisse
267 1013 484 1048 contulisseque:
495 1023 553 1049 qua:
571 1015 655 1043 totius
666 1020 810 1043 structura:
822 1017 902 1044 veluti

107 1056 264 1084 rudimenta
290 1058 382 1084 haberi
414 1064 561 1093 poterant;
593 1061 689 1087 deinde
716 1061 846 1088 Cmsarcaa
874 1062 901 1088 in

106 1101 280 1136 Cappadocia
295 1102 332 1129 rei
345 1103 418 1130 serio
429 1111 536 1131 manum
551 1104 724 1137 admovisse;
739 1106 902 1141 demumque

105 1145 170 1181 Tyri
183 1147 346 1175 absolvisse.
361 1147 407 1176 Sic
415 1149 459 1176 ille
475 1149 697 1185 Origenianorum
708 1151 755 1178 lib.
768 1159 787 1184 ι,
799 1160 860 1187 cap.
873 1153 900 1186 5,

105 1199 170 1219 num
184 1191 214 1218 2.
229 1192 297 1227 Ejus
309 1195 390 1220 verba
414 1193 515 1221 referre
530 1203 583 1222 non
600 1196 710 1231 pigebit.

143 1247 152 1263 ε
175 1237 366 1273 Tetraploruni
383 1244 410 1266 et
424 1239 604 1276 llexaplorum
617 1261 624 1273 ,
639 1250 756 1277 quorum
780 1243 898 1270 mentio-

106 1291 166 1311 nem
187 1283 255 1311 fecit
283 1284 416 1312 Eusebius
438 1285 485 1313 lib.
510 1295 535 1314 vr
562 1287 683 1320 llislar.,
703 1296 763 1323 cap.
786 1290 828 1321 i6,
854 1290 898 1317 cui

108 1330 222 1364 tempori
241 1330 414 1365 adjungenda
431 1333 466 1359 sit
485 1332 630 1368 descriptio
641 1353 648 1365 ,
670 1339 790 1362 statuere
805 1343 898 1370 prom-

106 1380 179 1409 ptum
200 1382 257 1402 non
271 1380 321 1402 est.
339 1375 452 1404 Factum
474 1378 500 1405 id
519 1378 672 1413 significare
690 1381 796 1408 videtur
813 1381 898 1409 Euse-

107 1419 166 1447 bius
189 1421 279 1447 multo
301 1426 445 1456 antequam
462 1423 626 1451 Alexandria
648 1425 778 1461 Origenes
801 1435 896 1455 exces-

107 1465 204 1498 sisset,
221 1471 287 1493 tunc
303 1467 432 1494 nimirum
456 1477 518 1496 cum
540 1470 716 1498 Ambrosium
735 1474 767 1499 ad
793 1473 893 1502 Christi
909 1490 929 1518 Ο

106 1510 184 1538 ﬁdem
207 1513 397 1540 convertebat.
424 1514 592 1553 Epiphanius
617 1522 707 1545 autem
730 1518 793 1554 Tyri
818 1519 895 1546 lucu-

106 1557 181 1584 brata
196 1566 228 1584 ea
251 1566 305 1585 non
327 1560 410 1586 semel
425 1562 599 1590 asseveravit.
617 1563 674 1598 Ego
686 1571 750 1592 vero
766 1565 838 1592 aliud
856 1566 894 1593 rei

106 1602 166 1629 huic
190 1607 300 1638 tempus
315 1604 427 1638 deputo,
453 1607 561 1640 quando
587 1609 702 1642 scilicet,
720 1609 895 1639 Christianos

107 1653 220 1675 vexante
241 1649 408 1678 Maximino.
421 1650 571 1680 Czesarcam
588 1653 766 1689 Cappadocize
785 1656 818 1683 ad
834 1657 894 1684 Fir-

105 1693 246 1721 miliarium
265 1695 390 1730 confugit
409 1696 549 1733 Origenes.
568 1700 588 1725 A
612 1699 719 1727 Juliana
736 1702 807 1728 enim
828 1703 895 1729 libe-

104 1739 194 1766 raliter
203 1747 334 1776 exceptus
348 1748 375 1769 et
388 1744 469 1770 domo
485 1749 510 1771 et
526 1745 686 1773 bibliotheca
700 1754 714 1773 a
729 1747 893 1782 Symmacho

104 1784 165 1811 olim
193 1786 328 1813 instructa
344 1807 352 1818 ,
378 1788 411 1815 ad
436 1796 495 1815 eam
521 1789 618 1817 deinde
642 1791 809 1819 haereditatis
831 1792 892 1826 jure

105 1832 262 1859 transmissa
273 1853 280 1862 .
298 1838 395 1860 nactus
413 1834 467 1861 illic
483 1840 524 1862 est
541 1835 688 1870 Scriptura:
703 1836 788 1865 sacra:
800 1846 893 1866 exem-

104 1876 185 1910 plaria
195 1897 203 1909 ,
217 1878 319 1911 quibus
339 1887 405 1906 usus
427 1879 514 1906 fuerat
529 1880 720 1916 Symmachus.
745 1882 813 1910 Tum
828 1891 892 1911 vero

104 1921 208 1948 codices
226 1923 316 1956 ipsum
341 1924 497 1952 conﬂixisse
520 1925 590 1952 inter
614 1934 643 1954 se
670 1932 696 1954 et
717 1928 892 1962 conjunxisse

104 1965 242 1998 probabile
256 1971 319 1994 est:
338 1969 384 1994 sed
402 1976 462 1995 cum
483 1969 634 1997 institutum
651 1979 720 2006 opus
742 1980 789 2006 per
805 1980 892 2008 angu-

104 2011 166 2039 stias
189 2013 321 2047 temporis
337 2014 372 2040 ibi
388 2015 528 2042 absolvere
544 2024 596 2043 non
619 2022 721 2051 posset,
735 2026 890 2052 supremam

104 2056 152 2090 ipsi
173 2065 288 2084 manum
310 2058 337 2085 in
357 2060 414 2086 otio
433 2059 515 2095 Tyrio
538 2061 710 2096 ilnpnsuisse.
735 2062 793 2090 Non
818 2065 890 2099 quod

103 2102 134 2129 de
149 2102 182 2130 iis
197 2104 333 2138 cogitasse
347 2104 493 2141 Origenem
510 2112 566 2134 tum
581 2109 697 2142 primum
716 2116 805 2144 putem
820 2120 827 2143 ;
843 2111 890 2138 sed

103 2147 272 2176 Alexandriae
289 2149 406 2178 fortasse
423 2152 497 2185 prius
514 2154 604 2181 animo
620 2155 780 2187 informata,
797 2157 888 2184 Caesa-

103 2199 152 2220 rea:
162 2193 344 2228 Cappadociae
359 2196 493 2230 inchoata,
506 2197 620 2226 Athenis
632 2204 659 2226 et
670 2200 798 2228 Caesarea:
814 2202 888 2229 Stra-

105 2242 170 2267 tonis
191 2241 299 2273 aii'ecta,
320 2250 352 2269 ac
375 2242 436 2278 Tyri
455 2244 562 2271 demum
587 2247 705 2274 arbitror
726 2248 812 2275 fuisse
828 2257 888 2283 per-

104 2283 177 2311 fecta.
196 2285 235 2312 lta
253 2285 374 2313 Eusebio
398 2289 558 2316 conciliatur
575 2289 752 2326 Epiphanius,
769 2283 885 2327 quortim

105 2329 145 2366 ille
160 2331 281 2366 aliquam
307 2333 334 2359 in
354 2334 551 2363 concinnandis
567 2335 694 2371 Hexaplis
717 2338 889 2366 Alexandriae

105 2382 208 2409 operam
226 2377 260 2404 ab
275 2377 392 2412 Origene
405 2379 520 2412 positam
535 2381 641 2408 videtur
654 2382 825 2417 signiﬁcare;
843 2384 887 2412 hic

105 2420 159 2456 Tyri
175 2422 262 2450 fuisse
275 2425 428 2458 composita
447 2431 537 2459 aperte
552 2426 649 2460 docet;
664 2429 736 2462 quod
753 2429 789 2455 ita
807 2430 888 2457 intel-

105 2467 234 2503 ligendum
251 2475 305 2502 est,
324 2478 379 2498 .“on
394 2470 456 2506 Tyri
473 2472 560 2498 solum
577 2480 608 2500 ea
625 2474 781 2501 elaborasse
795 2474 888 2511 Orige-

105 2521 168 2547 nem,
184 2516 229 2542 sed
243 2516 271 2542 in
289 2515 324 2542 iis
338 2516 420 2543 etiam
436 2516 502 2543 locis
515 2517 541 2544 in
558 2519 657 2552 quibus
678 2525 738 2546 octo
751 2526 777 2547 et
794 2521 886 2556 viginti

105 2565 157 2587 ante
175 2566 292 2591 mortem
312 2563 393 2588 annis
413 2567 537 2590 versatus
552 2570 611 2596 cst,
628 2572 696 2598 quos
715 2564 777 2600 Tyri
792 2571 885 2594 trans-

103 2611 166 2634 actus
175 2614 320 2642 perperam
333 2606 501 2641 Epiphanius
513 2609 637 2636 credidit.
650 2609 752 2638 Firmat
765 2617 886 2639 nostram

102 2652 278 2686 conjecturam
293 2654 367 2687 quod
382 2654 420 2679 ait
430 2654 563 2683 Eusebius
574 2656 619 2682 lib.
631 2663 667 2684 vt.
681 2655 753 2685 Hisl.
767 2666 826 2692 cap.
844 2658 885 2692 l7,

102 2695 252 2732 Symmachi
270 2698 525 2732 interpretationem
541 2700 567 2727 in
585 2699 699 2728 Iuliana:
716 2701 885 2730 Bibliotheca

99 2743 232 2780 Origenem
259 2744 411 2778 reperisse.
441 2743 565 2773 Nondum
591 2747 682 2782 itaque
702 2747 822 2784 Hexapla
845 2750 885 2776 vel

99 2790 214 2827 Tetrapla
239 2790 461 2823 concinnaverat
474 2811 482 2824 ,
498 2800 615 2828 quorum
632 2801 695 2829 pars
716 2802 812 2830 magna
833 2795 884 2823 fuit

737 87 770 114 IN
789 88 950 116 HEXAI’LA
969 88 1138 118 ORIGENIS.

1708 88 1742 116 28

925 152 947 179 Α
963 148 1118 184 Symmachi
1133 146 1329 182 interpretatio.
1345 145 1462 174 Eusebio
1476 145 1566 173 itidem
1581 145 1741 180 astipulatur

960 193 1142 229 Epiphanius.
1165 194 1288 221 scribens
1311 193 1406 220 haeresi
1428 199 1507 223 Lm,
1523 198 1585 228 cap.
1602 191 1634 224 5,
1649 191 1740 227 Orige-

960 247 1021 266 nem
1046 239 1250 266 lucubrationes
1267 245 1332 266 suas
1355 238 1382 264 in
1409 237 1597 271 Scripturam,
1623 237 1740 271 impulsu

959 284 1095 312 Ambrosii
1111 289 1262 319 susceptas,
1274 284 1307 310 ab
1322 283 1449 317 llcxnplis
1461 282 1544 309 fuisse
1556 282 1739 317 auspicatum:

959 330 996 356 Τὸ
1008 330 1132 366 πρῶτον,
1151 330 1252 364 inquit,
1272 328 1353 356 αὺτοῦ
1377 328 1512 363 ἐπιμελῶς
1533 328 1742 363 ἐφιλοτιμήσατο

959 377 1122 409 συναγαγεῖν
1134 374 1188 401 τῶν
1204 375 1233 408 ἒξ
1244 373 1406 410 ἑρμηνειῶν.
1429 374 1510 408 Atqui
1530 379 1595 400 tunc
1612 374 1741 408 temporis

958 420 1129 448 Alexandria
1151 421 1321 447 versabatur.
1351 419 1526 453 Retorquehit
1550 424 1740 453 argumentum

957 463 1057 497 aliquis
1070 484 1075 493 .
1089 468 1116 490 et
1135 463 1205 490 dicet
1215 484 1223 497 ,
1241 464 1291 490 hoc
1312 468 1431 497 tempore
1446 471 1490 489 scx
1505 464 1740 497 interpretationes

957 507 983 534 in
1000 515 1084 535 unum
1098 508 1225 543 colligere
1239 515 1291 535 non
1303 507 1423 542 potuisse
1436 506 1588 542 Origrnem,
1599 508 1644 542 qui
1657 508 1738 534 etiam

957 557 1014 580 tum
1040 553 1196 588 Symmachi
1223 553 1445 588 interpretatione
1467 558 1493 579 et
1518 553 1633 580 editione
1658 553 1739 581 Sexta

957 604 1073 627 careret.
1092 599 1251 634 Respondeo
1275 598 1456 633 llexaplorum
1477 599 1738 633 coagmentationem

956 648 1045 670 mente
1062 643 1252 678 prmiormasse
1266 643 1367 678 ipsum,
1390 651 1451 670 cum
1467 648 1538 670 cssut
1550 643 1736 675 Alexandriae,

956 695 1008 714 non
1029 688 1087 722 ipsa
1107 693 1327 722 coagmentasse,
1352 695 1413 715 cum
1430 688 1549 714 nondum
1574 688 1737 722 exemplaria

955 733 1067 760 haberet
1080 734 1112 760 ad
1125 741 1234 760 manum
1246 743 1252 760 :
1268 734 1313 761 sed
1328 734 1383 768 jam
1396 733 1457 762 inde
1470 733 1535 767 ipsis
1546 733 1738 767 investigandis

954 786 1064 813 operam
1079 779 1195 806 dedisse.
1213 778 1305 813 Itaque
1320 787 1373 806 non
1389 779 1455 806 dicit
1470 778 1637 814 Epiphanius
1658 781 1738 818 συνῆ⁴

920 822 940 850 Β
955 835 1055 861 γαγεν;
1070 828 1126 861 sed,
1145 827 1354 862 ἐφιλοτιμήσατο
1369 829 1539 862 συναγαγεῖν.
1560 837 1569 853 μ

990 873 1036 900 Sic
1060 873 1102 899 vir
1125 873 1327 901 eruditissimus
1344 873 1499 908 opinionem
1522 881 1599 900 suam
1616 881 1738 901 asserere

954 918 1061 945 nititur.
1083 918 1130 946 His
1146 923 1235 946 autem
1261 923 1394 954 repugnat
1409 917 1598 946 Tillemontius
1610 939 1617 951 ,
1633 920 1679 954 qui
1695 925 1737 946 ta-

953 972 1014 991 men
1031 970 1058 992 et
1071 965 1128 1000 ipse
1142 965 1221 1000 quasi
1236 965 1396 992 hariolando
1413 973 1470 992 rem
1486 965 1520 992 ila
1536 971 1691 1000 pertractat,
1708 971 1738 994 ut

952 1011 1052 1039 dubius
1075 1011 1160 1037 lector
1183 1011 1287 1045 ignoret
1305 1011 1349 1038 ubi
1369 1010 1433 1046 ligat
1447 1011 1552 1046 pedem.
1576 1011 1640 1046 Ejus
1656 1013 1736 1040 verba

952 1058 992 1085 sic
1006 1057 1101 1084 Latina
1118 1055 1242 1083 facimus.

989 1111 999 1127 ι
1016 1101 1082 1129 Post
1095 1099 1233 1128 Valesium
1257 1101 1371 1129 lluetius
1388 1101 1525 1129 existimat
1541 1101 1658 1136 llexapla
1674 1100 1736 1128 Ori-

951 1155 1045 1183 genem
1063 1147 1182 1175 edidisse
1199 1152 1343 1182 antequam
1360 1148 1484 1182 Tctrapla
1504 1149 1689 1176 concinnaret.
1707 1147 1734 1175 Si

951 1193 987 1220 ita
1011 1201 1041 1220 se
1065 1201 1108 1220 res
1125 1193 1239 1226 habeat,
1263 1202 1316 1220 non
1342 1195 1430 1228 potuit
1456 1194 1586 1228 Origenes
1610 1194 1736 1228 liexaplis

951 1246 1062 1266 manum
1081 1239 1226 1265 admovere
1243 1244 1388 1273 antequam
1405 1239 1595 1266 Alexandriam
1613 1247 1642 1266 se
1667 1240 1736 1267 reci-

950 1290 1036 1320 peret,
1057 1285 1129 1319 quod
1143 1284 1240 1311 accidit
1256 1292 1328 1311 anno
1341 1285 1404 1317 251,
1420 1285 1638 1320 quandoquidem
1655 1284 1735 1313 Sexta

950 1331 1056 1363 versio,
1071 1338 1152 1364 qualn
1173 1330 1199 1357 in
1223 1330 1349 1365 Hexaplis
1366 1331 1482 1362 locavit,
1500 1338 1571 1357 anno
1587 1330 1734 1358 Alexandri

949 1374 1041 1402 Severi
1058 1376 1187 1410 septimo,
1210 1382 1239 1403 ut
1254 1380 1346 1402 narrat
1362 1375 1538 1410 Epiphanius,
1554 1381 1659 1410 reperta
1675 1380 1734 1408 est,

950 1421 976 1448 id
991 1426 1033 1448 est
1051 1428 1125 1448 anno
1140 1421 1242 1448 Christi
1257 1421 1320 1453 228,
1335 1421 1376 1447 vel
1392 1421 1496 1447 tantillo
1510 1426 1589 1448 antea
1602 1425 1732 1455 tempore.

947 1467 1015 1494 Cum
1031 1471 1120 1494 autent
1138 1465 1285 1502 Septimatn
1303 1474 1412 1501 quoque
1429 1467 1592 1498 editionem,
1608 1474 1668 1501 qua:
1683 1474 1733 1493 suo

947 1512 1004 1540 here
1019 1517 1124 1547 reperta
1140 1512 1205 1544 fuit,
1225 1513 1251 1538 in
1266 1511 1393 1546 llexaplis
1407 1512 1527 1547 posuerit
1539 1531 1546 1544 ,
1560 1519 1592 1538 ac
1607 1512 1689 1538 variis
1703 1520 1733 1538 a-

945 1559 1046 1594 gitatus
1068 1559 1201 1594 negotiis,
1224 1563 1369 1593 antequam
1391 1559 1539 1585 Caesaream
1562 1562 1730 1593 peleretuo-t

945 1610 989 1632 sat
1004 1605 1051 1632 otii
1067 1610 1163 1632 nactus
1182 1604 1265 1631 fuisse
1281 1604 1423 1637 videatur;
1440 1605 1496 1631 veri
1509 1612 1575 1632 sane
1588 1604 1674 1632 simile
1687 1609 1729 1632 est

944 1658 1005 1677 eum
1024 1650 1050 1676 in
1066 1650 1116 1678 hac
1137 1650 1204 1677 urbe
1222 1649 1341 1684 Hexapla
1357 1657 1485 1676 exorsum
1498 1658 1567 1677 esse.
1584 1649 1646 1677 ll:ec
1665 1657 1729 1676 vero

944 1696 1074 1730 temporis
1090 1695 1159 1722 ratio
1174 1703 1235 1722 cum
1253 1694 1395 1729 Epiphanii
1413 1695 1568 1722 narratione
1585 1695 1731 1722 convenire

945 1741 1060 1773 videtur,
1071 1741 1117 1775 qui
1127 1741 1163 1768 ait
1174 1741 1262 1775 ipsum
1276 1739 1393 1774 llexapla
1408 1748 1534 1767 exorsum
1549 1748 1609 1767 esse
1621 1741 1731 1774 quando

944 1785 1044 1822 Tyrum
1061 1794 1090 1813 se
1105 1787 1225 1821 recepit;
1244 1790 1270 1812 et
1286 1786 1379 1820 viginti
1398 1790 1460 1812 octo
1477 1787 1556 1813 annis
1578 1786 1640 1813 huic
1656 1787 1730 1820 operi

943 1833 1096 1860 insndasse.
1114 1831 1212 1859 Verum
1229 1836 1259 1859 ut
1273 1832 1330 1860 hwc
1343 1832 1491 1859 consistere
1504 1836 1626 1868 possent,
1643 1840 1730 1859 annos

943 1877 1094 1904 octodecim
1109 1885 1158 1911 pro
1174 1877 1268 1912 viginti
1285 1882 1346 1904 octo
1365 1877 1505 1912 legendum
1529 1882 1616 1909 esset,
1633 1882 1659 1904 et
1679 1886 1728 1912 pro

943 1922 1014 1958 Tyro
1033 1922 1184 1948 Caesaream
1204 1922 1423 1949 substituendum
1447 1922 1537 1949 foret:
1559 1923 1604 1949 ubi
1623 1923 1730 1950 videtur

942 1967 1072 2003 Origenes
1088 1968 1180 1995 sedem
1197 1968 1321 2002 posuisse
1335 1968 1369 1994 ab
1384 1976 1456 1995 anno
1471 1969 1520 1995 251
1538 1969 1571 1995 ad
1585 1969 1647 1995 250.
1662 1969 1730 1996 Nam

942 2015 965 2041 si
981 2014 1041 2041 vita:
1055 2014 1152 2040 seriem
1168 2014 1302 2046 attendas,
1318 2015 1407 2040 statim
1422 2014 1497 2041 dicas
1510 2015 1653 2048 Origencm
1674 2023 1729 2043 non

941 2059 1062 2094 potuisse
1075 2058 1139 2094 Tyri
1155 2067 1241 2086 annos
1253 2059 1287 2086 28
1299 2060 1476 2086 commorari:
1490 2060 1628 2094 multoque
1639 2061 1730 2089 minus

942 2105 983 2132 ha:
1000 2104 1088 2140 Tyria!
1110 2113 1194 2132 mora:
1219 2110 1280 2138 post
1302 2104 1374 2132 Decii
1398 2105 1611 2138 persecutionem
1636 2106 1728 2133 consi-

905 2169 926 2197 Β
941 2151 1018 2186 gnari
1032 2155 1156 2185 possunt.
1170 2150 1197 2177 id
1214 2151 1277 2178 licet
1295 2150 1389 2177 fecerit
1406 2150 1588 2185 Epiphanius:
1604 2152 1728 2185 quando-

940 2197 1048 2231 quidem
1066 2195 1194 2231 Origenes
1209 2200 1269 2230 post
1281 2204 1340 2223 eam
1357 2197 1572 2231 persecutionem
1586 2197 1631 2223 vix
1647 2197 1730 2226 trien-

939 2243 984 2271 nio
1001 2243 1079 2270 vixit.
1105 2242 1204 2270 Verum
1223 2243 1275 2270 hoc
1296 2243 1382 2277 posito
1406 2251 1497 2270 rerum
1522 2247 1729 2278 temporumque

938 2290 1043 2322 ordine,
1061 2290 1155 2325 ingens
1168 2289 1232 2316 hinc
1248 2289 1334 2316 oritur
1348 2288 1501 2320 diﬂicultas,
1517 2290 1587 2323 quod
1605 2289 1729 2316 videatur

938 2336 1068 2370 Origenes
1081 2336 1136 2369 jam
1154 2335 1272 2369 llcxapla
1284 2333 1457 2368 vclTetrapla
1475 2342 1524 2361 sua
1539 2335 1655 2362 edidisse
1665 2343 1728 2362 cum

938 2380 1009 2409 Julio
1034 2381 1163 2408 Africano
1187 2381 1314 2415 scripsit,
1329 2387 1390 2415 qum
1413 2385 1501 2407 tatuen
1525 2381 1640 2415 epistola
1656 2389 1729 2409 anno

938 2426 991 2453 228
1006 2427 1068 2456 data
1085 2427 1169 2454 fuisse
1182 2426 1298 2454 videtur.
1311 2426 1340 2453 lu
1357 2427 1401 2453 illa
1415 2427 1516 2461 quippe
1527 2427 1640 2461 epistola
1656 2426 1729 2454 Afri-

937 2481 1007 2501 cano
1023 2479 1115 2501 narrat
1129 2481 1158 2500 se
1176 2474 1277 2508 ingenti
1296 2473 1387 2500 labore
1403 2472 1527 2500 Hebraici
1548 2478 1574 2500 et
1593 2472 1663 2500 LXX
1685 2473 1728 2501 ln-

939 2524 1086 2554 terpretum
1109 2519 1201 2547 varias
1222 2519 1372 2552 lectiones,
1392 2519 1461 2546 facta
1483 2519 1626 2554 utriusque
1645 2520 1729 2548 colla-

939 2565 1012 2592 tione
1029 2565 1186 2598 collegisse,
1202 2573 1288 2600 eaque
1304 2564 1336 2591 de
1353 2573 1438 2592 causa
1451 2567 1541 2592 varias
1555 2573 1652 2593 omnes
1667 2567 1727 2593 edi-

937 2611 1026 2639 tiones
1037 2611 1247 2643 examinavisse,
1265 2611 1310 2638 ubi
1330 2619 1395 2639 sane
1410 2611 1535 2646 Tetrapla
1549 2613 1615 2640 satis
1636 2617 1728 2646 aperte

938 2657 1058 2684 indicare
1084 2657 1200 2683 videtur.
1231 2656 1308 2690 Quod
1335 2657 1356 2683 si
1375 2657 1431 2683 lucc
1448 2656 1573 2692 Origenis
1592 2658 1671 2684 verba
1692 2658 1727 2684 de

937 2701 1008 2728 LXX
1021 2710 1081 2729 cum
1095 2702 1181 2729 obelis
1196 2706 1222 2729 et
1237 2702 1377 2729 asteriscis
1392 2701 1512 2729 editione
1533 2702 1643 2736 intelligi
1660 2710 1724 2736 pos—

936 2754 1013 2781 sent,
1034 2755 1115 2782 quam
1138 2749 1165 2775 in
1183 2748 1277 2775 eadem
1294 2748 1407 2782 epistola
1424 2751 1620 2776 commemorat
1633 2766 1641 2777 .
1668 2747 1724 2774 haec

935 2795 1019 2822 editio
1034 2801 1100 2823 sane
1124 2794 1235 2822 nonnisi
1259 2799 1321 2829 post
1343 2794 1468 2830 Tctrapla
1491 2793 1650 2822 concinnari
1675 2801 1720 2828 po-
