1902 3049
190 100 224 126 27
872 104 1129 132 PRJELIMINARIA
1776 108 1812 135 28

195 162 280 189 tuisse
303 162 416 189 videtur.
435 161 499 189 Nam
518 163 543 189 id
556 164 646 198 operis
663 172 724 191 cum
742 164 875 199 Tetraplis
898 172 973 192 com-
989 167 1010 194 Α
1025 169 1064 190 ter
1078 165 1228 197 disputans,
1242 173 1322 195 supra
1342 165 1441 191 dictam
1460 165 1580 192 hmrcsim
1604 169 1728 192 astruere
1741 166 1812 192 vide-

194 209 290 238 mode,
315 209 374 236 sine
399 207 530 243 Tetraplis
551 210 660 237 nonnisi
684 218 782 244 magno
805 210 896 237 labore
916 210 974 237 ﬁeri

193 257 309 289 poterat.

231 308 242 325 ι
259 299 368 326 Certum
382 303 424 326 est
445 303 536 326 autem
553 298 696 334 Origcnem
720 299 882 327 Nicomedia:
904 301 974 327 hanc

192 346 226 373 ad
240 345 396 372 Africanum
411 346 554 380 epistolam
571 347 733 381 scripsisse:
750 355 865 382 cumque
888 347 929 374 bis
946 347 972 374 in

193 391 323 418 Graeciam
345 391 397 417 iter
414 391 570 425 instituerit,
593 393 725 420 alterutro
741 394 836 421 itinere
850 394 973 422 Nicome-

190 439 261 465 diam
275 437 385 472 petiisse
395 442 421 464 et
432 438 573 472 epistolam
585 439 692 467 dedisse
704 439 824 473 videtur;
837 448 869 467 ac
883 442 973 475 potius

190 485 288 518 primo,
307 491 389 517 quam
406 484 545 511 secundo:
566 487 664 512 etenim
680 486 796 520 primum
812 494 883 513 anno
899 487 951 514 228
963 509 971 520 ,

190 528 339 555 secundum
353 529 495 556 duodecim
511 535 570 563 post
585 538 670 557 annos
686 532 810 558 instituit.
827 532 972 559 Africanus

189 579 253 599 vero
268 574 356 608 ipsutn
376 575 422 601 lilii
439 576 548 602 nomine
565 577 724 611 compellat,
741 578 811 612 quod
827 579 916 613 aptius
938 580 972 607 ad

188 618 339 645 secundum
355 619 497 646 referatur.

227 670 236 686 ι
256 662 318 689 Haec
338 667 368 690 ut
384 665 534 692 consistere
558 666 664 700 possint
679 667 823 694 dicendum
844 669 949 696 videtur
962 690 969 702 ,

182 705 331 742 Origeuem
359 708 481 744 Tetrapla
497 711 676 739 concinnasse
691 717 752 740 ante
774 721 876 740 annum
898 715 968 747 2‘28,

188 752 240 779 sub
263 752 319 780 haec
343 759 433 781 autem
453 760 514 789 post
537 762 670 790 repertam
693 756 802 784 Sextum
825 759 968 786 editionem

188 796 306 832 Hexapla
322 795 449 831 edidisse,
467 801 512 828 ubi
528 801 648 836 quintam
664 807 690 829 et
707 809 809 830 sextam
826 805 966 832 locaverit:

188 842 251 869 licet
267 851 323 870 non
340 849 382 871 sat
404 845 516 881 intelligi
543 847 628 881 possit
649 855 698 874 cur
719 856 771 875 non
794 851 914 884 quintam
941 853 968 878 in

188 887 322 924 Tetraplis
339 893 471 926 posuerit,
487 893 509 920 si
527 893 571 920 illa
588 901 659 921 anno
673 895 725 921 217
747 896 854 924 inventa
873 897 967 930 fuerit,

187 939 216 961 ut
233 935 401 970 Epiphanius
424 944 536 973 narrat;
562 941 613 968 nisi
634 941 703 968 forte
722 942 829 970 dicatur
845 943 968 978 Tetrapla

185 981 266 1007 etiam
282 987 344 1009 ante
358 982 430 1010 hunc
443 992 544 1011 animm
561 986 679 1020 perfecta
693 986 787 1020 fuisse,
803 989 846 1015 cui
862 994 970 1016 senten—

187 1024 230 1052 tiae
243 1025 333 1054 favere
348 1028 454 1056 videtur
469 1029 602 1059 Eusebius
612 1053 619 1059 .
632 1052 638 1058 .
653 1053 660 1060 .
672 1053 679 1059 .
689 1052 696 1059 .
708 1052 715 1059 .
726 1053 733 1059 .
745 1052 752 1059 .
764 1053 772 1060 .
789 1033 836 1060 Vir
849 1035 970 1063 clarissi-

186 1079 248 1098 mus
263 1071 377 1108 Hu'etius
390 1079 466 1108 putat
477 1074 620 1110 Origenem
635 1077 752 1113 chapla
765 1087 892 1107 exorsum
908 1088 968 1108 esse

185 1123 258 1143 anno
272 1117 341 1149 255,
362 1119 442 1146 nixus
460 1119 568 1148 Eusebii
585 1123 740 1150 testimonio
751 1143 758 1155 ,
774 1125 819 1159 qui
836 1125 891 1157 ait,
907 1125 968 1153 Ori-

185 1170 280 1196 genem
299 1163 536 1198 interpretationes
550 1167 705 1202 Symmachi
722 1170 748 1196 in
768 1170 935 1206 Scripturam
952 1180 966 1199 a

183 1207 290 1235 Juliana
308 1211 455 1244 accepisse.
479 1211 547 1239 Hinc
569 1213 649 1240 infert
666 1223 744 1247 elun,
760 1224 822 1243 cum
847 1219 965 1245 nondum

184 1254 339 1290 Symmachi
373 1258 525 1286 versionem
558 1261 726 1294 accepisset,
760 1270 814 1289 non
845 1264 967 1298 potuisse

184 1298 321 1334 Hexapla,
350 1309 411 1336 quae
438 1303 509 1330 haud
531 1305 612 1332 dubie
640 1305 795 1341 Symmachi
819 1309 965 1336 editionem

183 1346 441 1381 complectebantur,
458 1349 601 1377 adornare.
618 1351 651 1378 At
665 1352 811 1380 verisimile
827 1362 879 1381 non
892 1355 967 1383 vide-

183 1394 237 1422 tur,
251 1388 395 1426 Origenem
413 1393 567 1429 Symmachi
584 1399 745 1431 versionem,
759 1399 793 1425 60
805 1404 866 1426 ante
880 1407 966 1428 annos

181 1435 369 1468 elaboratam,
403 1444 456 1466 tam
486 1449 548 1467 sero
573 1449 682 1469 nactum
711 1451 793 1471 esse:
825 1451 967 1480 potestque

181 1483 324 1509 commode
339 1482 473 1512 Eusebius
491 1486 601 1521 intelligi
621 1493 668 1514 aut
685 1489 718 1515 de
735 1489 794 1524 ipso
811 1489 965 1525 Symmachi
980 1503 1000 1531 ρ

179 1529 351 1563 autographo
364 1548 370 1560 ,
389 1537 451 1556 nam
469 1538 500 1557 ex
516 1531 574 1566 ipso
590 1533 754 1568 Symmacho
775 1535 840 1562 illud
857 1535 964 1564 Juliana

179 1579 338 1608 acceperat,
354 1579 401 1602 aut
415 1575 448 1602 de
461 1579 656 1606 commentario
675 1580 792 1614 quodam
810 1580 965 1616 Symmachi

181 1617 208 1644 iu
225 1617 394 1653 Scripturam
407 1640 413 1648 .
430 1628 483 1648 non
501 1622 534 1648 de
547 1622 607 1657 ejus
630 1625 764 1652 versione.
780 1625 819 1652 En
837 1627 894 1660 ipsa
911 1626 966 1654 Eu-

180 1664 246 1690 sebii
263 1665 342 1692 verba
357 1675 362 1692 :
382 1666 493 1694 Ea'stant
514 1674 582 1695 certe
595 1670 675 1696 etiam
697 1679 765 1698 nunc
777 1672 965 1700 Commentarii

179 1708 344 1744 Symmachi,
356 1711 383 1737 in
395 1713 487 1746 quibus
501 1713 642 1749 Evangelia
653 1716 795 1742 secundum
808 1717 964 1744 Matt/imum

179 1755 286 1782 innixus
304 1763 475 1784 memoratum
490 1758 696 1795 (Ebionitarnm)
717 1762 829 1789 Itazresin
846 1769 963 1790 astruere

178 1799 290 1826 videtur.
311 1800 365 1827 Hos
379 1807 465 1828 autem
482 1803 606 1838 Origenes
621 1813 679 1831 cum
692 1806 753 1832 aliis
766 1806 918 1841 Symmachi
937 1809 962 1835 in

177 1842 331 1879 Scripturas
343 1847 601 1881 interpretationibus
625 1859 640 1876 a
665 1850 776 1878 Iuliana
789 1854 902 1886 quadam
918 1862 963 1879 ac—

176 1891 277 1924 crpisse
301 1900 329 1917 se
354 1899 493 1919 memorat.
521 1893 548 1920 Si
574 1896 716 1930 ὲρμηνείαι
738 1898 842 1931 possint
861 1899 905 1926 hic
929 1899 962 1927 de

175 1936 374 1963 commentario
398 1937 530 1973 intelligi,
547 1941 618 1974 quod
641 1942 773 1968 uetuinem
790 1947 855 1976 puto
878 1952 960 1979 nega-

177 1985 284 2012 turum,
313 1987 343 2008 ut
369 1983 409 2009 sic
437 1983 489 2011 hoc
515 1985 575 2012 loco
600 1986 765 2022 intelligatur
790 1989 885 2016 suadet
909 1997 959 2016 vox

173 2026 270 2059 ἄλλων,
286 2028 359 2060 aliis,
381 2029 414 2055 ab
427 2028 546 2057 Eusebio
562 2032 692 2058 adhibita.

211 2082 220 2098 ι
245 2072 398 2101 Verisimile
417 2083 483 2102 sane
506 2081 548 2103 est
567 2076 711 2112 Origenem
739 2078 797 2112 ipso
814 2079 961 2106 Caracalla:

173 2121 304 2152 tempore,
319 2118 507 2154 Tetraplorum
523 2131 592 2156 opus
607 2131 736 2150 exorsum
748 2132 820 2157 esse,
835 2126 959 2159 quando—

1026 214 1077 237 tur.
1093 211 1176 244 Atque
1203 211 1248 237 hos
1271 210 1419 245 Symmachi
1444 210 1653 237 Commentarios
1669 220 1724 237 una
1751 220 1813 238 cum

1024 253 1086 280 aliis
1109 262 1190 281 sacra:
1214 253 1358 288 Scriptum
1375 255 1636 290 interpretationibus
1661 255 1693 281 ab
1720 257 1813 282 eodem

1024 298 1177 331 elaboratis,
1203 304 1314 325 testatur
1330 298 1452 333 Origenes
1473 307 1499 325 se
1522 307 1538 325 α
1557 298 1671 325 Iuliana
1693 299 1813 332 quadam

1024 345 1161 378 accepisse,
1175 345 1209 370 ad
1221 353 1299 379 quam
1314 345 1333 370 ii
1351 344 1412 370 libri
1426 345 1597 371 successionis
1609 344 1671 378 jure
1688 352 1817 378 pervene-

1024 394 1102 420 runt;
1117 390 1161 416 ubi
1175 390 1249 421 illud,
1264 390 1291 415 in
1303 390 1396 424 quibus
1410 390 1533 416 adversus
1547 389 1722 423 Evangelium
1742 388 1814 414 Mat—

1024 434 1084 460 tha-i
1097 435 1192 460 acriter
1204 434 1352 466 disputans,
1366 434 1545 468 supradictmn
1558 434 1678 460 Itwresim
1689 439 1814 460 astruere

1023 481 1132 512 videtur,
1148 489 1180 506 ex
1192 481 1323 507 diametro
1340 480 1491 514 oppositam
1510 479 1626 506 Eusebio
1642 480 1811 506 sententiam

1022 526 1106 553 clfert.
1123 525 1189 552 Nam
1216 533 1247 552 ea
1263 525 1418 552 Graecorum
1441 526 1587 552 verborum
1612 532 1693 552 mens
1712 529 1768 557 est,
1785 525 1812 550 in

1021 573 1114 607 quibus
1131 572 1250 599 Matt/imi
1267 571 1407 606 Evangelia
1420 572 1509 603 nixus,
1525 572 1565 598 vel
1581 572 1614 598 ad
1635 571 1769 602 litteram,
1784 572 1812 597 in

1020 619 1113 653 quibus
1127 618 1160 644 ad
1176 618 1293 645 Matt/tari
1311 617 1483 652 Evangelium
1507 617 1658 649 intendens,
1675 625 1812 643 memora-

1021 668 1076 690 tam
1088 663 1206 690 Iuvresim
1226 668 1382 698 propugnat.
1400 662 1508 689 Etenim
1534 667 1640 689 certum
1664 666 1707 689 est
1728 661 1814 688 ΕΙ)Ξο-

1020 697 1092 735 nitas
1107 716 1155 743 pro
1169 716 1217 735 sua
1229 709 1327 735 tuenda
1342 709 1437 735 haeresi
1450 708 1596 743 Evangelia
1610 707 1732 735 .‘llattliaai
1747 715 1812 734 usos

1020 754 1122 782 fuisse:
1143 759 1170 781 et
1193 755 1264 781 hunc
1287 753 1397 781 Eusebii
1419 754 1508 781 locum
1537 754 1674 788 respicere
1702 754 1814 782 videtur

1020 798 1210 834 Hieronymus,
1224 807 1285 827 cum
1304 800 1342 826 ait
1357 799 1384 826 in
1402 799 1531 834 Catalogo
1550 800 1711 834 scriptorum
1725 799 1812 827 eccle-

1018 846 1197 877 siasticarum,
1222 846 1256 872 de
1280 845 1396 880 Origene
1419 846 1554 880 loquens:
1580 846 1684 880 Aqui/te
1707 846 1813 872 scilicet

1018 891 1125 918 Pontici
1134 890 1268 925 proselyti,
1280 895 1303 916 ct
1317 890 1498 917 Theodotiauis
1509 890 1638 924 Ebionwi,
1647 897 1670 917 et
1683 889 1813 925 Symma-

1018 938 1059 964 chi
1067 938 1182 972 cjusdem
1190 938 1320 971 dogmatis
1330 945 1338 964 :
1347 938 1391 972 qui
1402 938 1429 963 in
1442 937 1613 972 Evangelium
1624 946 1729 972 quoque
1738 938 1812 964 κατὰ

1018 983 1154 1010 Ματθαῐον
1166 984 1270 1017 scripsit
1284 983 1501 1015 Commentarios,
1517 984 1548 1010 de
1559 992 1609 1017 quo
1624 989 1648 1010 et
1663 993 1745 1010 suum
1762 985 1812 1010 do-

1019 1038 1077 1064 gma
1101 1030 1255 1063 conﬁrmare
1279 1033 1400 1055 certatur.
1427 1028 1455 1055 ln
1482 1029 1534 1056 hoc
1558 1034 1648 1055 autem
1672 1034 1809 1064 peccant,

1018 1075 1046 1102 ni
1073 1074 1160 1107 fallor,
1186 1074 1308 1102 Valesius
1335 1080 1362 1102 et
1387 1074 1587 1107 Tillemontius,
1608 1077 1682 1109 quod
1711 1083 1809 1103 vocem

1016 1120 1089 1146 δοκεῖ
1103 1125 1207 1147 vertant
1221 1121 1332 1152 videtur,
1349 1128 1411 1148 cum
1437 1121 1572 1148 sexcentis
1593 1122 1728 1156 exemplis
1746 1130 1811 1156 pro-

1017 1166 1095 1192 betur
1109 1166 1139 1192 τὸ
1154 1166 1236 1197 δοκεῖ,
1249 1167 1365 1192 maxime
1380 1167 1450 1200 apud
1473 1167 1621 1202 scriptores
1637 1168 1810 1195 ecclesiasti-

1017 1219 1074 1243 cos,
1102 1219 1154 1238 non
1172 1211 1296 1238 minuere
1321 1211 1547 1238 allirmatiouem:
1566 1220 1620 1247 qua
1638 1213 1672 1239 de
1691 1220 1721 1239 re
1746 1213 1810 1239 vide

1016 1255 1220 1282 Onomasticum
1237 1260 1359 1282 nostrum
1375 1257 1408 1283 ad
1424 1257 1564 1284 Athanasii
1583 1257 1681 1291 Opera,
1699 1258 1727 1284 in
1741 1265 1811 1284 voce

1016 1303 1106 1329 δοκεῖς
1125 1302 1151 1328 id
1169 1305 1260 1328 autem
1278 1307 1350 1329 recte
1375 1302 1402 1328 in
1420 1302 1503 1329 allato
1518 1302 1577 1329 loco
1594 1303 1726 1337 exprimit
1743 1303 1809 1330 Hie-

1016 1355 1157 1382 ronymus.
1177 1349 1255 1374 Δοκεῖ
1269 1348 1350 1382 igitur
1367 1348 1435 1374 nihil
1452 1348 1542 1379 oflicit.
1558 1349 1709 1383 quominus
1729 1350 1809 1377 dica-

1017 1396 1060 1419 tur
1074 1392 1265 1427 Symmachum
1282 1393 1368 1426 palam
1381 1398 1407 1419 et
1423 1401 1454 1419 ex
1471 1393 1594 1427 professo
1611 1393 1808 1422 Ebionitarum

1017 1437 1140 1465 hieresim
1157 1438 1319 1471 defendisse,
1336 1443 1364 1465 et
1379 1438 1450 1465 hunc
1469 1446 1582 1473 prorsus
1601 1439 1731 1467 existimo
1743 1449 1808 1468 esse

1018 1483 1099 1518 hujus
1113 1483 1163 1510 loci
1176 1491 1295 1511 sensum.

1052 1529 1100 1556 His
1118 1529 1230 1561 carptim
1257 1529 1416 1560 observatis,
1432 1529 1487 1563 jam
1509 1529 1541 1555 ad
1567 1533 1648 1557 notas
1671 1531 1808 1564 temporis

1016 1575 1166 1602 veniamus.
1184 1574 1315 1601 Eusebius
1330 1574 1396 1600 nihil
1413 1582 1479 1608 pene
1494 1575 1583 1601 attulit
1608 1575 1682 1602 unde
1709 1575 1807 1602 calcu-

1015 1620 1071 1647 lum
1087 1620 1186 1646 dUCere
1199 1619 1292 1645 liccat:
1309 1617 1474 1652 Epiphanius
1487 1625 1562 1649 vero,
1579 1618 1680 1645 infidus
1697 1624 1808 1653 tempo-

1015 1673 1075 1692 rum
1089 1664 1227 1699 magister,
1243 1664 1332 1690 omnia
1348 1671 1415 1697 peue
1430 1663 1548 1690 miscuit.
1563 1664 1688 1691 Attamen
1705 1666 1808 1691 nonni-

1015 1711 1052 1738 hil
1067 1710 1262 1745 probabilitatis
1278 1709 1376 1735 habere
1391 1709 1497 1735 videtur
1510 1710 1582 1743 quod
1598 1710 1636 1736 ait
1649 1709 1807 1738 Tillemon-

1015 1757 1078 1789 tius,
1109 1764 1204 1791 nempe
1229 1756 1374 1783 verisimile
1400 1764 1461 1783 esse
1492 1755 1637 1791 Origenem
1673 1757 1808 1793 Hexaplis

1013 1803 1125 1830 edendis
1142 1811 1250 1830 manum
1275 1803 1427 1829 admovisse
1442 1808 1585 1837 postquam
1606 1803 1719 1831 Sextum
1743 1806 1806 1832 edi-

1012 1849 1113 1876 tionem
1132 1853 1282 1883 repcrerat;
1306 1848 1406 1882 reperit
1429 1852 1531 1876 autem.
1548 1848 1704 1884 Epiphanio
1722 1855 1806 1885 teste,

1012 1903 1083 1922 anno
1097 1895 1239 1922 Alexandri
1256 1893 1347 1921 Severi
1367 1894 1493 1928 septimo,
1518 1895 1544 1921 id
1557 1900 1599 1922 est
1614 1895 1718 1923 Christi
1735 1897 1804 1926 2'28.

1011 1941 1044 1967 Et
1064 1941 1127 1974 quia
1151 1940 1249 1967 abhinc
1264 1939 1297 1966 ad
1316 1947 1416 1966 annum
1431 1940 1495 1970 9.3L
1510 1948 1565 1974 quo
1593 1941 1751 1969 Caesaream
1774 1951 1807 1970 se
1829 1972 1831 1975 _

1011 1986 1122 2020 recepit.
1134 1994 1186 2012 non
1201 1990 1243 2012 sat
1257 1985 1304 2011 otii
1319 1990 1345 2012 et
1359 1986 1492 2012 commodi
1507 1986 1638 2014 habuisse
1648 1987 1760 2015 videtur
1774 1994 1805 2016 ut

1011 2036 1065 2057 tam
1081 2031 1194 2057 arduam
1216 2038 1272 2057 rem
1289 2031 1448 2064 susciperet,
1463 2037 1618 2066 opportune
1640 2034 1668 2060 in
1693 2043 1803 2063 annum

1009 2076 1072 2108 251,
1086 2084 1147 2103 cum
1162 2076 1290 2102 Caesarea:
1302 2081 1403 2110 ageret,
1417 2076 1599 2111 Hexaplorum
1617 2087 1688 2113 opus
1701 2081 1803 2108 remit-

1010 2122 1085 2148 titur.
1103 2121 1179 2154 Quod
1194 2127 1282 2148 autem
1299 2122 1391 2156 objicit
1405 2122 1456 2149 sibi
1478 2123 1670 2152 Tillemontius
1688 2134 1724 2153 ex
1741 2127 1804 2161 cpi-

172 2163 280 2195 quidem
297 2165 440 2198 Eusebius,
457 2167 528 2194 nulla
557 2173 647 2196 πηοιυε
662 2170 714 2197 alia
729 2170 882 2203 occasione,
900 2171 958 2198 hac
973 2177 995 2203 υ
1009 2167 1077 2193 stola
1088 2166 1218 2197 Africani,
1231 2167 1275 2193 ubi
1288 2166 1430 2201 Origenem
1443 2168 1486 2194 ille
1500 2168 1582 2195 filium
1596 2171 1728 2204 appellat,
1743 2180 1800 2198 non

170 2211 249 2244 quasi
260 2210 400 2238 Cat-acalla
414 2212 563 2247 imperante
575 2220 648 2249 gesta
663 2222 766 2243 narrat.
785 2216 868 2251 ldque
884 2217 958 2244 vide-

170 2261 214 2283 tur
230 2255 344 2283 Huetius
361 2258 458 2291 partim
475 2260 570 2286 saltem
586 2261 739 2288 admittere.
762 2270 771 2286 )

205 2300 342 2329 Hactenus
352 2302 552 2337 Tillemontius,
563 2305 608 2339 qui
626 2310 763 2340 postremo
777 2306 886 2333 allatum
903 2305 957 2333 Eu-

169 2347 236 2374 sebii
261 2347 350 2375 locum
377 2349 456 2383 longe
483 2350 581 2377 melius
605 2352 718 2378 vertisse
747 2351 851 2377 videtur
874 2360 956 2386 quam

169 2391 302 2420 Henricus
317 2393 450 2421 Valesius.
465 2395 559 2422 Grmca
577 2396 616 2422 sic
632 2396 750 2423 habent:
767 2397 822 2422 Καὶ
834 2396 956 2432 ὑπομνή-

168 2446 242 2473 ματα
257 2439 406 2474 Συμμάχου
420 2440 504 2466 εἰσέτι
518 2440 564 2467 νῦν
577 2442 698 2476 φέρεται,
713 2442 740 2466 ἐν
754 2439 794 2472 οἷς
804 2441 877 2468 δοκεῖ
889 2443 955 2477 πρὸς

166 2485 197 2510 τὸ
212 2485 283 2510 κατὰ
298 2485 436 2512 Ματθαὶἢν
451 2487 660 2521 ἀποτεινόμενος
675 2486 838 2520 Εὐαγγέλιον
851 2487 899 2522 τὴν
911 2487 954 2514 δε-

164 2529 323 2565 δηλωμένην
340 2531 444 2566 αἵρεσιν
459 2532 611 2566 κρατύνειν.
632 2532 725 2559 Ταῦτα
740 2532 768 2558 δὲ
780 2533 794 2558 ό
815 2533 954 2568 Ὠριγένης

166 2575 237 2610 μετὰ
251 2576 298 2602 καὶ
312 2576 399 2602 ἄλλων
410 2578 449 2609 εἰς
464 2577 513 2608 τὰς
530 2577 640 2612 Γραφὰς
655 2577 807 2612 ἑρμηνειῶν
821 2577 866 2602 τοῦ
881 2578 954 2611 Συμ-

165 2622 253 2657 μάχου
276 2623 405 2658 σημαίνει
431 2623 507 2658 παρὰ
534 2623 680 2657 Ἰουλιανῆέ
702 2630 774 2652 τινος
803 2622 951 2656 εἰληφέναι,

163 2667 195 2701 ἢν
213 2667 260 2693 καί
277 2676 343 2702 φησι
361 2669 425 2703 παρ’
440 2668 522 2694 αὐτοῦ
542 2667 691 2702 Συμμὰχου
708 2667 757 2697 τὰς
773 2666 880 2700 βίϐλθυς
895 2667 951 2693 δια-

161 2712 302 2745 δέξασθαι.
326 2712 388 2740 Haec
404 2721 487 2747 porro
503 2713 543 2740 sic
561 2713 699 2739 transtulit
720 2712 852 2739 Henricus
870 2711 950 2739 Vale-

163 2757 239 2783 sius:
265 2757 381 2784 I'fzcstnnt
403 2763 471 2783 certe
491 2759 636 2784 etiamnum
657 2757 845 2784 Commentarii
872 2756 950 2790 Synt-

163 2803 260 2836 machi,
273 2803 300 2830 in
314 2804 408 2838 quibus
423 2803 547 2830 adversus
563 2802 732 2837 Erangelium
749 2801 869 2828 .‘llattluei
880 2803 950 2828 acri-

1009 2211 1075 2238 tanti
1090 2219 1149 2238 esse
1164 2212 1294 2238 momenti
1306 2211 1424 2244 videtur;
1438 2220 1499 2239 nam
1516 2214 1666 2241 verisimile
1679 2220 1723 2243 est
1736 2217 1801 2243 ideo

1008 2257 1093 2295 tilium
1111 2264 1292 2290 nuncupasse,
1308 2259 1370 2291 quia
1394 2257 1471 2292 longe
1493 2259 1583 2285 minor
1605 2264 1687 2287 :elate
1711 2266 1798 2288 erat:

1007 2310 1068 2337 quae
1083 2302 1151 2329 ratio
1167 2306 1220 2328 tam
1237 2302 1262 2328 in
1278 2303 1365 2336 primo
1382 2311 1464 2337 quam
1479 2304 1504 2329 in
1525 2305 1648 2331 secundo
1666 2305 1801 2342 Origeuis

1007 2347 1102 2374 itinere
1117 2355 1166 2381 par
1180 2347 1251 2374 haud
1279 2347 1360 2374 dubie
1373 2352 1440 2374 erat.
1465 2348 1520 2375 Nec
1543 2350 1644 2377 desunt
1668 2355 1800 2388 exempla

1006 2393 1106 2427 quibus
1119 2393 1144 2420 id
1161 2392 1352 2420 confirmetur:
1370 2393 1502 2422 Eusebius
1514 2396 1586 2422 enim
1611 2396 1800 2427 Vcrcellensis

1006 2437 1164 2472 Dionysium
1188 2437 1413 2466 Mediolanensem
1436 2441 1604 2475 episcopum,
1630 2448 1713 2470 aetate
1737 2444 1798 2479 jam

1005 2487 1141 2510 maturum
1155 2483 1337 2518 dignitateque
1349 2486 1537 2519 conspicuum,
1552 2495 1581 2514 se
1594 2492 1687 2516 tamen
1698 2489 1799 2524 junio-

1005 2536 1072 2561 rem,
1088 2528 1171 2555 filium
1193 2529 1352 2563 compellare
1368 2529 1479 2556 solebat.
1499 2530 1539 2558 Ex
1569 2532 1603 2560 iis
1627 2541 1714 2567 porro
1733 2544 1799 2570 quae

1004 2572 1122 2599 diximus
1147 2574 1230 2606 probe
1249 2573 1444 2600 animadvertet
1460 2575 1578 2608 prudens
1597 2577 1696 2611 lector,
1723 2588 1798 2607 non-

1004 2618 1056 2645 nisi
1073 2618 1216 2646 levissimis
1231 2619 1392 2652 conjecturis
1413 2627 1502 2653 posse,
1518 2629 1573 2656 quo
1591 2626 1719 2658 tempore
1733 2625 1791 2654 He-

993 2665 1081 2699 -xapla
1091 2665 1162 2692 edita
1174 2664 1284 2696 fuerint,
1298 2664 1427 2691 indicari:
1443 2667 1620 2700 quamobrem
1633 2677 1698 2697 cum
1715 2673 1795 2700 nullo

1002 2715 1122 2738 veterum
1138 2710 1292 2737 testimonio
1312 2710 1399 2743 possit
1414 2710 1458 2738 hic
1480 2712 1523 2739 vel
1537 2719 1611 2741 certa
1627 2717 1670 2742 vel
1693 2717 1795 2745 admo—

1002 2755 1065 2782 dum
1082 2756 1226 2789 probabilis
1239 2754 1418 2790 chronologize
1433 2757 1500 2784 ratio
1516 2760 1609 2792 statui,
1621 2761 1655 2789 ad
1669 2764 1796 2792 certiora

1003 2800 1145 2828 statuenda
1161 2807 1346 2835 properemus.
