1902 3049
134 91 166 120 99
740 95 774 124 IN
793 96 954 125 HEXAPLA
972 97 1141 128 ORIGENIS.
1713 101 1750 131 30

135 152 165 180 Ἰ.
179 151 237 185 Qua
247 153 352 181 ratione
366 153 505 192 Tetrapla,
524 154 654 192 "exopta,
671 156 784 192 Octapla
805 158 918 192 digesse-
933 163 955 191 Α
971 160 1037 186 hanc
1056 165 1145 186 notam
1158 159 1267 187 habente
1277 168 1286 186 :
1303 160 1431 188 Accuratc
1450 160 1575 188 editiones
1590 168 1677 188 omnes
1688 170 1747 188 cor-

355 190 401 222 rit,
417 191 530 226 itemque
547 190 692 226 Enneapla.

168 244 204 272 De
229 244 424 282 Tetraplorum
448 252 475 275 et
499 248 679 284 Hexaplorum
701 251 807 283 ordine,
831 252 919 288 deque

133 291 309 326 interpretum
332 293 399 325 situ,
415 295 488 322 nulla
504 295 558 329 jam
576 301 663 331 potest
679 297 745 324 oriri
762 303 918 326 controver-

134 336 182 363 sia.
197 336 258 364 Haec
273 338 375 372 quippe
387 339 461 366 clare
477 345 503 367 et
518 340 577 368 sine
590 341 703 376 ambage
720 343 754 369 ab
769 342 919 378 Epiphanio

134 387 160 410 et
171 382 338 419 Hieronymo
351 385 564 413 describuntur:
582 388 686 415 accedit
700 388 762 415 item
781 391 917 424 specimen

133 429 235 463 codicis
256 430 409 463 Barberini,
428 432 473 459 ubi
497 433 685 461 columnarum
707 435 775 462 ordo
794 442 919 464 accurate

133 475 288 502 exhibetur.
305 475 334 503 In
357 476 493 512 Tetraplis
509 479 590 514 igitur
612 480 723 514 praeibat
741 481 845 515 Aquila:
861 482 919 509 edi-

132 521 179 554 tio,
192 529 208 548 e
224 522 338 557 regione
352 524 476 558 proxime
488 525 651 559 sequebatur
669 526 823 561 Symmachi
839 527 919 554 inter-

130 567 258 602 pretatio,
275 573 370 603 postea
386 568 457 596 LXX
484 569 672 605 lnterpretnm,
685 576 821 606 postremo
836 572 919 600 Theo-

130 614 261 641 dotionis.
277 614 307 641 ln
323 616 374 642 hoc
388 621 478 643 autem
493 617 545 644 situ
562 625 614 644 non
630 618 699 644 ratio
711 620 850 653 temporis,
864 627 918 654 quo

130 660 244 694 singulm
257 661 495 695 interpretationes
509 663 588 690 edita
599 663 714 695 fuerant.
729 665 915 699 spectabatur:

130 714 192 733 nam
209 711 241 733 ut
263 712 370 734 certum
390 713 432 736 est
450 709 594 736 editionem
612 709 681 736 LXX
699 712 821 738 omnium
845 711 917 737 anti-

128 753 294 787 quissimam
312 762 383 787 esse,
406 754 442 781 ita
459 755 630 789 exploratum
646 756 753 783 videtur
769 757 916 783 editionem

127 800 327 828 Theodotimtis
339 801 493 837 Symmachi
507 803 751 837 interpretationem
763 808 842 831 aetate
850 812 917 839 prte-

969 210 1046 232 rectte
1066 211 1145 232 sunt:
1160 206 1264 233 collatte
1284 207 1351 232 enim
1368 207 1473 241 fuerunt
1487 215 1545 233 cum
1562 206 1683 240 Tetraplo
1698 207 1750 234 fie<

969 251 1038 283 saia,
1053 256 1077 278 et
1091 260 1150 278 cum
1166 251 1296 285 Hexaplo.
1318 252 1359 278 Ad
1375 254 1440 284 hac,
1464 253 1495 279 ab
1519 253 1596 280 initio
1610 261 1691 287 usque
1714 254 1749 279 ad

970 299 1093 325 visionem
1126 297 1198 332 Tyri,
1225 299 1378 324 accuratius
1403 299 1552 325 emendatus
1579 303 1630 326 est.
1666 298 1749 325 Nacti

968 346 1038 372 enim
1052 349 1135 370 tomos
1148 345 1292 377 exegeticos
1307 343 1425 377 Origenis
1441 345 1466 370 in
1482 343 1606 371 Ilesaiam
1621 352 1700 379 usque
1716 345 1749 371 ad

969 392 1047 426 finem
1071 391 1177 418 visionis
1206 390 1279 425 Tyri,
1309 395 1334 417 et
1359 391 1448 417 sedulo
1470 391 1674 422 considerantes,
1698 399 1749 426 quo

968 446 1045 464 sensu
1063 437 1181 472 singulas
1195 437 1321 463 dictiones
1335 437 1470 469 acceperit.
1486 442 1612 471 quantum
1632 437 1748 471 facultas

969 483 1030 510 tulit
1052 491 1126 510 onine
1149 483 1267 514 dubium,
1290 487 1314 509 et
1331 482 1482 516 perplexum
1506 483 1647 509 secundum
1673 482 1748 509 illius

968 536 1072 555 sensum
1093 529 1263 555 correximus.
1287 528 1416 555 Praeterea
1432 527 1528 554 collata
1545 533 1582 555 est
1604 529 1684 554 etiam
1702 527 1748 555 ξτε-

967 575 1106 609 ptuaginta
1127 574 1302 608 Interpretum
1326 574 1405 600 editio
1429 582 1486 600 cum
1510 574 1543 600 iis
1564 583 1621 608 quw
1642 575 1669 600 in
1692 573 1747 600 He-

967 621 1053 646 saiam
1067 621 1171 653 scripsit
1194 619 1319 647 Eusebius
1331 627 1340 645 :
1355 625 1431 653 alque
1446 619 1474 645 in
1490 620 1582 654 quibus
1595 624 1650 646 erat
1665 620 1748 646 uarie-

969 671 1021 698 tas,
1036 667 1162 701 indagata
1179 666 1349 700 expositionis
1366 673 1454 697 sensu,
1474 666 1614 692 secundum
1631 665 1687 699 ejus
1701 674 1747 692 ra-

968 713 1063 738 tionem
1079 712 1225 738 emendavi.

1002 758 1103 786 Deinde
1115 766 1179 785 vero
1192 763 1254 785 ante
1270 757 1437 785 Ezechielem
1455 757 1511 784 hate
1525 762 1586 784 nota
1606 758 1711 791 legitur.

1002 805 1163 841 Μετελήφθη
1178 805 1206 832 δὲ
1221 805 1273 831 ἀπὸ
1293 805 1459 841 ἀντιγράφου
1483 804 1529 830 τοῦ
1550 804 1619 830 ὰῧϐᾶ
1642 804 1748 830 Ἀπολι-

128 846 238 877 cedere,
254 847 329 881 quod
353 847 436 879 infra,
461 847 515 875 Deo
534 848 651 880 favente,
672 849 839 883 probabitur.
863 850 914 877 Sed

968 851 1069 886 ναρίου,
1085 850 1131 877 τοῦ
1143 850 1341 886 κοινοὸιάρχου,
1357 851 1384 876 ἐν
1403 847 1424 883 ᾧ
1438 849 1632 876 καθυπόκειται
1644 849 1730 876 ταῦτα
1740 858 1747 864 ·

128 891 191 918 ideo
208 892 314 926 Aquila;
330 892 448 926 primum
463 893 551 920 locum
567 894 716 929 deputavit,
733 895 847 930 ejusque
860 895 917 923 edi-

127 936 231 964 tionem
247 937 367 971 priorem
391 938 482 972 posuit
497 938 638 974 Origenes,
655 941 718 974 quia
743 941 789 968 ille
803 949 917 976 scrupu—

127 981 216 1008 losius
235 990 318 1016 quam
340 984 430 1010 caeteri
454 991 549 1012 omnes
568 985 727 1013 Hebraicam
754 987 916 1022 scripturam

127 1029 241 1055 verbum
258 1036 274 1056 e
297 1029 379 1057 verbo
400 1030 511 1057 reddere
527 1032 677 1060 studuerat.
703 1033 766 1061 Post
781 1034 853 1062 hunc
869 1042 918 1062 au-

128 1078 184 1101 tern
209 1074 405 1109 Symmachum
423 1076 531 1106 locavit.
549 1078 612 1111 quia
631 1078 675 1106 ille
694 1080 817 1114 propius,
835 1088 915 1115 quam

127 1117 199 1144 LXX
215 1122 242 1144 et
259 1117 411 1145 Theodotio
425 1120 458 1146 ad
473 1121 610 1148 veritatem
632 1122 791 1150 Hebraicam
805 1124 916 1150 accede-

127 1162 183 1188 bat.
219 1162 324 1189 Deinde
350 1162 421 1190 LXX
455 1166 602 1199 praeposuit
630 1166 820 1201 Thcodotioni,
851 1168 915 1202 quia

127 1208 281 1236 Theodotio
305 1208 378 1235 LXX
405 1209 566 1244 lnterpretes
580 1219 595 1238 e
618 1212 730 1248 vestigio
750 1221 817 1247 pene
839 1214 915 1248 sequi

126 1254 282 1282 videbatur.
294 1254 419 1290 Tetrapla
433 1263 497 1283 vero
510 1264 558 1283 sua
571 1256 700 1292 Origenes
714 1267 795 1286 manu
807 1260 915 1294 propria

127 1301 293 1332 emendavit,
318 1301 484 1336 scholiisque
506 1303 660 1331 illustravit.
685 1304 837 1340 Iisdemque
865 1305 916 1332 Te-

128 1347 222 1381 traplis
237 1355 310 1374 nova
334 1346 468 1374 Eusebius
491 1349 594 1375 scholia
618 1349 727 1384 adjecit,
750 1350 777 1376 in
804 1351 916 1384 quibus-

127 1393 187 1419 dam
202 1393 300 1420 saltem
318 1392 467 1428 Scripturte
481 1394 575 1422 libris:
593 1394 674 1430 idque
697 1396 723 1422 in
740 1396 805 1428 alio,
824 1402 854 1424 ut
872 1397 913 1423 vi-

127 1439 218 1469 detur.
229 1447 314 1473 quam
330 1439 357 1466 in
371 1438 536 1474 Origeniano
553 1441 710 1475 exemplari.
727 1442 798 1476 quod
814 1447 915 1477 postre-

127 1493 201 1514 mum
220 1485 356 1521 Pamphili
368 1491 395 1514 et
411 1487 520 1513 Eusebii
537 1494 619 1521 opera
633 1489 805 1515 emendatum
821 1494 872 1522 est,
886 1495 913 1516 ut

126 1533 291 1560 testiﬁcatur
305 1533 364 1567 ipse
377 1533 512 1562 Eusebius
528 1535 554 1561 in
569 1539 633 1562 nota
650 1535 766 1569 quadam
782 1536 915 1570 exempla-

127 1581 166 1608 ris
184 1580 243 1608 ΗΒ.
259 1580 313 1607 PP.
340 1579 518 1612 Jcsuitarum,
542 1589 623 1614 quam
651 1582 784 1609 edidimus
810 1581 915 1609 Palma-

128 1627 246 1662 graphite
260 1626 361 1653 Graue
375 1634 400 1661 p.
416 1627 479 1654 2'26.
494 1626 569 1654 Hanc
583 1635 664 1659 porro
687 1631 791 1659 notam,
809 1635 913 1655 necnon

128 1673 240 1700 alteram
260 1680 322 1706 qua
335 1672 471 1706 praecedit,
488 1676 580 1706 utpote
598 1680 659 1707 quae
676 1673 709 1699 ad
731 1672 914 1699 conﬁrmanda

129 1718 245 1752 plurima
260 1725 292 1744 ex
310 1725 392 1751 supra
417 1717 497 1745 dictis
519 1726 572 1744 non
588 1725 684 1752 parum
700 1717 829 1744 momenti
850 1717 915 1744 alie-

129 1766 198 1791 rant.
221 1760 268 1788 hic
282 1761 438 1788 exscribere
452 1762 539 1789 visum
553 1767 604 1788 cst.
619 1761 690 1789 Ante
703 1760 828 1789 Hesaiam
850 1769 914 1797 ergo

129 1805 155 1833 in
170 1806 265 1833 codice
278 1814 361 1841 supra
378 1813 527 1834 memorato
542 1807 656 1842 legitur:

163 1853 329 1888 Μετελήφθη
348 1854 362 1879 ὁ
379 1854 492 1886 Ἡσαΐας
516 1855 570 1881 ἀπὸ
586 1855 752 1891 ἀντιγράφου
775 1855 822 1882 τοῦ
843 1856 914 1882 ἀὸὃᾶ

136 1899 335 1935 Ἀπολιναρίου,
358 1900 406 1926 τοῦ
423 1901 620 1937 κοινοὸιάρχου,
636 1902 664 1928 ἐν
683 1898 704 1935 ᾧ
721 1901 914 1929 καθυπόκειται

129 1945 222 1971 ταῦτα’
238 1945 401 1981 Μετελήφθη
417 1947 432 1972 ὁ
449 1946 560 1977 Ἡσαΐας
575 1947 606 1973 ἐκ
620 1946 674 1973 τῶν
691 1947 760 1974 κατὰ
774 1947 823 1979 τὰς
839 1947 913 1974 ἐκδό-

129 1999 183 2022 σεις
204 1991 356 2022 Ἐξαπλῶν.
383 1991 544 2026 Ἀντεὸλήθη
560 1991 588 2018 δὲ
605 1991 651 2018 καὶ
666 1991 732 2027 πρὸς
747 1992 838 2027 ἕτερον
851 1993 913 2024 ἑξα-

128 2037 222 2068 πλοῦν,
238 2037 300 2072 ἔχον
316 2037 365 2072 τὴν
383 2037 606 2073 παρασημεὶωσιν
620 2038 731 2073 ταύτην·
741 2038 913 2074 Διωρθώνται

126 2083 248 2118 ἀκριὸὦς
261 2084 347 2109 πᾶσαι
363 2084 392 2110 αἱ
407 2083 525 2115 ἐκδόσεις
535 2092 541 2098 ·
555 2083 756 2119 ὰντεὸλὴθησαν
770 2084 823 2120 γὰρ
841 2085 910 2119 πρὸς

126 2128 295 2163 τετραπλοῦν
312 2128 435 2159 Ἡσαΐαν,
450 2128 489 2154 ἑτι
501 2128 529 2154 δὲ
543 2129 589 2154 καὶ
604 2129 671 2164 πρὸς
685 2129 825 2162 ὲξαπλοῦν.
842 2130 913 2165 Πρὸς

125 2174 240 2204 τούτοις.
252 2174 300 2200 καὶ
316 2174 370 2199 ἀπὸ
385 2174 434 2208 τῆς
451 2174 547 2209 ἀρχῆς,
565 2174 617 2206 ἕως
639 2174 686 2201 τοῦ
709 2175 845 2210 ὁράματος
861 2175 912 2201 Τύ-
923 2191 949 2218 .D

128 2229 183 2256 ρου,
200 2219 397 2255 ἀκριϐέστερον
412 2219 571 2254 διώρθωται.
587 2221 793 2256 Εὑπορήσαντες
804 2221 857 2247 τῶν
870 2221 912 2255 μέ-

127 2275 170 2301 χρι
187 2266 283 2296 τέλους
298 2265 346 2291 τοῦ
363 2266 501 2300 ὁράματος
526 2266 614 2301 Τύρου
634 2266 724 2301 τόμων
745 2266 913 2302 ὲξηγητικῶν

125 2314 164 2343 εἰς
185 2313 233 2338 τὸν
263 2311 376 2337 Ἡσαΐαν
399 2311 562 2346 Ὠριγὲνους,
589 2312 636 2338 καὶ
658 2312 778 2346 ἀκριϐῶς
803 2313 914 2348 ἐπιστή-

127 2366 223 2389 σαντες
244 2358 278 2392 τῇ
297 2357 387 2392 ἐννοίᾳ
401 2356 462 2384 καθ’
478 2358 510 2393 ἢν
526 2357 677 2393 ἐξηγήσατο
697 2358 814 2393 ἑκάστην
831 2358 911 2391 λέξιν,

127 2404 217 2436 καθὼς
236 2403 292 2430 οἷόν
313 2412 342 2430 τε
369 2401 415 2438 ἦν.
445 2404 493 2430 καὶ
519 2404 572 2430 πᾶν
600 2404 749 2439 ἀμφίϐολον
776 2404 846 2431 κατὰ
865 2405 913 2440 τὴν

126 2451 232 2476 ἐκείνου
259 2450 363 2476 ἔννοιαν
389 2449 609 2484 διωρθωσάμεθα.
631 2450 702 2485 Πρὸς
717 2450 822 2481 τούτοις
837 2459 913 2476 συνε-

127 2496 205 2532 κρίθη
222 2497 238 2531 ὴ
255 2495 310 2522 τῶν
333 2495 534 2530 Ἐϐδομήκοντα
547 2495 652 2526 ἕκδοσις
666 2496 713 2521 καὶ
728 2496 795 2531 πρὸς
816 2496 849 2522 τὰ
862 2496 913 2522 ὑπὸ

126 2542 255 2568 Εὑσεὸίου
277 2543 318 2573 εἰς
340 2541 453 2568 Ἡσαΐαν
475 2542 615 2576 εἰρημένα,
643 2542 689 2568 καὶ
706 2543 734 2567 ὲν
755 2539 795 2573 οἷς
817 2542 914 2576 διεφώ-

126 2596 196 2619 νουν,
213 2588 263 2623 τῆς
281 2587 440 2622 ἐξηγήσεως
455 2587 504 2621 τὴν
527 2587 629 2613 ἔννοιαν
653 2586 828 2622 ζητήσαντες,
846 2587 913 2623 πρὸς

126 2630 208 2665 αὐτὴν
225 2630 451 2667 ὲδιωροωσάμην.

161 2676 324 2711 Desumptus
339 2681 380 2703 est
396 2676 507 2704 Hesaias
523 2678 555 2704 ab
572 2677 715 2712 exemplari
730 2677 832 2704 abbatis
843 2677 913 2712 Apo-

124 2721 213 2750 linarii
237 2722 441 2754 ctznobiarchaa,
456 2723 483 2749 in
504 2731 554 2757 quo
575 2724 629 2750 huic
652 2723 848 2757 subjiciuntur:
864 2723 915 2750 De-

123 2774 242 2803 sumptus
255 2773 295 2796 est
315 2767 430 2796 Hcsaios
441 2769 472 2795 ub
488 2768 614 2803 "eruplis
632 2769 773 2796 secundum
787 2767 913 2796 editiones

122 2815 275 2842 adamantis.
301 2813 424 2843 Collatus
447 2819 534 2842 autem
556 2816 607 2850 [ait
631 2824 689 2842 cum
714 2815 766 2842 alio
795 2814 914 2848 Hexaplo

968 896 1129 931 Μετελὴφθη
1153 896 1206 922 ἀπὸ
1228 896 1280 922 τῶν
1303 897 1373 922 κατὰ
1399 895 1448 927 τὰς
1471 895 1590 926 ἐκδόσεις
1613 894 1748 927 ἑξαπλῶν,

968 942 1014 968 καὶ
1026 941 1164 977 διωρθὼθη
1181 941 1234 968 ἀπὸ
1249 942 1302 968 τῶν
1321 942 1472 977 Ὡριγένους
1484 940 1565 967 αὑτοῦ
1579 940 1748 976 τετραπλῶν,

967 987 1045 1014 ἅτινα
1075 987 1120 1013 καὶ
1142 986 1222 1013 αὑτοῦ
1245 987 1315 1022 χειρὶ
1334 986 1480 1021 διώρθωτο,
1509 986 1555 1012 καὶ.
1576 985 1749 1021 ὲσχολιογρά-

954 1024 1045 1068 Ὶφητο.
1067 1033 1094 1060 ’0
1114 1032 1241 1064 Εὐσέϐιος
1256 1031 1310 1065 ἐγὼ
1327 1032 1418 1067 σχόλια
1437 1031 1589 1067 παρέθηκα.
1606 1031 1748 1066 Πάμφιλος

966 1079 1014 1106 καὶ
1026 1078 1154 1110 Εὐσέϐιος
1171 1077 1380 1114 ὲδιωρθώσαντο.

1001 1125 1159 1159 Desumptus
1183 1129 1220 1151 est
1253 1123 1396 1158 (Ezechiel)
1423 1123 1455 1150 ab
1482 1123 1626 1158 exernplari
1646 1123 1748 1149 abbatis

967 1170 1114 1205 Apolinarii
1135 1169 1332 1201 cmnobiarclue,
1358 1170 1385 1196 in
1407 1177 1457 1204 quo
1472 1169 1527 1195 lucc
1547 1168 1724 1202 subjiciuntur
1738 1176 1747 1194 .'

967 1215 1121 1250 Exscriptus
1134 1220 1172 1242 est
1186 1215 1217 1241 ab
1232 1214 1360 1248 Hexaplis
1371 1214 1497 1240 editiones
1510 1213 1747 1248 complectentibus,

965 1267 990 1289 et
1007 1267 1136 1288 correctus
1153 1267 1191 1289 est
1206 1262 1240 1288 ad
1255 1262 1333 1295 ﬁdem
1350 1261 1532 1295 Tetraplorum
1548 1260 1678 1295 Origenis,
1690 1269 1748 1295 qua

966 1309 1044 1335 etiam
1057 1317 1136 1334 ntanu
1149 1308 1204 1342 ejus
1216 1308 1351 1334 emendata
1362 1312 1386 1334 et
1398 1306 1503 1334 scholiis
1514 1305 1649 1333 illustrata
1662 1311 1746 1333 erant.

966 1353 1022 1388 Ego
1039 1353 1168 1380 Eusebius
1182 1354 1281 1380 scholia
1295 1354 1389 1389 adjeci.
1411 1352 1565 1388 Pamphilus
1579 1357 1604 1379 et
1619 1353 1747 1380 Eusebius

966 1403 1144 1426 correxerunt.

1003 1444 1066 1472 Htec
1083 1449 1157 1472 tanta
1176 1449 1311 1472 tantorum
1329 1449 1483 1478 sumptuum
1508 1452 1589 1480 opera
1608 1451 1748 1479 nunquam

966 1489 1098 1524 potuisset
1111 1489 1252 1524 Origenes,
1270 1489 1417 1516 mcdiooris
1432 1489 1547 1517 fortunae
1561 1489 1613 1521 vir,
1625 1489 1747 1523 exsequi,

967 1535 1018 1562 nisi
1036 1535 1177 1562 facultates
1204 1535 1437 1562 subministrasset
1461 1535 1632 1566 Ambrosius,
1652 1534 1692 1561 vir
1713 1534 1747 1561 ad

966 1588 1071 1607 sttmma
1090 1585 1180 1610 natus,
1202 1580 1248 1614 qui
1264 1579 1371 1614 Origeni
1395 1588 1501 1615 semper
1519 1579 1644 1607 stimulos
1666 1579 1748 1606 adde«

965 1627 1020 1658 bat,
1029 1630 1058 1653 ut
1066 1626 1092 1652 in
1104 1626 1239 1660 publicum
1249 1634 1326 1653 usum
1337 1626 1450 1660 plurima
1459 1625 1647 1660 perscriberet,
1655 1632 1749 1652 cumu-

964 1673 1071 1707 lateque
1085 1673 1177 1704 omnia
1198 1672 1395 1706 suppeditabat,
1411 1672 1446 1698 ita
1467 1677 1497 1699 ut
1508 1671 1558 1706 ipsi
1575 1670 1748 1706 tachygraphi

965 1718 1020 1745 sive
1036 1717 1132 1745 notarii
1148 1722 1261 1752 septem,
1276 1717 1377 1744 librarii
1394 1716 1514 1745 totidem.
1531 1716 1626 1751 puella:
1639 1716 1702 1742 item
1719 1716 1747 1742 in

965 1765 1138 1800 calligraphia
1161 1764 1325 1793 exercitatae.
1348 1770 1453 1796 semper
1468 1761 1500 1788 ad
1521 1769 1631 1788 manum
1645 1764 1745 1788 essent.

1001 1810 1194 1845 Hexaplorum,
1216 1814 1244 1836 ut
1260 1817 1340 1843 supra
1357 1809 1487 1839 diximus,
1503 1808 1626 1834 ordinem
1643 1807 1679 1833 ita
1701 1814 1747 1833 ac-

964 1860 1058 1883 curate
1080 1856 1236 1883 describunt
1261 1855 1427 1890 Epiphanius
1450 1858 1477 1880 et
1503 1853 1692 1888 Hieronymus,
1717 1857 1748 1879 ut

965 1903 1031 1929 nihil
1044 1903 1099 1936 jam
1115 1902 1279 1929 diﬂlcultalis
1291 1909 1321 1927 ea
1337 1901 1370 1927 de
1382 1909 1411 1927 re
1424 1900 1552 1935 supersit.
1566 1900 1643 1926 Libet
1657 1904 1746 1925 antetn

965 1948 1045 1974 verba
1071 1947 1227 1982 Hieronymi
1254 1947 1298 1972 hic
1324 1954 1459 1980 apponere
1487 1953 1518 1972 ex
1546 1945 1692 1971 Comment.
1719 1944 1748 1969 in

965 1993 1051 2028 Epist.
1075 1993 1109 2019 ad
1128 1992 1214 2018 Titum
1228 2000 1237 2018 .'
1259 1991 1331 2018 Unde
1352 1991 1425 2018 nobis
1443 1999 1512 2017 cum
1533 1991 1583 2024 fuit
1601 1998 1688 2016 omnes
1704 1997 1747 2015 ve-

964 2040 1024 2067 teris
1051 2039 1115 2073 legis
1140 2038 1230 2070 libros,
1253 2046 1316 2072 quos
1342 2037 1381 2063 t'ir
1408 2037 1499 2062 doctus
1528 2035 1704 2062 Adamantius
1719 2035 1747 2060 in

965 2085 1084 2119 llexapla
1095 2085 1248 2119 digesserat,
1258 2085 1290 2109 de
1305 2083 1459 2110 Ctesariensi
1475 2081 1631 2108 bibliotheca
1646 2080 1746 2106 descri-

964 2135 1031 2165 ptos,
1047 2139 1079 2157 ex
1098 2131 1162 2164 ipsis
1181 2129 1339 2155 aut/tenticis
1358 2129 1506 2160 emendare,
1528 2128 1555 2154 in
1577 2126 1670 2161 quibus
1688 2126 1747 2159 ipsa

964 2176 1077 2204 Hebrum
1094 2176 1206 2210 propriis
1223 2180 1284 2201 sunt
1299 2175 1493 2202 c/Iuracteribus
1509 2174 1583 2201 verba
1596 2174 1746 2206 descripta;

963 2227 987 2248 et
1013 2221 1110 2249 Graecis
1131 2221 1227 2248 litteris
1253 2221 1357 2246 tramite
1379 2228 1501 2253 expressa
1527 2220 1622 2246 vicino.
1650 2217 1748 2253 Aquila

963 2267 1042 2294 etiam
1055 2272 1079 2293 et
1095 2265 1276 2304 Symmachus,
1290 2265 1462 2301 Septuaginta
1473 2273 1497 2291 et
1516 2265 1657 2292 Tlteodotio
1672 2271 1747 2290 suum

963 2312 1080 2338 ordinent
1102 2316 1196 2338 tenent.
1217 2311 1346 2338 Nonnulli
1370 2320 1428 2338 vero
1447 2311 1519 2341 libri,
1536 2315 1559 2338 et
1584 2310 1696 2336 maxime
1721 2309 1747 2335 lii

963 2358 1008 2392 qui
1028 2357 1097 2391 apud
1118 2357 1241 2383 Hebr-(ens
1264 2365 1338 2383 versu
1360 2356 1496 2390 compositi
1520 2361 1592 2388 sunt,
1609 2361 1660 2381 tres
1680 2354 1747 2382 alias

963 2404 1088 2430 editiones
1103 2403 1209 2429 additas
1223 2402 1316 2429 habent
1327 2411 1336 2429 :
1350 2411 1427 2437 quam
1441 2401 1577 2433 Quintam,
1591 2407 1614 2428 et
1628 2400 1747 2433 Sextum,

963 2453 987 2475 et
1003 2447 1146 2482 Septimum
1165 2447 1363 2474 translationem
1377 2453 1479 2478 vocant,
1497 2447 1681 2473 auctoritatem
1693 2446 1749 2473 sine

964 2494 1111 2520 nominibus
1137 2493 1309 2526 interpretum
1335 2498 1498 2520 consecutos.
1529 2491 1643 2518 Planum
1668 2491 1748 2525 igitur

964 2544 1005 2566 est
1016 2539 1135 2573 Hexapla
1153 2539 1192 2565 sic
1205 2539 1335 2572 disposita
1352 2539 1445 2569 fuisse,
1465 2542 1493 2564 ut
1511 2538 1626 2572 primam
1643 2538 1748 2564 colum—

965 2593 1026 2612 nam
1051 2589 1195 2619 occuparet
1210 2584 1360 2611 Hebraicns
1377 2589 1479 2617 textus,
1495 2583 1635 2610 Hebraicis
1652 2583 1748 2610 litteris

964 2631 1131 2666 descriptus;
1144 2631 1290 2658 secundam
1312 2631 1382 2657 idem
1401 2629 1551 2657 Hebraicus
1565 2629 1664 2656 Grtrci:
1681 2629 1748 2656 litte-

965 2677 1003 2703 ris
1018 2681 1159 2708 exaratus;
1175 2677 1281 2703 tertiam
1297 2677 1405 2711 Aquila,
1417 2680 1542 2708 quartam
1558 2675 1748 2710 Symmachus,

965 2722 1086 2756 quintam
1106 2721 1174 2748 LXX
1195 2722 1365 2757 lnterpretes,
1389 2727 1492 2748 sextam
1511 2720 1671 2747 Theodotio.
1693 2719 1748 2747 Cu-

963 2768 1008 2802 jus
1020 2768 1058 2795 rei
1076 2769 1243 2796 luculcntum
1258 2770 1411 2803 suppeditat
1422 2769 1573 2803 exemplum
1586 2767 1668 2794 codex
1680 2766 1747 2793 Bar-

966 2814 1086 2848 berinus,
1113 2814 1158 2842 ubi
1184 2815 1199 2848 ᾗ
1232 2815 1242 2853 l
1272 2814 1367 2849 capitis
1393 2822 1410 2841 ιι
1436 2813 1511 2841 Oscae
1532 2813 1684 2848 prophetae,
1704 2813 1747 2840 illo
