1902 3049
113 94 154 124 ω

729 99 761 126 IN
781 97 942 126 IIEXAPLA
961 100 1040 128 ORIG
1046 99 1132 129 ENIS.
1711 112 1748 140 δι

121 161 138 180 ε
159 152 267 189 regione
282 153 403 182 aliarum
432 157 537 191 positas
558 157 640 186 fuisse
662 158 689 186 in
704 159 774 186 libro
789 158 910 187 Psalmo-
925 159 947 187 Α
963 165 1023 185 mus
1040 159 1188 187 admodum
1207 160 1391 195 perfunctorie
1415 164 1554 197 narravit:
1573 173 1622 194 nec
1640 168 1748 197 videtur

122 208 193 232 rum,
208 205 235 226 et
247 201 274 227 in
288 201 439 229 duodecim
458 204 597 239 Prophetis
613 205 774 232 minoribus.
793 206 821 233 in
836 206 912 233 Psal-

123 249 176 276 mis
189 250 298 284 quidem
315 255 371 278 tres
396 251 460 279 illas
485 253 615 280 editiones
640 261 687 288 per
711 259 795 281 totum
813 255 910 282 librum

121 295 264 329 adiunctas
281 296 367 324 fuisse
383 299 501 326 suadent
514 298 662 334 frequentia
676 300 843 335 singularum
857 299 910 328 fra-

121 347 230 376 gmenta
242 351 303 377 qua:
316 345 421 378 passim
435 345 630 373 observantur:
648 346 674 373 in
689 347 830 374 duodecim
846 355 910 374 vero

122 387 265 423 Prophetis
278 390 443 421 minoribus,
458 396 524 418 teste
539 391 709 427 Hieronymo,
725 397 820 427 prmtcr
830 393 910 427 Aqui-

122 434 189 466 lam,
214 434 423 470 Symmachum,
441 436 521 469 LXX,
538 436 749 465 Theodotionetn
775 443 802 466 et
824 439 909 472 Quin-

123 484 189 512 tam,
208 481 271 507 dure
293 482 353 508 alia!
374 482 506 510 editiones
528 483 657 517 appositae
677 488 765 514 erant,
787 484 909 512 videlicet

122 525 206 553 Sexta
224 531 251 553 et
269 526 400 562 Septima,
423 537 537 562 quarum
560 528 707 562 fragmenta
732 529 907 563 exhibemus;

120 571 231 604 Quian
242 580 340 607 nempe
354 573 581 606 frequentissima,
595 575 707 602 aliarum
721 583 783 602 vero
793 576 906 603 rariora.

120 617 267 645 Canticum
287 624 377 646 autem
394 618 520 648 Habacuc
544 622 690 648 secundum
712 631 793 649 unam
810 631 842 650 ex
866 623 908 650 his

121 664 271 698 postremis
304 664 468 692 editionihus
494 666 628 700 integrum
666 672 906 701 reprteseutamns,

120 710 193 744 quod
209 718 274 737 cum
297 719 346 738 nec
362 712 478 744 Quinte,
493 720 541 739 nec
561 712 649 740 Sexta:
669 721 729 741 esse
744 714 840 748 possit,
862 721 906 741 se-

119 755 215 790 quitur
230 763 263 782 ex
292 755 409 791 Septima
423 757 595 793 desumptutn
609 766 678 786 esse.

154 800 185 827 In
203 802 327 830 Canticis
346 804 524 837 canticorum,
539 804 646 837 Quinta:
669 805 755 832 solum
773 809 798 832 et
819 805 905 833 Sexta:

118 846 254 875 lectiones
270 848 437 882 aﬂ‘cruntnr;
453 849 578 884 Septima!
593 859 625 877 ne
637 850 780 885 vestigium
797 851 904 884 quidem

119 893 248 925 habetur,
273 895 345 921 unde
366 894 483 922 fortasse
498 896 618 929 suspicio
641 896 745 922 oriatur
761 896 804 923 hic
819 897 906 931 Septi-

119 947 194 966 mam
211 947 266 966 non
286 939 406 967 adfuisse
423 948 483 967 cum
500 941 569 973 aliis,
597 941 667 976 quod
692 946 781 968 tamen
798 941 905 968 nonnisi

118 990 223 1012 temere
239 985 367 1012 afﬁrmari
384 991 472 1020 potest
489 996 494 1014 :
514 988 601 1022 potuit
615 987 699 1020 enim,
712 989 762 1015 etsi
776 987 902 1020 adfuerit,

117 1039 133 1058 a
151 1031 343 1059 collectoribus
358 1033 466 1067 negligi.

155 1076 183 1103 In
209 1076 396 1105 Pentateuclio
414 1083 503 1105 autem
527 1078 654 1111 Quintam
671 1084 696 1106 el
715 1079 823 1106 Sextam
846 1079 904 1107 edi-

115 1122 221 1149 tionem
238 1123 328 1149 locutn
351 1131 500 1158 occupasse
516 1132 593 1151 suum
613 1125 793 1163 testiﬁcantur
809 1133 901 1152 exem-

114 1169 158 1203 pla
178 1177 232 1195 non
251 1176 338 1203 pauca
361 1179 367 1195 :
387 1171 426 1197 sic
448 1170 559 1198 Genesis
574 1179 632 1205 cap.
649 1179 741 1204 xxxtv,
761 1171 787 1204 ὶ.
810 1171 853 1202 15,
869 1179 900 1198 ex

113 1215 212 1241 Codice
234 1215 321 1249 Regio
346 1215 457 1242 affertur
478 1215 584 1249 Quintae
597 1216 723 1243 editionis
748 1217 837 1249 lectio,
855 1217 901 1244 ubi

113 1268 209 1286 vocem
237 1265 303 1290 mm
328 1261 372 1288 hic
398 1262 529 1296 interpres
559 1262 640 1288 vertit
670 1263 850 1297 εὐνοήσομεν;
875 1266 901 1289 et

114 1314 172 1341 cap.
188 1315 272 1339 xxxv,
289 1316 313 1334 ν.
330 1307 374 1336 l9.
384 1308 410 1334 in
426 1308 498 1334 hunc
512 1309 599 1335 locum
611 1300 668 1338 urb
678 1313 728 1338 nt:
739 1313 789 1338 mn
803 1313 901 1338 fin-ER

113 1352 278 1379 Ambrosius
299 1353 326 1379 in
346 1354 425 1387 epist.
450 1353 482 1380 ad
507 1353 701 1381 llot‘ontianum
718 1355 754 1381 ait
777 1364 783 1381 :
801 1354 900 1386 Quinta

112 1405 201 1426 autem
223 1400 346 1430 traditio,
372 1399 499 1433 Eplirata,
522 1401 579 1434 ipse
598 1405 639 1427 est
664 1400 762 1428 domus
790 1401 867 1434 panis
891 1409 898 1428 :

110 1443 159 1469 hoc
192 1444 362 1477 prateritum
396 1449 434 1469 est
474 1445 499 1470 in
538 1445 651 1471 oliorum
691 1445 897 1477 traditionibus,

962 205 1021 238 ejus
1042 207 1230 234 testimonium
1247 208 1281 235 ad
1295 216 1326 236 ea
1347 217 1408 244 qum
1421 211 1576 245 supradicta
1593 217 1657 240 sunt
1671 215 1749 248 peni-

963 256 1005 278 tus
1019 253 1153 286 quadrare
1172 261 1266 289 posse;
1284 255 1417 290 siquidem
1439 257 1477 284 ait
1492 258 1545 290 ille,
1567 259 1593 285 in
1608 261 1748 290 nonnullis

961 298 1038 326 libris
1050 304 1076 326 et
1098 300 1217 327 maxime
1228 301 1262 327 iis
1278 301 1325 335 qui
1342 309 1419 328 versu
1438 303 1582 337 compositi
1599 310 1673 337 sunt,
1691 309 1748 334 tres

960 344 1038 375 alias,
1045 344 1178 371 editiones
1187 353 1282 380 nempe
1290 345 1429 379 Quintam,
1438 346 1545 374 Sextam
1553 353 1580 375 et
1586 348 1746 384 Septimam,

960 389 1065 416 additas
1083 389 1182 420 fuisse;
1198 391 1234 418 ita
1260 396 1287 418 ut
1309 400 1341 419 ex
1361 393 1419 427 ejus
1436 394 1526 421 verbis
1548 394 1641 422 inferri
1667 403 1747 430 posse

960 436 1092 467 videatur,
1101 437 1247 464 maximam
1261 437 1442 473 llexaplorum
1455 444 1558 474 partem
1568 441 1612 467 ubi
1625 445 1681 470 tres
1694 442 1747 471 illa!

959 482 1091 509 editiones
1099 483 1199 511 additae
1210 483 1317 511 fuerant
1325 492 1385 512 esse
1396 485 1481 512 libros
1494 489 1620 515 metricos
1631 497 1638 520 ;
1650 496 1746 524 nempe

958 526 1019 558 Job,
1036 527 1158 556 Psalmos
1184 533 1211 555 et
1227 528 1393 562 Proverbia;
1412 535 1439 558 et
1457 535 1546 560 tamen
1564 534 1744 569 apertissimis

958 573 1088 606 exemplis
1106 575 1231 608 superius
1247 575 1390 609 probatum
1404 581 1456 609 cst,
1470 578 1530 606 illas
1543 580 1676 608 editiones
1693 582 1744 610 ad-

957 617 1042 645 fuisse
1066 618 1092 645 in
1109 618 1303 652 Pentateueho,
1328 621 1354 647 in
1375 621 1516 654 Prophetis
1541 625 1702 658 minoribus,
1716 631 1744 654 et

959 663 986 689 in
1007 662 1148 697 Canticis;
1172 673 1203 691 ex
1223 666 1299 693 libris
1323 674 1388 693 vero
1406 669 1527 696 metricis
1541 669 1665 699 Psalmos
1681 677 1742 700 tan-

959 714 1014 736 tum
1031 711 1112 737 trium
1138 711 1244 738 illarum
1263 713 1412 740 editionum
1430 715 1571 749 reliquias,
1590 721 1617 744 et
1631 719 1740 752 quidem

957 755 1192 790 frequentissimas
1210 757 1349 792 praeferre;
1365 758 1415 785 Job
1429 765 1521 787 autem
1538 766 1565 788 et
1583 761 1742 798 Proverbia,

956 810 1073 835 quorum
1095 803 1211 830 maxima
1227 804 1372 832 lectionum
1391 805 1581 840 llexaplarium
1611 809 1677 836 silva
1692 817 1740 837 su.

957 853 1065 882 pereat,
1088 856 1123 876 ne
1141 850 1284 883 vestigium
1306 851 1414 885 quidem
1437 853 1518 880 trium
1547 853 1653 881 illarum
1685 855 1743 882 edi-

957 893 1060 921 tionum
1078 894 1187 922 habere.
1205 894 1254 923 His
1274 897 1427 930 conspectis
1445 906 1523 925 nemo
1538 901 1676 934 negaverit
1692 902 1742 928 ad-

956 941 1065 967 modum
1082 940 1188 968 dilIicile
1210 949 1270 969 esse
1294 943 1418 976 superius
1438 943 1519 971 allata
1538 946 1660 981 exempla
1677 954 1740 975 cum

955 985 1044 1012 verbis
1058 984 1215 1022 Hieronymi
1229 988 1385 1014 conciliare.

990 1029 1058 1057 Cum
1074 1035 1163 1058 autem
1179 1031 1290 1059 omnino
1304 1037 1407 1060 certum
1423 1033 1457 1061 sit
1474 1033 1617 1070 Origenem
1638 1044 1692 1063 non
1711 1037 1738 1064 in

953 1075 1080 1103 omnibus
1097 1075 1245 1110 Scriptura:
1260 1077 1337 1105 libris
1353 1082 1407 1106 tres
1423 1079 1484 1106 illas
1501 1080 1738 1115 interpretationes

953 1120 1102 1154 adii-cisse,
1125 1122 1210 1156 quan'i
1234 1126 1323 1156 penest
1347 1131 1412 1150 num
1440 1129 1494 1151 tres
1516 1125 1555 1151 illi
1577 1126 1737 1160 interpretes

953 1172 1035 1194 totam
1061 1167 1228 1202 Scripturam
1250 1169 1305 1195 sint
1326 1169 1503 1204 interpretati,
1519 1179 1553 1197 an
1576 1179 1622 1199 eas
1647 1173 1735 1200 solum

953 1221 1042 1249 partes
1064 1223 1124 1250 qua:
1145 1216 1179 1242 ab
1201 1215 1316 1251 Origene
1333 1218 1359 1244 in
1383 1218 1504 1253 Octaplis
1518 1220 1644 1248 adhibita:
1659 1227 1734 1249 sunt.

953 1260 1024 1287 Sane
1039 1269 1111 1293 cum,
1128 1262 1166 1288 illi
1192 1262 1285 1288 saltem
1304 1262 1358 1290 duo
1376 1264 1490 1298 priores,
1509 1265 1734 1301 Pentateuchum,

951 1305 1082 1338 Psalmos,
1097 1311 1125 1334 et
1144 1315 1177 1333 ex
1195 1306 1357 1343 Hieronymo
1373 1308 1424 1336 Job
1445 1316 1469 1337 et
1493 1310 1657 1344 Proverbia;
1672 1321 1733 1340 cum

951 1352 1013 1378 item
1034 1352 1145 1379 Cantica
1170 1358 1196 1379 et
1220 1353 1338 1380 minores
1361 1354 1510 1390 Prophetas
1535 1358 1732 1391 transtulerint,

950 1405 1003 1424 non
1028 1398 1106 1424 video
1132 1398 1195 1432 quiti
1223 1406 1312 1426 causa:
1334 1398 1424 1433 fuerit,
1450 1409 1499 1428 cur
1523 1403 1625 1430 medios
1649 1403 1733 1433 libro!

950 1443 1101 1474 omiserint,
1116 1444 1243 1478 quodque
1263 1444 1348 1479 magis
1362 1450 1465 1479 urgeat,
1482 1453 1543 1473 cum
1568 1453 1622 1474 tres
1637 1448 1674 1474 illi
1691 1449 1731 1475 in-

110 1487 156 1514 ubi
184 1488 349 1515 traditiones
375 1488 420 1515 ille
445 1496 492 1523 pro
519 1489 683 1516 editionibus
715 1495 837 1524 usurpat.
864 1490 931 1519 EtC
949 1491 1078 1522 terpretes
1102 1493 1131 1515 ut
1154 1489 1299 1523 plurimum
1326 1489 1353 1516 in
1377 1490 1471 1517 iisdem
1495 1491 1641 1526 Scriptura:
1655 1493 1732 1521 libris

109 1531 197 1560 Levit.
235 1542 255 1566 I,
287 1533 319 1560 16
349 1543 355 1560 :
388 1535 419 1560 Α.
451 1535 491 1566 Σ.,
520 1534 568 1570 τὴν
599 1535 760 1567 σιτίζουσαν.
793 1536 823 1563 Θ.
851 1537 894 1567 Ε..

107 1578 158 1613 τὴν
183 1579 272 1612 ὀσφὺν
295 1579 328 1614 ἢν
351 1581 432 1614 ἡμεῖς
455 1580 589 1615 καλοῦμεν
606 1580 702 1615 φῦσαν.
717 1582 781 1608 Item
808 1581 894 1609 Levit.

107 1631 167 1658 cap.
185 1633 218 1654 ιι,
235 1633 263 1651 v.
281 1625 308 1656 5,
324 1625 351 1651 ἱη
367 1625 487 1659 Append.
506 1626 534 1653 Σ.
551 1626 594 1659 Ε..
609 1627 664 1653 ἀπὸ
677 1627 730 1653 τῶν
744 1627 896 1663 καρπωμά·

105 1676 162 1696 των
178 1671 298 1705 Κυρίου.
314 1669 346 1697 Ει
358 1670 443 1698 Levit.
459 1679 496 1704 χι,
515 1672 557 1698 l7.
570 1673 600 1699 Α.
618 1673 654 1699 0’.
671 1672 701 1699 Θ.
715 1673 757 1704 Ε.,
772 1673 895 1700 vox-rixo-

106 1714 166 1748 ραξ.
185 1724 215 1747 ς.
233 1715 332 1749 γλαῦξ.
354 1716 384 1742 Ε.
403 1716 538 1749 Quintam,
555 1726 583 1749 ς.
609 1717 717 1745 Sextum
740 1719 851 1751 indicat,
869 1724 895 1746 et

105 1761 254 1795 utriusque
278 1761 468 1796 interpretatio
492 1762 612 1790 alfertur.
632 1763 788 1798 ibidemque
807 1772 833 1790 ν.
848 1764 892 1791 5i.

105 1807 142 1833 θ’.
162 1807 194 1834 Θ.
208 1808 254 1839 Ε.,
269 1808 361 1834 αὐτῶν
378 1808 555 1844 τεθνηκότων.
573 1809 651 1836 Hisce
666 1814 719 1836 tam
739 1810 838 1844 apertis
855 1816 894 1837 te-

104 1853 246 1881 stimoniis
261 1854 394 1888 refragari
411 1862 488 1882 nemo
508 1862 587 1889 posse
609 1856 723 1882 videtur.
745 1857 778 1883 At
794 1857 891 1883 mirum

103 1906 144 1925 est
155 1899 289 1933 Quintam
303 1905 330 1926 et
343 1900 452 1926 Sextatn
467 1900 612 1927 editionem
624 1908 639 1927 a
653 1902 760 1928 nemine
772 1906 891 1929 veterum

106 1945 278 1977 Graecorum.
296 1946 341 1980 qui
359 1946 386 1973 in
403 1944 613 1973 Pentateuchum
631 1951 670 1974 tot
690 1947 890 1974 Commentaria

104 1993 261 2024 ediderunt,
284 1998 461 2019 memoratam
478 1993 583 2027 uspiam
602 1993 694 2019 fuisse.
709 1993 747 2020 De
770 1993 890 2027 Septima

105 2039 132 2065 in
155 2038 346 2066 Pentateucho
366 2039 431 2065 nihil
449 2039 528 2066 hodie
549 2049 555 2066 :
571 2044 660 2066 utrum
683 2048 748 2066 vero
761 2041 824 2066 olim
841 2040 890 2066 ad-

104 2083 196 2117 fuerit,
222 2084 376 2118 ignoratur.
400 2083 499 2111 Praeter
523 2084 604 2111 hosce
622 2085 715 2114 libros.
739 2086 784 2112 ubi
808 2086 889 2112 trium

105 2131 291 2165 posteriorum
313 2131 462 2158 editionum
480 2131 592 2166 vesligia
609 2132 769 2166 reperimus,
786 2132 811 2159 in
828 2132 889 2159 aliis

104 2178 184 2204 etiam
206 2176 347 2203 exstitisse
361 2176 514 2203 subindicat
543 2176 723 2212 Hieronymus
738 2177 839 2204 Comm.
863 2178 889 2204 in

106 2222 190 2257 Epist.
218 2223 253 2248 ad
282 2222 397 2249 Titum:
424 2221 552 2249 Nonnulli
579 2230 636 2249 rero
662 2222 732 2254 libri,
746 2222 841 2256 inquit,
865 2227 888 2248 et

106 2270 219 2296 maxime
234 2269 262 2295 Ιιί
281 2269 326 2303 qui
346 2269 415 2303 apud
434 2268 557 2296 Hebrwos
568 2276 643 2295 uersu
657 2268 795 2302 compositi
814 2274 887 2302 sunt,

107 2321 154 2342 tre:
177 2315 247 2342 alias
268 2315 394 2342 editiones
417 2315 522 2341 additas
537 2314 642 2347 habent,
656 2322 735 2350 quam
748 2314 887 2346 Quintam,

106 2366 128 2387 et
140 2361 258 2392 Sextum,
272 2366 297 2388 et
311 2361 457 2395 Septimum
472 2361 670 2387 translationem
683 2365 785 2391 uocant,
800 2365 888 2386 auclo-

109 2407 207 2434 ritutem
223 2407 280 2433 sine
305 2406 453 2432 nominibus
472 2406 640 2439 interpretum
666 2410 827 2431 consecutus.
848 2404 886 2430 Ex

108 2452 177 2479 libris
201 2459 294 2479 tamen
318 2459 397 2478 versu
423 2451 583 2485 conscriptis
607 2451 656 2477 soli
674 2450 774 2477 Psalmi
802 2451 885 2477 trium

108 2499 285 2532 posteriorum
310 2496 563 2530 interpretationem
588 2495 715 2530 reliquias
729 2495 884 2530 pra‘fcrunt.

109 2543 132 2570 In
150 2544 201 2571 Job
221 2547 313 2571 autem
342 2547 370 2569 et
393 2541 556 2572 Proverbiis.
580 2542 629 2568 etsi
654 2542 742 2575 ampla
770 2541 883 2568 aliarum

109 2591 248 2618 editionum
263 2595 342 2623 seges
355 2587 496 2617 offeratur,
511 2587 578 2613 nihil
593 2587 672 2614 hodie
684 2587 717 2614 de
733 2586 819 2613 tribus
830 2587 883 2613 illis

109 2636 243 2671 postremis
260 2633 455 2668 interpretibus
475 2638 607 2667 superest.

136 2681 159 2708 Si
174 2686 283 2709 stemus
301 2678 459 2713 Hieronymi
476 2678 574 2709 verbis,
593 2679 619 2704 in
636 2677 670 2704 iis
683 2677 771 2709 Ebris;
784 2677 827 2703 ubi
842 2676 883 2703 hae

107 2733 239 2763 postremae
260 2726 398 2753 editiones
415 2724 620 2756 adhibebantur,
637 2728 691 2750 tres
716 2731 820 2757 semper
838 2723 883 2749 ad-

106 2780 179 2808 erant,
191 2781 246 2801 nec
266 2771 372 2805 Quinta
386 2771 445 2798 sine
458 2769 549 2802 Sexta,
567 2777 616 2796 nec
634 2773 749 2803 utraque
761 2769 820 2795 sine
834 2768 882 2795 Se-

106 2821 173 2856 ptima
185 2819 279 2847 locum
295 2816 406 2852 uspiam
422 2815 546 2842 habebat.
560 2813 658 2842 Verum
673 2813 731 2841 lucc
747 2812 879 2848 Hierony-

947 1535 1126 1569 reperiantur,
1144 1534 1205 1562 licet
1220 1535 1290 1562 haud
1306 1535 1387 1562 dubie
1402 1536 1484 1564 variis
1498 1537 1524 1563 in
1538 1537 1605 1565 locis
1618 1539 1732 1573 scripse

947 1579 1011 1611 rint,
1032 1587 1080 1606 cur
1103 1579 1212 1606 eosdem
1237 1579 1321 1606 libros
1338 1587 1370 1606 ex
1387 1579 1518 1607 Hebraico
1535 1583 1728 1615 converterint,

945 1625 1053 1652 eosdem
1078 1625 1245 1651 omiserint:
1270 1624 1320 1650 hoc
1345 1630 1418 1652 certe
1443 1633 1530 1661 neque
1551 1635 1615 1654 casu
1640 1636 1729 1663 neque

944 1670 1059 1697 consilio
1085 1671 1206 1698 accidere
1230 1672 1349 1706 potuisse
1374 1672 1490 1699 videtur.
1503 1671 1534 1699 Si
1552 1673 1727 1707 respondeas,

945 1724 993 1743 cur
1009 1724 1073 1751 ergo
1090 1715 1218 1751 Origenes
1232 1717 1258 1744 in
1274 1717 1435 1752 quibusdam
1453 1717 1540 1750 libris,
1556 1725 1610 1745 uOn
1626 1718 1653 1745 in
1668 1726 1728 1746 om-

944 1763 1034 1793 nibus,
1052 1762 1112 1790 illas
1127 1763 1258 1790 editiones
1275 1763 1438 1798 apposuerit,
1455 1771 1584 1798 reponam
1602 1771 1663 1799 ego,
1677 1772 1727 1792 cur

944 1809 970 1835 in
985 1808 1100 1836 Threnis
1127 1809 1184 1836 sive
1207 1808 1458 1836 Lamentationihus
1484 1809 1617 1841 Jeremiaa,
1638 1810 1726 1837 solum

944 1854 1136 1890 Symmachum
1151 1862 1212 1881 cum
1235 1855 1353 1882 editione
1366 1855 1420 1882 τῶν
1441 1855 1468 1882 0’
1481 1856 1590 1887 locavit,
1607 1863 1669 1882 cum
1686 1861 1726 1883 ta-

943 1907 1004 1927 men
1018 1899 1115 1934 Aquila
1129 1903 1156 1926 et
1169 1898 1319 1926 'l‘heodotio
1335 1899 1416 1933 hujus
1431 1899 1504 1930 libri,
1519 1900 1631 1933 perinde
1644 1904 1727 1934 atque

942 1945 1069 1977 aliorum,
1086 1945 1334 1978 interpretationem
1357 1944 1560 1977 adornaverint,
1579 1949 1608 1971 ut
1626 1945 1724 1972 ibidem

942 1992 968 2018 in
985 1992 1084 2018 Monito
1105 1991 1261 2025 probamus.
1280 1990 1348 2018 Hinc
1364 1998 1428 2019 sane
1448 1991 1532 2025 liquet
1553 1999 1584 2018 ex
1603 1992 1653 2018 hac
1665 1991 1725 2019 Ori-

941 2038 1017 2072 genis
1035 2037 1181 2063 emissione
1196 2035 1319 2063 concludi
1336 2044 1389 2063 non
1408 2044 1498 2070 posse,
1517 2037 1576 2064 illas
1592 2037 1724 2064 editiones

940 2091 995 2110 non
1017 2083 1146 2118 integras,
1168 2082 1214 2109 sed
1236 2083 1343 2117 aliquos
1359 2087 1464 2109 tantum
1489 2082 1626 2110 llehraica:
1649 2082 1722 2111 Scri-

941 2133 1024 2162 ptura:
1049 2127 1131 2153 libros
1150 2127 1303 2161 complean
1326 2126 1419 2154 fuisse.
1437 2127 1569 2154 Craterum
1593 2135 1649 2154 rem
1668 2136 1722 2155 non

943 2174 1050 2209 penitus
1065 2173 1230 2208 exploratam
1248 2172 1355 2200 lectoris
1372 2172 1476 2207 judicio
1491 2173 1684 2207 permittimus.

941 2231 996 2258 Vll.
1014 2230 1051 2258 De
1069 2230 1138 2258 notis
1154 2230 1180 2256 in
1194 2229 1357 2270 marginibus
1373 2229 1553 2264 lleIaplorum
1565 2229 1597 2256 ab
1610 2229 1722 2265 Origene

1277 2271 1381 2299 parum.

975 2310 1003 2337 ln
1020 2309 1145 2344 llexaplis
1162 2309 1267 2344 amplos
1282 2309 1365 2337 fuisse
1380 2309 1516 2343 margines
1539 2309 1612 2336 notis
1627 2307 1720 2344 Orige-

939 2357 1027 2384 nianis
1048 2361 1173 2387 onustos,
1191 2360 1358 2389 compertum
1373 2355 1451 2381 nobis
1466 2359 1507 2381 est
1521 2364 1527 2382 :
1543 2355 1638 2381 borum
1655 2363 1718 2382 vero

939 2406 1039 2437 partem
1053 2408 1105 2428 non
1119 2400 1256 2427 minimam
1270 2400 1586 2434 occupabantnominum
1599 2401 1720 2434 proprio-

937 2457 996 2476 rutu
1019 2447 1209 2474 llebraicorum
1239 2445 1435 2480 explicationes
1458 2444 1566 2472 Graue.
1584 2443 1611 2473 ld
1627 2450 1717 2474 autem

937 2494 1037 2521 indicat
1049 2493 1177 2527 Origenes
1194 2492 1219 2518 in
1235 2496 1297 2518 nota
1311 2491 1425 2525 quadam
1440 2490 1472 2517 ad
1486 2498 1545 2525 cap.
1562 2499 1644 2518 xxxv:
1669 2490 1719 2520 Ge-

936 2539 1019 2570 nesis,
1032 2538 1057 2571 ,ᾖ
1074 2537 1117 2568 56,
1139 2537 1183 2563 ubi
1203 2536 1242 2563 sic
1259 2536 1358 2562 habet:
1374 2535 1436 2567 Τοῖς
1456 2535 1504 2570 μὲν
1524 2536 1587 2571 περὶ
1603 2536 1717 2564 ’Δκὺλαν

935 2585 982 2611 καὶ
994 2583 1139 2619 Σύμμαχον
1157 2581 1293 2617 Φουτιψὰρ
1311 2581 1418 2616 εἴρηται
1433 2582 1461 2607 ἐν
1475 2580 1560 2616 τούτῳ
1573 2581 1611 2616 τῷ
1626 2582 1715 2618 τόπῳ·

935 2631 963 2656 ἐν
976 2629 1005 2656 δὲ
1019 2629 1057 2664 τῷ
1072 2629 1156 2664 ἑτέρῳ
1167 2627 1346 2662 Φουρτιφαρέ.
1364 2627 1418 2652 Καὶ
1428 2628 1444 2661 ἡ
1463 2626 1511 2661 μὲν
1523 2627 1569 2653 τοῦ
1584 2628 1716 2662 παρόντος

934 2675 1062 2710 ὀνόματος
1075 2674 1206 2710 ἑρμηνεία
1218 2673 1381 2708 παράκειται
1394 2673 1426 2707 τῇ
1441 2671 1512 2703 λέξει
1522 2680 1528 2687 ·
1542 2673 1558 2708 ἠ
1570 2672 1599 2699 δὲ
1610 2671 1716 2704 ἔκθεσις

932 2721 979 2748 τοῦ
1003 2721 1098 2756 ἐτέρου
1111 2721 1140 2746 ὲν
1155 2721 1211 2750 τοῖς
1229 2719 1291 2754 ἑξῆς
1307 2720 1441 2754 (pave-iur
1456 2718 1481 2745 id
1498 2723 1539 2745 est
1556 2726 1562 2744 :
1580 2717 1677 2752 Aquila
1689 2722 1715 2744 et

933 2766 1106 2801 Symmachus
1133 2764 1281 2798 Phutipltar
1305 2765 1428 2791 dixerunt
1451 2764 1498 2790 hoc
1523 2762 1591 2795 loco,
1611 2763 1637 2789 in
1659 2762 1715 2790 alio

933 2817 1020 2839 autem
1032 2810 1209 2845 Plturtipliare
1223 2818 1231 2837 :
1246 2811 1380 2846 presenti;
1392 2818 1450 2838 vero
1462 2810 1573 2837 nominis
1585 2809 1716 2844 interpru
