1902 3049
196 103 232 132 55

195 207 339 242 explicatio
351 210 377 236 in
390 210 554 245 sequentibus
565 211 755 240 declarabitur.
769 213 838 242 Hinc
853 221 893 244 est
907 217 980 251 quod

195 254 223 281 in
255 255 448 283 vetustissimis
476 258 690 293 manuscriptis,
719 260 790 288 unde
817 263 980 296 praecipuam

196 300 378 336 Hexaplorum
398 307 503 337 partem
525 306 722 339 excerpsimus,
737 307 789 334 illm
808 309 979 343 propriorum

195 349 336 375 nominum
360 348 557 377 chraicorum
584 351 821 386 interpretationes
837 355 863 381 iu
879 356 981 390 margi—

195 394 276 422 nibus
289 400 436 422 occurrant
449 404 456 429 ;
471 401 500 422 ut
514 398 631 432 exempli
648 405 741 431 causa,
757 399 784 426 in
795 401 980 429 vetustissimo

194 439 241 467 illo
253 441 345 468 codice
358 441 538 474 Coisliniano,
553 444 598 477 qui
618 444 717 472 unciali
734 446 866 480 quadrato
885 447 980 474 chara-

194 491 266 514 ctere
277 487 396 522 scriptus
412 493 463 521 est,
480 496 511 515 ac
526 490 594 517 sexti
611 491 653 518 vel
676 492 782 526 septimi
807 494 898 520 saculi
919 502 980 522 esse

192 536 315 566 putatur,
330 533 362 560 ad
385 533 492 568 singula
508 534 563 562 fere
584 536 694 563 nomina
714 538 823 572 propria
845 539 978 572 ejusmodi

192 579 304 612 notulze,
319 579 372 606 vim
385 585 412 606 et
426 581 617 616 etymologiam
634 582 751 610 nominis
765 583 926 616 indicantes,
937 593 979 613 re-

192 625 351 659 periuntur;
372 626 445 652 verbi
462 627 559 661 gratia,
579 628 644 663 ὲδὲμ
656 637 662 643 ·
680 628 706 655 in
723 637 820 664 marg.,
835 630 977 667 αἵμασιςῆ

191 670 292 706 τρυφὴ,
306 676 406 705 septum
422 676 468 698 aut
480 672 598 707 voluptas
609 683 616 706 ;
629 674 728 705 Φισὼν,
742 676 828 710 στόμα
841 676 934 712 κόρης,
948 685 977 704 os

191 715 303 749 puellm;
316 716 426 748 Εὑιλὰτ,
439 717 579 752 omnm,
594 720 755 752 parturivit;
769 720 855 756 Γηὼν,
870 721 976 756 στῆθος,

192 767 301 795 pectus;
325 762 463 794 Αἰθιοπία,
487 764 627 796 σκότωσις,
651 766 848 799 obtenebralio;
871 769 975 804 Τίγρις,

192 808 303 844 ἁρπαγὴ
320 809 336 843 ἢ
355 809 528 842 ταπείνωσις,
552 812 647 846 rapina
671 818 718 840 aut
742 813 909 846 humiliatio;
925 815 977 841 Εὐ-

865 110 1127 141 ΡΒΑΞΜΜΙΝΑΒΙΔ

196 163 264 190 ratio
276 163 333 190 uoci
343 164 447 199 adjacet
463 165 499 199 (id
514 170 555 193 est
569 166 596 193 in
612 168 755 203 margine),
772 169 881 196 alterius
893 177 981 198 autem
995 176 1018 203 Α
1033 172 1114 199 nibus
1137 173 1264 201 collocari
1291 184 1297 201 :

1788 122 1823 151 56

1325 183 1480 211 quanquam
1508 178 1535 206 id
1564 179 1677 208 minime
1702 186 1820 210 constet.

1035 217 1096 245 Haec
1110 219 1209 252 quippe
1226 219 1313 246 solum
1330 221 1477 249 divinando
1489 223 1605 252 dicimus
1621 235 1628 252 :
1646 225 1735 253 donec
1748 227 1821 254 enirn

1035 262 1127 296 aliqua
1141 263 1182 290 vel
1194 264 1297 291 tantilla
1311 272 1373 299 pars
1384 265 1575 302 Hexaplorum,
1587 275 1617 297 ut
1628 270 1706 298 initio
1719 272 1820 307 scripta

1033 306 1155 341 fuerunt,
1169 315 1184 334 e
1201 310 1318 338 tenebris
1335 313 1485 345 emerserit,
1502 318 1532 340 ut
1544 313 1602 348 jam
1617 315 1751 350 diximus,
1766 317 1809 352 ple

1033 361 1095 380 nam
1111 354 1311 391 perfectamque
1326 357 1434 386 illorum
1459 361 1584 388 notitiam
1607 362 1746 397 expiscari
1766 371 1821 392 non

1032 399 1194 428 valebimus.

1033 455 1078 483 IX.
1113 456 1208 484 Utrum
1236 459 1356 501 Qﬂgenis
1381 463 1686 501 tempore_Samaritani
1706 470 1732 493 et
1757 465 1820 501 Syri

1244 495 1342 523 ercaa
1356 495 1484 524 versione:
1499 499 1608 532 fuerint.

1066 537 1202 571 Quaeritur
1217 548 1281 568 num
1304 541 1444 578 Origenes,
1466 545 1509 572 vel
1525 545 1547 572 si
1562 546 1609 581 qui
1626 547 1671 574 alii
1687 547 1715 574 in
1735 547 1819 575 Com-

1032 585 1173 613 mentariis
1187 585 1214 613 in
1233 586 1399 623 Scripturam
1416 589 1581 618 Samaritani
1603 596 1631 619 et
1646 592 1707 627 Syri
1723 592 1819 620 lectio-

1031 637 1080 657 nes
1095 630 1187 659 Gra‘ce
1202 633 1394 667 adhibuerunt,
1410 643 1457 663 eas
1472 644 1504 663 ex
1519 636 1691 664 Samaritana
1707 643 1734 664 et
1749 637 1818 673 Syra

1030 678 1166 711 versione,
1183 679 1229 707 ubi
1253 688 1321 715 opus
1337 681 1388 709 fuit
1403 682 1497 710 Grmce
1511 685 1716 718 expresserim;
1733 692 1769 712 an
1784 692 1818 712 ex

1031 723 1121 758 aliqua
1138 724 1302 753 Samaritani
1317 733 1344 754 et
1359 727 1418 764 Syri
1434 729 1526 757 Gr-mca
1540 731 1728 763 translatione,
1741 733 1818 766 prius

1030 769 1172 804 adornata,
1200 774 1315 801 mutuati
1339 775 1402 802 sint.
1429 775 1549 803 Graecam
1577 775 1816 804 Samaritanorum

1029 816 1181 844 versionem
1198 818 1282 846 fuisse
1298 820 1387 847 innuit
1405 820 1584 855 Epiphanius,
1602 829 1665 848 cum
1680 822 1720 849 ait
1736 821 1818 858 Sym-

192 854 308 889 φράτης,
325 855 487 890 ηὐξημένος,
504 862 598 883 auctus
607 866 618 889 ;
639 858 733 893 Ἀδὰμ,
749 859 879 895 γηγενὴς,
894 860 910 896 ἦ
933 860 969 887 ἄνι

1031 861 1168 894 machum,
1183 867 1214 889 ut
1228 854 1463 891 Samaritanorum
1476 865 1715 900 interpretationes
1737 873 1747 893 ε
1758 874 1819 893 ver-

191 898 309 934 θρωπος,
322 900 338 935 ἡ
360 900 434 935 χοῦς,
452 903 593 937 terrigena,
607 907 654 929 aut
676 904 763 936 homo,
777 909 823 930 aut
839 905 933 940 pulvis.
947 905 979 932 Et

191 945 293 972 similes
309 945 378 973 bene
392 947 484 974 multa:
497 957 504 974 :
516 956 632 982 quarum
644 957 691 976 eas
706 951 794 977 solum
811 959 872 985 quae
886 952 979 979 melio-

190 990 229 1016 ris
243 995 314 1018 notae
327 991 391 1019 visae
408 998 472 1020 sunt
484 993 510 1020 in
527 993 643 1022 decursu
659 996 751 1030 operis
765 997 955 1025 adnotavimus
968 1007 975 1031 ;

190 1035 258 1062 alias
269 1040 358 1063 autem
375 1037 449 1064 nullo
464 1038 606 1072 dispendio
622 1040 719 1074 negligi
735 1048 816 1075 posse
830 1041 975 1076 duximus;

191 1085 247 1107 tum
273 1082 336 1116 quia
359 1090 455 1118 magna
477 1091 541 1118 pars
564 1092 658 1111 earum
683 1085 709 1112 in
734 1086 803 1113 libro
832 1086 976 1114 Nominum

191 1125 386 1154 Heln-uicorum
401 1135 466 1156 casa
486 1134 548 1163 est;
565 1134 620 1156 tum
643 1131 723 1158 etiam
739 1133 802 1166 quia
818 1133 975 1168 hujusmodi

188 1174 360 1208 etymologize
387 1175 548 1210 plerumque
571 1176 653 1209 leves,
680 1177 791 1205 detorta:
821 1179 977 1214 nulliusque

188 1219 266 1253 pretii
283 1225 356 1247 sunt.
372 1222 496 1248 Aliarum
509 1229 571 1248 vero
582 1223 800 1257 adnotationum,
816 1232 885 1260 quas
899 1226 976 1253 initio

187 1265 336 1293 editionum
353 1267 521 1302 singularum
542 1267 685 1303 Origenem
707 1271 832 1304 posuisse
854 1271 975 1299 subindi-

187 1316 231 1339 cat
256 1312 408 1346 Eusebius,
433 1315 579 1342 admodum
603 1317 768 1352 deploranda
792 1317 899 1352 jactura
921 1324 972 1348 est.

186 1356 254 1384 Nam
270 1358 305 1384 ibi
317 1359 446 1386 editionis
459 1360 592 1395 cujusque
604 1362 745 1390 historiam
759 1364 865 1391 texebat
881 1370 907 1392 et
919 1373 974 1400 quo

187 1400 248 1427 loco
274 1408 379 1435 reperta
399 1402 495 1430 fuisset
514 1405 661 1434 indicabat.
675 1406 743 1434 Illud
763 1415 827 1435 vero
844 1409 974 1437 damnum

187 1445 250 1472 licet
264 1445 432 1481 Epiphanius
446 1449 472 1475 in
489 1449 558 1476 libro
583 1450 619 1477 De
633 1453 792 1486 ponderibus
807 1459 831 1480 et
845 1457 974 1482 mensuris

187 1496 327 1527 utcunque
341 1494 484 1522 sarciverit
496 1516 503 1528 ,
520 1502 549 1523 at
562 1497 645 1524 multa
662 1499 773 1527 miscuit
785 1500 829 1526 ille
840 1507 973 1536 notasque

186 1543 338 1573 temporum
355 1540 536 1574 labefactavit,
550 1547 579 1569 ut
593 1543 717 1578 pluribus
729 1544 798 1572 infra
820 1546 934 1574 dicetur.

186 1595 254 1624 VIII.
274 1598 315 1623 An
332 1596 498 1638 Samaritani
511 1603 536 1638 et
550 1598 616 1638 Syri.
625 1599 748 1628 lectiones
761 1602 790 1628 in
807 1603 970 1638 marginibus

415 1633 595 1667 Hexaplorum
608 1635 743 1663 locaverit.

219 1676 385 1705 Samaritani
406 1684 433 1706 et
447 1679 507 1714 Syri
520 1680 651 1709 lectiones
665 1682 692 1708 in
708 1683 877 1718 marginibus
894 1689 970 1711 vetu-

184 1722 368 1750 stissimorum
390 1725 597 1760 exemplarium,
622 1735 683 1762 quae
706 1727 888 1763 Hexaplorum
912 1730 970 1757 fra-

184 1774 292 1802 gmenta
304 1770 443 1802 exhibent,
456 1779 574 1806 persaepe
584 1773 774 1807 observantur;
786 1775 845 1810 Syri
859 1775 968 1810 quidem

184 1813 211 1838 in
230 1813 368 1849 plerisque
392 1815 539 1850 Scriptura:
558 1818 648 1851 libris;
670 1818 834 1847 Samaritani
854 1828 918 1848 vero
941 1821 967 1847 in

181 1857 369 1888 Pentateucho
394 1866 499 1889 tantum
517 1872 524 1890 :
547 1864 593 1890 ubi
609 1872 662 1891 non
685 1865 869 1900 infrequenter
885 1867 968 1894 inter-

182 1907 349 1939 pretationes
381 1907 545 1935 Samaritani
580 1911 799 1945 animadvertas,
831 1912 967 1940 interdum

181 1950 264 1984 solas,
278 1953 379 1986 saepius
399 1961 460 1980 cum
484 1955 599 1981 aliorum
615 1955 790 1990 interpretum
806 1956 966 1984 lectionibus

180 1998 303 2026 collatas.
329 1999 397 2026 Cum
427 2005 519 2027 autem
548 2000 599 2028 illa:
628 2000 792 2028 Samaritani
823 2002 964 2034 lectiones,

179 2051 233 2071 non
258 2046 284 2072 in
306 2046 421 2073 vetustis
441 2047 582 2074 codicibus
601 2052 717 2080 tantum,
731 2048 778 2074 sed
794 2049 874 2074 etiam
893 2048 964 2082 apud

178 2089 272 2118 Patres
290 2092 392 2126 quarti,
409 2093 497 2127 quinti
512 2098 539 2120 et
553 2094 724 2128 sequentium
741 2094 904 2121 saeculorum
918 2101 965 2122 oc-

178 2143 301 2170 currant,
318 2139 460 2173 probabile
483 2146 549 2165 sane
572 2139 679 2166 videtur
703 2140 791 2174 ipsum
820 2139 963 2174 Origenem

985 1531 1006 1560 C

1030 911 1106 940 teret,
1121 908 1228 936 tertiam
1248 909 1366 937 edidisse
1385 910 1601 938 translationem.
1618 910 1686 938 Nam
1701 911 1730 939 id
1745 912 1768 939 si
1783 912 1818 939 de

1029 950 1201 981 Samaritana
1228 954 1471 990 interpretatione,
1504 955 1677 984 Samaritano
1707 957 1816 992 vulgari

1028 998 1156 1026 idiomate
1179 999 1261 1033 facta,
1288 1001 1401 1036 intelligi
1426 1001 1562 1036 quispiam
1589 1003 1745 1036 contendat,
1766 1011 1817 1030 cur

1028 1039 1218 1079 Symmachus,
1233 1046 1301 1074 inter
1314 1046 1502 1076 Samaritanos
1515 1048 1704 1080 doctissimus,
1719 1054 1749 1076 ut
1765 1048 1817 1075 tri-

1026 1090 1129 1117 bulium
1148 1098 1260 1118 suorum
1285 1091 1486 1120 Samaritanam
1504 1094 1711 1121 translationem
1736 1102 1816 1121 ever-

1026 1139 1094 1162 teret
1117 1140 1144 1163 et
1166 1136 1328 1170 confutaret,
1344 1138 1465 1166 Graecam
1484 1141 1739 1174 interpretationem
1756 1139 1816 1167 edi-

1025 1181 1113 1208 derit?
1134 1181 1213 1209 Certe
1237 1184 1350 1211 omnino
1374 1190 1588 1213 consentaneum
1614 1186 1723 1213 videtur
1749 1194 1814 1213 eum

1025 1226 1146 1254 Graecam
1167 1228 1321 1256 versionem
1342 1231 1469 1264 edidisse,
1485 1237 1515 1259 ut
1530 1240 1589 1260 eam
1603 1232 1683 1259 alteri
1699 1231 1814 1264 (ἔνεικε,

1024 1280 1084 1307 qum
1098 1278 1156 1300 erat
1170 1273 1416 1309 Samaritanorum,
1433 1282 1588 1312 opponeret.
1603 1276 1665 1305 Haec
1681 1284 1750 1304 sane
1764 1277 1815 1304 oh-

1021 1318 1106 1352 jectio
1119 1319 1266 1346 admodum
1280 1321 1396 1355 urgebit,
1408 1322 1429 1348 si
1448 1327 1537 1349 tamen
1553 1330 1615 1349 vera
1629 1323 1684 1349 sint
1701 1330 1765 1357 quae
1779 1322 1815 1349 de

1024 1362 1178 1398 Symmachi
1199 1372 1260 1391 cum
1287 1364 1465 1394 Samaritanis
1496 1367 1611 1395 dissidio
1637 1373 1733 1396 narrat
1747 1368 1814 1403 Epi-

1023 1409 1140 1443 phanius
1154 1419 1159 1436 :
1174 1418 1236 1437 nam
1250 1411 1310 1445 ejus
1324 1412 1478 1440 testimonio
1491 1421 1544 1440 non
1557 1414 1672 1441 multum
1686 1414 1811 1441 ﬁdimus.

1023 1455 1057 1482 At
1074 1462 1128 1482 non
1145 1455 1244 1482 desunt
1258 1457 1310 1483 alia
1325 1463 1494 1492 argumenta,
1513 1460 1612 1493 quibus
1628 1460 1654 1487 id
1666 1467 1812 1487 common-

1025 1504 1140 1533 stretur;
1165 1509 1228 1528 nam
1255 1510 1288 1529 cx
1312 1503 1378 1537 ipsis
1402 1503 1579 1532 Samaritana).
1602 1506 1731 1533 editionis
1752 1506 1811 1533 fra-

1024 1547 1139 1579 gmentis
1153 1548 1287 1582 arguitur,
1300 1557 1331 1576 ea
1347 1556 1379 1575 ex
1399 1550 1489 1584 aliqua
1511 1551 1687 1579 translatione
1712 1551 1810 1579 Graeca

1021 1591 1164 1628 desumpta
1192 1593 1277 1621 fuisse
1304 1604 1311 1621 :
1339 1595 1467 1622 nimirum
1492 1596 1577 1624 Exodi
1600 1605 1698 1631 xxvm,
1725 1598 1754 1630 4,
1783 1602 1812 1625 et
1847 1594 1857 1603 ⁸

1021 1635 1108 1663 Levit.
1127 1645 1186 1671 vtu,
1202 1638 1230 1671 9,
1245 1646 1298 1666 vox
1321 1638 1452 1667 llebraica
1473 1645 1581 1673 nsum,
1604 1642 1697 1676 mitra,
1719 1643 1761 1670 sic
1782 1643 1810 1670 in

1021 1681 1193 1711 Samaritana
1218 1685 1345 1712 versione
1372 1686 1542 1720 exprimitur,
1566 1688 1674 1722 πήλιον,
1693 1689 1808 1723 ρὶιεαηυ.

1020 1727 1078 1755 Vox
1091 1734 1180 1756 autem
1194 1730 1289 1765 πήλιος
1304 1735 1351 1758 aut
1365 1730 1462 1765 πίλιος,
1477 1740 1540 1759 nam
1555 1733 1674 1768 idipsum
1687 1739 1742 1767 est,
1759 1743 1811 1769 pro

1018 1774 1112 1808 pileus,
1136 1775 1192 1809 jam
1216 1783 1231 1803 a
1245 1775 1391 1804 Plutarcho
1414 1783 1543 1812 usurpata
1565 1779 1783 1814 deprehenditur
1801 1791 1808 1809 ε

1019 1819 1091 1846 unde
1101 1820 1254 1854 colligimus
1267 1821 1386 1849 Graecam
1404 1822 1637 1852 Samaritanorum
1650 1828 1810 1854 versionem

1019 1865 1091 1892 illam
1114 1875 1260 1901 usurpasse
1284 1875 1333 1902 pro
1350 1869 1429 1895 mitra
1445 1871 1486 1897 vel
1503 1871 1589 1898 cidari
1613 1873 1809 1906 exprimenda.

1018 1910 1111 1945 Neque
1124 1912 1196 1939 enim
1214 1913 1375 1947 cogitaverit
1388 1914 1521 1948 quispiam
1535 1923 1629 1943 vocem
1644 1917 1810 1951 hujusmodi

1018 1956 1250 1985 Latino-Graecam
1267 1959 1293 1985 in
1306 1959 1431 1986 versione
1446 1960 1536 1995 aliqua
1550 1962 1810 1991 Samaritana-Vul-

1017 2003 1073 2037 gari
1098 2004 1226 2030 idiomate
1238 2005 1400 2032 concinnata
1414 2005 1503 2033 locant
1518 2007 1658 2041 habuisse,
1675 2016 1740 2036 cum
1757 2010 1811 2037 ho-

1016 2048 1109 2074 dierna
1125 2048 1359 2076 Samaritanorum
1372 2051 1460 2077 versio
1475 2053 1647 2087 perautiqua,
1667 2058 1697 2080 ut
1712 2056 1810 2082 existi-

1016 2100 1116 2128 matur,
1134 2096 1212 2130 longe
1229 2097 1301 2123 aliud
1312 2097 1445 2124 exhibeat.
1459 2097 1492 2125 Et
1503 2098 1589 2127 Exod.
1604 2108 1665 2135 cap.
1680 2109 1720 2136 vt,
1735 2103 1765 2137 ᾗ.
1777 2103 1807 2136 2,

1015 2149 1109 2168 vocem
1125 2145 1185 2171 mn?
1198 2142 1236 2169 ait
1250 2141 1433 2170 Theodoretus
1447 2144 1473 2170 in
1498 2144 1673 2174 Samaritana
1686 2149 1809 2182 exprimi

177 2183 308 2211 lectiones
325 2185 385 2211 illas
407 2184 572 2211 Samaritani
589 2185 616 2212 in
637 2186 759 2221 margine
780 2185 961 2220 Hexaplorum
979 2205 1001 2231 υ
1018 2188 1089 2220 ιαϐέ,
1108 2189 1171 2222 quia
1191 2188 1314 2215 videlicet
1330 2189 1368 2215 sic
1385 2190 1456 2216 illam
1471 2197 1644 2225 expresserat
1662 2194 1711 2228 qui
1727 2194 1808 2222 Grae—

176 2231 312 2264 posuisse.
338 2229 411 2257 Idem
435 2238 517 2265 porro
539 2231 684 2259 dicendum
698 2232 804 2259 videtur
825 2232 858 2258 de
881 2231 960 2266 Syro,

175 2277 255 2311 cujus
269 2277 504 2311 interpretationes
516 2279 618 2312 passim
631 2277 839 2312 rcperiuuturin
852 2277 960 2310 Genesi,

174 2329 201 2350 et
219 2322 324 2355 Exodo,
341 2323 367 2350 in
383 2323 500 2351 Psalmis
514 2324 589 2357 item,
607 2324 633 2350 in
648 2323 776 2355 Ieremia,
793 2324 818 2350 in
834 2323 960 2356 Threuis;

174 2370 245 2404 apud
271 2369 437 2396 Ezechielem
464 2370 557 2401 etiam,
584 2370 721 2397 Danielem
746 2375 772 2396 et
794 2369 872 2397 Osee.
899 2369 961 2404 Syri

173 2423 256 2450 porro
273 2416 401 2443 lectiones
416 2416 567 2443 aﬂ‘eruntur
581 2417 615 2443 ab
629 2417 746 2445 Eusebio
758 2416 931 2446 Caesariensi,
946 2422 961 2440 a

174 2462 292 2490 Diodoro
302 2461 428 2490 Tarsensi
442 2462 627 2497 frequentius;
644 2463 678 2488 ah
693 2462 810 2489 Eusebio
820 2461 958 2493 Emiseno,

172 2508 347 2544 Hieronymo,
357 2508 526 2536 Theodorcto
540 2513 566 2535 et
579 2509 651 2536 aliis.
663 2508 795 2542 Quodque
808 2508 959 2534 notandum

171 2557 223 2585 est,
245 2552 326 2578 iidem
350 2553 524 2587 maximeque
546 2552 692 2583 Diodorus,
709 2552 807 2587 Syrum
826 2561 887 2579 cum
907 2552 959 2579 He-

170 2598 244 2624 brazo
267 2605 337 2632 saepe
357 2598 528 2633 conjungunt
542 2598 593 2625 hoc
614 2602 705 2632 pacto,
726 2598 754 2624 ὐ
776 2597 860 2632 Σύρος
884 2598 930 2624 καὶ
944 2599 958 2624 ό

176 2642 309 2678 Ἑὸραίος,
331 2643 383 2675 vel,
415 2644 443 2669 '0
474 2643 597 2678 Ἐϐραῖος
620 2643 667 2668 καὶ
692 2643 706 2668 ὁ
730 2643 826 2678 Σύρος,
848 2643 958 2677 quando

169 2689 272 2716 scilicet
284 2689 428 2716 amborum
442 2689 679 2723 interpretationes
693 2690 869 2721 conveniunt,
884 2689 956 2723 quod

168 2741 240 2768 saepe
262 2734 405 2769 contingit.
423 2733 470 2760 Han
491 2741 574 2768 porro
590 2734 730 2766 lectiones,
747 2735 857 2768 perinde
875 2739 956 2769 atque

169 2777 335 2806 Samaritani
361 2780 396 2806 ab
423 2778 551 2813 Origene,
567 2779 776 2813 diligentissimo
798 2780 955 2808 versionum

169 2823 323 2857 collectore,
342 2828 491 2858 potuerunt
508 2824 589 2850 etiam
612 2824 638 2851 in
657 2823 838 2860 llexaplorum
853 2825 955 2860 margiu

1015 2240 1074 2259 cam
1097 2231 1331 2259 Samaritanorum
1355 2234 1508 2261 versionem
1530 2236 1685 2264 adornavit.
1709 2238 1809 2274 Neque

1013 2277 1085 2304 enim
1099 2278 1155 2305 haec
1167 2278 1240 2304 varia
1253 2278 1342 2311 lectio,
1359 2279 1399 2305 vel
1412 2288 1444 2305 ex
1459 2281 1631 2309 Samaritano
1650 2283 1808 2319 Scriptura}

1014 2326 1099 2353 textu,
1117 2323 1156 2348 vel
1178 2330 1211 2349 ex
1231 2321 1400 2350 Samaritana
1417 2323 1576 2352 Samarttice
1587 2326 1728 2361 descripta
1743 2338 1808 2356 ver—

1013 2367 1089 2393 sione
1111 2366 1221 2401 decerpi
1242 2372 1362 2401 poterat,
1387 2369 1431 2395 ubi
1455 2369 1552 2404 legitur
1578 2371 1718 2407 hodieque
1741 2380 1806 2405 rem

1013 2412 1072 2438 sine
1089 2413 1256 2439 discrimine.
1276 2413 1303 2439 Si
1319 2414 1380 2447 quis
1395 2415 1462 2442 alias
1475 2417 1502 2441 in
1520 2415 1707 2446 Pentateucho
1722 2428 1738 2447 a
1758 2429 1807 2449 no-

1012 2457 1054 2485 bis
1073 2458 1166 2485 allatas
1188 2458 1352 2486 Samaritaui
1381 2460 1535 2494 interpretis
1562 2462 1695 2491 lectiones
1719 2474 1807 2494 accu-

1011 2507 1069 2530 rate
1083 2504 1241 2538 perpendat,
1255 2511 1287 2530 ex
1302 2503 1405 2537 Graeca,
1418 2505 1445 2531 ni
1463 2505 1555 2539 fallor,
1571 2507 1806 2543 interpretatione

1010 2549 1167 2583 desumptas
1183 2557 1243 2576 esse
1254 2550 1445 2584 deprehendet.

1046 2594 1100 2621 Nec
1120 2594 1203 2621 oilicit
1226 2595 1290 2621 huic
1313 2600 1412 2622 nostrae
1433 2597 1553 2630 opinioni
1575 2604 1640 2626 nota
1669 2604 1804 2636 quaedam

1008 2638 1088 2666 Num.
1104 2648 1162 2674 cap.
1174 2648 1234 2672 xnl,
1249 2640 1276 2674 ᾗ.
1294 2640 1319 2673 1,
1331 2648 1401 2674 quae,
1415 2647 1443 2667 ut
1459 2643 1587 2677 arbitror,
1601 2644 1732 2680 Origenis
1747 2654 1803 2682 est,

1009 2686 1053 2712 ubi
1070 2693 1131 2712 cum
1143 2686 1268 2720 quaedam
1288 2685 1424 2719 praeferret
1439 2687 1628 2718 Samaritanus
1643 2691 1745 2720 Biblior
1755 2703 1803 2722 um

1008 2736 1098 2759 textus
1111 2739 1144 2758 ex
1161 2731 1373 2758 Deuteronomio
1394 2731 1547 2767 desumpta.
1567 2736 1663 2763 eadem
1687 2738 1749 2772 ipsa
1773 2747 1805 2768 se

1008 2777 1100 2804 Graece
1117 2777 1289 2804 transtulisse
1307 2777 1465 2805 testiﬁcatur
1479 2778 1621 2815 Origenes,
1641 2787 1669 2809 et
1684 2785 1803 2818 quidem

1007 2825 1088 2853 modo
1103 2824 1137 2852 ad
1149 2824 1295 2852 editionem
1309 2822 1380 2851 LXX
1396 2827 1614 2855 accommodato.
1629 2828 1648 2856 δι
1665 2831 1716 2858 καὶ
1729 2830 1807 2860 αὐτὰ
