1902 3049
84 100 115 127 31
681 103 714 129 IN
735 102 894 130 HEXAPLA
913 102 1083 130 OlllGENlS.
1662 109 1697 137 33

86 158 168 187 Exto‘u
179 158 235 186 τῶν
250 159 432 195 Σαμαρειτῶν
451 161 594 196 Ἐϐραῖκοῦ
607 162 788 196 μετεσάλομεν
801 170 859 188 κατ-

921 161 988 189 Hinc
1000 169 1081 196 porro
1095 161 1135 189 sic
1148 166 1276 195 arguatur
1290 172 1296 190 :
1312 163 1334 191 si
1349 171 1399 191 vox
1413 163 1457 191 illa
1470 164 1484 190 6
1496 164 1580 200 Σύρος
1594 167 1697 196 versio-

85 205 199 240 αλλήλως
219 207 252 240 τῇ
276 205 330 232 τῶν
344 207 370 232 (γ
384 207 518 245 ἑρμηνείᾳ
528 208 560 242 τῇ
574 207 603 232 ἐν
619 206 657 242 τῷ
669 208 868 243 Δευτερονομίῳ

84 251 227 288 φερομένῃ.
238 251 298 279 Non
309 253 381 279 enim
395 253 440 280 hic
449 254 538 288 agitur
551 254 582 281 de
592 254 761 281 Samaritana
777 254 866 288 aliqtta

84 297 272 330 translatione,
290 299 336 325 sed
353 299 386 326 de
403 300 463 334 ipso
480 304 553 327 textu
576 300 725 327 Bibliorum
750 299 867 327 Samari-

83 349 145 371 tano
168 345 231 371 libri
249 346 443 379 Numerorum,
459 347 503 374 ttbi
526 347 606 374 etiam
633 347 713 374 hodie
736 347 817 374 multa
832 355 866 374 ex

84 390 296 419 Deuteronomio
308 393 435 427 decerpta
451 394 637 428 reperiuntur:
650 402 710 428 quae
725 399 754 421 ut
767 402 866 428 reprae-

83 442 202 465 sentaret
224 437 367 473 Origenes,
383 447 476 467 eorum
492 441 740 476 interpretationem
758 450 788 469 ex
804 450 865 469 vcr-

82 483 155 510 sione
164 484 220 510 τῶν
229 486 267 517 0',
279 489 308 512 ut
324 486 350 512 in
365 486 574 514 Deuteronomio
582 493 650 520 erat,
664 493 804 515 mtttuatus
812 494 862 516 est.

115 531 152 559 De
166 532 248 567 Syro,
265 533 344 568 cujus
361 533 515 568 frequentes
529 534 658 562 lectiones
673 535 699 561 in
715 535 815 567 multis,
834 540 864 562 ut

81 586 160 613 supra
187 580 317 612 diximus,
337 580 485 615 Scripturte
506 581 584 607 libris
604 586 760 614 occurrunt,
777 582 863 616 major

79 631 120 653 est
136 626 291 654 dilﬁcnltas.
310 627 386 655 Licet
402 628 474 654 enim
500 629 584 656 multa
608 629 723 656 suadere
746 630 861 664 possint,

81 673 164 700 fuisse
179 673 245 700 olim
262 673 383 701 Grmcam
399 675 603 702 translationem
619 683 652 702 ex
674 676 797 702 versione
813 675 862 711 Sy-

79 718 150 745 riaca
173 719 379 750 concinnatam,
395 727 454 746 cam
470 726 566 753 nempe
580 727 640 754 quae
653 721 667 746 6
682 719 767 756 Σύρος
780 728 862 747 voca-

78 769 122 790 tur
135 772 149 790 a
162 764 317 797 veteribus;
330 764 383 791 alia
396 769 484 792 tamen
500 769 564 792 sunt
579 773 638 799 qua:
652 766 685 792 ab
698 766 748 793 hac
760 766 862 801 ample-

76 809 172 836 ctenda
193 809 327 837 sententia
349 809 510 837 deterreant.
521 809 592 836 Sane
608 810 641 837 de
656 811 779 838 versione
792 819 860 845 qua—

75 855 137 881 dam
161 855 257 882 Graeca
275 856 316 891 agi
331 856 437 882 videtur
454 855 550 884 Ezech.
569 864 628 888 vut,
645 856 687 889 16,
705 857 749 884 ubi
769 865 860 885 vocem

75 891 145 929 ειθπκ
162 901 249 935 Syrus
264 902 400 935 κιγκλίδα,
422 901 448 928 id
465 907 505 929 est
522 902 676 933 camellam,
700 903 778 930 vertit
799 912 806 930 :
825 903 860 929 ibi

75 951 153 973 vetus
167 947 341 979 seholiastes,
361 948 388 974 '0
403 947 487 983 Σύρος
501 948 549 984 τὴν
564 949 687 982 κιγκλίδα
702 949 787 981 καλεῖ,
801 949 861 984 ἣτις

73 992 184 1026 λέγεται
199 993 275 1026 παρὰ
296 994 352 1024 τοῖς
368 993 475 1024 πολλοῖς
490 993 636 1026 κάγκελλον
646 1002 652 1008 “
671 994 696 1020 id
711 998 761 1023 est.
779 994 860 1027 Syrus

73 1038 215 1065 cinclidem
227 1042 313 1069 vocat,
326 1046 385 1074 quin
398 1039 466 1072 apud
481 1039 576 1066 multos
596 1039 694 1065 dicitur
705 1039 860 1066 camellam.

74 1081 125 1110 Ubi
141 1091 194 1110 vox
216 1083 343 1117 κιγκλίδι
360 1084 468 1110 nonnisi
482 1091 515 1111 ex
537 1084 660 1111 versione
675 1084 767 1111 Grteca
789 1085 860 1112 sumi

72 1129 197 1162 potuisse
223 1129 340 1156 videtur.
368 1129 400 1156 Et
417 1129 529 1157 Genesis
552 1138 647 1163 xxxtx,
669 1130 697 1161 2,
720 1130 786 1157 illud
803 1134 860 1160 tam

70 1167 164 1205 nﬁyu
177 1176 214 1202 ait
236 1175 371 1202 Diodorus
383 1175 481 1211 Syrum
494 1175 605 1203 vertisse
617 1176 687 1212 ἀνὴρ
704 1177 861 1203 κατευοδού-

72 1230 164 1256 μενος,
175 1222 372 1254 Symmachum
381 1228 471 1250 autem
477 1222 659 1258 εὐοδούμενος.
669 1223 793 1258 Aquilam
800 1232 861 1249 χατ-

70 1267 264 1302 ευθυνόμενος,
280 1266 350 1294 LXX
367 1267 569 1303 ἐπιτυγχάνων·
587 1276 647 1302 qua:
670 1269 860 1296 translationes

71 1313 185 1339 unicum
202 1312 322 1340 efferunt
343 1321 466 1342 sensum.
482 1320 578 1347 nempe
602 1321 768 1347 prosperous.
793 1312 861 1341 Hinc

71 1365 163 1388 autem
189 1360 257 1394 qttid
281 1360 392 1394 colligas
416 1359 498 1392 aliud,
519 1359 571 1386 nisi
585 1360 727 1386 lectionem
744 1359 805 1394 Syri
827 1367 859 1387 ex

71 1407 200 1433 versione
215 1406 311 1434 Greca
326 1406 496 1440 desumptam
513 1406 605 1433 fuisse.
629 1405 696 1432 Nam
713 1406 736 1433 si
761 1405 860 1433 Diodo-

71 1460 130 1485 rus,
151 1453 196 1480 vel
221 1452 246 1479 is
270 1452 317 1487 qui
337 1453 444 1487 pritnus
463 1452 522 1488 Syri
546 1453 675 1479 lectiones
693 1452 810 1487 collegit,
825 1460 858 1479 cx

918 216 979 235 ttetn
996 208 1117 235 Graecam
1133 216 1166 235 ex
1184 208 1252 244 Syro
1275 209 1372 238 factam
1390 212 1498 244 indicet,
1517 213 1575 247 pari
1593 214 1697 242 ratione

917 261 969 280 vox
990 254 1034 280 illa
1047 255 1062 280 6
1078 254 1200 289 Ἐϐραῖος
1215 256 1363 283 versionem
1381 257 1498 291 aliquam
1516 266 1549 284 ex
1564 258 1697 287 Hebraico

917 300 1007 326 Gnece
1028 300 1125 326 factant
1146 300 1330 335 signiﬁcabit:
1354 306 1382 329 at
1404 303 1550 330 verisintile
1577 312 1629 331 non
1655 311 1698 333 est

916 345 1072 380 hujusmodi
1098 346 1250 373 versionem
1274 346 1307 373 ab
1321 347 1382 375 aliis
1405 349 1532 376 omttibtts
1550 341 1697 384 Scriptura;

916 391 1185 424 interpretationibus
1207 391 1342 419 diversam
1355 394 1502 421 exstitisse.
1525 395 1642 423 Aliunde
1655 401 1696 423 tuo

915 443 976 462 men
998 436 1056 463 loca
1079 436 1168 463 afferri
1194 442 1319 470 possunt,
1341 438 1397 465 sive
1423 438 1483 474 Syri
1508 445 1613 468 tantum
1635 449 1697 469 esse

914 480 1048 512 dicantur,
1065 482 1121 508 sive
1136 481 1239 509 Hebraei
1255 487 1336 517 atque
1359 483 1429 518 Syri,
1448 493 1508 519 quae
1524 494 1556 513 ex
1572 487 1696 514 versione

914 528 1003 562 aliqua
1011 527 1103 554 Graeca
1116 528 1274 562 deprompta
1287 529 1420 556 videntur.
1429 529 1474 557 Sic
1486 530 1608 559 Jercmia:
1619 541 1695 568 xxxi,

912 582 992 601 versu
1017 574 1044 607 2,
1063 574 1106 601 ubi
1135 574 1162 601 in
1187 573 1298 602 llebtreo
1323 576 1418 610 legitur
1431 580 1470 618 ῙΠ,
1485 581 1512 604 et
1526 576 1595 603 LXX
1612 578 1694 605 inter-

912 620 1008 655 pretati
1033 625 1096 647 sunt
1120 619 1229 655 θερμὸν,
1254 620 1380 653 calidum,
1400 621 1496 656 Aquila
1523 630 1597 655 vero,
1617 623 1695 659 Synt-

913 667 1025 695 macltus
1045 671 1072 694 ct
1095 666 1243 693 Theodotio
1268 667 1347 702 χάριν
1372 673 1488 702 vertunt,
1509 668 1695 698 Theodoretus

912 713 969 741 haec
994 713 1086 744 habet,
1101 713 1130 739 τὸ
1145 712 1254 748 Θερμὸν,
1276 714 1290 739 6
1309 714 1393 749 Σύρος
1412 714 1460 740 καὶ
1475 715 1489 740 6
1518 715 1639 750 Ἐϐραῖος
1654 717 1693 742 ol-

911 759 1036 794 κτιρμὸν,
1060 758 1223 785 τεθείκασιν·
1241 759 1266 786 id
1283 764 1333 791 est,
1357 760 1482 792 calidum,
1508 760 1590 795 Syrus
1616 767 1694 796 atque

914 805 1050 838 Hebra'us,
1062 806 1266 837 miserationem,
1281 812 1433 841 posuerunt.
1451 807 1482 834 Et
1495 808 1592 837 l‘Tzcch.
1607 817 1692 841 xxvtt,

912 850 956 883 Ἡ,
971 851 1017 878 ttbi
1040 851 1067 877 in
1085 850 1198 878 Hebraeo
1222 851 1318 886 legitur
1333 845 1426 882 ηεήῃ
1444 845 1578 886 Dme,
1596 854 1692 889 Aquila

911 899 1002 930 vertit,
1017 898 1227 933 ὲγκατασκεύοις
1247 899 1421 934 εἱλήμμασιν,
1441 902 1598 927 constructis
1618 902 1692 928 inro.

911 945 993 971 lucris
1004 953 1013 976 ;
1025 944 1215 980 Symmachus,
1228 946 1346 979 pretiosis
1363 946 1521 977 involucris;
1531 946 1693 982 Theodotio,

912 991 940 1016 ἐν
962 990 1085 1026 μακαλὶμ
1103 991 1149 1017 καὶ
1169 990 1283 1025 γαλιμὰ,
1308 992 1334 1018 in
1365 992 1505 1018 mac/talim
1532 998 1556 1019 et
1581 994 1691 1028 galima.

912 1036 1097 1064 Theodoretus
1119 1043 1184 1063 vero
1205 1035 1265 1072 Syri
1286 1037 1426 1064 lectionem
1445 1038 1521 1065 affert
1535 1038 1576 1065 his
1592 1040 1693 1074 verbis,

911 1082 939 1108 ὲν
956 1082 1124 1118 ἀποκρύφοις
1146 1082 1253 1108 σκεύεσι
1266 1091 1272 1097 ·
1288 1082 1359 1109 οὕτω
1371 1083 1425 1118 γὰρ
1437 1083 1483 1109 καὶ
1502 1084 1516 1110 6
1530 1084 1613 1120 Σύρος
1631 1085 1693 1121 νοή-

911 1137 960 1160 σας
971 1129 1156 1164 ἡρμήνευσεν·
1173 1129 1200 1155 id
1216 1134 1267 1160 est,
1282 1129 1315 1156 In
1331 1131 1440 1156 occultis
1464 1132 1533 1157 vasis
1548 1139 1556 1157 :
1569 1132 1606 1157 ita
1622 1132 1691 1158 enim

911 1174 1055 1208 intelligens
1072 1174 1154 1208 Syrus
1173 1175 1320 1202 transtulit.
1342 1174 1373 1201 Et
1387 1176 1483 1202 Ezeclt.
1499 1184 1557 1210 cap.
1575 1185 1690 1209 xxxvttt,

910 1220 937 1253 ᾖ.
950 1220 977 1251 2,
991 1221 1036 1246 ιιιιί
1045 1221 1142 1255 legitur
1155 1226 1226 1260 qum
1237 1226 1311 1253 tvm,
1323 1226 1395 1248 notat
1410 1221 1605 1253 Theodoretus,
1619 1222 1655 1249 Τὸ
1662 1223 1691 1249 δὲ

916 1265 983 1297 Ῥὼς
1000 1266 1119 1301 κεφαλὴν
1132 1267 1146 1292 6
1156 1266 1239 1301 Σύρος
1251 1267 1430 1301 ἡρμήνευσεν,
1447 1267 1493 1293 καὶ
1507 1268 1520 1293 ὁ
1540 1267 1651 1299 Ἀκύλας
1662 1268 1691 1294 δὲ

910 1311 1030 1347 κεφαλὴν
1044 1311 1135 1346 Mosz
1153 1312 1184 1338 τὺ
1205 1312 1271 1343 Ῥὼς
1284 1312 1376 1347 Μοσὸχ
1392 1313 1578 1348 ἡρμήνευε-εν·
1598 1314 1623 1340 id
1637 1319 1689 1348 est,

911 1357 993 1392 Syrus
1007 1357 1058 1384 Ras
1072 1362 1150 1391 caput
1169 1358 1372 1392 interpretatur;
1391 1363 1415 1385 et
1432 1359 1528 1394 Aquila
1544 1360 1624 1386 etiam
1638 1359 1689 1387 Ilo!

911 1404 1028 1436 Mosoch,
1053 1409 1131 1438 caput
1158 1403 1275 1437 Mosoch,
1291 1405 1487 1439 interpretatur.
1514 1405 1553 1432 lbi
1568 1413 1632 1432 vero
1649 1405 1690 1440 S.,

911 1449 991 1482 LXX,
1008 1449 1071 1482 Th.,
1090 1448 1157 1480 Ῥὼς
1173 1450 1265 1485 Μοσόχ
1277 1450 1443 1485 interpretati
1458 1456 1529 1479 sunt.

70 1498 186 1534 Syriaco
211 1499 287 1526 fonte
304 1498 378 1533 ipsas
398 1499 528 1533 petiisset,
552 1498 698 1533 Grateeque
723 1498 858 1530 vertisset,
873 1503 894 1532 c
946 1494 1008 1521 HtP-C
1018 1502 1083 1521 sane
1099 1495 1168 1526 1003.
1184 1499 1210 1521 ει
1225 1496 1277 1522 alia
1298 1495 1376 1529 longe
1397 1496 1472 1529 illum
1490 1504 1550 1531 quae
1571 1497 1692 1532 PFOiOl'l‘e

70 1553 213 1580 nunquam
241 1552 308 1571 sane
332 1545 475 1582 lectionem
499 1544 631 1577 Graecam,
652 1544 712 1572 aliis
733 1545 860 1573 omnibus

69 1591 346 1625 interpretationibus
364 1598 542 1626 synonymam
563 1591 709 1625 posuisset,
730 1596 761 1618 ut
782 1599 859 1618 com-

69 1637 227 1664 mentitium
237 1636 382 1664 discrimen
398 1636 545 1664 exhiberet.
557 1635 615 1663 Vox
627 1636 725 1671 quippe
737 1635 858 1672 Syriaca,

68 1690 132 1716 qua:
158 1682 229 1709 verti
254 1685 361 1716 poterat
384 1681 622 1717 κατευοδούμενος,
650 1689 727 1716 [ιιι]υο
754 1686 859 1717 poterat

69 1728 161 1754 εὐοδού
167 1736 258 1762 μενος,
274 1733 301 1754 et
315 1727 554 1762 κατευθυνόμενος,
568 1732 595 1754 et
614 1728 799 1762 ἐπιτυγχάνων
812 1735 859 1755 ex-

69 1774 166 1807 plicati
185 1783 191 1800 :
213 1781 303 1806 neque
314 1773 387 1799 enim
406 1773 593 1800 tenuissimum
615 1773 680 1800 illud
700 1773 857 1806 discrimen,

70 1820 144 1854 quod
160 1819 233 1846 inter
249 1819 297 1846 has
314 1818 423 1846 Graecas
438 1826 518 1846 voces
535 1819 686 1852 intercedit,
702 1819 727 1845 in
747 1818 858 1854 Syriaco

70 1864 254 1891 animadverti
282 1867 397 1898 poterat.
422 1863 485 1891 Haec
506 1869 532 1891 et
555 1864 663 1895 similia,
689 1872 750 1898 quae
771 1864 858 1898 quivis

71 1910 221 1937 observare
239 1909 335 1943 possit,
352 1909 474 1936 Graecam
489 1909 606 1943 aliquam
623 1908 707 1936 fuisse
728 1909 857 1944 Syrorum

71 1955 227 1982 versionem
251 1955 374 1982 indicare
397 1955 532 1982 videntur.
558 1955 657 1982 Verttm
682 1963 737 1982 non
761 1956 859 1983 desunt

70 2000 196 2034 exempla
212 2000 265 2026 alia
282 2008 342 2034 qua:
356 1999 421 2027 huic
437 1999 556 2034 opinioni
571 2000 709 2027 adversari
722 1999 856 2033 videntur,

71 2050 102 2071 ut
116 2050 158 2072 est
173 2046 240 2072 illud
255 2053 288 2072 ex
307 2045 422 2080 Didymo
436 2045 503 2072 Gen.
526 2054 584 2079 vttt,
608 2046 633 2078 7,
661 2045 689 2072 '0
710 2045 793 2081 Σύρος
809 2046 858 2081 οὐχ

70 2091 172 2125 ὀμεῖως
187 2092 220 2126 τῇ
241 2091 396 2126 Ἑλληνικῇ·
419 2091 492 2126 λέγει
511 2091 574 2126 γὰρ,
588 2090 767 2125 ὑπέστρεψε,
784 2092 830 2118 καὶ
844 2093 858 2118 ὁ

76 2137 202 2173 Ἐὃραῖιις
211 2146 218 2152 ·
236 2138 261 2164 id
272 2143 323 2170 est,
335 2137 416 2172 Syrus
429 2146 479 2164 non
491 2137 600 2164 similent
614 2137 711 2164 Graeca:
722 2138 857 2164 lectionem

71 2184 149 2210 habet
160 2204 168 2215 ,
187 2184 256 2210 dicit
270 2185 351 2216 enim,
364 2191 490 2211 reversus
512 2188 561 2216 est,
577 2188 605 2210 ut
616 2188 640 2210 et
655 2183 790 2211 Hebrtzus.
803 2183 857 2210 Cur

71 2230 142 2257 dicat
153 2230 255 2265 Syrum
268 2237 322 2256 non
342 2229 457 2256 similem
475 2229 574 2256 Graaczze
589 2229 731 2257 lectionem
748 2230 856 2261 habere,

73 2276 94 2301 si
108 2275 166 2309 ipse
188 2274 279 2310 Syrus
292 2274 385 2301 Graece
396 2274 558 2308 loquebatur
574 2275 600 2302 in
617 2275 742 2302 versione
755 2283 787 2302 ex
804 2282 856 2309 qua

73 2320 210 2347 hodierna:
234 2319 393 2354 hujusmodi
411 2319 540 2347 lectiones
557 2319 674 2347 collecta
689 2324 753 2347 sunt
769 2329 775 2347 :
792 2327 858 2347 sane

75 2375 132 2393 cum
147 2366 281 2402 Didymus
296 2366 421 2393 Graecum
447 2365 515 2401 Syro
536 2370 665 2400 opponat,
681 2365 762 2392 lectio
775 2373 856 2400 quam

76 2411 148 2439 affert
169 2421 203 2439 ex
220 2412 279 2446 ipsa
297 2411 409 2446 Syriaca
426 2411 549 2438 versione
563 2411 707 2445 desumpta
720 2415 746 2437 et
767 2410 858 2438 Graece

76 2466 149 2486 versa
165 2459 252 2486 fuisse
265 2458 385 2484 videtur.
402 2456 502 2484 Verum
517 2457 581 2484 ltuic
591 2462 750 2492 argumento
764 2457 858 2491 reponi

77 2511 168 2539 potest,
184 2506 229 2532 hic
242 2504 343 2540 Syrum
360 2503 425 2536 dici,
442 2511 495 2530 nott
511 2504 584 2538 quod
602 2504 659 2530 haec
675 2503 763 2530 versio
779 2503 856 2539 Syra,

79 2551 119 2578 sed
133 2552 203 2586 quod
215 2551 250 2578 ab
264 2551 414 2584 interprete
427 2549 504 2584 Syro,
521 2549 613 2576 Graece
628 2557 676 2584 pro
689 2548 774 2584 Syris,
787 2549 858 2576 facta

79 2602 158 2630 esset;
183 2596 301 2632 parique
328 2595 412 2622 modo
442 2594 597 2629 Ἑλληνικὴν
621 2594 674 2621 dici
700 2593 857 2626 editionem,

81 2650 131 2675 qua:
142 2643 175 2670 ab
189 2643 343 2676 interprete
358 2640 452 2667 Graeco
466 2640 535 2667 facta
556 2640 654 2667 fuerat.
670 2639 749 2666 Aliud
768 2645 856 2666 autent

81 2689 195 2719 occurrit,
208 2685 286 2723 quod
302 2685 421 2712 fortasse
432 2685 518 2719 magis
533 2689 644 2719 urgeat:
661 2684 794 2712 Eusebius
805 2684 859 2712 Cm-

78 2734 194 2762 tarieusis
215 2738 434 2765 nonnunquam,
447 2735 474 2757 et
488 2730 622 2758 Diodorus
646 2729 788 2758 Tarsensis
805 2730 859 2757 fre-

76 2780 245 2814 quentissime
271 2776 384 2804 Hebraei
407 2782 434 2802 et
457 2775 516 2811 Syri
533 2776 662 2803 lectiones
682 2776 759 2811 quasi
776 2784 858 2803 unam

78 2826 251 2860 alleruut,hac
261 2822 411 2861 praemissa
422 2826 500 2849 nota:
510 2822 538 2848 Ὀ
549 2822 671 2857 Ἐὃραῖος
681 2822 726 2848 καὶ
739 2823 752 2848 6
763 2822 855 2856 Σύρος.

911 1547 1063 1574 possemus,
1079 1541 1230 1568 versionem
1247 1541 1365 1576 aliquam
1381 1542 1501 1569 Graecam
1516 1550 1549 1570 ex
1568 1542 1635 1578 Syro
1651 1544 1692 1570 fa-

910 1590 979 1612 ctam
994 1585 1113 1613 i-dicare
1124 1585 1250 1613 videntur
1267 1607 1273 1613 .
1288 1594 1375 1621 neque
1391 1587 1462 1614 enim
1479 1586 1556 1615 facile
1569 1588 1692 1616 credide-

909 1631 960 1657 rim
981 1631 1126 1665 scriptores
1148 1631 1207 1659 illos
1228 1637 1511 1668 commentatoresque
1526 1638 1629 1662 veteres
1644 1635 1691 1669 qui

911 1675 971 1710 Syri
995 1675 1054 1703 loca
1071 1675 1197 1709 aﬂ‘erunt,
1217 1676 1257 1703 vel
1276 1676 1430 1711 Origenem,
1446 1679 1492 1713 qui
1509 1678 1623 1707 fortasse
1640 1680 1690 1707 has

910 1721 971 1757 Syri
998 1722 1235 1756 interpretationes
1261 1722 1288 1749 in
1314 1715 1481 1758 marginibus
1507 1724 1690 1760 Hexaplorum

909 1768 1040 1802 posuerit,
1058 1768 1196 1803 Syriacam
1213 1769 1299 1803 ipsam
1318 1770 1470 1797 versionem
1486 1778 1541 1805 prie
1565 1772 1691 1800 tttattibus

909 1822 1016 1849 semper
1030 1815 1168 1846 habuisse,
1184 1820 1208 1842 et
1225 1816 1284 1842 loca
1300 1824 1360 1850 quae
1372 1817 1406 1843 ab
1424 1817 1484 1844 aliis
1498 1818 1691 1853 interpretibus

908 1863 1098 1897 discrepabunt
1119 1862 1300 1891 transtulisse.
1314 1863 1391 1896 Quod
1413 1869 1502 1892 tamen
1519 1873 1572 1892 non
1592 1866 1627 1893 ita
1642 1874 1691 1893 cx-

908 1910 1042 1944 ploratum
1058 1917 1118 1936 esse
1133 1909 1260 1940 arbitror,
1274 1913 1304 1936 ttt
1317 1915 1375 1936 tuto
1394 1909 1527 1937 aﬂirmare
1542 1911 1654 1944 possint.

943 1955 1020 1988 Quod
1046 1956 1142 1982 attinet
1160 1955 1193 1982 ad
1211 1955 1340 1982 lectiones
1370 1955 1430 1982 illas
1446 1963 1507 1989 qua:
1524 1955 1691 1990 frequentis-

909 2001 987 2033 sime,
1004 2001 1054 2028 hac
1079 2000 1188 2035 prtelixa
1210 2005 1283 2032 nota,
1318 2001 1347 2026 '0
1367 2000 1500 2036 Ἐϐραῖος,
1532 2006 1690 2032 occurrunt,

908 2050 1011 2073 certum
1026 2046 1134 2080 quidem
1163 2050 1204 2072 est
1232 2045 1292 2072 illas
1312 2052 1364 2071 non
1378 2053 1438 2072 esse
1465 2046 1579 2080 Aquilae,
1596 2052 1690 2074 contra

908 2100 990 2126 quant
1004 2091 1127 2118 nonnulli
1144 2091 1266 2118 arbitrati
1285 2095 1357 2124 sunt,
1382 2097 1412 2118 ut
1437 2092 1526 2118 statim
1541 2092 1692 2126 deprehen-

908 2138 953 2166 det
966 2138 989 2164 is
1003 2139 1049 2172 qui
1066 2137 1136 2164 hanc
1161 2137 1344 2172 Hexaplorum
1374 2137 1559 2165 collectionem
1581 2146 1691 2173 percur—

908 2189 958 2211 ret.
973 2183 1039 2211 Nam
1061 2184 1220 2219 plerumque
1247 2184 1378 2219 contingit
1402 2190 1431 2211 ut
1451 2190 1511 2219 post
1522 2185 1629 2212 allatam
1644 2185 1689 2211 τοῦ

915 2230 1039 2265 Ἐϐραὶου
1068 2230 1333 2264 interpretationem,
1358 2237 1421 2257 mox
1455 2235 1583 2265 sequatur
1612 2231 1691 2258 lectio

908 2274 1022 2309 Aquilae,
1037 2274 1071 2301 ab
1081 2282 1113 2301 ea
1129 2276 1209 2309 longe
1228 2275 1344 2302 diversa.
1356 2275 1484 2310 Alioquin
1498 2276 1551 2308 ille,
1565 2276 1690 2311 quisquis

909 2321 1014 2348 tandem
1027 2319 1117 2351 fuerit,
1135 2319 1273 2353 Hebrmus,
1301 2329 1353 2347 tton
1372 2325 1426 2347 tam
1441 2321 1598 2355 scrupulose
1609 2321 1689 2348 verba

908 2373 1043 2400 vocesque
1068 2366 1189 2400 singulas
1214 2370 1333 2393 sectatur
1347 2374 1428 2400 quam
1451 2366 1558 2401 Aquila.
1585 2365 1690 2393 Hebraei

908 2419 989 2446 porro
1004 2411 1111 2438 nomine
1124 2411 1234 2446 intclligi
1254 2410 1369 2438 fortasse
1390 2416 1505 2446 possuttt
1521 2411 1624 2438 Hebraei
1650 2412 1690 2438 illi

909 2456 1045 2488 doctores,
1061 2456 1161 2490 quibus
1189 2456 1215 2482 in
1232 2455 1379 2490 Scripturis
1393 2457 1559 2491 explicandis
1575 2457 1690 2484 uteban-

909 2506 952 2528 tur
965 2506 1078 2531 vcteres,
1095 2502 1267 2535 ntaximeqne
1280 2501 1419 2536 Origenes,
1431 2502 1463 2529 de
1477 2510 1531 2536 quo
1543 2503 1580 2529 ait
1595 2502 1691 2530 Hiero-

909 2554 1006 2582 nymus
1018 2546 1146 2581 Apologia
1161 2547 1194 2572 ad
1211 2546 1332 2580 Rufinum
1348 2555 1355 2573 :
1375 2547 1428 2573 Nec
1442 2547 1610 2582 dedignatur,
1620 2547 1691 2575 Scri-

909 2598 1015 2627 pturam
1038 2593 1222 2626 interpretans,
1237 2601 1283 2626 per
1301 2593 1403 2628 singula
1416 2593 1472 2620 loca
1495 2594 1558 2628 quid
1573 2594 1689 2622 Hebrwis

910 2639 1028 2665 videatur
1046 2638 1168 2665 inserere.
1183 2638 1303 2666 Hebraeis
1315 2639 1378 2665 item
1398 2639 1554 2666 doctoribus
1571 2640 1613 2667 usi
1627 2643 1692 2667 sunt

910 2683 1053 2714 Eusebius,
1069 2682 1248 2718 Hieronymus
1261 2683 1370 2718 aliique.
1400 2683 1527 2718 Origenes
1543 2692 1617 2716 vero,
1631 2685 1690 2718 ‘qui

909 2728 1017 2756 Judatos
1028 2729 1182 2763 frequenter
1197 2729 1297 2762 adibat,
1326 2734 1354 2756 ut
1375 2730 1409 2757 de
1433 2729 1578 2765 Scriptura:
1602 2730 1690 2756 littera

909 2777 1077 2809 edoceretur,
1094 2776 1155 2804 inde
1168 2775 1323 2810 frequentes
1351 2775 1397 2801 τοῦ
1418 2775 1544 2811 Ἐϐραίου
1557 2776 1690 2809 interpre-

910 2820 1026 2849 tationes
1040 2821 1066 2848 in
1088 2821 1256 2858 marginibus
1280 2820 1461 2857 Hexaplorum
1477 2821 1544 2848 forte
1556 2820 1689 2856 posuerit.
