1902 3049
216 118 251 146 ιο
893 107 1156 140 ΡΒΕΕΙΜΙᾺΔΒΙΑ
1788 111 1791 114 ‘
1809 107 1846 133 ω

218 173 312 209 Seque
333 177 423 200 tamen
449 178 555 202 omnes,
574 177 635 205 quae
661 168 694 196 ad
710 176 761 197 nos
787 175 875 203 usque
889 168 1003 195 devene—
1018 170 1041 199 Α
1055 166 1182 201 scrupulo
1197 165 1269 193 dico.
1285 165 1452 198 Quibusdam
1464 163 1536 191 enim
1548 164 1575 190 in
1587 163 1668 194 locis,
1681 161 1803 189 maxime
1816 163 1845 189 in

219 225 293 252 runt,
319 218 367 246 τοῦ
385 217 509 253 Ἐϐραίου
537 216 668 243 lectiones
688 224 721 243 ex
737 215 854 250 Origene
878 221 1003 241 manasse

218 266 344 293 videnlur
361 273 368 290 :
383 271 444 291 nam
459 262 605 290 verisimile
618 266 659 288 est
671 260 829 292 Eusebium,
844 259 1002 290 Diodorum,

218 310 410 346 Hieronymum
437 314 464 336 et
485 308 554 335 alios
577 315 594 334 a
621 307 778 334 doctoribus
803 305 860 333 suis
883 304 1003 331 Hebraeis

217 356 285 383 alias
299 354 446 389 accepisse,
461 361 522 388 quae
535 352 651 379 fortasse
665 352 690 378 in
706 351 758 378 hac
769 351 928 378 collectione
939 356 1002 376 cum

217 401 388 438 Origenianis
408 400 546 436 permista:
561 402 635 426 sunt.
651 397 716 426 Haec
742 404 852 432 quoque
875 403 930 423 non
943 396 1003 423 sine

1057 212 1126 239 libro
1141 211 1202 243 Job,
1230 216 1284 238 tam
1302 211 1456 246 frequentes
1473 210 1571 237 adsum
1589 209 1692 237 Hebraei
1706 209 1847 243 interpre-

1055 258 1091 285 tis
1106 258 1245 288 lectiones,
1274 261 1305 284 ut
1329 256 1407 284 facile
1431 257 1502 283 credi
1528 256 1616 290 possit
1639 263 1686 283 eas
1701 255 1736 283 ab
1752 254 1846 289 aliqua

1054 304 1177 330 versione
1189 302 1282 330 Graeca
1310 303 1468 336 desumptas
1487 309 1557 328 esse.
1568 301 1670 336 'ltaque
1684 301 1774 328 donec
1788 300 1845 327 cla-

1054 349 1112 376 rius
1135 349 1282 383 quodpiam
1313 353 1434 375 veternm
1463 347 1651 375 testimonium
1682 355 1698 375 e
1724 347 1846 374 tenebris

1052 394 1243 427 emerserit,de
1256 394 1299 421 bis
1309 394 1418 422 nonnisi
1430 393 1590 421 hariolaudo
1599 393 1843 428 loquipossumus.

740 462 930 529 CAPUT
966 456 1309 528 SECUNDUM.

843 543 887 572 De
916 544 1003 572 textu
1033 540 1202 571 Hebraico.

215 594 235 621 Ι.
246 596 340 621 Tenus
350 595 494 622 Hebraicus.
505 596 530 619 in
542 595 660 627 Hexaplls
671 594 818 624 descriptus,
831 593 1014 627 idemgt‘at‘qui
1027 592 1231 627 bodier_nus,_.non
1249 595 1332 627 autem
1345 591 1502 627 priscusille
1512 592 1687 627 Samaritanus.
1699 592 1731 627 ll.
1753 591 1843 627 Speci-

245 628 310 651 tnina
322 627 432 658 quaedam
445 626 580 651 litterarum
589 623 894 658 Hébraicarumveterum.
903 624 944 658 lll.
953 624 988 648 Ex
999 623 1305 658 quarumdam_li_lterarutn
1316 623 1419 658 intr-rnse
1431 623 1591 658 similitudine
1603 624 1842 658 quantal‘ectionum

247 661 274 681 et
292 653 523 688 interpretationum
535 658 637 681 varietas
649 657 753 688 orlaisit.
769 655 807 679 IV.
830 656 866 680 De
883 655 964 686 prisco
978 655 1122 685 scripturam
1144 653 1287 678 Hebraicam
1300 654 1399 684 legendi
1422 660 1500 678 more.
1512 654 1540 679 V.
1557 654 1595 678 De
1606 653 1686 678 veteri
1699 653 1842 679 litterarum

244 687 454 720 pronuntiatione.
469 688 508 712 Vl.
520 687 556 712 De
570 687 693 712 vocalibus
705 687 877 711 Hebraeorum.

214 728 236 758 I.
254 729 352 757 Texta:
369 729 523 762 Hebrairus,
549 729 575 756 in
599 728 725 763 Hexaplit
748 727 1001 763 descriptumjdem

249 771 306 806 erat
317 766 362 799 qui
372 764 523 797 hodiernus,
539 772 591 791 non
608 761 697 790 autent
719 763 821 798 priscas
844 762 890 789 ille
906 761 1002 789 Sama-

251 806 365 827 manus.

250 844 395 878 Eusebius,
423 843 496 871 Hist.
510 844 587 876 κει,
609 843 656 870 lib.
683 851 722 876 vi,
747 842 785 870 ait
807 842 949 877 Origenem
966 841 999 868 ad

217 889 335 925 Hexapla
362 891 548 917 concinnanda
572 889 780 925 πρωτοτύπους,
796 888 854 915 sive
871 887 998 922 primige-

216 936 276 962 nias
286 940 313 962 ct
325 935 495 962 authenticas
506 934 680 961 Hebraeorum
693 934 843 968 scripturas
858 932 910 959 sibi
924 939 998 959 com-

217 989 336 1016 parasse,
357 981 406 1012 τάς
428 989 458 1007 τε
473 980 547 1016 παρὰ
567 980 621 1007 τῶν
652 979 784 1006 Ἰουδαίων
811 978 999 1014 ὲμφερομένας

217 1026 410 1062 πρωτστύπους
441 1026 532 1057 αὐτοῖς
553 1026 687 1061 Ἐὃραίων
709 1025 850 1060 στοιχείοις
877 1024 997 1060 γραφὰς,

215 1072 308 1107 κτῆμα
323 1071 386 1098 ἴδιον
401 1070 575 1106 ποιήσασθαι.
591 1069 643 1097 Ubi
658 1070 758 1104 Optime
772 1074 847 1096 notat
862 1069 998 1101 Valesius,

217 1117 362 1144 Eusebium
381 1125 465 1144 sacra:
477 1117 623 1151 Scriptura:
649 1116 756 1143 codices
778 1115 924 1142 chraicos
938 1115 998 1142 ideo

215 1161 408 1196 πρωτοτόκους
423 1162 478 1189 sive
489 1162 666 1196 primigenios
680 1168 788 1192 vccare,
804 1167 857 1186 non
868 1160 940 1195 quod
956 1167 999 1186 re-

215 1215 278 1236 vera
293 1214 384 1236 essent
397 1209 589 1243 primigeniutn
605 1207 742 1242 exemplar
757 1212 784 1233 et
798 1207 996 1241 autograpbum

214 1256 248 1283 ab
261 1255 345 1283 Esdra
363 1255 562 1289 conscriptum;
575 1253 621 1281 Sed
635 1253 826 1289 πρωτοτύπους
841 1257 867 1279 et
881 1253 997 1279 authen-

215 1304 283 1331 ticos
300 1303 435 1338 appellare
449 1302 651 1336 comparatione
665 1299 737 1328 facta
753 1308 814 1327 cuiu
828 1299 928 1326 Gramis
941 1299 998 1326 edi-

215 1351 346 1383 tionibus,
361 1355 415 1377 tam
428 1350 601 1384 Septuaginta
625 1349 812 1384 interpretum.
826 1355 907 1382 quam
929 1347 997 1374 alio-

215 1405 287 1428 rum,
301 1404 361 1430 ηυδε
384 1401 463 1423 erant
485 1396 722 1430 interpretationes
736 1395 769 1422 ad
791 1394 929 1428 exemplar
944 1392 997 1420 lle-

214 1442 336 1469 braicmn
350 1442 526 1469 concinnatae.
549 1441 641 1475 Neque
653 1442 715 1468 item
735 1442 884 1475 putandum
898 1444 949 1471 cst,
968 1443 997 1467 ut

215 1489 254 1515 vir
267 1488 376 1523 quidam
401 1488 499 1515 doctus
520 1488 712 1520 arbitrabatur,
731 1487 792 1514 illas
803 1486 997 1522 πρωτοτύπους

1054 724 1225 752 bibliothecis
1238 729 1422 757 asservantur,
1439 733 1492 752 non
1514 725 1660 752 admodum
1672 729 1787 753 remotae
1799 732 1842 752 ve

1055 771 1164 798 tustatis
1181 779 1250 802 esse,
1268 779 1424 806 paucosque
1439 771 1531 798 haberi
1545 772 1592 806 qui
1607 776 1738 806 superent
1753 779 1842 798 annos

1053 815 1278 850 quadringentos.
1303 815 1490 849 Antiquiorem
1517 817 1620 843 nullum
1650 816 1842 844 novimus-eo

1055 859 1230 887 Pcntateuchi
1250 860 1387 887 volumine
1410 859 1586 894 Bononiensi,
1614 861 1647 888 de
1673 868 1728 895 quo
1755 861 1842 888 multa

1051 904 1170 931 diximus
1185 904 1211 930 in
1228 904 1321 931 Diario
1337 903 1447 937 Italica,
1474 913 1500 939 p.
1516 906 1568 934 599
1580 910 1608 932 et
1624 905 1686 938 400,
1703 906 1778 940 quod
1792 914 1843 932 an-

1053 951 1096 977 nis
1109 951 1143 977 ab
1158 951 1220 977 hinc
1232 951 1438 986 quadringentis
1460 952 1590 986 magistro
1600 951 1704 979 ordinis
1717 951 1842 978 Domini-

1048 1005 1178 1024 canorum
1203 997 1356 1032 Aymerico,
1380 997 1458 1032 quasi
1482 998 1679 1032 autographum
1703 997 1808 1031 Esdm,
1823 1005 1839 1024 a

1048 1042 1148 1070 Iudaeis
1176 1043 1296 1070 oblatum
1319 1043 1380 1070 fuit.
1406 1043 1481 1070 Licet
1510 1047 1601 1070 autem
1622 1043 1839 1070 commentitiam

1049 1089 1206 1123 huiusmodi
1220 1093 1379 1116 vetustatem
1396 1097 1477 1116 nemo
1493 1090 1613 1124 prudens
1628 1090 1766 1122 admittat,
1791 1096 1839 1117 vc-

1050 1134 1164 1161 risimile
1179 1139 1269 1161 tamen
1282 1139 1324 1161 est
1340 1135 1443 1169 aliquot
1462 1139 1524 1162 ante
1547 1135 1662 1166 saeculis,
1677 1142 1761 1169 quant
1783 1135 1839 1170 Ay-

1049 1181 1167 1208 mericus
1181 1181 1325 1216 acciperet,
1341 1186 1481 1208 exaratum
1509 1181 1603 1208 fuisSe.
1622 1180 1649 1207 In
1666 1182 1741 1208 lusce
1756 1188 1838 1215 porro

1049 1227 1177 1253 omnibus
1192 1227 1333 1254 codicibus
1349 1228 1442 1254 eadem
1473 1227 1541 1262 ipsa,
1567 1235 1627 1261 quae
1651 1227 1678 1253 in
1696 1227 1838 1254 hodiernis

1049 1271 1153 1304 Bibliis,
1183 1272 1372 1299 cbaracterum
1398 1272 1486 1299 forma
1508 1272 1730 1306 deprehenditur,
1749 1272 1787 1299 ita
1809 1277 1838 1299 ut

1048 1317 1115 1343 nihil
1132 1317 1298 1345 discriminis
1325 1318 1486 1344 intercedat.
1509 1318 1585 1344 Alias
1604 1319 1768 1345 vetustiores
1781 1317 1836 1344 for-

1047 1370 1106 1389 mas
1119 1363 1304 1396 conspicimus
1318 1363 1345 1389 in
1360 1363 1458 1397 lapillis
1470 1363 1577 1390 duobus
1591 1363 1835 1396 Basilidianorum,

1047 1409 1093 1442 qui
1112 1416 1194 1443 penes
1210 1416 1252 1436 me
1263 1414 1336 1440 sunt,
1348 1407 1479 1435 chraico
1493 1409 1649 1436 charactere
1660 1409 1834 1443 conscriptis,

1047 1458 1073 1480 ct
1085 1453 1193 1488 quidem
1207 1454 1286 1481 tertio
1296 1454 1404 1481 circiter
1417 1455 1517 1481 Christi
1531 1454 1641 1486 saeculo,
1659 1459 1688 1482 ut
1701 1459 1815 1489 putatur
1827 1463 1834 1483 :

1047 1499 1104 1530 ubi,
1124 1505 1221 1533 praeter
1232 1507 1379 1534 paucarum
1397 1500 1545 1527 litterarum
1563 1500 1675 1535 figuras,
1689 1501 1733 1527 vix
1757 1500 1835 1527 aliud

213 1534 322 1570 γραφὰς
335 1542 396 1562 esse
410 1533 608 1580 Samarllflmm
636 1534 811 1580 δθτίβίντῗξην
835 1540 916 1567 quam
932 1531 994 1559 Ori'
1010 1545 1031 1574 C
1047 1531 1186 1579 quidpiam
1218 1531 1352 1580 expiscari
1385 1545 1496 1578 valcas;
1523 1550 1552 1572 ut
1584 1531 1716 1580 contingit
1749 1546 1835 1574 etiam

213 1588 305 1615 gentes.
323 1580 457 1607 Eusebius
471 1585 498 1607 et
509 1579 690 1614 Hieronymus
707 1579 742 1605 ab
757 1578 930 1605 Hebrzeorum
948 1585 995 1613 pe-

213 1625 351 1654 ritissimis
362 1625 460 1659 edocti,
476 1626 593 1660 priscam
607 1633 669 1653 esse
690 1625 883 1652 llebraicorum
899 1624 995 1651 charu-

212 1677 316 1699 cterum
332 1671 446 1698 formam
467 1676 632 1698 asseverant.
652 1669 718 1697 Nam
743 1669 860 1697 dilucide
877 1673 904 1697 et
921 1670 993 1696 nulla

213 1717 357 1744 verborum
379 1717 492 1752 ambage
518 1717 557 1743 ait
583 1716 717 1744 Eusebius
738 1723 785 1743 eas
812 1722 874 1742 esse
890 1715 995 1742 litteras

211 1771 273 1798 qua
288 1763 358 1798 apud
372 1763 480 1790 Judzeos
501 1762 737 1790 circumferuntur.
754 1762 832 1789 Tunc
847 1769 912 1788 vero
928 1766 995 1788 tetu-

211 1809 286 1843 poris
299 1809 481 1836 certissimum
498 1813 549 1840 est,
567 1809 717 1843 refragante
739 1809 860 1840 nemine,
882 1806 995 1834 llcbrai-

212 1861 306 1880 carum
322 1854 519 1888 scripturarum
531 1853 704 1880 characteres
725 1853 834 1879 eosdem
851 1852 936 1880 fuisse
947 1852 993 1887 qui

213 1899 241 1926 in
256 1898 397 1926 hodiernis
421 1898 516 1928 Bibliis
542 1897 680 1926 llebraicis
697 1899 839 1926 habentur.
857 1896 916 1926 Non
939 1906 993 1933 quo

211 1944 293 1972 velim
318 1952 352 1971 ne
369 1944 504 1971 tantillum
526 1944 634 1979 quidem
659 1944 824 1971 discriminis
847 1944 917 1971 inter
933 1944 993 1971 illas

211 1994 316 2017 veteres
329 1995 356 2016 et
373 1989 518 2017 bodiernas
533 1989 728 2021 intercessisse,
744 1989 779 2015 ita
802 1994 832 2016 ut
847 1997 880 2016 ne
891 1989 932 2016 vel
943 1989 994 2016 mi-

211 2037 285 2064 nima
297 2036 410 2064 mutatio
422 2037 448 2063 in
463 2036 545 2063 ullam
563 2035 752 2062 llebraicarum
767 2035 917 2062 litterarum
934 2043 995 2062 suos

212 2082 336 2110 cessione
353 2087 503 2117 temporum
523 2082 665 2116 importata
688 2081 777 2108 fuerit.
796 2081 849 2108 Sed
872 2081 932 2108 dico
957 2082 993 2108 ita

211 2127 320 2154 easdem
334 2135 404 2159 esse,
421 2131 451 2154 ut
465 2127 602 2154 modicum
617 2135 631 2153 a
646 2127 735 2161 prisca
766 2126 853 2154 forma
877 2134 995 2154 recesse-

211 2173 276 2199 rint.
295 2171 462 2205 Querebatur
477 2173 542 2200 olim
560 2172 738 2208 Hieronymus
751 2173 785 2200 de
799 2172 992 2200 llebraicarum

211 2218 362 2246 litterarum
385 2219 515 2253 parvitate
539 2219 621 2246 nimia
640 2228 646 2246 2
673 2219 780 2246 Accedit
809 2219 907 2254 (inquit
926 2218 992 2245 Pro-
1010 2216 1030 2243 ι)

211 2263 274 2298 logo
288 2271 349 2298 cap.
367 2271 412 2295 xx,
425 2264 453 2289 in
471 2263 642 2298 Ezecltielem)
658 2264 692 2290 ad
709 2264 777 2291 hanc
798 2264 917 2291 dictandi
931 2264 994 2297 diffi-

212 2308 348 2339 cultatem,
376 2309 456 2343 quod,
481 2309 655 2343 caligantibus
682 2309 766 2335 oculis
784 2313 923 2341 senectute,
943 2308 994 2334 ali-

210 2351 273 2386 quid
293 2352 485 2378 sustinentibus
503 2353 570 2378 beati
586 2351 673 2384 Isaac,
688 2353 722 2379 ad
736 2360 892 2378 nocturnum
906 2353 992 2378 lumen

210 2404 374 2431 nequaquam
384 2396 516 2422 valeamus
532 2396 703 2424 llebra’orum
720 2397 853 2423 volumina
868 2396 990 2430 relegere,

208 2450 268 2477 qua;
288 2443 368 2468 etiam
379 2442 413 2469 ad
425 2443 488 2469 solis
500 2443 602 2477 dieique
614 2442 741 2477 fulgorem
756 2443 906 2468 litterarum
919 2441 992 2467 nobis

208 2489 339 2523 parvitate
353 2494 495 2516 cmcantur.
511 2488 576 2521 Qua:
602 2489 717 2515 fortasse
736 2489 769 2515 de
791 2487 993 2521 exemplaribus

209 2539 314 2562 tantum
328 2533 483 2570 Hieronymi
498 2535 610 2570 intelligi
627 2534 735 2561 debent.
747 2533 882 2560 Credibile
894 2533 993 2568 quippe

209 2587 249 2608 est
284 2581 354 2616 apud
388 2580 531 2613 Hebraeos,
571 2581 680 2616 perinde
714 2586 794 2614 atque
827 2580 897 2614 apud
930 2580 993 2607 reli—

208 2635 277 2661 quas
289 2627 363 2654 orbis
376 2628 509 2660 nationes,
535 2627 700 2661 exemplaria
723 2626 847 2661 quaedam
875 2626 990 2660 minore,

209 2674 261 2700 alia
277 2681 340 2700 vcro
355 2673 457 2706 majore
467 2673 616 2700 litterarum
635 2673 721 2700 forma
740 2673 874 2708 descripta
895 2673 989 2701 fuisse.

243 2717 275 2744 ll.
294 2719 445 2752 Specrmiua
467 2719 587 2752 quwdam
603 2718 752 2745 litterarum
767 2717 960 2745 Hebraicarum

538 2759 660 2779 veterum.

243 2797 353 2824 Certum
370 2797 483 2824 habetur
495 2798 564 2832 apud
581 2798 713 2831 eruditos,
728 2797 874 2826 Hebraicos
889 2799 991 2826 Biblion

208 2851 269 2870 rum
295 2843 401 2872 codices
422 2844 634 2879 manuscﬁptos.
653 2846 700 2880 qui
731 2846 758 2874 in
772 2846 854 2875 variis
875 2846 988 2881 Europa!

1046 1591 1154 1626 quando
1168 1591 1290 1618 Abraxca
1307 1591 1462 1625 bujusmodi
1488 1591 1610 1626 symbola
1623 1591 1716 1619 Graece
1729 1591 1834 1620 deserit:

1046 1641 1090 1671 pta
1108 1641 1183 1668 sunt,
1202 1645 1263 1671 qua:
1290 1637 1335 1663 vis
1359 1637 1409 1671 legi
1429 1645 1544 1671 raroque
1568 1638 1681 1673 intelligi
1704 1644 1832 1673 possunt.

1050 1680 1248 1715 Subjungimus
1263 1685 1352 1708 autem
1366 1681 1539 1716 alphabetum
1552 1681 1712 1709 Hebraicum
1728 1690 1764 1710 ex
1779 1691 1832 1710 ms.

1046 1725 1103 1752 RR.
1119 1726 1171 1753 PP.
1188 1726 1353 1753 lesuitarum
1367 1727 1471 1760 collegii
1486 1726 1614 1755 Ludovici
1629 1728 1731 1763 Magni;
1745 1729 1793 1756 ubi
1804 1729 1833 1757 itt

1045 1773 1116 1800 libro
1128 1773 1299 1801 Threnorum
1320 1773 1444 1800 Jcremize
1465 1773 1615 1801 litterarum
1627 1774 1713 1801 forma
1729 1775 1833 1810 pluries

1045 1818 1198 1853 depingitur
1209 1827 1223 1845 a
1234 1819 1400 1853 calligrapho
1410 1819 1504 1846 Graeco
1514 1828 1522 1852 ;
1533 1820 1579 1848 sed
1595 1820 1631 1846 ita
1647 1820 1831 1856 indiligenter.

1045 1870 1142 1893 utnon
1160 1873 1251 1892 secum
1267 1866 1324 1900 ipse
1337 1866 1498 1898 consentiat,
1519 1870 1546 1892 et
1569 1873 1630 1892 cum
1651 1865 1722 1893 idem
1736 1867 1833 1902 alpha‘

1045 1911 1136 1939 betum
1152 1912 1256 1945 repetit,
1272 1919 1287 1938 a
1304 1912 1395 1946 priore
1411 1920 1492 1947 quam
1509 1916 1637 1947 posuerat
1657 1911 1746 1940 forma
1760 1921 1831 1948 saepe

1045 1957 1175 1984 deﬂectat.
1186 1956 1225 1983 Ex
1233 1957 1267 1984 iis
1275 1965 1339 1984 vero
1351 1958 1446 1985 formis
1454 1965 1501 1985 eas
1511 1957 1660 1991 delegimus
1669 1965 1731 1991 quae
1744 1959 1831 1994 magis

1046 2002 1236 2030 adlitterarum
1246 2001 1436 2030 Hebraicarum
1447 2003 1561 2038 ﬁguram
1572 2002 1748 2030 accedebant.

1226 2056 1339 2113 κκά
1533 2051 1639 2113 5/7

1228 2131 1340 2183 2:1
1529 2134 1645 2199 εξ)

1228 2201 1338 2260 λδ
1531 2216 1644 2270 uti

1227 2276 1327 2336 τις
1530 2284 1642 2330 οι)

1225 2353 1338 2405 nn-
1531 2359 1640 2413 νγ

1229 2425 1327 2493 ‘J
1529 2426 1641 2491 εἳ)

1225 2508 1328 2565 τρ
1527 2508 1639 2574 πί

1222 2585 1328 2668 nlla
1526 2591 1636 2668 P9

1219 2657 1332 2714 mla
1525 2657 1640 2721 πθ

1225 2743 1317 2770 i\
1523 2738 1639 2792 ωρ.

1223 2813 1333 2874 πξτ
1525 2817 1638 2872 nTI
