1902 3049
63 87 92 116 Η
681 87 716 114 ΙΝ
733 86 847 115 HEXAP

918 85 998 114 ORIG
1004 85 1094 114 ENlS.
1668 90 1704 118 Β

99 145 147 173 llis
162 145 277 181 prolatis
288 146 494 175 vetustioribus
506 146 655 174 litterarum
666 145 861 174 Hebraicarum
879 149 900 176 Λ
915 145 1067 173 similitudo
1082 145 1305 181 deprehenditur,
1322 146 1359 174 ita
1375 151 1404 173 ut
1420 147 1452 173 ad
1464 146 1646 175 differentiam
1661 149 1704 177 lit-

66 192 274 227 speciminibus,
289 193 348 228 jam
364 193 400 220 de
417 194 531 229 singulis
551 198 581 221 ut
593 194 658 221 olim
673 194 861 221 scribebantur

65 240 162 268 litteris
174 248 260 275 pauca
280 245 452 276 pertractare
468 249 555 276 operae
569 241 780 276 pretiumfuerit.

97 292 118 315 tt
132 293 241 320 semper
266 287 303 313 ita
316 287 456 322 depictum
472 287 556 315 fuisse
569 287 686 318 videtur,
701 294 789 322 neque
807 287 862 314 ulla

63 332 134 359 inter
148 338 256 360 veteres
274 338 302 360 et
319 334 488 361 recentiores
502 333 713 369 deprehenditur
726 333 860 361 scribendi

62 378 229 406 differentia.
244 378 404 415 Eademque
417 379 506 408 forma
516 379 636 407 occurrit
651 379 678 406 in
689 379 789 414 lapillis
808 378 861 406 Ba-

63 425 272 453 silidiauorum.

100 480 121 503 3
141 474 204 500 item
222 481 237 500 a
256 473 346 507 prisca
378 472 466 500 forma
493 480 546 499 non
567 472 717 500 recessisse
746 471 862 499 suadent

64 526 121 547 tum
134 521 275 555 specimen
289 520 413 551 allatum,
432 523 489 546 tum
520 519 601 546 etiam
626 519 685 554 ejus
710 518 860 547 similitudo

65 574 126 593 cum
145 567 236 592 littera
263 571 290 596 ο,
319 572 380 599 qua:
405 568 433 592 et
449 563 512 590 olim
531 563 565 590 ab
585 563 702 590 Eusebio
719 563 745 590 in
761 563 858 598 psalm.

67 620 152 640 sum
179 611 328 638 observata
347 609 409 641 fuit,
438 614 465 636 et
482 609 562 636 hodie
574 609 601 636 in
624 609 701 636 libris
718 608 859 636 Hebraicis

64 658 288 693 deprehenditur.
304 655 373 683 Nam
390 655 429 683 ait
444 654 580 683 Eusebius
593 655 643 682 has
654 655 759 682 litteras
775 663 859 689 parvo

65 704 140 738 apice
156 702 300 737 distingui,
319 707 348 729 ut
364 700 498 736 hodieque
512 700 648 734 videmus,
665 701 738 736 quod
757 700 857 728 contir-

64 755 119 777 mat
145 749 331 784 Hieronymus
357 748 451 776 multis
476 747 503 775 in
530 748 608 775 locis.
627 747 666 774 Ex
694 748 746 775 hac
776 755 857 782 porro

63 795 158 822 format
185 794 367 822 similitudine
391 794 492 821 factum
509 799 562 827 est,
584 799 615 821 ut
643 794 733 824 aliis:
755 794 815 821 aliis
836 799 855 822 :t

63 842 228 877 Ικ-εειιιὶὺυς,
240 848 338 875 magna
352 840 606 875 interpretationum
623 841 742 868 varietas
756 841 853 868 oborta

64 889 106 920 sit,
119 892 150 914 ut
164 886 238 913 inl‘ra
253 885 377 921 pluribus
394 886 558 914 ostenditur.

94 932 282 964 :sccundum
308 932 454 959 hodiernas
480 927 601 964 fortnas,
628 939 754 967 magnam
773 931 854 959 habet

62 987 120 1006 cum
137 984 150 1008 Ξ
166 986 221 1004 nun
234 977 402 1005 allinitatem.
419 977 472 1006 Sed
489 978 657 1005 absimiliore
684 978 748 1004 olim
767 978 853 1013 ligura

62 1026 109 1052 has
124 1025 232 1052 litteras
260 1025 411 1060 descriptas
441 1024 525 1052 fuisse
555 1029 704 1059 putamus;
730 1029 853 1052 nontam

61 1071 124 1105 quia
152 1070 231 1097 varie
257 1069 413 1097 formantur
434 1069 461 1096 in
487 1070 630 1105 alphabeto
641 1077 722 1104 supra
734 1069 851 1105 depicto,

59 1117 124 1144 huic
142 1116 219 1144 enim
235 1123 292 1143 non
319 1117 435 1143 multum
460 1115 584 1149 lidimus;
612 1123 694 1151 quant
721 1116 785 1150 quia
809 1116 853 1143 vix

59 1163 140 1190 aliam
154 1170 209 1197 pro
224 1163 279 1190 alia
296 1163 401 1197 uspiam
414 1162 510 1189 lectam
524 1162 608 1189 fuisse
624 1161 854 1197 deprehendimus

57 1208 84 1234 in
111 1212 238 1234 veterum
262 1206 549 1242 interpretationibus;
571 1214 650 1234 secus
673 1214 755 1241 quam
773 1207 800 1234 in
814 1206 854 1234 lit-

58 1253 122 1280 teris
136 1253 282 1280 similibus
294 1253 418 1287 contigit.

87 1303 108 1329 τ
126 1298 250 1325 formam
276 1298 421 1325 retinuisse
444 1305 521 1324 suam
548 1302 665 1333 arguunt
689 1302 746 1324 tum
767 1297 854 1332 speci-

55 1345 130 1373 mina
142 1344 310 1376 vetustiora,
328 1348 383 1370 tum
397 1344 515 1370 maxime
535 1344 595 1378 ejus
620 1344 768 1371 similitudo
790 1351 852 1371 cum

57 1397 159 1426 mque
176 1395 206 1418 et
224 1390 308 1417 hodie
333 1390 396 1417 talis
427 1394 479 1422 est,
511 1395 541 1417 ut
557 1398 628 1424 saepe
657 1391 701 1417 vix
723 1390 853 1426 distingui

56 1439 172 1473 possint,
190 1443 218 1464 et
231 1437 298 1464 olim
315 1442 390 1464 tanta
406 1436 466 1468 fuit,
486 1441 515 1463 ut
543 1436 702 1464 innumeras
721 1445 790 1471 pene
809 1439 852 1464 in-

913 196 978 218 ter-.e
991 196 1003 221 ἰ
1017 192 1071 218 duo
1087 197 1186 226 puncta
1214 192 1451 227 superseribantur
1463 193 1502 221 sic
1522 195 1544 222 i'.
1562 194 1604 221 Al)
1621 195 1704 222 inter.

913 239 1038 273 pretibtts
1049 246 1159 273 quoque
1174 238 1254 265 aliam
1272 247 1319 273 pro
1337 239 1388 266 alia
1411 240 1506 267 lectam
1525 247 1597 275 saepe
1610 241 1704 276 deprc-

912 284 1068 311 hendimus.
1084 283 1239 312 Verisimile
1257 289 1346 311 autem
1363 290 1404 312 est
1419 286 1517 313 lineam
1532 293 1584 321 qua
1601 286 1703 314 forma-

912 330 1014 360 baturt
1031 331 1057 358 in
1069 330 1232 366 quihusdam
1248 331 1343 358 saltent
1356 331 1437 359 libris‘
1446 340 1460 358 a
1475 333 1615 367 superiore
1626 339 1702 368 parte

912 377 1039 404 reflexum
1050 376 1136 405 fuisse
1153 378 1193 404 sic
1206 382 1234 410 1;
1252 377 1324 404 unde
1348 378 1471 413 contigit,
1491 383 1518 405 ut
1535 386 1583 413 pro
1595 384 1615 407 '1
1630 387 1702 414 sa‘pe

911 422 1004 450 habita
1023 423 1103 450 luerit
1122 424 1156 450 ab
1181 423 1386 458 interpretibus,
1401 428 1430 450 ut
1452 424 1522 451 inl'ra
1536 425 1673 452 videbitur
1691 434 1697 451 :

911 475 982 497 certe
996 474 1163 497 memoratus
1179 471 1263 497 codex
1274 470 1345 497 unde
1362 470 1634 506 alphabetumsupra
1651 471 1699 498 de-

911 516 1013 550 pictum
1031 517 1228 550 excerpsimus,
1253 517 1280 543 in
1310 517 1395 543 altero
1409 517 1552 551 alphabeto
1569 519 1641 552 (nam
1657 518 1698 544 al—

912 562 1027 596 phabeta
1055 563 1166 597 repetit,
1194 568 1224 590 ut
1239 563 1393 598 dixitnus)1
1421 563 1500 598 quasi
1521 569 1541 592 '1
1569 564 1696 591 delineat.

910 609 1036 636 Attamen
1050 608 1076 636 in
1092 617 1158 636 voce
1173 609 1247 636 Illlll
1269 609 1406 636 multolies
1417 609 1530 644 repetita
1548 609 1574 636 in
1588 609 1696 642 Hcsaia,

909 655 1139 690 quemadmodum
1166 661 1193 683 et
1213 656 1240 682 iu
1261 656 1405 690 alphabeto
1428 663 1521 690 supra.
1551 657 1698 684 neutralit-

910 707 965 728 tcra
984 706 994 724 τ
1012 702 1053 729 vel
1069 707 1080 731 ’ί
1095 710 1110 729 a
1126 709 1255 737 supremo
1267 703 1343 737 apice
1355 702 1453 729 reﬂexa
1467 707 1516 728 est.

944 747 981 774 Dc
1001 748 1088 776 litttra
1102 754 1115 778 τ
1128 749 1195 775 nihil
1217 748 1406 781 observamus,
1435 749 1486 775 nisi
1508 748 1623 776 formam
1636 749 1697 783 ejus

909 793 935 820 in
950 793 1092 828 alphabcto
1104 801 1184 829 supra
1198 794 1342 821 admodum
1356 799 1510 828 corruptam
1523 795 1618 822 videri.
1629 794 1694 822 Eam

907 848 971 868 vero
985 849 1047 868 cum
1063 841 1114 868 alia
1127 841 1225 876 quavis
1240 841 1329 868 littera
1342 845 1522 876 permutatam
1535 840 1621 868 fuisse
1633 849 1696 869 nus-

905 895 986 922 quam
998 894 1014 914 a
1034 887 1111 914 nobis
1129 887 1302 914 observatum
1319 891 1369 914 est.

940 933 977 960 De
992 939 1012 964 Π
1027 934 1052 960 in
1070 938 1089 962 Π
1110 933 1192 961 verba
1210 932 1334 960 fecimus.

938 985 964 1008 Ὦ
986 979 1080 1006 eadem
1107 986 1175 1014 pene
1197 978 1286 1006 forma
1308 979 1410 1013 scripta
1421 978 1640 1014 deprehenditur
1663 979 1692 1006 in

904 1024 1057 1059 alphabeto.

940 1074 949 1094 ι
963 1070 1001 1098 De
1014 1070 1065 1098 hac
1076 1069 1163 1097 littera
1176 1074 1267 1097 actum
1280 1069 1340 1096 fuit.

942 1116 978 1144 De
988 1122 1008 1146 τι
1024 1117 1049 1144 in
1062 1122 1079 1146 3
1093 1116 1151 1151 jam
1167 1124 1260 1151 supra.

936 1154 954 1193 ⁸7
975 1163 1027 1190 hac
1047 1162 1156 1190 circiter
1169 1162 1256 1198 ﬁgura
1271 1161 1402 1190 scribitur
1418 1162 1445 1189 in
1458 1162 1653 1197 speciminibus
1665 1167 1693 1190 et

904 1210 931 1237 in
949 1209 1103 1244 alphabeto.

938 1259 964 1284 ’β
977 1262 1030 1281 ιιοιι
1045 1253 1162 1281 multum
1177 1253 1318 1281 deﬂexisse
1329 1252 1439 1280 videtur
1453 1260 1469 1280 ει
1484 1252 1574 1288 prisca
1591 1252 1690 1280 forma.

939 1300 999 1330 De:
1014 1300 1039 1326 in
1057 1305 1072 1330 λ
1086 1300 1217 1328 diximus.
1234 1298 1262 1325 In
1290 1299 1444 1333 alphabcto,
1462 1298 1513 1326 ‘cui
1534 1307 1589 1327 non
1604 1300 1689 1327 multa

904 1347 970 1374 ﬁdes
979 1346 1113 1377 habenda,
1128 1346 1206 1381 longe
1223 1345 1275 1372 alia
1289 1345 1376 1372 forma
1392 1345 1522 1380 pingitur.

939 1400 958 1424 ο
974 1393 1061 1420 forma
1071 1400 1139 1428 pene
1164 1392 1325 1428 triangulari
1340 1392 1491 1419 delineatur
1505 1392 1531 1418 in
1546 1391 1691 1427 alphabeto

904 1440 944 1468 sic
963 1449 998 1467 i>.

57 1484 272 1520 terprelationes
284 1491 318 1511 ex
334 1483 534 1518 permutatione
560 1483 671 1511 alterius
687 1491 748 1511 cum
767 1484 850 1511 altera
865 1502 885 1531 α
938 1494 957 1520 ιτ
973 1495 1041 1523 pene
1054 1486 1169 1514 similem
1183 1486 1247 1513 huic
1263 1485 1345 1512 habet
1361 1484 1475 1512 formam
1496 1484 1523 1511 in
1547 1484 1690 1520 alphabeto

54 1531 195 1565 profectas
207 1530 389 1557 observemus
405 1538 411 1555 :
429 1529 604 1563 quamobrem
621 1529 658 1556 ait
669 1528 851 1565 Hieronymus

56 1578 81 1603 in
94 1576 264 1603 Ezechielem
283 1583 344 1610 cap.
362 1583 388 1602 vr
403 1584 409 1601 :
432 1574 521 1601 Potest
539 1580 563 1602 et
579 1575 610 1602 ob
636 1576 750 1602 vicinum
774 1577 851 1604 simi-

55 1624 198 1649 litudinem
213 1630 322 1649 manu
347 1626 372 1648 et
398 1629 447 1648 nas
472 1621 664 1648 Hebraicarum
688 1622 849 1657 litterarum,

55 1677 112 1704 qum
125 1677 209 1704 pareo
224 1669 299 1702 apice
321 1668 532 1703 distinguuntur,
552 1667 590 1694 vel
605 1668 734 1695 chlatlta
750 1668 788 1695 rel
800 1668 851 1695 lte-

57 1716 147 1742 blatlm
161 1715 306 1750 appellari.

91 1768 111 1790 Π
126 1764 154 1789 in
177 1761 324 1796 alphabeto
350 1768 432 1795 supra
453 1769 468 1788 a
498 1760 585 1788 forma
599 1761 645 1787 τοῦ
662 1767 683 1792 n
698 1761 765 1789 Hcl/t
781 1763 851 1789 mul-

60 1814 114 1835 tum
127 1803 229 1841 dill‘ert,
247 1817 328 1836 secus
342 1816 424 1843 quam
448 1807 528 1835 hodie
550 1808 577 1835 in
593 1808 688 1836 Bibliis
700 1808 849 1843 Hebraicis,

61 1855 105 1882 ubi
120 1856 163 1882 hae
182 1856 280 1882 litterae
294 1854 442 1882 admodum
457 1855 561 1881 similes
572 1859 645 1883 sunt.
665 1855 735 1882 lnter
746 1861 850 1883 utram-

62 1910 112 1936 que
126 1910 191 1929 vero
205 1902 324 1929 litteram
339 1902 487 1928 discrimen
501 1901 564 1928 olim
577 1902 753 1936 conspicuum
767 1902 851 1930 fuisse

62 1948 184 1981 suadent,
197 1953 255 1975 tum
267 1948 443 1982 alphabetum
459 1955 550 1982 supra,
563 1948 606 1975 tibi
625 1954 644 1977 Π
656 1948 695 1975 sic
710 1948 744 1979 II,
757 1953 776 1978 Π
787 1956 850 1976 vero

64 1995 99 2022 sic
111 1995 132 2022 ιι
148 1995 317 2030 depingitur,
331 2001 390 2021 tum
414 1995 534 2021 maxime
548 1994 724 2028 interpretum
738 2002 851 2022 consen-

65 2049 118 2073 sus,
131 2043 179 2077 qui
204 2043 256 2069 has
284 2041 390 2069 litteras
414 2048 467 2068 non
483 2048 564 2067 unam
583 2048 632 2074 pro
660 2040 713 2068 alia
728 2042 850 2076 accipere

66 2089 194 2122 solebant,
223 2089 326 2123 quique
348 2094 438 2115 tamen
455 2087 560 2115 litteras
584 2087 718 2122 quaslibet
732 2087 803 2114 inter
822 2095 851 2114 se

66 2134 175 2166 similes,
189 2134 292 2168 passim
304 2133 519 2162 eonfundebant.
535 2132 607 2160 Sane
625 2133 740 2159 litteram
754 2139 773 2162 Π
783 2133 848 2160 olim

902 1541 994 1568 supra.
1294 1556 1304 1566 ,

936 1583 956 1611 5
971 1580 1029 1607 sine
1044 1577 1203 1605 intermedia
1228 1576 1299 1603 linea
1313 1575 1448 1611 seribitur
1463 1581 1649 1610 saepenumero
1661 1573 1689 1601 iu

902 1626 994 1654 codice
1007 1628 1168 1656 memorato,
1184 1622 1230 1650 sed
1244 1630 1305 1649 cum
1317 1621 1428 1648 annulo.

938 1675 957 1700 Β
972 1676 996 1697 et
1012 1676 1031 1711 Ρ
1052 1669 1154 1695 formas
1182 1667 1282 1694 habent
1304 1667 1331 1693 in
1359 1667 1501 1701 alpliaheto
1518 1667 1638 1698 vitiatas,
1654 1674 1689 1694 an

902 1721 993 1743 autem
1009 1719 1036 1744 et
1051 1715 1078 1741 in
1093 1721 1147 1749 quo
1165 1721 1179 1740 a
1193 1713 1283 1748 prisca
1312 1711 1399 1739 forma
1422 1713 1594 1744 recesserint,
1613 1713 1690 1748 igno-

901 1768 1005 1789 ramus.

934 1808 972 1835 De
982 1814 1001 1837 -ι
1012 1807 1072 1835 vide
1088 1807 1115 1834 in
1128 1811 1156 1836 Ἰ.

936 1858 963 1882 tv
976 1861 1029 1880 non
1047 1853 1081 1879 ob
1095 1851 1190 1878 forma:
1214 1849 1430 1882 similitudinem,
1448 1850 1493 1877 sed
1508 1850 1611 1877 obsoni
1632 1849 1689 1877 alli—

901 1898 1014 1926 nitatcm
1040 1897 1186 1932 aliquando
1206 1903 1268 1923 eum
1280 1901 1299 1924 D
1311 1895 1498 1922 confunditur.
1514 1893 1611 1930 Figura
1628 1895 1688 1929 ejus

901 1949 1008 1972 vetusta
1021 1943 1118 1970 similis
1133 1946 1174 1969 est
1186 1941 1334 1968 hodiernae.

935 1995 957 2019 τι
964 1990 986 2017 si
997 1989 1063 2017 ﬁdes
1071 1989 1224 2023 alphabcto,
1235 1986 1344 2021 paulum
1355 1985 1462 2013 deﬂexit
1470 1994 1484 2013 a
1494 1985 1581 2020 prisca
1590 1985 1686 2020 ﬁgura.

901 2047 945 2074 Ill.
959 2046 1001 2073 Ea:
1014 2046 1191 2082 quarumdam
1214 2045 1363 2082 litterarum
1389 2043 1563 2082 simililuditte
1587 2047 1687 2076 quanta

1024 2081 1268 2116 interpretationum
1294 2081 1407 2107 varietas
1433 2083 1492 2104 orta
1517 2081 1561 2104 sit.

939 2127 977 2156 Ex
1004 2127 1183 2162 quarumdam
1211 2134 1293 2162 porro
1315 2126 1466 2153 litterarum
1493 2122 1686 2150 llebraicarum

65 2188 178 2215 superne
187 2181 311 2208 clausam
330 2179 415 2207 fuisse
435 2180 557 2207 indicant
583 2179 629 2206 alii
658 2179 848 2214 manuscripli,
866 2184 888 2211 Ι)
902 2183 962 2201 cum
975 2173 1035 2201 aliis
1048 2173 1145 2200 litteris
1161 2173 1337 2200 similitudine
1357 2169 1514 2198 incredibile
1529 2174 1570 2196 est
1583 2173 1687 2204 quanta

67 2227 210 2261 etquidem
229 2226 425 2260 antiquissimi,
443 2233 471 2253 ut
489 2226 661 2253 Colbertinus
686 2225 712 2252 in
737 2229 800 2252 nota
815 2225 849 2252 ad

67 2275 217 2307 psal.l.xxt.
242 2273 325 2305 v.18,
353 2278 380 2299 et
407 2273 491 2299 codex
519 2272 575 2300 RR.
602 2272 655 2299 PP.
682 2271 848 2299 Jesnitarum

68 2320 161 2353 passim
180 2321 207 2347 in
235 2319 343 2347 llesaia.
371 2319 400 2346 ln
429 2319 462 2346 iis
485 2319 584 2354 quippe
609 2326 661 2345 vox
688 2319 772 2350 Illl'll,
795 2326 847 2353 qua

68 2365 214 2392 certissime
232 2364 393 2392 Hebraicum
409 2369 468 2394 mm
483 2365 655 2400 exprimitur,
673 2365 713 2391 bis
732 2365 848 2391 litteram

69 2416 220 2446 usuperna:
238 2411 361 2438 clausam
386 2411 495 2437 exhibet
523 2411 556 2438 ad
588 2411 697 2437 modum
715 2411 810 2438 litterae
826 2410 848 2436 ll

71 2457 173 2489 Graecae,
186 2465 241 2492 qua
256 2457 283 2484 in
296 2465 325 2484 re
336 2456 512 2484 consentiunt
525 2463 586 2483 cum
601 2456 743 2490 alphabcto
754 2464 847 2491 supra.

100 2506 118 2538 τί
129 2504 192 2531 olim
210 2511 261 2538 pro
277 2507 286 2526 τ
300 2511 372 2538 saepe
389 2504 487 2531 lectum
513 2502 598 2530 fuisse
610 2503 706 2529 suadet
721 2502 850 2538 llierony-

73 2558 134 2582 mus,
159 2551 207 2585 qui
234 2549 272 2577 ait
286 2550 367 2584 epist.
390 2549 425 2576 ad
447 2548 560 2576 Suniam
584 2553 611 2575 et
637 2547 708 2575 Fret.
735 2549 762 2575 in
778 2548 846 2583 psal.

75 2604 163 2624 cxxlx:
190 2596 246 2623 Pro
280 2597 400 2628 nomine,
422 2596 474 2623 sive
499 2596 567 2630 lege,
596 2595 666 2630 apud
689 2604 732 2622 eos
754 2595 848 2630 legitur

60 2675 62 2679 ι
78 2650 153 2675 tum,
169 2643 241 2678 quod
253 2642 353 2677 Aquila
368 2643 554 2676 interpretatus
575 2647 613 2668 est
633 2641 724 2676 φόϐον,
747 2643 795 2667 hoc
809 2645 848 2667 est

77 2688 206 2722 timorem;
230 2687 405 2722 Symmachus
428 2692 453 2714 et
484 2687 634 2720 T/ieodotio,
656 2687 747 2722 νόμον,
766 2687 794 2713 id
810 2691 847 2713 est

78 2733 154 2770 legem,
168 2739 295 2769 putantes
311 2742 413 2764 THORA.
431 2738 536 2768 propter
556 2734 705 2761 litterarum
721 2733 846 2760 similitu-

78 2780 146 2808 dinem
162 2789 205 2809 IOD
219 2786 245 2808 et
268 2788 332 2812 vau,
352 2787 411 2814 qua:
426 2784 528 2806 tantum
554 2779 734 2814 magnitudine
749 2779 847 2805 distin-

79 2832 181 2860 guuntur.
199 2827 229 2854 ln
257 2825 407 2860 alphabcto
430 2832 538 2859 quoque
571 2832 654 2859 supra
669 2824 761 2852 eadem
788 2823 846 2858 ipsa

209 2877 356 2908 ΡΑτιιοι..
380 2873 437 2904 Gtt.
459 2873 536 2904 .XV.

901 2220 1046 2247 lectionum
1073 2223 1099 2245 et
1128 2218 1384 2252 interpretationum
1407 2215 1524 2242 varietas
1544 2220 1603 2241 orta
1627 2213 1684 2241 sit:

900 2275 933 2293 ex
955 2266 1036 2293 unius
1053 2265 1153 2300 quippe
1168 2265 1264 2291 littera
1287 2263 1498 2291 commutatione
1512 2270 1592 2289 voces
1607 2262 1686 2296 longe

901 2315 1005 2341 diversa
1026 2312 1190 2347 signiﬁcant,
1207 2312 1319 2339 nomina
1341 2318 1406 2338 vero
1419 2309 1530 2345 propria
1542 2316 1603 2336 cum
1624 2309 1686 2335 aliis

901 2359 1115 2387 confunduntur.

898 2400 901 2403 ’
938 2406 1003 2434 De:
1015 2405 1123 2440 quidem
1140 2404 1235 2431 litterae
1261 2411 1322 2430 cum
1337 2409 1352 2432 3
1369 2401 1547 2430 similitudine
1564 2401 1620 2435 agit
1634 2400 1686 2427 Eu-

901 2452 958 2478 seb.
972 2452 998 2478 in
1013 2451 1107 2486 psalm.
1133 2458 1231 2478 xxxnt.
1247 2450 1292 2476 ubi
1314 2449 1347 2475 de
1373 2453 1477 2475 mutato
1499 2446 1684 2476 Achimelech.

900 2491 1018 2539 15mm,
1029 2498 1055 2524 in
1069 2496 1236 2527 Abimeleeh,
1246 2487 1369 2535 1573732,
1383 2495 1502 2529 loquitur
1518 2493 1560 2520 his
1575 2493 1666 2519 verbis
1680 2502 1687 2518 :

907 2546 939 2572 Ἦ
955 2544 1008 2571 τῶν
1020 2542 1166 2570 Βασιλειῶν
1184 2542 1280 2578 Γραφὴ
1300 2540 1445 2576 Ἀχιμέλεχ
1463 2538 1593 2575 περιέχει·
1610 2538 1688 2564 ἐναλ-

899 2591 986 2626 λαγῆς
1000 2590 1131 2625 στοιχείου
1146 2588 1305 2623 γενομένης,
1315 2587 1391 2613 οὐδὲν
1405 2587 1445 2613 δεῖ
1457 2586 1601 2612 κινεῖσθαι’
1611 2584 1688 2619 παρὰ

899 2638 954 2674 γὰρ
976 2637 1025 2673 τὴν
1054 2635 1200 2671 ὁμοιότητα
1230 2633 1275 2660 τοῦ
1300 2633 1431 2668 στοιχείου
1450 2632 1498 2658 τοῦ
1533 2631 1587 2666 Βὴθ
1619 2630 1686 2664 παρ’

912 2683 1039 2720 Εεραίοις
1052 2681 1219 2715 καλουμένου
1231 2679 1333 2706 καὶτοῦ
1347 2678 1562 2712 Χὰφ,διαφόρω;
1577 2675 1686 2710 ἐξεδόθη

897 2730 1026 2765 τοΰνομα·
1042 2728 1135 2764 σχεδὸν
1146 2727 1201 2762 γὰρ
1214 2726 1242 2753 ἓν
1255 2726 1303 2752 καὶ
1327 2725 1423 2752 ταυτὸν
1435 2725 1492 2750 ἐστι
1507 2723 1541 2750 τὰ
1555 2723 1601 2750 δύο
1617 2730 1688 2748 στωι-

898 2778 976 2811 χεῖα,
1009 2773 1181 2810 βραχυτάτης
1213 2771 1326 2808 κεραίας
1349 2769 1441 2806 μόνης·
1462 2767 1684 2801 ἐναλλαττούσης.

899 2822 926 2849 ld
942 2828 1003 2850 est:
1029 2821 1177 2856 Regnorum
1195 2819 1333 2853 Scriptura
1357 2816 1520 2845 Achimelec/t
1549 2816 1686 2842 habetur:

1531 2864 1549 2893 Ξ
