1902 3049
227 100 261 127 ιδ
907 102 1003 130 PREI.

1066 102 1170 130 NARIA'
1826 108 1862 133 ιι

227 158 324 185 littera
337 158 541 185 commutatione
549 158 682 192 quispiam
695 164 830 186 moveatur
843 166 852 186 :
866 167 927 186 nam
937 168 970 187 ει
982 168 1013 186 ea
1028 163 1050 191 Α
1065 167 1128 192 xxv,
1141 158 1184 191 10,
1196 163 1264 190 1111
1278 159 1313 187 ab
1330 159 1551 189 hebraizantibus
1563 161 1673 189 libertas
1688 161 1828 194 vertitur;
1845 173 1861 193 ι

226 213 286 239 qua
309 204 446 232 intercedit
460 205 528 230 inter
541 205 644 232 litteras
670 205 737 232 Betlt
751 212 776 233 et
796 205 898 241 Chaplt,
910 212 940 233 ut
963 207 1014 234 He-

227 250 293 278 brazi
317 255 421 281 norant,
451 250 639 284 similitudine,
664 252 765 279 diverse
791 261 884 279 nomen
911 253 1013 280 editum

225 297 278 332 fuit
304 306 310 324 :
336 296 464 330 siquidem
483 304 537 332 una
559 298 701 332 eademque
716 298 770 332 fere
782 303 820 325 est
833 298 944 325 duorum
959 298 1013 325 ele-

225 348 372 369 mentorum
397 331 496 376 ﬁgura,
526 343 677 370 brevissimo
708 343 793 370 solum
820 344 893 378 apice
917 345 1014 371 distin-

223 393 324 423 gnente.
347 387 386 415 Ex
411 389 456 415 illa
473 396 538 416 vero
560 381 670 429 1573733
684 390 711 417 in
728 382 840 432 1513723
862 391 1013 419 mutatione

223 433 366 461 dtﬂicultas
391 434 525 469 exsurgit,
551 443 633 469 quam
659 436 758 463 ibidem
785 437 890 463 solvere
916 436 1013 464 nititur

222 478 365 508 Eusebius.
386 481 507 516 ldipsum
521 481 554 508 de
566 482 716 509 litterarum
731 487 751 512 3
764 488 790 510 et
807 489 824 512 Ω
835 483 1013 511 similitudine

221 527 323 561 passim
352 527 419 554 dicit
444 526 636 563 Hieronymus.
665 528 718 557 Par
745 530 871 557 lectionis
897 530 1012 558 varietas

220 574 382 601 observatur
400 573 483 602 Josue
497 583 562 608 xvn,
578 575 606 607 2,
627 575 654 602 in
665 583 732 604 voce
744 582 856 609 Ἴτ’]νῖικ,
877 576 1010 612 ’Δδιεζέρ.

219 627 302 654 qttam
326 619 396 646 alius
423 620 557 654 interpres
582 625 694 653 11mm,
721 622 857 658 Ἀχιεζέρ,
881 622 954 658 legit.
972 622 1011 649 Ex

220 666 314 692 eadem
336 672 358 695 :1
377 665 404 692 in
423 672 441 695 ξ
455 667 671 694 commutatione
687 667 768 702 longe
792 668 907 695 diversa:
928 669 1012 695 inter—

220 711 385 745 pretationes
413 712 570 746 prodeuntl
585 712 652 747 Reg.
666 721 695 745 Il,
710 713 727 741 5
741 713 787 741 ubi
803 721 896 741 vocem
913 718 1009 747 Tum,

219 765 301 791 quam
315 757 430 793 Vulgata
446 759 528 786 vertit
548 767 576 786 se
595 759 758 794 locaverunt,
782 764 810 787 et
834 761 905 788 alius
931 761 1012 788 inter-

219 811 293 838 pres,
306 804 401 832 eodem
416 812 510 837 sensu,
528 805 742 841 ὲμισθάρνησαν,
772 807 889 833 mercede
910 807 1010 833 condu-

1065 204 1135 232 LXX
1150 205 1256 239 ἄφεσις.
1274 214 1290 232 a
1305 205 1419 241 Vulgata
1436 208 1572 240 remissio;
1584 207 1738 236 Tueodotio
1756 215 1861 242 autem.

1065 258 1126 278 rum
1141 255 1205 280 -πτΠ
1226 251 1336 284 legeret,
1353 259 1403 279 nec
1427 251 1509 286 hujus
1525 254 1601 280 vocis
1626 254 1860 288 signiﬁcationem

1064 297 1183 329 calleret,
1207 304 1266 324 eam
1283 297 1386 325 Graecis
1400 297 1498 325 litteris
1520 299 1665 332 expressit,
1682 299 1787 336 δαδὼρ,
1809 301 1861 326 da-

1063 342 1121 370 dor.
1139 342 1320 370 Numerorum
1334 351 1398 371 vero
1410 351 1466 376 xw,
1482 344 1526 376 15,
1543 348 1620 375 1m
1636 345 1754 380 legitur;
1773 346 1861 381 signi-

1064 388 1181 424 ﬁcatque
1200 390 1314 422 asinum,
1342 390 1393 422 vel,
1418 395 1448 417 ut
1472 390 1587 426 Vulgata
1611 392 1700 423 vertit,
1725 392 1860 422 asellum;

1064 433 1134 462 LXX
1149 439 1238 462 autern
1252 443 1313 462 cum
1327 440 1346 464 1
1366 436 1392 462 in
1408 436 1472 468 line,
1489 437 1614 472 legi-runt
1624 442 1699 468 ΤΙ-’.Π
1718 442 1746 465 et
1770 438 1860 465 inter-

1063 481 1160 516 pretati
1184 486 1256 512 sunt,
1282 481 1455 517 ἐπιθύμημα,
1480 483 1665 516 desiderabi.e,
1689 484 1731 511 vel
1754 484 1861 512 deside-

1064 527 1144 557 rium,
1161 526 1240 559 alius,
1256 526 1350 562 δῶρον,
1365 527 1473 555 danunt.
1491 528 1502 554 I
1525 527 1591 563 Reg.
1609 537 1665 561 xw,
1680 529 1727 561 2|,
1744 533 1862 563 tat-133,1

1063 571 1095 598 Α.
1115 571 1244 607 Ἐὖραῖοι,
1270 573 1370 604 reddit,
1395 572 1521 608 Vulgata,
1550 573 1674 606 Ilebrtzi;
1693 574 1766 602 LXX
1793 583 1860 602 vero

1062 623 1169 650 trum
1181 619 1313 653 legerunt,
1329 626 1361 646 ac
1377 618 1476 651 δοῦλοι,
1489 620 1567 651 servi,
1590 620 1762 655 interpretati
1780 625 1859 648 sunt.

1061 663 1072 690 I
1088 664 1152 699 lleg.
1167 672 1224 697 χχι,
1245 665 1271 697 7,
1289 669 1316 692 et
1332 673 1401 698 xxtt,
1417 665 1445 695 9.
1468 669 1568 697 ﬁmum
1593 665 1753 694 Idumazus:
1767 667 1861 702 primo

1062 709 1122 736 loco
1138 715 1215 737 vetus
1228 709 1339 744 quidam
1354 710 1497 745 interpres,
1512 711 1632 738 secundo
1646 711 1719 738 LXX
1734 712 1860 747 legerunt

1061 759 1170 788 imm,
1195 755 1302 789 Aranti,
1326 760 1516 791 verteruntque
1537 756 1642 792 Σύρος,
1667 756 1764 792 Syrus,
1787 763 1816 785 et
1850 757 1860 783 l

1061 801 1128 836 Reg.
1148 809 1225 833 sxnt,
1243 802 1274 828 15
1294 807 1321 829 et
1346 803 1380 829 19
1398 807 1483 832 nut-n
1497 803 1543 830 alii
1562 803 1774 834 transtulerunt,
1791 804 1860 839 δρυ-

219 850 255 876 cti
270 855 342 882 sunt,
362 850 472 886 Aquila.
501 838 550 885 qui
577 838 642 887 lcgil.
655 838 755 883 111w},
783 851 915 880 transfert
933 861 1003 880 συνε-

1066 848 1122 883 μδς,
1136 848 1179 875 vel
1195 847 1257 884 ὕλη,
1271 849 1357 881 silva;
1371 848 1441 875 LXX
1455 857 1530 881 vero,
1545 850 1593 883 qui
1615 850 1742 885 legerunt
1761 838 1859 883 mn,

219 894 364 930 τρίὸησαν,
376 896 486 922 contriti
513 901 586 930 sunt,
602 900 630 924 et
642 896 726 931 LXX,
743 897 790 933 qui
805 903 917 925 vertunt
929 899 1010 934 ἠλατ-

221 940 357 977 τώθησαν,
365 942 570 975 minoratisunt,
578 943 702 970 eamdem
713 952 796 979 quam
809 945 907 980 Aquila
919 946 1011 974 lectio-

221 994 282 1014 nem
294 988 380 1014 secuti
393 988 527 1015 ridentur.
539 988 660 1024 Itemque
668 989 702 1016 IV
713 990 778 1025 Reg.
793 999 873 1024 xxttt,
885 992 913 1024 7,
925 996 1009 1024 ama,

219 1030 321 1062 domos,
335 1030 416 1065 LXX,
431 1032 477 1067 qui
493 1032 616 1068 legerunt
627 1038 709 1066 nim,
723 1036 834 1071 χεττεὶμ
845 1036 971 1065 reddunt.

254 1076 286 1104 Et
301 1077 352 1105 .lob
370 1087 464 1112 xxxvi,
485 1079 525 1112 11,
548 1087 643 1106 vocem
667 1072 731 1114 ᾖδ’,
758 1089 839 1116 quam
858 1081 928 1109 LXX
946 1091 1010 1110 συν-

218 1123 368 1157 τελέσωσι,
398 1124 511 1161 Vulgata
536 1125 714 1160 complebunt,
742 1128 917 1160 transtulere,
931 1128 1009 1164 Sym-

217 1171 345 1204 machus,
375 1171 422 1206 qui
453 1171 526 1199 haud
551 1172 634 1199 dubie
659 1172 724 1208 legit
747 1165 814 1206 πτπψ,
839 1173 1009 1201 παλαιώσου-

216 1223 270 1250 σιν,
286 1217 312 1244 id
324 1221 366 1244 est
380 1217 567 1252 antiquabant,
592 1218 684 1247 vertit.
700 1218 812 1246 Psalmo
836 1224 927 1247 autem
952 1228 1007 1253 xei,

219 1261 320 1295 li,ubi
336 1262 434 1297 legitur
447 1265 542 1306 τπω,
567 1264 596 1291 in
625 1264 692 1297 oleo,
725 1264 906 1300 Symmachus
934 1266 1007 1294 haud

215 1309 297 1336 dubie
309 1309 372 1344 legit
382 1313 479 1353 Ima;
496 1311 577 1337 vertit
597 1311 668 1353 enim
691 1311 728 1343 ὼς
741 1311 828 1343 ἐλαία,
845 1313 921 1347 quasi
936 1312 1006 1345 olea,

215 1353 296 1381 Prov.
312 1363 368 1388 xiv,
388 1349 419 1390 Vp.
441 1355 468 1386 7,
499 1363 550 1390 pro
569 1349 711 1388 nrt-5:1.
729 1358 801 1392 quod
817 1358 864 1385 alii
885 1363 1007 1392 vertunt,

214 1405 239 1427 et
253 1402 362 1434 nescies,
374 1400 444 1428 LXX
461 1401 585 1436 legerunt
596 1408 654 1434 τεν-τ
665 1395 833 1436 t5:,vertunt
845 1405 917 1432 enim
937 1405 1008 1433 ὅπλα

214 1447 380 1482 αἰσθήσεως,
395 1455 471 1474 arma
487 1456 578 1474 sensus
594 1449 651 1476 sive
665 1450 833 1484 cognitionis.
847 1450 912 1478 Item
926 1450 1005 1479 Prov.

1061 894 1150 930 καινὴ,
1166 903 1241 921 nova.
1257 893 1280 921 II
1296 894 1362 929 Reg.
1378 903 1420 928 ιιι,
1437 895 1464 927 4,
1479 899 1506 922 et
1519 895 1666 930 aliquoties
1684 896 1764 923 initio
1781 897 1861 932 ejus-

1061 941 1121 968 dem
1140 941 1212 974 libri,
1223 945 1304 971 mm
1320 941 1376 975 alii,
1392 942 1529 974 Ἀδωνίας,
1545 943 1675 972 Adonias.
1691 943 1765 970 LXX
1778 952 1858 978 vero,

1059 993 1080 1016 Ἴ
1095 995 1144 1023 pro
1161 993 1188 1021 1,
1206 989 1308 1024 Ὀρνία.
1326 987 1378 1015 Job
1405 996 1450 1021 ιι,
1473 989 1519 1022 25,
1534 994 1654 1032 γη-ηεῃ.
1672 999 1859 1025 prtrcursore;

1061 1032 1243 1069 Symmachus
1257 1039 1284 1061 ct
1297 1033 1369 1060 LXX
1384 1033 1482 1069 legisse
1501 1035 1628 1062 vitientur
1642 1041 1679 1068 γε
1703 1041 1765 1069 un,
1792 1045 1858 1064 nam

1060 1083 1170 1106 vertunt
1191 1080 1241 1106 οὐκ
1258 1080 1374 1113 εῖδοσαν,
1398 1088 1449 1107 ηοη
1469 1086 1606 1108 nat-erunt.
1630 1081 1683 1109 Sed
1705 1083 1858 1110 observata

1060 1125 1158 1159 dignus
1169 1129 1212 1152 est
1228 1125 1305 1153 locus
1323 1125 1367 1152 ille
1381 1126 1477 1161 psalmi
1495 1134 1571 1159 xxix,
1583 1126 1611 1159 8,
1630 1126 1754 1160 Domine,
1770 1128 1798 1154 in
1811 1136 1858 1155 va-

1060 1170 1161 1198 luntate
1179 1176 1225 1198 tua
1241 1172 1393 1206 prtestitisti
1407 1172 1496 1198 decori
1517 1180 1574 1198 meo
1591 1173 1726 1204 virtutem,
1752 1174 1801 1200 ubi
1824 1173 1859 1201 il-

1061 1217 1117 1249 lttd,
1135 1217 1223 1244 decori
1239 1225 1305 1250 meo,
1320 1217 1465 1252 respondet
1477 1218 1536 1245 voci
1555 1217 1695 1245 llebraica:
1712 1219 1858 1247 hodierna

1060 1255 1156 1295 711.15.
1182 1264 1332 1291 secundum
1360 1271 1442 1298 quam
1465 1264 1563 1299 Aquila
1585 1269 1610 1291 et
1636 1264 1740 1297 Quinta
1768 1271 1858 1293 verte-

1059 1314 1132 1342 runt,
1146 1311 1175 1336 ἐν
1189 1310 1227 1346 τῷ
1240 1310 1298 1345 δρει
1316 1319 1378 1346 μου,
1392 1312 1420 1337 in
1434 1317 1521 1338 monte
1534 1318 1607 1342 meo;
1628 1310 1756 1343 llieron.,
1772 1312 1857 1338 monti

1059 1364 1136 1389 meo;
1158 1355 1228 1383 LXX
1245 1357 1292 1391 qui
1309 1361 1426 1389 vertunt,
1442 1357 1481 1392 τῷ
1501 1357 1594 1384 κάλλει
1619 1366 1682 1392 μου,
1703 1357 1857 1391 pulchritu-

1059 1402 1115 1429 dini
1141 1403 1184 1430 vel
1207 1403 1296 1430 decori
1321 1411 1386 1435 nteo,
1414 1403 1485 1430 haud
1512 1403 1595 1430 dubie
1618 1404 1745 1438 legerunt
1756 1395 1855 1436 ηπή,

1060 1447 1239 1483 Symmachus
1257 1452 1358 1481 autem,
1376 1449 1423 1483 qui
1440 1449 1520 1476 vertit
1542 1449 1581 1484 τῷ
1607 1449 1765 1485 προπάτορι
1789 1458 1856 1484 μου,

217 1500 275 1525 xxi,
292 1492 338 1524 29,
357 1493 403 1520 ubi
427 1493 527 1528 legitur
551 1498 612 1538 pm,
637 1495 736 1530 Aquila
766 1501 793 1523 ει
816 1495 1006 1531 Symmachus,
1020 1509 1041 1538 ρ
1058 1494 1217 1538 progenitori
1238 1494 1280 1521 vel
1302 1495 1388 1529 primo
1412 1496 1516 1529 parenti
1530 1504 1596 1526 meo,
1622 1496 1723 1530 legisse
1744 1496 1858 1524 videtur

215 1539 367 1574 ἑτοιμάσει,
379 1539 542 1573 prceparabit
557 1541 765 1569 transtulerunt.
795 1541 927 1578 Vulgatus
939 1551 1007 1578 quo-

214 1593 268 1620 que
282 1586 424 1620 interpres,
437 1586 583 1621 quivertil,
596 1587 716 1622 corrigit,
732 1592 781 1631 ps!
795 1588 869 1623 legit.
887 1590 921 1617 At
935 1589 1007 1617 LXX

213 1635 267 1675 μιν
282 1632 406 1666 legerunt
424 1632 470 1666 qui
488 1636 596 1659 vertunt
611 1634 705 1675 auvtai,
722 1634 849 1669 intelliget
866 1635 913 1671 (⁸).

251 1676 286 1704 Ει
297 1676 402 1705 Hesaiae
412 1685 454 1709 Ill,
466 1678 494 1708 ϐ,
509 1677 554 1704 ubi
566 1670 781 1713 legiturnltlt‘bn.
792 1680 895 1716 Symm'.
905 1686 932 1709 et
940 1681 1005 1715 Th.,

214 1722 352 1755 ἀσθένεια,
362 1723 515 1757 inﬁrmitas,
523 1721 602 1757 Vulg.
613 1725 699 1751 ruina.
707 1725 741 1751 At
749 1724 883 1760 LXX,qui
891 1726 1007 1754 reddunt

218 1768 327 1804 βρῶμα,
341 1761 446 1799 n‘ntmn
460 1769 592 1807 legerunt,
605 1777 666 1796 nam
680 1762 741 1800 ’πω
750 1775 791 1798 est
803 1772 873 1798 cibos
885 1780 1003 1807 coquere.

244 1813 282 1840 Et
295 1813 402 1841 Ilesaite
413 1822 438 1846 v,
452 1814 494 1847 18,
510 1806 594 1845 153:1:
605 1814 718 1851 Vulgata
737 1816 817 1844 vertit
828 1818 855 1844 in
865 1806 1004 1852 funiculis,

213 1858 413 1894 lectionemque
433 1859 557 1894 sequitur
583 1867 643 1887 eam
667 1869 728 1896 qua:
754 1861 889 1897 hodieque
910 1863 937 1890 in
956 1863 1005 1892 Ile-

211 1905 307 1932 braico
325 1909 423 1932 exstat.
448 1904 484 1932 At
497 1905 607 1941 Aquila,
635 1906 816 1942 Symmachus
835 1914 862 1936 et
877 1908 1003 1938 Theodo-

212 1952 260 1985 tio,
278 1943 360 1982 ’δεῖ-ι)
388 1951 524 1987 legerunt,
553 1957 659 1981 vertunt
681 1954 766 1986 enim,
796 1954 836 1986 ὡς
865 1956 1002 1991 σχοινίοις,

209 1999 286 2033 quasi
298 1999 435 2034 funiculis,
448 2004 475 2027 et
489 1999 571 2033 LXX,
589 2000 627 2032 ὥς
643 2003 762 2037 σχοινίῳ,
779 2003 856 2037 quasi
871 2003 1001 2038 funiculo.

211 2045 304 2081 Longe
315 2047 393 2081 plura
405 2046 432 2074 in
447 2052 591 2080 utramque
605 2047 723 2075 litteram
738 2048 863 2083 proferre
874 2058 1001 2084 possem;

211 2092 257 2119 sed
267 2094 299 2120 ad
309 2093 441 2128 majorem
453 2094 615 2121 varietatum
624 2094 728 2122 fontem
738 2096 940 2131 properandum
948 2101 1000 2125 est.

243 2143 261 2169 π
272 2146 320 2174 pro
335 2145 356 2169 1
369 2139 478 2171 lectum,
492 2143 519 2167 et
532 2140 652 2167 vicissim
679 2146 699 2170 '1
711 2149 760 2176 pro
772 2146 790 2172 1
806 2142 907 2177 passim
923 2149 1001 2177 repew

1057 1533 1146 1574 νῆ’-⁵15,
1164 1548 1227 1568 nam
1249 1545 1319 1571 m'tn
1342 1545 1384 1568 est
1404 1543 1565 1576 progenitor,
1588 1549 1639 1569 nec
1662 1541 1857 1577 infrequenter

1058 1586 1156 1614 accidit
1175 1592 1205 1614 ut
1226 1592 1238 1616 Ἰ
1251 1594 1314 1613 cum
1333 1593 1353 1616 Ἴ
1370 1593 1563 1619 cotnmutetur,
1578 1593 1610 1614 ut
1625 1586 1697 1615 infra
1715 1588 1855 1615 dicemus.

1058 1631 1157 1660 Eadem
1175 1633 1353 1661 commutatio
1373 1633 1420 1660 τοῦ
1435 1640 1455 1662 -ι
1473 1633 1499 1660 in
1521 1639 1538 1663 1
1560 1633 1726 1660 observatur
1753 1633 1854 1669 psalm.

1057 1686 1111 1711 ctx,
1119 1678 1146 1711 5,
1157 1679 1201 1706 ubi
1213 1679 1289 1711 illud,
1300 1679 1327 1705 in
1337 1679 1518 1713 splendoribus
1529 1684 1694 1713 sanctorum,
1703 1679 1856 1707 lectionem

1057 1723 1217 1751 Hebraicam
1245 1725 1403 1752 hodiernam
1429 1726 1557 1761 exprimit
1580 1730 1676 1755 δῆτα,
1704 1731 1792 1761 atque
1816 1726 1855 1754 ita

1056 1770 1179 1805 legerunt
1204 1771 1237 1798 Δ.
1262 1769 1353 1804 LXX,
1382 1770 1447 1804 'I'h.,
1474 1771 1504 1799 V.
1535 1770 1635 1799 Verum
1665 1770 1855 1807 Symmachus

1055 1819 1144 1845 911.13
1157 1816 1243 1851 legit:
1265 1816 1345 1843 vertit
1360 1816 1433 1843 enim
1456 1817 1485 1843 ὲν
1505 1816 1590 1851 ὄρεσι,
1610 1821 1638 1844 et
1653 1815 1854 1853 Hieronymus,

1055 1863 1082 1889 in
1096 1862 1237 1890 montibus.
1251 1862 1302 1889 Joh
1327 1870 1365 1894 γι,
1380 1862 1424 1894 10,
1436 1867 1493 1895 τιν,
1513 1862 1586 1896 quod
1605 1861 1651 1888 alii
1670 1866 1786 1889 vertunt
1800 1861 1853 1894 ἔτι,

1055 1909 1151 1942 adhuc,
1170 1908 1251 1942 LXX,
1269 1913 1373 1936 mutato
1386 1913 1432 1941 Ἱππ
1456 1909 1484 1936 in
1505 1913 1557 1940 13:!
1579 1913 1733 1942 verterunt,
1760 1910 1853 1943 πόλιν,

1054 1955 1154 1982 urbem.
1179 1955 1244 1982 Item
1260 1954 1311 1982 Job
1325 1962 1384 1989 cap.
1404 1954 1498 1988 xxxvi,
1527 1955 1572 1987 50,
1592 1962 1688 1982 vocem
1711 1959 1789 1987 mn,
1813 1956 1856 1982 tu-

1054 2009 1108 2027 cem
1124 2009 1210 2034 suam,
1227 1999 1297 2027 LXX
1314 2000 1438 2035 legerunt
1451 2005 1529 2033 11m;
1546 2000 1585 2028 sic
1605 2001 1679 2027 enim
1695 2008 1759 2028 eam
1775 2001 1855 2028 Grae-

1054 2046 1095 2074 cis
1117 2047 1214 2073 lilteris
1230 2046 1386 2080 exprimunt
1399 2045 1466 2080 ἠδὼ,
1483 2047 1528 2073 ubi
1544 2046 1660 2073 mutatio
1673 2046 1724 2073 τοῦ
1748 2054 1770 2075 '1
1788 2048 1815 2074 in
1836 2052 1855 2077 1

1053 2096 1080 2118 et
1092 2091 1139 2117 τοῦ
1156 2093 1170 2121 1
1185 2092 1211 2118 in
1229 2095 1240 2113 τ
1254 2092 1425 2118 observatur.
1442 2090 1474 2118 Et
1492 2090 1542 2118 Job
1556 2099 1673 2123 XXXVIII,
1688 2092 1716 2125 1,
1734 2093 1783 2120 ubi
1797 2092 1855 2121 ﬂe-

1053 2137 1175 2164 braicum
1192 2137 1273 2164 hahet
1288 2140 1360 2169 7‘01,
1374 2144 1428 2172 quo
1443 2142 1520 2172 pacto
1536 2137 1601 2172 legit
1614 2138 1697 2165 etiam
1718 2139 1855 2174 Symma-

209 2187 279 2213 ritur
302 2186 330 2212 in
346 2184 499 2220 Scriptura.
523 2185 569 2213 Sic
579 2185 647 2213 Gen.
666 2194 707 2218 Ill,
723 2186 766 2220 17,
792 2189 904 2224 Ἰηπεωῖι
920 2186 1000 2214 hodie
1016 2183 1038 2210 D
1053 2183 1243 2219 chus("):ibi
1253 2182 1323 2209 LXX
1331 2183 1635 2217 etvulgatusinterpres
1644 2184 1853 2219 legeruntms.

208 2233 307 2267 legitur
322 2231 350 2259 in
373 2231 479 2265 Bibliis,
492 2236 519 2259 et
535 2232 575 2260 sic
593 2233 658 2260 olim
675 2233 739 2269 legit
753 2233 862 2268 Aquila,
879 2233 926 2268 qui
939 2240 1001 2260 vcr-

209 2279 252 2311 tit,
268 2278 350 2305 ἒνεκά
374 2287 431 2310 σου,
456 2283 564 2313 propter
590 2283 623 2306 te.
652 2278 723 2306 LXX
751 2286 813 2305 cum
838 2284 855 2308 1
877 2279 1000 2313 legerunt

208 2331 323 2368 mn,
342 2326 370 2352 ἐν
394 2328 450 2359 τοῖς
469 2326 561 2362 ἔργοις
577 2334 635 2359 σου,
656 2326 684 2353 in
708 2326 829 2360 operibus
852 2326 916 2357 tuis,
933 2325 999 2352 ναι.

208 2375 282 2406 gata,
299 2371 326 2397 in
339 2375 487 2405 operevtuo;
504 2369 655 2398 Theodotio
668 2374 779 2402 autem,
797 2375 826 2396 ut
837 2369 945 2404 Aquila,
961 2370 1000 2396 le-

209 2417 248 2452 git
262 2421 378 2459 T113173,
395 2417 424 2444 ἑν
439 2418 472 2453 τῇ
490 2417 645 2452 παραϐάσει
667 2425 725 2449 σου,
742 2416 770 2442 in
793 2416 999 2450 transgressione

203 2453 368 2489 tuai'Exod.
390 2469 428 2495 vt,
444 2462 487 2495 16,
504 2469 597 2489 vocem
610 2466 702 2506 run},
716 2460 815 2487 Gerson
828 2460 881 2495 (est
900 2468 998 2488 nomen

204 2508 257 2535 .tilii
272 2507 394 2544 Moysis),
411 2513 488 2536 vetus
503 2509 613 2543 quidam
627 2508 759 2542 interpres
774 2507 817 2534 bis
830 2507 895 2542 legit
907 2509 998 2544 την-ελ.

208 2553 325 2587 Γεδσὼν,
344 2553 458 2582 Gedsan.
473 2553 589 2581 Levitici
614 2561 670 2585 xts,
689 2553 735 2584 26,
754 2552 799 2579 ubi
823 2552 930 2587 legitur,
947 2560 997 2579 non

207 2600 348 2627 comedetis
368 2608 426 2627 cunt
440 2599 577 2634 sanguine,
593 2597 755 2626 llebralcum
781 2598 862 2625 habet
875 2590 996 2630 D1514”,

207 2651 235 2674 ct
251 2650 328 2673 vetus
341 2646 452 2680 quidam
479 2646 621 2678 interpres,
646 2644 692 2670 ἐπὶ
711 2643 756 2670 τοῦ
773 2644 898 2679 αἵματος.
921 2651 998 2678 super

206 2693 377 2726 sanguinem;
408 2689 480 2717 LXX
511 2697 531 2718 ’π
550 2697 598 2724 pro
622 2690 782 2725 1lcgcrunt
811 2682 926 2720 ωτι-5⁷]
956 2689 997 2716 vel

206 2731 333 2769 ωτι-ἥς
349 2737 395 2764 ἐπὶ
412 2737 466 2763 τῶν
483 2735 578 2772 ὀρέων.
600 2743 678 2770 super
695 2736 836 2763 tuentibus.
860 2735 893 2762 Et
909 2735 995 2763 Levit.

244 2795 282 2830 (υ)
300 2794 371 2830 ΙΙωαν
385 2802 438 2830 v0}
458 2793 528 2820 inter
557 2793 619 2822 Kcri
644 2798 671 2822 et
692 2793 810 2822 Cbetbib
832 2799 959 2824 censetur
980 2802 995 2824 a

210 2829 399 2857 Messorethis.
418 2829 519 2856 Dntcu.

1053 2228 1120 2256 Vide
1140 2237 1190 2256 suo
1212 2230 1282 2256 loco.
1300 2228 1373 2256 Psal.
1396 2236 1488 2261 Lxxvx,
1506 2230 1522 2263 ᾗ
1549 2229 1576 2261 5,
1601 2229 1673 2256 LXX
1694 2238 1747 2265 pro
1766 2237 1852 2264 mn,

1051 2275 1175 2309 defluxit,
1196 2275 1320 2309 legerunt
1338 2279 1411 2305 τιτι),
1431 2275 1458 2301 in
1480 2280 1619 2310 conspectu
1641 2276 1711 2310 ejus.
1737 2276 1853 2306 Eccles.

1051 2329 1099 2353 vn,
1114 2321 1159 2355 25,
1173 2327 1231 2354 y'u,
1247 2325 1276 2349 ut
1292 2321 1372 2349 hodie
1385 2322 1493 2357 legitur,
1510 2323 1590 2350 vertit
1607 2322 1737 2358 Vulgata,
1754 2326 1831 2352 nouit
1842 2334 1853 2356 ,-

1050 2367 1098 2395 scd
1113 2367 1209 2402 Aquila
1232 2367 1296 2403 legit
1314 2371 1375 2400 ιη’,
1401 2368 1447 2402 qui
1472 2368 1622 2400 transtulit,
1647 2370 1853 2406 πονηρεύεται,

1051 2413 1166 2446 improbe
1179 2414 1244 2448 agit,
1262 2412 1331 2440 LXX
1346 2421 1421 2446 vero,
1434 2413 1565 2445 κακώσει,
1590 2414 1658 2440 male
1680 2416 1791 2449 afﬁciet.
1817 2416 1854 2445 Et

1051 2459 1138 2494 capite
1153 2459 1288 2494 sequenti,
1312 2466 1392 2486 versu
1410 2459 1437 2492 6,
1453 2464 1513 2491 nrt
1535 2459 1730 2495 Symmachus,
1753 2462 1854 2489 κάκω-

1052 2512 1103 2536 σις,
1117 2503 1196 2540 Vulg.
1211 2504 1328 2539 afflictio,
1346 2503 1416 2530 LXX
1431 2509 1457 2532 et
1470 2504 1575 2532 Tlteod.
1589 2505 1701 2539 γνῶσις,
1716 2508 1850 2541 scientia,

1050 2550 1114 2584 quia
1136 2554 1193 2583 mn
1214 2550 1346 2584 legerunt.
1372 2547 1552 2584 Hieronymus
1578 2557 1642 2577 vero
1660 2550 1688 2577 in
1707 2551 1787 2580 hunc
1805 2553 1850 2580 lo-

1049 2603 1111 2622 cum
1126 2605 1132 2622 :
1152 2595 1185 2622 In
1203 2595 1324 2626 Πρω-ατο,
1344 2595 1474 2622 malitiam
1489 2595 1577 2628 habet,
1596 2604 1649 2623 non
1674 2598 1850 2637 scientiam;

1048 2642 1094 2669 sed
1109 2642 1172 2677 quia
1195 2650 1244 2669 nas
1268 2646 1293 2667 et
1310 2648 1417 2668 eumn
1443 2641 1539 2668 littera:
1560 2641 1713 2676 Ilebraicw,
1731 2652 1850 2680 excepto

1048 2697 1129 2724 parva
1147 2689 1229 2723 apice,
1246 2687 1344 2714 similes
1360 2692 1431 2718 sunt,
1447 2696 1494 2721 pro
1511 2696 1601 2716 RAA'I'II
1624 2689 1746 2724 legerunt
1757 2699 1848 2723 natu,

1048 2736 1076 2763 id
1093 2740 1130 2762 est
1147 2743 1194 2769 pro
1211 2733 1324 2763 malitia,
1349 2733 1503 2761 scientiam.
1525 2733 1583 2761 Hoc
1599 2735 1694 2762 melius
1709 2737 1780 2764 sciet
1800 2739 1849 2773 qui

1085 2791 1268 2827 (")A'I‘extus
1296 2789 1439 2827 hebraicus
1462 2791 1547 2827 _hah_et
1565 2795 1651 2827 [107,7
1668 2800 1724 2819 non
1749 2799 1848 2821 autem

1047 2824 1183 2858 t-bh'Cl.
1206 2825 1295 2853 varias
1310 2824 1441 2854 lectiones
1460 2825 1491 2854 Β.
1508 2825 1666 2855 De-Rossii.
1684 2828 1796 2857 Dnacu.
