1902 3049
65 131 94 160 ιε
667 132 702 160 IN
723 132 886 162 HEXAPLA
904 133 1077 163 ORIGENIS.
1655 136 1691 165 ιδ

68 193 224 228 tjuslittgua
237 191 362 219 habuerit
379 193 516 221 notitiam.
529 192 656 220 Eamdem
672 194 760 228 ipsam
771 198 857 224 wet-1
871 200 893 226 Α
907 194 923 227 Ῡ
944 194 990 227 50,
1007 194 1098 222 locum
1130 194 1204 222 hunc
1227 194 1360 222 diliicilem
1380 199 1493 224 n'rr'tm

67 239 307 267 commutationem
329 239 495 267 observabis
511 239 640 267 Proverb.
666 248 723 272 six,
737 241 788 273 ‘23;
803 240 857 268 lle-

65 287 112 313 sai.
128 293 186 315 vui,
199 285 236 318 9;
250 293 280 317 ι.
293 285 349 316 '28;
366 293 425 318 xvi,
443 287 485 313 tl.
505 285 625 320 Itemque
640 294 700 320 cap.
721 294 816 317 uvut,
839 287 854 320 ᾗ

64 331 89 361 9,
105 335 132 357 et
154 329 259 356 Jet‘cm.
277 338 323 361 xv,
345 330 395 363 1‘2;
418 338 494 362 xm,
509 330 552 357 40.
574 329 639 357 Item
660 330 740 357 Prov.
758 338 854 363 xxvut,

63 376 110 407 22;
122 376 210 403 Amos
223 383 244 408 ι,
259 376 288 403 5.
305 375 338 402 Ει
352 376 498 410 Sophoniae
511 384 551 408 ιιι,
563 377 589 410 9,
602 377 646 404 uhi
660 384 753 404 vocem
766 382 857 406 mh:

62 423 105 455 Λ.,
123 421 175 449 Tit.
190 422 380 457 ὲξειλεγμένον
399 423 606 454 transtulerunt,
632 422 709 458 Vulg.
733 423 854 455 electum,

63 469 262 505 Symmachus,
280 469 410 504 καθαρὸν,
432 477 547 504 purum;
570 468 641 495 LXX
661 477 735 501 vero,
751 470 796 504 qui
818 470 857 497 le-

62 521 160 551 gerunt
171 520 273 548 mm,
289 517 330 547 ei;
344 516 394 550 τὴν
405 515 501 549 γενεὰν
515 515 609 550 αὐτῆς,
625 515 653 541 in
665 516 856 549 generationem

61 561 137 595 ejus;
157 569 216 596 quo
235 561 298 588 loco
312 565 388 587 notat
408 559 610 595 Hieronymus:
628 559 702 586 LXX
720 560 856 593 dixerunt,

63 609 89 635 in
105 607 316 643 generationem
341 606 411 641 ejus.
437 605 472 632 Et
497 605 557 631 hinc
579 613 653 631 error
676 611 783 632 exortus
806 610 855 639 est,

61 655 132 690 quod
153 655 266 681 verbum
290 653 448 680 Hebraicum
473 660 588 684 unum,
615 653 684 688 quod
709 653 806 688 Aquila
831 658 856 680 et

65 702 228 734 Theodotio,
246 700 378 731 electura;
396 698 580 734 Symmaehus,
603 698 746 731 mundum,
771 700 855 725 inter-

63 754 183 783 pretatus
213 752 266 779 est,
293 745 368 772 LXX
387 745 503 779 legerunt
527 752 642 774 uinum,
662 751 712 771 nes
739 744 855 771 litteram

62 802 172 821 unum
189 793 386 823 existimantes,
400 795 505 826 propter
521 790 642 817 elementi
656 790 766 816 nimiam
781 791 856 816 simi-

62 840 219 870 litudinem,
234 838 304 873 quod
318 845 398 872 parvo
414 837 486 870 apice
500 836 685 870 distinguitur.
703 835 736 862 Et
751 834 856 863 Ilesaia:

62 893 137 916 thv,
150 885 199 911 Et.
219 883 366 910 Innumero
383 890 451 917 pcue
474 882 572 909 similia
592 881 688 908 aﬂ'erre
700 888 853 916 possemus,

61 931 111 958 sed
128 931 188 957 haec
201 934 285 956 erunt
299 929 332 955 ad
345 935 465 963 prmseus
479 927 632 954 institutum
651 926 731 954 satis.

98 974 293 1002 Observantur
307 973 370 1000 item
384 972 548 1000 mutationes
563 971 719 1006 frequentes
731 970 779 997 τοῦ
794 975 806 1000 1
828 971 856 998 in

62 1025 71 1042 ⁷
85 1029 92 1047 :
109 1020 170 1054 jam
186 1019 307 1046 vidimus
320 1025 402 1053 supra
413 1017 464 1044 Job
474 1025 511 1050 vt,
526 1016 571 1049 10,
583 1016 628 1043 ubi
639 1016 683 1044 alii
696 1017 856 1051 interpretes

62 1067 212 1094 lectionem
236 1064 399 1092 Hebraicam
425 1063 582 1091 hodiernam
606 1067 654 1095 Ἱππ
670 1062 757 1090 secuti
781 1066 855 1095 sunt,

62 1111 136 1138 LXX
151 1116 206 1143 -ινςτ
220 1111 329 1146 legisse,
346 1117 373 1137 et
388 1109 440 1136 Job
455 1117 550 1140 xxxvi,
561 1109 607 1140 30,
620 1112 680 1138 Πτκ
694 1108 791 1144 legisse
806 1116 856 1143 pro

59 1161 136 1187 Tum.
153 1156 203 1184 Sic
214 1158 297 1184 etiam
310 1156 416 1191 psalmo
435 1162 529 1187 xtvut,
542 1154 570 1186 ι,
586 1162 679 1181 vocem
695 1153 855 1181 Hebraicam

60 1209 140 1234 num
166 1204 208 1230 ait
238 1203 453 1238 Cbrysostomus
488 1201 619 1228 Hebraice
647 1200 698 1236 legi
729 1199 854 1235 οὑαγὴθε

60 1250 170 1284 psalmo
190 1253 283 1276 autem
299 1255 384 1281 uxu,
404 1247 421 1281 ᾖ
440 1247 465 1279 7,
483 1247 530 1274 ubi
549 1246 648 1282 legitur
660 1250 749 1278 πων,
766 1245 855 1273 oculos

60 1304 164 1328 eorum,
184 1302 270 1330 quam
295 1294 437 1321 lectionem
458 1292 543 1320 secuti
565 1297 628 1320 sunt
652 1292 760 1327 Aquila,
778 1292 856 1327 Sym-

62 1343 181 1369 machus
203 1346 232 1368 et
257 1340 450 1374 Hieronymus,
466 1337 536 1365 LXX
557 1338 679 1373 legerunt
699 1342 790 1371 ων,
808 1337 856 1372 qui

62 1393 188 1419 vertunt,
203 1386 297 1414 ἀδικία
310 1385 409 1418 αὐτῶν,
428 1385 554 1420 iniquitas
577 1393 678 1412 eorum.
702 1383 737 1411 Et
751 1384 856 1419 psalmo

61 1443 165 1466 cxtvtt,
189 1434 232 1467 l6,
246 1441 340 1462 vocem
353 1438 420 1463 om:
435 1438 538 1460 veteres
551 1432 681 1460 IIebraice
695 1432 789 1467 legunt
800 1431 857 1458 Xa-

64 1482 138 1516 ςεὶρ,
153 1479 291 1514 Chaphir,
305 1483 332 1506 et
352 1477 456 1506 Ilesaiae
477 1486 591 1510 xxxvttt,
615 1477 658 1510 M,
684 1485 778 1504 vocem
795 1481 855 1510 ΟὮ,

60 1534 155 1561 equus,
181 1524 336 1552 'I‘lteodotio
360 1524 424 1558 legit
444 1528 504 1557 ora,
530 1523 583 1555 σὶς,
607 1522 679 1569 LXX
701 1531 765 1550 vero
786 1523 857 1559 χελι-
871 1538 894 1569 c

62 1573 124 1605 om,
142 1572 274 1603 hirundo,
289 1575 448 1598 verterunt:
466 1577 520 1605 qua
540 1570 572 1597 de
598 1577 628 1597 re
651 1568 833 1604 Hieronymus
848 1578 854 1596 :

65 1618 119 1646 Pro
134 1618 212 1653 pullo
230 1617 398 1650 hirundinis,
406 1617 459 1643 sive
470 1615 624 1649 hirundine,
639 1623 669 1641 ut
682 1614 758 1642 LXX
773 1620 858 1641 trans-

66 1666 197 1696 tulerunt,
217 1663 246 1689 in
269 1662 401 1689 Hebraico
415 1663 542 1696 scriptum
559 1666 608 1694 est,
621 1668 668 1688 sus
680 1669 760 1692 mou,
788 1661 857 1696 quod

64 1712 259 1744 interpretatus
271 1714 311 1736 est
322 1708 430 1743 Aquila,
442 1715 529 1743 equus
546 1715 628 1742 agor;
645 1707 797 1740 Theodo‘tio,
819 1715 858 1735 sis

67 1763 155 1788 AGER;
174 1755 264 1782 media
277 1755 348 1781 enim
361 1754 458 1781 vocalis
477 1753 566 1781 littera
581 1761 642 1787 vav,
657 1754 681 1780 si
693 1758 806 1788 ponatur
817 1754 858 1780 in-

69 1807 107 1828 ter
117 1801 171 1827 duo
185 1807 291 1827 satisan
312 1800 408 1835 legitur
422 1807 478 1832 sus,
491 1804 516 1825 et
538 1798 699 1833 appellatur,
715 1806 813 1834 equus,
835 1799 858 1825 si

71 1855 113 1875 ton
126 1848 237 1882 legitur,
250 1854 300 1877 sus,
314 1851 339 1873 et
354 1846 471 1873 hirundo
485 1846 595 1873 dicitur.
615 1845 647 1873 Et
659 1844 782 1873 Jeremite
798 1853 857 1878 vxu,

72 1893 98 1925 'l,
114 1898 165 1924 π
187 1893 253 1919 item
272 1893 389 1927 legitur;
413 1891 441 1918 in
459 1892 580 1927 margine
600 1896 690 1919 autem
712 1890 859 1918 Hebraico—

72 1947 166 1966 eorum
190 1938 341 1966 Bibliorum
359 1942 470 1965 notatur
493 1938 635 1972 legendum
657 1945 718 1965 esse
735 1941 794 1970 ωηο,
812 1937 859 1964 ubi

74 1983 256 2020 Hieronymus
280 1994 288 2011 :
311 1983 428 2010 Rursum
446 1992 494 2018 pro
516 1983 661 2010 hirundine
685 1982 858 2018 Symmachus

75 2030 195 2058 cicadam
215 2029 365 2061 transtulit,
378 2037 435 2063 qua:
450 2028 578 2056 Hebraice
588 2028 687 2055 dicitur
698 2036 746 2055 διε.
766 2027 859 2063 Longe

76 2077 151 2111 plura
166 2076 325 2111 huiusmodi
347 2075 470 2110 exempla
491 2074 611 2110 proferre
634 2082 793 2109 possemus:
811 2074 860 2101 sed

77 2124 110 2150 ab
124 2124 158 2151 iis
178 2123 400 2158 supersedemus.
425 2122 542 2149 maxime
563 2121 628 2157 quia
653 2121 698 2148 illa
713 2121 786 2150 τοῦῚ
803 2121 830 2147 in
849 2124 859 2144 ι

78 2170 189 2197 mutatio
207 2169 369 2204 plerumque
383 2176 492 2196 sensum
510 2175 564 2195 non
579 2168 633 2195 alio
647 2167 787 2195 transfert.

1632 204 1692 223 ver-

909 244 969 267 tunt
988 239 1112 268 hodierni
1134 240 1333 273 hebraizantes,
1349 240 1404 267 Fili
1424 249 1549 274 perversa:
1571 242 1692 268 rebellio-

908 286 967 316 nis;
987 285 1113 321 Vulgata,
1139 285 1195 312 Fili
1213 287 1331 313 mulieris
1356 288 1440 314 uirum
1462 287 1532 314 ultro
1554 288 1691 322 rapientis,

909 331 1099 367 Symmachus,
1124 332 1180 359 Fili
1204 332 1461 367 indisciplinatarum
1490 333 1689 367 deﬁcientium;

908 377 994 408 LXX,
1008 378 1055 404 Υἱὲ
1079 378 1214 414 κορασίων
1231 378 1461 413 αὐτομολούντων,
1483 379 1560 406 aliter
1575 379 1692 412 αὐτομο-

907 423 1021 455 λουσῶν,
1038 423 1094 450 Fili
1115 424 1263 459 puellarum
1280 425 1351 451 ultro
1373 425 1538 451 venientium.
1553 424 1606 452 Pro
1628 430 1692 461 ἰλ-9,]

907 469 980 496 enim
1004 469 1103 504 legisse
1123 469 1249 496 videntur
1269 475 1353 503 mm,
1376 470 1535 504 puellarum,
1555 476 1575 498 -ι
1596 478 1693 505 nempe

907 522 956 549 pro
965 519 984 544 Ἰ.
1003 519 1034 542 ιιι
1047 523 1140 550 supra.

942 560 1042 588 Praeter
1056 561 1106 588 has
1118 569 1151 588 ex
1165 562 1377 589 commutatione
1395 561 1545 589 litterarum
1562 568 1636 590 ortas
1650 563 1692 590 in-

908 607 1133 641 terpretationunt
1152 607 1305 640 varietates,
1318 608 1378 635 alia:
1393 609 1572 636 observantur
1587 610 1632 636 ubi
1649 610 1692 637 lit-

908 657 972 679 terae
987 660 1034 686 pro
1048 653 1108 680 aliis
1122 653 1204 680 etiam
1220 661 1273 680 non
1289 654 1424 681 similibus
1436 655 1588 682 substituto:
1598 655 1693 690 depre-

909 698 1073 732 henduntur,
1091 699 1132 727 vel
1146 699 1189 726 ubi
1204 707 1237 726 ex
1253 699 1358 727 duabus
1374 707 1428 727 una
1442 700 1567 732 eﬂicitur,
1583 706 1611 728 ut
1623 700 1690 728 Gen.

908 751 975 777 xxv,
996 744 1023 776 8,
1047 745 1092 772 ubi
1123 745 1219 779 legitur
1242 737 1376 778 may-’73,
1399 746 1433 772 ad
1449 746 1572 780 populum
1595 754 1691 778 suum,

907 788 978 816 alius
995 789 1129 824 interpres
1144 794 1220 816 vetus
1236 790 1382 822 transtulit,
1399 790 1467 825 πρὸς
1480 791 1542 822 τοὺς
1560 791 1691 826 περάτας,

908 834 1001 866 αὑτοῦ,
1031 835 1065 861 ad
1094 836 1249 862 transitores
1278 843 1351 866 suos,
1380 836 1426 870 qui
1458 837 1556 871 legisse
1586 837 1692 864 videtur

906 873 1051 912 way-5x.
1066 879 1100 906 Et
1114 879 1193 907 Nunt.
1209 888 1268 913 xm,
1283 880 1326 913 34,
1338 873 1430 911 εὖγε)
1442 881 1621 916 Symmachus
1634 890 1694 909 ver-

907 927 938 954 tit
959 926 1127 961 τεραστίους,
1147 931 1320 960 portentosas,
1338 935 1370 954 ac
1384 927 1407 954 si
1429 927 1562 961 legeretur
1577 919 1692 959 1372651.

907 973 990 1000 Josue
1007 981 1071 1000 vero
1087 981 1124 1004 tv,
1149 973 1175 1005 5,
1199 978 1300 1003 uuam
1319 974 1478 1005 sacerdotes,
1496 974 1566 1001 LXX
1584 980 1693 1004 vertunt

907 1018 984 1051 λίθοι,
1002 1019 1112 1053 lapides,
1130 1019 1193 1054 quia
1210 1019 1331 1054 legerunt
1348 1024 1453 1050 uuam
1472 1021 1519 1056 (*).
1537 1020 1569 1048 Et
1587 1021 1608 1047 ll
1623 1021 1690 1058 llcg.

908 1073 986 1098 xvttt,
1004 1065 1048 1098 53,
1065 1058 1158 1098 W53,
1174 1066 1202 1092 in
1216 1067 1301 1093 eundo
1320 1067 1417 1101 ipsum,
1429 1071 1507 1095 vetus
1522 1069 1633 1102 quidam
1649 1069 1692 1096 in—

907 1117 1012 1147 terpres
1042 1111 1140 1146 legisse
1168 1112 1274 1139 videtur
1298 1117 1393 1146 non,
1420 1113 1467 1148 qui
1497 1114 1576 1141 vertit
1601 1115 1631 1142 ἐν
1654 1115 1692 1151 τῷ

907 1158 1011 1186 κλαίειν
1023 1158 1115 1190 αὐτὸν,
1131 1158 1157 1184 in
1172 1158 1260 1192 [lende
1272 1159 1370 1193 ipsum,
1388 1159 1455 1193 sive,
1477 1168 1536 1186 cum
1558 1161 1641 1194 ﬂeret.
1660 1161 1693 1188 Et

906 1206 1003 1241 psalm.
1029 1213 1104 1237 uxr,
1121 1205 1164 1237 14,
1182 1209 1257 1238 Dm,
1274 1205 1381 1240 sanguis
1405 1214 1505 1238 eorum,
1524 1205 1595 1232 LXX
1619 1206 1692 1242 lege-

907 1256 1067 1284 runtnm,
1093 1251 1305 1286 interpretantur
1327 1251 1411 1283 enim,
1428 1251 1459 1278 τὸ
1478 1251 1563 1287 ὄνομα
1587 1252 1690 1286 αὐτῶν,

907 1305 1000 1324 nomen
1027 1305 1128 1325 eorum.
1165 1296 1294 1324 Proverb.
1325 1304 1400 1329 XXVI,
1424 1297 1474 1330 17,
1496 1296 1593 1333 legitur
1613 1303 1690 1329 unt:

907 1343 1007 1377 aliique
1029 1350 1134 1374 omnes.
1150 1343 1295 1376 auriculas,
1313 1348 1344 1370 ut
1365 1351 1414 1378 par
1433 1349 1485 1376 est,
1516 1345 1692 1380 exprimunt;

908 1389 979 1416 LXX
997 1397 1073 1423 vero,
1097 1391 1144 1424 qui
1165 1395 1272 1417 vertunt
1296 1390 1406 1426 κέρκου,
1431 1396 1497 1420 arm
1523 1392 1594 1419 haud
1611 1393 1694 1420 dubio

908 1435 1007 1471 leg’sse
1021 1436 1154 1464 videntur.
1172 1435 1277 1463 Similia
1295 1438 1363 1466 bene
1378 1437 1463 1464 multa
1484 1437 1581 1465 aﬂ'erre
1597 1445 1693 1472 possc-

907 1488 969 1508 ntus
983 1480 1030 1508 ubi
1043 1481 1203 1516 interpretes
1216 1481 1253 1508 illi
1268 1485 1382 1513 veteres,
1400 1482 1457 1509 sive
1472 1483 1545 1510 varie
1567 1483 1691 1517 legerint,

908 1527 966 1554 sive
985 1526 1060 1554 varie
1081 1527 1224 1562 legendum
1245 1527 1408 1562 putaverint,
1435 1528 1514 1563 longe
1537 1528 1692 1563 disparatus

909 1571 1146 1606 interpretationes
1164 1572 1305 1600 dederunt.
1326 1573 1360 1599 At
1381 1573 1415 1600 iis
1435 1574 1560 1602 consulto
1582 1581 1692 1609 praeter-

909 1617 1002 1645 missis
1015 1617 1048 1644 ad
1061 1617 1112 1644 alia
1125 1622 1307 1645 transeamus.

944 1662 982 1689 Ex
999 1663 1081 1690 modo
1100 1663 1182 1691 etiam
1195 1663 1330 1691 dividendi
1344 1671 1424 1692 voces
1439 1664 1692 1699 interpretationem

909 1710 1026 1737 varietas
1039 1709 1137 1742 oritur,
1161 1713 1190 1736 ut
1208 1709 1336 1737 Proverb.
1352 1718 1430 1743 xvut,
1446 1710 1489 1743 i0,
1504 1703 1578 1741 θυι)
1594 1711 1692 1746 Aquila

909 1761 936 1784 et
951 1755 1115 1788 Theodotio,
1130 1755 1245 1790 πύργος,
1263 1757 1360 1789 turris;
1372 1756 1443 1783 LXX
1458 1764 1520 1783 vero
1532 1762 1558 1784 et
1569 1757 1655 1789 Alius,
1667 1763 1693 1788 7D

910 1801 1041 1828 habentes
1054 1801 1132 1836 quasi
1146 1800 1366 1835 prmpositionem
1379 1805 1425 1842 1D,
1439 1800 1538 1834 rt-jecto
1590 1801 1622 1826 ὲκ
1644 1809 1692 1835 με-

910 1847 1068 1881 γαλωσύνης
1091 1851 1118 1874 et
1142 1847 1173 1872 ὲκ
1200 1846 1339 1881 μεγέθους,
1363 1854 1395 1873 ea:
1414 1846 1605 1881 magnitudine.
1632 1855 1694 1874 ver-

910 1897 980 1920 tunt.

947 1936 986 1964 Ex
1001 1937 1177 1965 similitudine
1194 1938 1257 1965 item
1273 1942 1332 1965 soni
1352 1937 1497 1972 aliquando
1513 1937 1609 1964 litters:
1632 1937 1694 1964 uul-

910 1984 1019 2015 latenus
1031 1983 1134 2010 similes
1150 1983 1208 2010 alia:
1220 1991 1268 2017 pro
1279 1984 1340 2010 aliis
1354 1983 1534 2016 accipiuntur,
1551 1987 1578 2008 ut
1594 1982 1693 2016 psalm.

911 2037 1025 2062 Lxxxtx,
1049 2029 1100 2062 11,
1123 2036 1217 2056 vocem
1248 2033 1324 2061 twn,
1354 2030 1417 2061 cito,
1445 2029 1542 2062 Aquila
1562 2027 1631 2063 ἀνὴρ
1653 2027 1695 2055 uir

911 2076 1114 2110 interpretatur,
1128 2083 1161 2102 ac
1177 2075 1201 2102 si
1223 2075 1333 2111 legisset
1345 2079 1413 2104 tum.
1430 2074 1515 2102 Exod.
1533 2082 1569 2106 iV,
1585 2073 1629 2105 26,
1643 2080 1694 2100 vo—

910 2129 969 2150 cem
980 2127 1031 2166 ·ρτι
1042 2121 1121 2148 vertit
1132 2121 1306 2156 ἐσφράγισεν,
1317 2128 1350 2148 ac
1361 2121 1383 2148 si
1396 2120 1504 2156 legisset
1516 2125 1587 2150 om.
1600 2119 1695 2146 Exem.

911 2167 986 2202 plum
1002 2167 1250 2202 singularissimum
1271 2167 1386 2194 habetur
1401 2166 1500 2194 Ezech.
1518 2173 1579 2198 xm,
1603 2165 1630 2197 5,
1646 2165 1694 2192 ubi

110 2217 164 2245 Sed
180 2217 297 2244 mutatio
311 2216 359 2243 τοῦ
371 2221 383 2246 1
398 2217 425 2243 in
437 2222 460 2246 Ἷ
474 2220 501 2243 et
514 2215 646 2247 vicissim,
661 2223 723 2250 qua:
737 2222 861 2242 nonnun-
876 2223 897 2251 ι)
910 2205 987 2246 my“)
999 2213 1033 2240 ad
1048 2214 1172 2241 standum
1185 2213 1221 2240 ita
1234 2218 1381 2246 verterunt,
1396 2212 1465 2239 LXX
1481 2220 1513 2240 ac
1529 2212 1552 2240 si
1565 2212 1696 2247 legissent

79 2270 156 2297 quam
173 2262 307 2294 occurrit,
323 2269 448 2296 magnam
472 2261 725 2295 interpretatiouum
742 2260 859 2286 varieta-

81 2313 130 2334 tem
146 2308 227 2342 parit.
243 2307 304 2334 Jam
317 2307 435 2334 vidimus
445 2314 527 2340 supra
541 2306 573 2333 ad
588 2306 684 2340 psalm.
705 2313 781 2337 ms,
802 2305 818 2339 ᾗ
834 2306 860 2338 8,

82 2353 274 2389 Symmachum
292 2353 391 2388 legisse
408 2350 496 2387 ’Ἧι-ιι),
510 2353 682 2388 progenitori,
700 2360 749 2387 pro
763 2345 865 2384 7'1'135.

82 2401 169 2427 monti.
189 2399 223 2426 Et
237 2399 306 2427 Gen.
324 2407 416 2431 xxxw,
437 2399 464 2431 2,
482 2399 527 2426 ubi
544 2399 641 2434 legitur
660 2402 721 2428 ’τιτι
738 2403 765 2425 et
790 2397 861 2424 LXX

83 2446 186 2478 Εὺαῐος,
208 2445 286 2480 Vulg.
306 2445 415 2472 Heuwus
429 2445 634 2476 transtulerunt,
652 2450 729 2472 vetus
744 2444 863 2472 aliusin-

84 2498 192 2527 terpres,
204 2492 252 2526 qui
271 2492 343 2519 haud
358 2492 439 2519 dubie
456 2492 519 2526 legit
532 2495 612 2522 tum,
629 2492 762 2527 Χορῤαἶος
778 2490 864 2518 reddi-

84 2537 127 2564 dit.
140 2536 210 2564 Sunt
222 2541 314 2564 autent
327 2537 446 2564 (lhorrtei
460 2537 501 2563 vel
512 2536 612 2564 IIorrtei
623 2541 706 2563 altera
720 2543 785 2570 gens
795 2535 863 2562 Cita-

86 2590 248 2610 nanaeorum.
273 2582 306 2609 Et
325 2581 357 2608 IV
377 2583 441 2617 Reg.
460 2590 498 2615 ιιι,
517 2582 560 2616 l6,
584 2583 630 2610 ubi
651 2582 750 2617 legitur
769 2585 862 2613 arma.

86 2628 149 2657 LXX
163 2630 220 2656 τῶν
235 2630 338 2660 ἳππων,
356 2628 480 2663 Vulgata,
497 2637 621 2664 equorum
645 2634 761 2656 vertunt.
787 2628 864 2655 Alius

87 2680 168 2702 autem
192 2679 273 2702 vetus
292 2675 434 2709 interpres,
451 2675 497 2709 qui
521 2679 613 2704 arma
638 2675 712 2709 legit,
731 2673 864 2709 εὐνούχων

88 2721 139 2749 sive
149 2722 332 2749 cunuchorum
350 2721 496 2748 transtulit.
510 2719 569 2748 Lib.
583 2720 593 2746 l
613 2719 726 2755 Iiegutu,
741 2728 801 2754 cap.
816 2728 862 2753 xx,

109 2791 148 2828 ‘(')
167 2791 226 2819 Non
244 2797 352 2821 unum
367 2796 505 2828 verterunt
524 2791 606 2828 λίθοι,
632 2791 678 2818 sed
691 2794 787 2828 unus,
799 2790 865 2828 abs—

89 2825 143 2866 que
155 2828 273 2855 articulo
288 2847 296 2860 ,
322 2826 396 2866 quod
415 2827 505 2861 reipsa
524 2826 581 2866 hoc.
596 2826 630 2866 in.
651 2833 732 2866 versu
755 2825 863 2859 legitur.

89 2860 159 2890 Plana
173 2868 266 2891 autent
294 2860 522 2890 omiseruut’tres
540 2861 659 2889 ltebraici
683 2865 772 2888 textus
797 2867 893 2901 prae;_

911 2252 1001 2293 1:85,
1018 2262 1226 2295 interpretantur
1238 2260 1310 2287 enim
1325 2260 1460 2295 λέγοντες,
1477 2260 1603 2287 dicentes.

912 2306 956 2334 IV.
974 2307 1012 2334 De
1034 2308 1120 2342 prisco
1137 2309 1296 2342 scripturam
1319 2306 1477 2333 Hebraicam
1493 2306 1594 2341 legendi
1610 2314 1692 2333 more.

946 2352 1077 2380 Fateatur
1092 2353 1189 2381 eruditi
1204 2360 1299 2380 omnes
1318 2360 1447 2387 magnum
1467 2351 1634 2379 intercedere
1651 2351 1693 2380 in-

912 2404 953 2427 ter
977 2406 1079 2427 veteres
1103 2404 1131 2426 et
1151 2399 1316 2426 recentiores
1338 2399 1365 2425 in
1390 2398 1528 2426 Hebraicm
1553 2398 1695 2432 scripturas

912 2445 1027 2473 lectione
1047 2444 1211 2478 discrimen;
1240 2445 1295 2472 imo
1318 2449 1345 2471 et
1359 2443 1481 2471 eatndem
1500 2444 1586 2478 ipsam
1611 2444 1636 2470 in
1655 2443 1694 2470 le-

913 2491 998 2526 gendo
1011 2491 1167 2518 varietatem
1188 2499 1238 2518 suo
1252 2495 1372 2524 tetnpore
1383 2490 1532 2522 observari,
1547 2490 1585 2520 ait
1595 2489 1695 2517 Ηίθεο-

913 2545 1010 2571 uymus
1029 2537 1108 2571 epist.
1133 2536 1167 2563 ad
1190 2534 1374 2570 Evangelum:
1400 2534 1455 2562 Nec
1480 2535 1571 2569 refert,
1595 2534 1695 2568 inquit.

913 2588 1002 2609 utrum
1019 2582 1109 2610 Salem
1126 2587 1173 2609 aut
1196 2581 1278 2608 Salim
1298 2582 1463 2610 nominetur:
1480 2589 1538 2607 cum
1560 2579 1696 2610 coealibtt.

913 2629 941 2655 in
953 2629 1036 2655 medio
1052 2628 1145 2655 litteris
1160 2636 1267 2663 perraro
1278 2633 1387 2655 utantur
1409 2626 1526 2660 Hebrwi,
1543 2632 1567 2653 et
1581 2634 1628 2660 pro
1649 2632 1695 2652 oo-

913 2674 1014 2701 luntate
1024 2673 1156 2708 {lectorum
1170 2682 1201 2701 ac
1221 2674 1348 2701 varietate
1365 2674 1498 2708 regionum
1513 2672 1604 2699 eadem
1616 2670 1696 2700 verba

914 2720 1021 2747 diversis
1037 2720 1106 2746 sortis
1122 2724 1198 2754 atque
1213 2719 1360 2746 accentibus
1375 2719 1553 2754 proferantur.

915 2790 1040 2817 cedentes
1062 2797 1163 2821 voces,
1182 2797 1250 2824 quas
1273 2788 1375 2816 Themi.
1399 2789 1438 2816 sic
1463 2787 1579 2814 reddidit
1607 2794 1613 2812 :
1640 2785 1696 2814 ix‘u

916 2825 1036 2856 στάσεως
1053 2824 1139 2860 ποδῶν
1154 2823 1207 2850 τῶιι
1225 2825 1333 2860 ἱερέωνι
1347 2825 1373 2850 h.
1393 2832 1417 2852 c.
1435 2832 1447 2853 e
1466 2829 1577 2852 stultam!
1600 2823 1695 2857 Ρεάιιιμ

907 2861 1092 2898 facerdotum.
1114 2859 1221 2894 Ducti.
