1902 3049
236 127 270 155 ‘7

904 129 1165 159 PBA‘ILIMINARIA

1828 135 1860 163 ιε

271 186 308 221 (α)
323 185 394 214 Nihil
415 179 511 214 mirum
531 185 615 220 igitur
628 188 671 212 est
696 185 720 212 si
743 185 918 214 Massoretica
939 187 1018 214 lectio
1031 189 1056 218 Δ
1070 194 1145 214 num.
1163 186 1190 220 ὅ,
1205 186 1271 221 Zay.
1290 186 1341 214 Sed
1357 187 1427 215 alius
1441 195 1468 215 Ix
1483 188 1592 217 circiter
1605 190 1699 217 saeculi
1710 211 1717 224 ,
1740 199 1819 219 num.
1834 194 1860 225 2,

234 240 296 259 cum
311 232 512 260 vetustioreilla
524 239 578 258 non
592 238 704 266 prorsus
714 233 867 265 conveniat,
884 233 1018 268 siquidem

233 277 388 306 Massoretze
407 286 465 305 eam
482 277 682 305 adnotaverunt
695 286 755 312 qua:
770 282 847 306 aetate
874 287 923 307 sua
947 283 973 307 et
985 287 1018 307 eo

232 325 292 352 loco
309 324 354 351 ubi
381 323 561 351 versabantttr
576 323 636 351 usui
653 328 726 355 erat,
747 331 862 359 qumque
887 325 921 352 ab
947 326 1018 353 anti-

233 371 326 405 quiore
340 370 384 397 illa
400 373 427 397 et
440 369 474 397 ab
489 377 520 396 ea
535 377 596 403 qua:
610 369 692 396 variis
714 370 740 396 in
757 369 913 404 regionibus
937 379 1018 398 usur—

232 417 356 450 pabatur,
375 415 491 442 multum
507 414 657 442 ditIerebat.
677 414 747 448 Quin
768 415 849 442 etiam
874 416 954 444 hodie
976 417 1016 444 le-

231 463 319 488 ctione
328 469 377 496 per
388 461 551 489 Massoretas
559 462 592 488 ad
605 465 694 489 certas
707 461 814 488 vocales
825 461 1015 495 determinata,

230 507 298 533 inter
318 506 457 534 Rabbinos
472 506 631 541 plerumque
648 513 702 532 non
724 506 790 534 satis
814 507 940 534 convenit
961 515 1016 542 quo

227 555 308 585 pacto
323 552 359 579 sit
378 552 531 586 legendum.
545 551 609 578 Inde
625 555 667 578 est
680 550 753 585 quod
777 555 882 579 veteres
899 551 938 579 illi
960 560 1016 579 non

228 605 320 624 secum
340 605 447 632 semper
456 597 629 625 consentiant
644 597 670 623 in
683 596 844 624 lectionibus
857 617 864 629 ,
881 598 928 625 sed
945 598 1016 626 alius

228 644 282 671 alio
295 643 377 670 modo
389 643 458 670 idem
473 643 585 670 verbum
600 641 731 677 proferat.
743 643 814 676 quod
829 644 960 678 exemplis
971 651 1014 671 se-

227 688 376 724 quentibus
393 689 581 715 confirmatur.
597 687 706 714 Initium
726 695 808 722 porro
833 689 960 716 ducimus
981 689 1015 716 ab

228 734 372 769 alphabeto
392 734 497 766 Graeco,
516 734 588 769 quod
606 741 667 761 cum
680 734 831 761 litterarum
846 734 1012 768 nominibus,

227 781 329 809 Graecis
343 779 442 807 litteris
455 779 618 814 descriptum
634 779 750 807 habetur
773 779 845 814 apud
866 779 1013 808 Eusebium

226 827 265 853 De
277 835 358 862 prwp.
372 835 475 861 evang..
488 825 536 852 lib.
549 833 575 857 x,
594 830 621 852 et
633 826 660 853 in
672 825 765 853 codice
781 825 838 853 RR.
855 825 908 854 PP.
924 825 1013 854 Jesui-

1069 237 1097 259 et
1113 233 1182 260 alius
1199 240 1235 259 χιι
1259 233 1360 264 saeculi,
1382 242 1458 261 num.
1485 234 1530 267 17,
1557 234 1625 262 Zain
1653 236 1746 263 habet.
1770 237 1862 266 Codex

1069 277 1132 305 item
1147 278 1259 305 Coislin.
1273 278 1392 311 Graecus,
1409 288 1486 306 num.
1504 280 1565 314 191,
1581 281 1662 309 habet
1673 281 1729 312 ζάτ.
1747 283 1777 310 1η
1793 284 1862 312 alios

1068 325 1189 359 quotidie
1206 325 1297 352 incido
1312 325 1420 354 codices
1434 327 1481 361 qui
1499 326 1549 354 Zui
1571 327 1681 356 habent.
1704 329 1799 362 Quare
1815 331 1861 358 vix

1068 368 1246 398 dubitaverim
1264 371 1330 405 quin
1346 371 1409 398 olim
1425 372 1459 398 ab
1474 372 1603 400 omnibus
1622 373 1672 400 Zai
1683 395 1691 407 ,
1718 383 1774 402 non
1791 375 1861 402 Zuiu

1067 416 1166 443 lectum
1183 415 1274 447 fuerit,
1289 422 1302 445 τ
1314 424 1408 444 omnes
1423 425 1470 451 per
1482 416 1631 448 (reddunt.

1100 465 1153 491 nin
1167 461 1264 488 lihellt.
1283 461 1417 490 Eusebius
1433 467 1460 490 et
1476 464 1536 490 cod.
1549 463 1604 491 Jes.
1620 464 1654 500 ῆθ
1667 465 1760 499 legunt
1773 486 1781 498 ,
1796 473 1860 492 cum

1067 507 1185 542 aspirata
1200 508 1314 539 scilicet,
1329 508 1380 536 etsi
1395 509 1422 535 in
1432 511 1577 544 postremo
1589 518 1643 536 non
1657 510 1766 544 legatur
1778 511 1861 545 spiri-

1066 554 1126 584 tus;
1141 551 1215 586 alph.
1230 551 1350 580 Murbac.
1364 560 1445 580 ιιετιι.
1462 552 1538 581 Hanc
1550 555 1667 581 litteram
1691 554 1764 582 LXX
1785 556 1860 591 lege-

1065 597 1131 624 bant
1151 605 1200 632 per
1213 607 1243 632 χ,
1260 598 1312 630 chi,
1339 603 1368 625 ut
1387 603 1464 626 notat
1489 599 1673 635 Hieronymus
1699 600 1802 633 Quam.
1830 603 1860 628 in

1066 641 1141 674 Gem,
1158 649 1188 670 ut
1202 648 1254 676 Dn,
1270 643 1344 678 Χὰμ,
1357 644 1450 672 Cltam.
1468 643 1501 671 Et
1518 645 1546 671 in
1557 644 1701 672 Jeremiam
1717 654 1779 681 cap.
1797 655 1857 680 nx,

1064 688 1080 722 ᾗ
1104 689 1132 721 2,
1148 689 1182 716 de
1194 697 1260 717 voce
1278 694 1370 720 nua-1n
1385 691 1441 718 haec
1453 691 1531 718 habet
1545 700 1551 718 ς
1570 690 1602 718 Et
1614 699 1662 725 pro
1675 697 1753 726 porta
1765 693 1857 727 ﬁctili,

1064 734 1172 770 Aquila,
1192 735 1365 770 Symmachus
1382 741 1406 763 et
1426 735 1568 763 Tlteadott'o
1581 737 1666 771 ipsum
1684 739 1793 765 ret-bum
1808 747 1858 773 po-

1063 785 1173 808 suerunt
1189 780 1349 808 Hebraicum
1374 790 1509 815 nansn‘u;
1527 791 1574 817 pro
1591 791 1641 817 quo
1665 783 1759 816 LXX,
1777 785 1858 818 juxta

1063 833 1161 852 merent
1176 834 1262 858 suum,
1279 834 1327 861 pro
1339 827 1499 861 aspiratione
1517 835 1587 855 ιιετιι
1607 828 1719 861 ιίιιενω,
1740 830 1857 858 addide-

225 877 314 900 tarum
330 872 436 907 collegii
447 871 579 898 Ludovici
592 870 680 907 Magni
703 871 728 898 in
742 871 858 899 Threnis
869 871 1009 906 Jcremize;
1027 863 1047 890 Β
1063 876 1178 898 runlcut
1195 871 1316 899 Caecum
1328 893 1335 904 ,
1353 877 1383 899 ut
1404 873 1519 900 dicerent
1538 874 1659 901 charsith
1678 883 1727 909 pro
1748 877 1855 910 arsith;

225 925 331 945 necnon
348 917 376 944 in
394 916 537 951 alphabeto
553 916 654 944 codicis
667 915 856 944 Murbaeensis
873 917 947 944 mille
958 918 1010 944 cir-

224 963 293 990 citer
307 969 453 994 annorum,
471 969 486 989 a
499 961 579 989 nobis
595 961 668 989 edito
685 961 897 998 Palwographia:
911 963 1010 991 Gra’cw

224 1017 251 1044 p.
268 1009 330 1037 22L

224 1055 256 1082 ν.
274 1056 310 1083 De
322 1056 400 1083 ueteri
414 1055 564 1082 litterarum
579 1054 770 1082 Hebraicarum
782 1056 1007 1090 pronuntiatione.

257 1096 315 1148 ἢθη
332 1104 423 1139 Aleplt.
450 1103 583 1130 Eusebius
605 1103 668 1138 legit
685 1102 749 1137 ἇλφ,
769 1103 830 1130 cod.
850 1103 904 1131 Jes.
924 1104 1007 1139 ὰλφὰ,

223 1151 396 1186 alphabetum
412 1149 590 1177 Murbaeense
603 1156 697 1176 ALEPIL
717 1149 763 1176 Ait
785 1157 849 1176 vero
875 1150 1009 1186 Hierony—

218 1205 283 1224 mus
298 1196 495 1229 Qttwstionibus
510 1196 536 1222 in
554 1194 673 1222 Genesim
684 1216 691 1228 ,
707 1195 778 1222 hanc
795 1196 911 1223 litteram
937 1205 1008 1232 saepe

220 1251 267 1277 per
283 1251 297 1270 ε
310 1242 372 1277 legi,
388 1242 487 1276 saepius
502 1248 566 1268 vero
581 1249 629 1275 per
642 1249 667 1268 α.
682 1240 836 1276 Aliquando
848 1249 895 1273 per
908 1251 923 1269 ο
937 1243 1007 1271 lecta

219 1286 428 1321 deprehenditur
437 1285 507 1312 utlll
524 1285 590 1321 Reg.
603 1294 621 1318 I,
635 1286 663 1319 5,
679 1290 771 1315 num.
785 1286 869 1320 LXX,
889 1288 1004 1324 Ὀρνίας.

252 1337 305 1362 Γιῖέ
332 1333 408 1360 Belh.
433 1332 568 1360 Eusebius
591 1337 618 1359 et
645 1333 729 1360 codex
754 1332 810 1360 Jes.
837 1333 903 1369 βήΘ·
932 1335 1005 1370 alph.

220 1379 340 1406 Hurbac.
357 1387 438 1406 BE'I'II.
452 1378 575 1406 'Omuino
589 1379 734 1414 respondet
753 1379 777 1411 ,ϐ
793 1378 888 1407 ϐηεεο
901 1401 908 1413 ,
925 1385 1007 1415 atque

220 1424 310 1455 hodie,
326 1428 355 1450 ut
366 1424 389 1456 ,Β
403 1424 537 1456 Graecum,
556 1431 627 1459 saape
645 1423 743 1458 legitur
758 1431 807 1457 per
822 1431 838 1450 v
853 1431 1006 1452 consonan-

220 1473 284 1501 tem,
300 1469 408 1504 quando
420 1470 523 1497 scilicet
538 1478 592 1498 non
609 1475 651 1498 est
663 1471 867 1505 daghessatum.

253 1508 320 1547 ’γετί
334 1517 446 1544 C/timel.
464 1516 599 1545 Eusebius
614 1517 696 1552 γίμελ
712 1517 787 1551 legit,
798 1517 894 1544 codex.
906 1516 1003 1544 Jesuit.
1017 1535 1039 1564 C

220 1563 297 1598 γιμλ,
327 1563 500 1598 alphabetum
515 1563 694 1591 Murbaeense
716 1570 813 1589 causa.
837 1561 1005 1597 Exprimitur

218 1617 323 1644 semper
339 1617 386 1644 per
397 1619 417 1644 γ
429 1609 563 1637 Graecum.

250 1647 304 1684 ηδτ
319 1654 422 1681 Daleth.
438 1653 573 1681 Eusebius
593 1657 621 1681 et
638 1654 722 1681 codex
740 1653 796 1681 .Ies.
816 1653 876 1679 δὲλθ
900 1653 1002 1688 legunt,

218 1707 365 1734 suppressa
377 1704 515 1734 postrema
528 1699 615 1726 vocali
627 1707 634 1732 ;
645 1698 818 1733 alphabetum
827 1697 1003 1726 Murbaeense

217 1753 334 1772 DELETII.
357 1745 465 1780 Legitur
477 1752 525 1780 per
536 1744 554 1771 δ
570 1745 682 1779 ubique.

251 1797 289 1821 an
307 1791 354 1818 lle.
374 1790 508 1818 Eusebius
529 1795 556 1819 et
575 1791 635 1819 cod.
652 1791 706 1819 Jes.
732 1799 784 1818 una
803 1791 892 1818 littera
914 1800 933 1825 η
955 1799 1002 1818 ex-

218 1837 349 1871 primunt.
376 1837 496 1871 Uterque
519 1844 580 1864 cum
605 1837 700 1871 spiritu
724 1837 808 1864 denso
828 1837 858 1871 ἡ.
885 1837 999 1871 Alpltab.

216 1882 337 1910 Murbac.
359 1890 403 1909 ιιε.
420 1882 482 1909 Ilaec
494 1889 576 1916 porro
595 1882 683 1909 littera
697 1882 795 1916 saepius
816 1890 864 1917 per
883 1891 896 1909 ε
911 1883 1001 1917 capri-

215 1928 349 1961 mebatur,
365 1936 434 1963 saepe
448 1928 528 1955 etiam
545 1936 592 1963 per
610 1936 636 1961 a,
652 1933 719 1955 teste
730 1927 841 1955 Hieron.
860 1928 960 1960 Quazst.
972 1929 1000 1955 in

215 1973 279 2001 Gen.
302 1974 476 2002 Canticorum
503 1980 592 2002 autem
612 1982 664 2006 vtl,
677 1974 709 2007 6,
729 1979 847 2005 anan-1:
861 1975 927 2011 legit
939 1975 1000 2010 qui-

213 2021 274 2048 dam
289 2026 366 2048 vetus
382 2021 515 2056 interpres
533 2021 673 2056 βερατείμ.
919 2052 924 2058 _

246 2072 269 2098 Ἣ
291 2067 357 2095 I’au.
376 2067 509 2095 Eusebius
527 2071 554 2094 et
570 2067 632 2094 cod.
650 2066 705 2095 Jes.
726 2067 792 2093 οὺαῦ
804 2087 811 2099 ,
828 2067 900 2102 alph.
925 2067 998 2094 Mur-

212 2114 272 2142 bac.
297 2122 358 2141 vau.
383 2113 445 2141 Haec
465 2114 554 2141 littera
579 2121 718 2148 nunquam
743 2115 920 2141 consonantis
939 2115 998 2142 vice

211 2159 334 2195 fungitur
347 2160 373 2186 in
388 2159 548 2195 fragmentis
566 2167 614 2193 per
637 2159 745 2187 Graecos
768 2160 930 2195 descriptis,
947 2168 997 2188 nec

1061 917 1130 944 sicut
1147 917 1215 944 illud
1233 922 1281 951 est,
1297 926 1344 952 pro
1360 918 1478 951 Ilebron,
1494 919 1631 954 Chebron,
1644 925 1669 948 et
1683 929 1734 956 pro
1748 921 1855 956 Jeriho,

1059 961 1179 996 Iericho,
1192 968 1217 990 et
1231 964 1342 990 similia.
1358 963 1420 996 Alii,
1439 966 1557 993 maxime
1571 974 1636 994 vero
1656 967 1755 1002 Aquila
1769 988 1776 1000 ,
1804 977 1856 1004 pro

1060 1008 1180 1043 aspirata
1197 1009 1313 1042 habent;
1327 1017 1358 1037 ac
1375 1015 1405 1037 ut
1417 1011 1564 1038 verisimile
1580 1017 1632 1044 est,
1658 1013 1739 1041 initio
1754 1014 1854 1042 dictio-

1060 1061 1125 1080 num
1140 1062 1188 1089 per
1205 1054 1330 1089 spiritum
1349 1055 1462 1082 densum
1473 1055 1639 1090 indicabant,
1651 1057 1782 1092 licetjam
1797 1059 1855 1092 spi-

1059 1100 1161 1127 rituum
1178 1100 1335 1134 hujusmodi
1353 1102 1579 1129 commutationes
1601 1103 1710 1136 multat,
1730 1105 1854 1132 maxime

1060 1144 1087 1171 in
1103 1145 1258 1173 nominibus
1273 1147 1400 1181 propriis,
1420 1147 1656 1182 deprehendantur
1670 1159 1676 1176 :
1693 1150 1757 1184 quia
1775 1151 1854 1178 enim

1058 1189 1123 1218 olim
1150 1189 1275 1225 Origenis
1299 1195 1429 1226 tempore,
1452 1198 1479 1220 et
1497 1194 1599 1228 aliquot
1620 1199 1681 1229 post
1701 1194 1850 1231 Origenem

1058 1236 1176 1270 steculis,
1194 1238 1358 1272 exemplaria
1374 1239 1465 1266 omnia
1481 1239 1540 1267 sine
1552 1240 1694 1275 spiritibus
1709 1246 1736 1268 et
1749 1250 1853 1270 arcen-

1058 1282 1132 1309 tibus
1145 1283 1382 1318 describcbantur;
1404 1287 1515 1321 quando
1535 1286 1592 1313 haec.
1610 1286 1736 1314 adnotari
1757 1296 1853 1324 cmpe-

1056 1333 1132 1363 runt,
1142 1329 1299 1365 calligraphi
1318 1338 1366 1358 eos
1378 1332 1490 1366 spiritus
1507 1333 1535 1359 in
1553 1333 1709 1362 nominibus
1726 1335 1853 1370 propriis

1055 1380 1216 1409 posuerunt,
1232 1377 1278 1410 qui
1298 1377 1415 1411 primum
1432 1378 1459 1404 in
1477 1383 1594 1406 mentem
1611 1380 1767 1408 veniebant.
1790 1381 1852 1410 Ilac

1055 1425 1146 1448 autem
1171 1421 1200 1448 in
1226 1429 1255 1449 re
1280 1423 1386 1450 codices
1407 1424 1492 1451 secuti
1507 1432 1622 1459 sumus,
1640 1427 1712 1453 male
1739 1427 1851 1462 positos

1055 1465 1133 1494 lenes
1145 1467 1257 1502 spiritus
1271 1468 1416 1496 emendare
1428 1477 1483 1496 non
1500 1470 1570 1497 ausi.
1589 1470 1616 1497 In
1640 1472 1728 1499 medio
1743 1473 1850 1501 dictio-

1056 1519 1121 1539 num
1138 1512 1253 1540 litteram
1271 1518 1292 1544 η
1308 1513 1417 1541 nonnisi
1431 1522 1479 1549 per
1496 1515 1618 1543 vocalem
1631 1517 1826 1551 exprimehant
1840 1529 1849 1553 ;

1056 1559 1165 1586 unicum
1178 1563 1266 1586 tamen
1279 1560 1413 1594 reperitur
1426 1561 1579 1596 exemplum
1594 1563 1638 1590 ubi
1659 1563 1849 1599 Symmachus

1055 1612 1147 1631 vocem
1164 1608 1238 1635 uim:
1251 1605 1339 1640 ὼχεὶμ
1354 1606 1427 1640 legit,
1440 1614 1535 1641 nempe
1546 1607 1607 1635 lsai.
1621 1617 1682 1642 xui,
1699 1611 1748 1637 21.
1766 1611 1850 1639 Initio

1055 1657 1162 1682 vocum,
1176 1656 1205 1678 ut
1219 1651 1284 1682 dixi,
1300 1651 1418 1678 vocalem
1430 1660 1483 1687 qua
1496 1653 1611 1681 litteram
1623 1660 1643 1686 Π
1653 1656 1850 1690 exprimebant

1054 1697 1175 1731 aspirare
1186 1697 1308 1724 solebant
1324 1706 1330 1724 :
1348 1706 1379 1725 ea
1397 1706 1483 1738 porro
1495 1700 1598 1727 vocalis
1618 1706 1677 1729 erat
1692 1702 1850 1738 aliquando

1051 1751 1077 1771 ε.
1095 1743 1140 1770 Sic
1154 1742 1221 1770 Gen.
1237 1751 1272 1777 ιι,
1289 1743 1332 1777 14,
1350 1744 1466 1778 ὲδδεκελ,
1478 1737 1566 1786 5pm,
1583 1746 1680 1782 Tigris.
1693 1737 1780 1777 Josite
1798 1759 1846 1783 xv,

1053 1790 1098 1821 50,
1111 1795 1210 1822 mam,
1224 1790 1306 1826 ὲρμά,
1322 1791 1431 1824 Henna,
1445 1797 1472 1820 et
1486 1794 1584 1821 similia
1603 1796 1726 1830 :‘saepius
1750 1803 1846 1826 autem

1052 1847 1081 1869 α,
1099 1842 1129 1864 ιιι
1150 1837 1182 1864 IV
1198 1837 1264 1873 Reg.
1281 1846 1300 1870 I,
1318 1839 1344 1864 2.
1361 1838 1468 1873 Aquila,
1491 1840 1594 1872 Ἀαζία,
1609 1845 1692 1872 nam};
1704 1862 1711 1874 ,
1738 1846 1787 1878 qui
1804 1846 1848 1872 di-

1052 1884 1122 1912 citur
1133 1884 1266 1911 Ochozias
1279 1885 1313 1911 ab
1330 1884 1494 1921 Ilieronymo
1518 1891 1543 1913 et
1567 1886 1658 1921 LXX;
1684 1893 1712 1916 et
1739 1893 1845 1925 psalm.

1052 1936 1096 1961 ix,
1113 1929 1143 1961 Ἰ,
1158 1928 1272 1964 ἁρϐὼο,
1295 1934 1442 1962 nummi
1464 1931 1562 1965 psalm.
1584 1939 1650 1965 cm,
1669 1934 1720 1966 I7,
1750 1937 1844 1970 ἁσιδά,

1048 1974 1302 2008 mmmetJerem.
1318 1983 1374 2008 xu,
1386 1975 1413 2008 Ξ,
1431 1977 1475 2007 A.,
1492 1977 1533 2009 S.,
1552 1977 1615 2010 Th.,
1632 1980 1722 2014 ἁρσὶθ,
1734 1987 1842 2016 nvo-in,

1049 2024 1080 2046 ut
1095 2027 1189 2054 supra.
1206 2020 1234 2046 In
1250 2020 1338 2047 medio
1352 2021 1409 2048 sive
1426 2024 1487 2055 post
1496 2022 1612 2056 primam
1627 2024 1746 2053 litteram
1763 2030 1843 2055 vocis

1051 2064 1220 2099 frequentius
1232 2065 1295 2092 evel
1308 2073 1337 2098 η.
1352 2064 1420 2092 Gen.
1436 2074 1462 2098 v,
1477 2066 1504 2099 6,
1520 2068 1619 2099 οὐαεεὶ,
1635 2073 1699 2104 inn,
1713 2076 1738 2098 ει
1755 2073 1843 2106 vix“;

1049 2111 1083 2138 III
1098 2111 1163 2153 Reg.
1178 2119 1196 2143 I,
1212 2112 1238 2144 9,
1256 2111 1301 2144 A.,
1315 2111 1343 2139 S.
1355 2133 1362 2145 ,
1381 2112 1491 2144 ζωελὲΘ,
1513 2106 1593 2145 n'7rn.
1611 2115 1684 2143 Psal.
1711 2126 1749 2145 vn
1764 2140 1771 2152 ,
1794 2121 1841 2153 15,

1049 2157 1134 2189 ἰεΰάλ,
1151 2149 1234 2189 ὅππη
1252 2157 1313 2185 lsai.
1330 2166 1374 2190 xv,
1393 2158 1419 2191 5,
1432 2159 1476 2192 A.,
1492 2159 1591 2194 λουείθ,
1615 2155 1694 2193 nit-.15
1706 2184 1714 2196 ,
1734 2149 1841 2195 mima;

211 2206 286 2240 fungi
302 2213 381 2240 posse
405 2206 527 2238 videtur,
551 2205 771 2240 quandoquidem
799 2207 875 2233 initio
898 2214 994 2234 vocum
1011 2210 1033 2237 D
1047 2203 1198 2238 proprium.
1212 2202 1364 2237 Aliquando
1379 2205 1462 2231 etiam
1474 2213 1494 2231 α
1511 2211 1539 2232 ut
1554 2206 1587 2233 IV
1604 2207 1669 2243 Reg.
1697 2217 1716 2236 I.
1737 2210 1767 2238 In
1785 2212 1841 2240 line

210 2251 372 2286 exprimitur
383 2259 429 2286 per
446 2253 492 2284 οὺ,
508 2252 609 2284 obessi,
622 2255 689 2284 tn'l'l,
712 2257 736 2278 el
757 2253 840 2284 vixit;
859 2252 994 2287 οὺεσσακὴ

208 2303 323 2342 uappa,
338 2302 362 2325 et
373 2298 509 2325 osculatus
520 2302 569 2324 est.
585 2297 612 2324 In
626 2299 715 2325 medio
729 2303 818 2326 autem
839 2303 866 2326 et
878 2300 931 2326 line
945 2306 994 2326 vo-

209 2355 270 2373 cum
293 2347 372 2373 modo
401 2353 448 2380 per
463 2354 499 2372 0v
510 2365 516 2377 ,
532 2345 624 2376 modo,
648 2349 675 2372 et
687 2345 797 2380 quidem
813 2344 992 2380 frequentius,

209 2400 256 2427 per
270 2401 292 2418 ω
307 2392 445 2425 redditur;
462 2399 516 2426 qua
532 2391 565 2418 dc
576 2399 604 2418 re
619 2391 698 2418 infra.

242 2441 278 2480 πυτ
293 2437 369 2464 Zain.
381 2437 514 2465 Eusebius
525 2441 552 2464 et
568 2439 628 2465 cod.
643 2437 698 2464 .Ies.
712 2437 766 2464 Ζαῒ
780 2437 881 2472 legunt,
892 2438 992 2465 omissa

207 2489 345 2519 postrema
370 2484 490 2511 nominis
511 2484 612 2510 littera.
642 2483 760 2518 Itemque
782 2483 832 2510 Ζαῑ
852 2484 950 2518 legitur
964 2484 991 2510 in

208 2530 350 2565 alphabeto
364 2529 533 2557 llttrbacensi
549 2529 620 2564 quod
633 2529 767 2556 edidimus
785 2528 992 2563 Pa’woqrap/tiaz

207 2576 343 2611 (ἐναντίη).
357 2576 419 2603 (221.
443 2575 482 2602 Ex
503 2575 695 2609 manuscriptis
718 2583 782 2601 vero
802 2575 902 2602 nostris
922 2583 991 2603 unus

208 2632 232 2650 tv
249 2622 350 2654 saeculi,
363 2630 438 2648 num.
453 2622 479 2653 5,
494 2622 575 2648 habet
591 2621 658 2653 Zai;
672 2621 750 2653 alter,
767 2628 792 2647 xu
812 2621 920 2648 circiter
939 2629 1011 2665 sae}

206 2670 270 2702 culi,
286 2677 361 2696 num.
376 2669 419 2701 I2,
432 2668 495 2695 item
508 2667 574 2698 lui;
591 2667 697 2698 tertius,
710 2675 748 2693 xtl
763 2667 871 2694 circiter
887 2667 989 2699 saeculi,

241 2748 279 2782 (η)
295 2747 361 2779 Qua:
376 2746 484 2782 abinde
500 2750 652 2782 sequuntur
665 2743 800 2782 prmiatus
812 2749 861 2782 est
885 2744 989 2782 Monte-

206 2779 340 2809 falconius
352 2782 378 2807 in
397 2781 588 2807 Dissertatione
609 2779 862 2811 Lexico-Ilebraico,
881 2781 914 2807 ab
930 2781 989 2815 ipso

206 2819 348 2848 ador-nato,
362 2816 513 2850 praemissa,
527 2816 599 2850 quod
613 2815 644 2842 ad
659 2815 759 2842 calcem
781 2815 908 2842 editionis
931 2823 989 2842 sua:

208 2852 346 2878 c‘ot‘OtIitlis
359 2853 417 2878 vice
430 2851 530 2886 posuit.
547 2850 624 2883 Quod
637 2858 698 2877 cum
721 2851 850 2878 rccudere
872 2850 988 2878 instituti

1049 2255 1139 2277 autem
1155 2257 1249 2277 vocum
1263 2258 1278 2276 ε
1289 2255 1336 2277 aut
1347 2258 1366 2283 η
1379 2250 1435 2277 fere
1445 2252 1617 2286 exprimitur,
1629 2255 1681 2282 nisi
1702 2263 1840 2292 sequatur

1047 2301 1066 2324 Π
1077 2296 1278 2331 paragogicum.
1291 2295 1337 2323 Sic
1357 2296 1424 2324 Gen.
1440 2305 1481 2328 ιιι,
1496 2297 1513 2324 8
1525 2319 1531 2331 ,
1547 2298 1648 2336 λαρουή
1661 2320 1669 2332 ,
1690 2295 1777 2336 m5,
1802 2306 1839 2332 ad

1047 2342 1170 2386 spiritum
1185 2341 1227 2367 vel
1242 2343 1275 2368 ad
1289 2350 1392 2368 auram.
1408 2341 1508 2370 Psalm.
1529 2352 1577 2371 vnt
1591 2366 1598 2378 ,
1613 2346 1642 2378 l,
1657 2346 1838 2386 λαμανασσὴ,

1045 2380 1154 2420 find),
1178 2387 1285 2415 Victori.
1303 2388 1347 2415 Ps.
1377 2397 1471 2422 XLVIII,
1489 2391 1519 2423 1,
1548 2392 1630 2428 Κορέ,
1752 2380 1836 2425 Delli;

1046 2442 1101 2466 va,
1115 2434 1140 2460 1.
1155 2435 1201 2465 A.,
1215 2434 1293 2468 φεσέ,
1308 2439 1380 2468 n05,
1398 2434 1483 2462 Pliasc
1496 2437 1536 2464 vel
1554 2437 1668 2467 Pascha.
1692 2434 1838 2472 llialachia:

1046 2488 1076 2513 ιι,
1096 2480 1139 2512 15,
1155 2480 1275 2516 μασὸηή,
1291 2486 1368 2511 nam
1385 2480 1479 2514 altare,
1496 2486 1523 2509 et
1540 2483 1606 2511 ibid.
1624 2478 1719 2529 mp5,
1736 2487 1836 2516 λακέϐ.

1045 2526 1197 2561 Aliquando
1211 2528 1293 2555 etiam
1310 2529 1476 2563 praeponitur
1488 2538 1507 2556 α
1530 2536 1592 2558 ante
1613 2540 1638 2564 ε,
1667 2526 1697 2559 ut
1711 2533 1744 2561 IV
1761 2535 1833 2572 Reg.

1045 2581 1083 2606 ιι,
1096 2573 1122 2600 6.
1136 2574 1168 2600 A.
1184 2574 1280 2608 μεσαέ,
1295 2579 1369 2606 non.
1789 2600 1793 2603 ,

1078 2625 1139 2650 una
1155 2621 1228 2649 Tetli.
1245 2622 1378 2649 Eusebius
1390 2626 1416 2648 et
1432 2623 1491 2649 cod.
1501 2622 1555 2651 Jes.
1568 2625 1618 2660 τήθ
1634 2633 1695 2653 cum
1708 2628 1835 2663 aspirata

1044 2667 1065 2693 Θ
1080 2667 1105 2694 in
1122 2668 1186 2701 line,
1205 2668 1378 2703 alphabetum
1396 2668 1572 2698 Murbaeense
1586 2679 1658 2699 τετιι
1669 2692 1677 2705 ,
1693 2673 1758 2702 licet
1775 2673 1834 2703 non

1043 2745 1129 2773 nostri
1140 2753 1192 2772 non
1211 2745 1366 2782 sit,rutpote
1380 2746 1426 2782 qui
1445 2746 1501 2781 jam
1521 2747 1639 2777 Lexicon
1660 2750 1832 2782 Hebraicum

1043 2780 1313 2822 puniet-ignomnibus
1336 2780 1492 2822 absolutum
1513 2784 1689 2822 ediderimus,
1714 2788 1774 2817 haec

1043 2816 1151 2852 laudata
1169 2815 1364 2852 Disquisitione
1380 2815 1407 2842 in
1425 2818 1540 2852 gratiam
1559 2819 1668 2848 lectoris
1683 2815 1739 2849 huc
1752 2815 1832 2852 revo:

1043 2851 1175 2878 cavimus.
1191 2849 1271 2876 Eutr.
1288 2848 1372 2877 Pun.
