1902 3049
222 125 251 152 5|
871 127 1132 155 PIUELmlNARIA
1811 125 1848 152 52

221 193 301 212 voces
319 186 418 212 nullam
431 193 461 212 ex
475 185 571 212 litteris
583 189 665 216 am
676 185 830 220 prmiorant,
843 190 946 214 eertum
960 188 1002 214 est
1016 190 1036 217 Α
1052 187 1143 218 beclm,
1164 186 1212 220 illi,
1230 186 1292 222 βάχ.
1313 186 1426 219 Quando
1453 190 1542 214 autem
1564 185 1719 220 prmeedens
1739 184 1848 212 vocalis

220 240 270 259 eos
284 237 380 266 prmter
397 233 445 258 has
461 231 564 258 litteras
585 232 654 258 alias
671 232 799 259 habuisse
814 232 932 264 vocales,
943 239 1003 266 qua

221 278 330 311 quidem
344 286 397 305 non
408 277 608 308 scribebantur,
621 277 665 304 sed
679 285 711 304 ex
723 277 918 304 consuetudine
931 277 1006 304 adhi-

220 325 364 356 bebantur,
379 324 430 351 etsi
446 332 542 359 magna
552 329 624 351 esset
637 324 664 350 in
679 324 793 358 legendo
808 324 934 351 varietas.
947 323 1004 350 Lit-

221 375 286 396 tera
301 373 389 396 autem
410 373 492 401 ιητσκ
519 370 666 404 pratsertim
689 377 749 403 quae
770 369 924 403 aspirantur
944 374 1002 400 mle

220 423 274 442 non
291 415 498 442 determinatam
517 415 648 445 vocalem.
665 415 712 441 sed
730 414 811 441 modo
826 414 908 444 hanc.
922 415 1002 441 modo

219 461 298 488 aliam
314 461 340 487 in
356 469 407 488 usu
422 460 526 495 legendi
544 465 570 487 et
588 459 715 494 loquendi
729 459 898 490 obtinebant,
915 459 951 485 ita
972 463 1003 486 ut

217 511 244 532 et
259 506 388 540 aspiratio
404 510 432 532 et
455 506 558 532 vocalis
581 513 634 532 una
661 509 809 532 sonarent:
826 505 898 538 quod
920 512 1001 532 nemo

217 552 365 586 negavi-rit.
390 550 486 578 Utrum
512 556 601 578 autem
627 550 671 577 illa
694 551 823 586 aspiratio
847 557 1001 578 consonans

216 598 268 624 dici
282 597 388 629 debeat,
406 597 510 624 videtur
523 605 583 624 esse
598 605 672 624 mera
684 597 802 624 nominis
819 597 942 631 qu.estio.
964 596 1001 623 De

215 647 226 666 9
241 648 266 670 et
284 647 361 672 tuon
379 647 429 675 est,
447 647 477 669 ut
491 643 598 677 quidem
615 646 689 677 puto,
705 650 754 676 par
768 642 838 668 ratio
852 651 857 668 :
872 649 933 668 nam
952 648 999 668 ve-

215 689 329 716 risimile
342 692 383 716 est
398 696 456 718 eas.
472 693 502 715 ut
516 688 662 722 plurimum
677 688 782 719 saltem,
795 687 929 714 vocalium
943 686 1000 713 olli-

215 735 260 761 cio
283 734 390 761 functas
412 742 489 766 esse;
508 734 554 760 sed
578 734 612 761 iis
634 734 679 768 qui
704 741 784 760 secus
805 733 999 760 existimabunt

214 788 283 812 rem,
301 788 429 814 perquam
453 779 542 814 exigui
562 780 702 811 momenti,
720 779 843 814 pluribus
867 778 998 814 indagan-

214 826 276 853 dam
293 826 381 853 mitto.
397 825 456 852 Jam
479 826 511 853 ad
527 826 634 853 vocales
659 826 719 852 illas
735 830 856 852 veterum
871 832 932 851 cum
949 825 998 852 ho-

1054 237 1096 259 est
1111 241 1124 258 ε
1140 240 1186 266 per
1202 241 1214 258 ε
1235 232 1392 264 terminant,
1407 237 1437 259 ut
1451 239 1533 267 supra
1545 224 1629 272 ττι-ἠν
1651 230 1800 266 ιελεδεθέχ.

1089 278 1242 312 Aliquando
1256 278 1348 309 etiam,
1362 277 1408 305 sed
1428 286 1500 310 raro,
1512 286 1530 304 ο
1541 278 1583 305 vel
1605 286 1626 304 ω
1643 285 1693 312 pro
1709 285 1730 303 (ι
1745 277 1846 311 legunt

1053 327 1159 350 veteres
1180 323 1230 354 illi,
1252 331 1285 350 ac
1302 323 1430 350 vicissim.
1455 323 1502 350 Sic
1521 322 1589 351 Gen.
1613 331 1715 356 xxxvi,
1741 322 1788 353 9.4,
1814 322 1846 349 in

1053 374 1129 401 που,
1142 373 1230 411 mpm.
1253 368 1406 396 Hassorette
1424 368 1524 401 mukor,
1543 373 1620 396 vetus
1631 368 1712 395 lectio
1727 366 1846 402 μωκὼρ,

1052 415 1105 441 nisi
1119 414 1153 441 sit
1167 415 1294 442 mendum
1312 422 1361 449 pro
1375 414 1489 450 μακὼρς
1502 419 1529 441 et
1538 413 1622 442 Iosue
1637 421 1686 444 vit,
1702 414 1748 444 ΞΛ.
1762 418 1847 446 “.132.

1052 460 1208 488 Massoretze
1226 461 1321 488 Achar.
1339 460 1429 494 Aliqui
1454 460 1576 495 legerunt
1594 460 1688 495 ‘Axdp,
1706 467 1762 486 non
1790 460 1846 486 ob-

1052 509 1142 533 stante
1154 510 1175 534 Ὶ.
1195 505 1245 532 Alii
1265 505 1361 541 Ἀχὼρ.
1384 505 1393 532 l
1410 505 1478 540 Reg.
1495 513 1561 537 xvii,
1581 505 1606 536 1,
1623 510 1709 535 nam.
1732 504 1846 531 Masso-

1051 555 1115 578 reta:
1134 550 1267 577 Dammim
1279 559 1288 577 :
1301 551 1338 577 illi
1350 551 1459 586 δομμίν,
1471 555 1499 578 et
1512 551 1611 586 psalm.
1625 558 1719 582 xsvm,
1732 550 1761 582 2,
1776 542 1847 582 ΊΗΠ,

1050 595 1215 628 Μηεςοτειω,
1231 597 1307 623 Imlcd
1320 606 1329 628 ;
1345 597 1382 624 illi
1393 597 1449 624 ὃλδ.

1087 641 1123 668 De
1140 642 1238 669 scheva
1253 642 1375 676 quadam
1395 642 1563 669 observanda
1582 641 1661 669 nobis
1675 645 1749 669 sunt.
1766 640 1846 668 Mas-

1049 688 1166 714 soretico
1182 688 1290 721 quidem
1309 695 1383 714 mone
1398 687 1544 722 aliquando
1560 687 1668 722 legitur,
1687 688 1844 722 aliquando

1048 732 1119 759 silet.
1133 732 1243 767 Legitur
1257 740 1363 767 semper
1375 733 1452 759 initio
1463 733 1536 760 vocis
1551 734 1602 760 sub
1616 733 1705 760 littera
1718 734 1844 769 daghcs-

1048 783 1117 810 sata,
1133 780 1159 805 in
1173 779 1262 806 medio
1276 780 1352 806 vocis
1365 784 1426 814 post
1443 779 1515 806 aliud
1532 780 1642 811 scbeva,
1657 784 1685 806 et
1697 785 1761 814 post
1777 788 1843 808 mo-

1048 825 1150 851 tionem
1165 833 1302 860 magnam.
1320 825 1389 852 Alibi
1403 826 1543 860 quiescere
1558 826 1638 858 solet,
1651 834 1666 853 e
1682 830 1774 853 autem
1794 833 1845 853 so-

213 871 315 898 diernis
331 871 542 898 hcbraizantium
558 871 724 898 molientibus
738 869 936 905 comparandas
951 877 998 896 ve-
1013 869 1035 896 Β
1049 875 1096 897 nat
1111 878 1173 897 curn
1196 870 1303 906 legitur.
1320 870 1400 898 llisee
1425 878 1508 906 porro
1527 871 1631 906 legibus
1648 879 1703 898 non
1727 871 1846 898 stabant

213 918 332 944 niamus.
351 916 476 944 V'ocalcm
498 917 520 943 A
543 917 709 951 exprimunt.
735 921 797 951 post
821 915 996 945 Massoretas,

214 962 336 990 hodierni
352 962 521 996 grammatici
535 970 582 996 per
594 966 696 988 camets
708 960 726 994 ',
747 969 794 995 per
814 961 913 996 patahh
929 960 955 991 ”,
971 966 998 987 et

211 1015 259 1042 per
270 1007 366 1034 scheva
382 1006 508 1042 patahh"
519 1007 542 1034 E
552 1015 615 1034 vero
631 1015 677 1042 per
691 1011 762 1034 tsere
772 1007 782 1013 “
797 1015 844 1042 per
851 1006 926 1042 segol
943 1005 955 1016 ν
970 1011 998 1034 et

210 1060 259 1087 per
269 1053 366 1080 scheva
375 1053 448 1088 segol
461 1052 479 1063 τ
499 1053 522 1080 Ε
530 1058 618 1080 autem
630 1053 818 1080 tenuissimum
827 1060 873 1088 per
881 1053 993 1080 sclieva:

210 1098 228 1125 Ῑ
246 1107 293 1132 1³81·
307 1099 395 1134 lllliriq
411 1107 538 1136 magnum
555 1101 596 1128 sic
612 1105 639 1128 ν.
653 1101 696 1128 vel
717 1108 842 1135 parvum,
856 1108 903 1128 seu
926 1108 996 1135 pun-

209 1150 283 1171 c'um
304 1145 355 1172 sub
374 1145 474 1178 littera,
489 1154 570 1181 quam
591 1146 672 1174 allicit
684 1148 801 1182 positum
817 1147 857 1174 sic
869 1151 898 1183 ξι,
917 1145 951 1172 bi.
973 1145 995 1172 Ο

208 1197 258 1224 per
277 1188 289 1220 ἦ
312 1191 418 1218 liliolem
442 1191 562 1225 plenum,
590 1193 631 1218 vel
650 1199 697 1226 per
720 1192 828 1218 hholem
852 1191 994 1222 deficiens.

207 1244 255 1263 seu
281 1241 410 1272 punctum
437 1237 463 1264 in
489 1245 606 1272 superno
628 1237 711 1264 latere
737 1237 876 1272 sequentis
899 1237 994 1264 littera:

207 1283 336 1317 seriptum
349 1283 387 1310 sic
402 1279 441 1312 ωλι
455 1283 532 1314 dom;
550 1284 612 1310 item
626 1291 673 1317 per
684 1287 787 1310 camets
803 1282 940 1317 hhatoupb
953 1283 994 1310 sic

205 1323 269 1352 'vel
291 1334 338 1360 per
365 1326 484 1361 liliateph
504 1331 623 1357 camets,
641 1325 656 1338 "
679 1326 700 1354 U
724 1332 814 1354 autem
834 1335 914 1362 grave
945 1334 992 1361 per

206 1370 338 1397 schourec
353 1377 364 1399 η
386 1370 408 1398 U
430 1375 511 1399 tenue
530 1379 578 1406 per
598 1372 706 1399 ltibbus.
729 1371 767 1399 Dc
790 1372 922 1406 gravitate
936 1366 1000 1398 sive;

205 1416 336 1443 tenuitate
362 1417 530 1451 singularum
558 1418 690 1444 vocalium
714 1425 768 1444 non
794 1418 909 1452 loquar,
928 1418 992 1452 quia

206 1461 273 1488 nihil
289 1461 445 1496 huiusmodi
458 1463 618 1490 observatur
633 1463 659 1489 in
677 1463 793 1490 lectione
804 1467 937 1490 veterum.

240 1529 336 1565 llagna
354 1538 436 1566 porro
452 1531 557 1567 legendi
576 1531 693 1559 varietas
715 1531 786 1558 inter
807 1536 912 1559 veteres
929 1531 990 1559 illos
1004 1546 1024 1574 ϐ

205 1576 367 1611 interpretes
383 1581 410 1604 et
424 1576 587 1604 Massoretas
608 1576 829 1612 deprehenditur,
841 1577 877 1604 ita
901 1582 931 1605 ut
946 1577 990 1604 ubi

204 1622 243 1648 illi
256 1622 349 1656 legunt
363 1631 390 1654 α,
406 1622 433 1649 1ιί
447 1622 536 1657 legant
548 1630 571 1653 ρ.
585 1626 612 1650 et
627 1622 757 1655 vicissim,
774 1627 801 1649 ut
817 1622 826 1649 I
840 1621 906 1658 Reg.
922 1631 988 1655 xvn,

204 1667 248 1697 18.
267 1673 346 1700 nz-r;
369 1668 466 1702 Aquila
491 1668 600 1703 ἐρουόά,
621 1667 774 1696 Massorctae
788 1674 852 1696 vero
867 1669 988 1702 arnballi,

203 1721 265 1740 cum
283 1714 382 1740 scheva
401 1713 500 1747 patahh
522 1713 548 1739 in
565 1713 650 1748 prima
667 1713 801 1740 etkibbus
818 1714 844 1740 in
859 1714 989 1746 secunda,

203 1768 236 1787 ac
248 1760 397 1794 saepissime
413 1760 458 1786 tibi
473 1764 492 1791 ιτ
505 1764 532 1786 et
548 1765 567 1789 Π
579 1765 708 1786 notantur
723 1760 809 1788 vocali
827 1769 853 1793 α,
870 1761 906 1787 illi
922 1769 935 1787 e
952 1761 990 1787 lu-

202 1809 279 1839 gunt.
296 1805 397 1832 Psalm.
422 1813 507 1836 vau,
528 1805 555 1836 5.
573 1805 619 1832 tibi
643 1805 797 1833 Massnretaa
814 1805 880 1833 illud
899 1810 986 1839 ins-17,

203 1850 343 1878 lare/ietlte
364 1851 464 1886 legunt.
486 1850 513 1877 In
531 1851 647 1878 vetustis
661 1852 800 1879 codicibus
819 1853 916 1887 legitur
933 1854 988 1888 ἱερ-

202 1897 253 1932 χοή
264 1905 270 1911 '
288 1901 315 1924 et
329 1897 422 1924 eodem
439 1897 541 1931 psalmo
551 1897 578 1930 Ῡ,
592 1897 636 1930 10,
653 1902 730 1928 τηε-τ
743 1898 905 1931 Massorettv,
919 1899 989 1926 dim-

203 1943 302 1972 minou.
330 1943 378 1974 illi,
403 1942 542 1978 δεμμηνοῧ
569 1943 684 1977 habent;
709 1949 735 1971 et
759 1944 856 1979 psalm.
881 1953 937 1978 cu,
959 1945 986 1977 1,

200 1979 417 2027 7n't'7t,Massor.
436 1988 603 2020 laldut/trca,
618 1989 666 2021 illi,
685 1989 988 2024 'lelsaseélealachize

200 2040 232 2064 ιι,
250 2033 294 2064 13,
310 2038 388 2065 mra.
405 2033 519 2062 Massor.
534 2042 670 2067 cxssorn;
690 2034 727 2061 illi
749 2035 874 2070 χεσσοὺθ.
896 2035 988 2070 longe

200 2086 266 2106 vero
281 2080 380 2114 saepius
398 2080 436 2106 illi
459 2089 472 2107 ε
496 2080 702 2108 Massoreticum
726 2089 773 2116 per
795 2090 811 2107 a
837 2082 938 2116 legunt,
958 2085 988 2107 ut

199 2123 286 2152 Levit.
310 2133 389 2157 xviii,
414 2126 458 2158 15,
473 2118 539 2157 5:11,
559 2126 671 2153 Illassor.
696 2134 756 2154 eum
776 2127 876 2161 duplici
902 2127 985 2162 segol,

201 2170 313 2198 Thebel:
336 2170 487 2199 Theodotio
511 2172 607 2199 Θάΰελ.
632 2172 758 2200 Judicum
774 2181 804 2200 ιιι
826 2181 897 2208 stupe
919 2179 986 2202 ’ττικ

199 2215 357 2243 Massoretm
371 2225 432 2244 rum
447 2221 517 2244 [scre
539 2218 589 2245 sub
600 2218 687 2253 prima
703 2218 791 2245 Elmd.
807 2218 888 2245 LXX.
907 2218 985 2250 Ἀώ6,

199 2260 264 2293 Alii,
283 2260 380 2288 Ἀαὼδ.
407 2262 417 2288 Ι
440 2261 505 2297 Reg.
531 2270 596 2295 xvii,
614 2263 639 2294 1,
665 2267 723 2292 Das
748 2262 864 2290 Massor.
889 2262 985 2297 Eplies,

199 2306 237 2332 illi
255 2306 332 2340 άφές.
353 2305 386 2332 IV
412 2306 478 2342 Reg.
505 2315 581 2339 xviii,
605 2308 650 2338 54.
671 2313 722 2339 Vm
740 2307 856 2334 Massor.
881 2307 986 2340 Ilenah,

199 2352 296 2385 Aquila
318 2352 388 2378 Ἀνέ.
403 2351 436 2378 IV
454 2352 519 2387 Reg.
540 2360 602 2384 xxv,
620 2353 663 2384 17,
678 2358 765 2385 τιτι),
785 2352 897 2380 Massor.
919 2352 988 2380 Clio-

199 2397 310 2430 tlieretli,
320 2397 423 2432 Synim.
432 2402 458 2424 ct
467 2397 616 2424 Tlieodotio
631 2397 750 2433 χωοάρθ.
759 2397 810 2424 Job
819 2404 884 2429 xui,
894 2397 927 2424 14

199 2442 313 2470 Massor.
331 2443 418 2476 keren,
434 2443 532 2478 Aquila
556 2450 582 2470 et
599 2443 702 2477 Symm.
721 2443 800 2478 κάρν.
816 2442 919 2469 Psalm.
937 2450 986 2474 vii,

199 2489 244 2520 15,
260 2481 325 2519 Sani
340 2489 455 2517 MaSsor.
473 2489 610 2516 ielmbbel:
626 2494 729 2516 veteres
749 2489 787 2515 illi
805 2488 889 2515 ιεΰὰλ.

235 2556 284 2583 llic
300 2565 364 2584 vero
383 2557 532 2584 notandum
548 2561 590 2583 est
605 2556 631 2582 in
646 2555 732 2582 amatis
748 2555 873 2583 secundae
891 2563 985 2589 perso-

197 2609 241 2629 na:
255 2602 402 2637 singularis
419 2602 562 2629 masculini
576 2601 682 2635 generis
695 2606 715 2642 π
728 2601 868 2635 supposito
884 2606 986 2628 camets

197 2656 229 2673 cu
243 2652 348 2675 veteres
363 2648 526 2682 interpretes
541 2655 557 2674 a
570 2651 632 2674 ante
650 2655 663 2673 c
683 2647 782 2682 legere,
798 2647 927 2674 nimirum
943 2655 984 2674 ac.

197 2694 243 2721 Sic
265 2695 362 2728 psalm.
386 2703 457 2725 ηπ,
481 2694 508 2724 8,
529 2686 626 2733 Vrbs,
649 2694 693 2720 ubi
712 2693 866 2733 Massoretze
890 2693 986 2721 Elocca

195 2740 298 2773 legunt.
317 2741 355 2766 illi
378 2739 478 2774 ὲλωάχ.
495 2731 597 2766 Psalm.
615 2746 698 2772 XLVII,
713 2739 756 2771 10,
770 2731 852 2776 153.1
871 2739 984 2767 Massor.

194 2784 354 2818 "eculeo/ia,
367 2785 404 2811 illi
417 2784 533 2819 ὴχαλάχ.
543 2783 643 2812 Psalm.
654 2793 708 2816 cu,
717 2785 743 2815 5,
811 2785 925 2812 Massor.
935 2785 985 2812 Le-

193 2829 242 2854 dm
254 2836 263 2854 :
280 2829 316 2855 illi
330 2829 392 2861 λὰκ,
411 2829 507 2856 melius
523 2828 582 2865 λάχ.
599 2830 663 2857 lsai.
679 2838 753 2862 xm,
767 2831 793 2862 5,
808 2835 849 2871 τι.
868 2830 982 2859 Massor.

1050 920 1154 943 veteres
1170 916 1329 950 interpretes
1346 926 1353 944 :
1371 924 1433 944 nam
1447 917 1544 944 scheva
1560 925 1630 952 saepe
1642 925 1696 944 non
1711 917 1845 953 legebant

1050 961 1128 989 initio
1143 961 1232 991 vocis;
1249 966 1279 988 ut
1293 962 1359 989 Gen.
1380 970 1399 993 ι,
1414 962 1440 994 1,
1457 966 1583 991 mum.
1602 962 1771 994 Massoretaa.
1787 963 1843 990 Be-

1050 1007 1172 1037 rescln'lh,
1190 1007 1239 1038 illi,
1258 1007 1364 1042 βρησίθ.
1388 1007 1455 1035 Gen.
1471 1016 1501 1040 ll,
1522 1008 1549 1039 8,
1562 1012 1638 1049 Tum,
1654 1008 1773 1036 Massor.
1791 1009 1840 1036 bc-

1050 1053 1140 1084 Iteden,
1153 1053 1191 1080 illi
1208 1052 1292 1088 βεδέν.
1313 1053 1398 1080 Levit.
1417 1061 1478 1085 xm,
1495 1054 1523 1085 2.
1539 1059 1606 1084 nam
1620 1054 1738 1082 Massor.
1753 1055 1840 1086 seeth,

1050 1098 1212 1131 Theodotio,
1232 1099 1293 1135 αήθ.
1313 1099 1413 1127 Psalm.
1429 1108 1468 1132 xi,
1493 1100 1520 1132 9,
1541 1106 1609 1133 En),
1632 1100 1752 1129 Massor.
1775 1101 1841 1128 clie-

1049 1153 1118 1175 runi,
1143 1144 1181 1171 illi
1203 1145 1288 1180 χράμ.
1310 1144 1409 1172 Psalm.
1433 1152 1517 1178 cmi,
1541 1146 1587 1179 25,
1611 1151 1688 1178 nm,
1717 1146 1840 1174 Massor.

1048 1189 1174 1222 beta/tem,
1196 1189 1233 1216 illi
1249 1189 1332 1226 βσήμ.

1081 1235 1249 1270 Frequenter
1275 1237 1355 1264 etiam
1381 1245 1430 1272 pro
1453 1238 1584 1266 hodierno
1608 1239 1707 1267 scheva
1737 1240 1840 1267 initiali

1046 1281 1170 1308 eamdem
1183 1282 1304 1309 vocalem
1321 1283 1450 1311 adhibent
1467 1292 1528 1319 quae
1540 1285 1567 1311 in
1586 1285 1710 1320 sequenti
1730 1286 1840 1321 syllaba

1046 1327 1170 1355 habetur.
1187 1327 1255 1356 Gen.
1272 1336 1327 1361 xiv,
1340 1329 1368 1362 5,
1384 1333 1487 1360 Dina-1.
1504 1330 1669 1363 Massoretae.
1693 1331 1839 1365 lleplmim.

1045 1373 1153 1407 Aquila,
1177 1375 1307 1409 ραφαείμ,
1332 1374 1417 1402 Levit.
1440 1384 1498 1408 xu,
1516 1376 1563 1409 27,
1580 1381 1642 1407 mea
1661 1377 1839 1409 Massoretze.

1045 1415 1159 1448 ΡΙιιαιΙι,
1178 1420 1216 1446 illi
1242 1420 1324 1454 φαάθ.
1348 1419 1450 1452 Psalm.
1474 1429 1535 1454 aut,
1559 1421 1586 1452 8,
1602 1427 1693 1453 mm
1715 1423 1839 1451 Ilassor.

1045 1463 1171 1502 ttebaotlt.
1186 1463 1295 1492 Veteres
1308 1465 1346 1491 illi
1362 1465 1470 1492 σαόαώθ
1486 1474 1566 1502 sape.
1581 1467 1681 1495 Psalm.
1696 1476 1783 1501 xnvu,
1801 1469 1835 1501 5,

1042 1501 1129 1541 τ’ἔιίῖξ),
1158 1509 1288 1541 Massor.,
1319 1510 1443 1546 pelagus,-
1473 1501 1531 1545 illi,
1557 1513 1694 1547 φαλαγαῦ.
1726 1513 1837 1541 Psalm.

1161 1556 1188 1588 5,
1209 1548 1309 1590 ιιαῃώ,
1335 1557 1449 1584 Massor.
1476 1558 1638 1591 [cumse/ml;
1665 1560 1715 1592 illi,
1742 1560 1839 1595 λιμα-

1042 1600 1101 1628 σάλ.
1131 1601 1233 1630 Horum
1261 1604 1383 1638 exempla
1408 1604 1559 1639 frequentia
1588 1606 1708 1640 reperire
1734 1612 1779 1634 est
1805 1608 1836 1634 in

1041 1647 1111 1674 LXX
1134 1647 1339 1683 interpretibus,
1357 1655 1387 1677 ut
1408 1650 1548 1685 scltet'omo,
1566 1652 1706 1687 Σολομὼν,
1718 1657 1747 1680 et
1768 1653 1838 1680 alia.

1040 1691 1089 1719 Est
1101 1693 1182 1720 etiam
1198 1694 1243 1721 ubi
1259 1699 1392 1729 sequente
1402 1703 1432 1722 ou
1453 1696 1552 1723 scheva
1570 1696 1635 1723 illud
1655 1697 1761 1724 iuitiale
1785 1706 1837 1733 per

1039 1746 1058 1764 ιι
1075 1738 1238 1772 exprimant,
1255 1744 1284 1766 ut
1300 1740 1398 1774 psalm.
1416 1749 1492 1774 me,
1512 1742 1555 1774 15,
1572 1747 1648 1774 11:?3.
1670 1743 1787 1777 μινούδ.

1075 1783 1114 1811 De
1129 1788 1139 1807 ν
1156 1785 1215 1818 iod,
1234 1789 1260 1812 et
1282 1785 1315 1812 de
1335 1787 1421 1814 vocali
1445 1787 1452 1813 Ι
1475 1787 1532 1814 haec
1557 1788 1729 1816 observanda
1751 1794 1835 1823 sunt;

1039 1832 1050 1852 τ
1069 1837 1176 1864 semper
1192 1831 1346 1865 exprimunt
1365 1836 1469 1860 veteres
1487 1841 1533 1867 per
1548 1842 1569 1866 ι,
1594 1834 1636 1860 vel
1660 1834 1836 1862 indiscrimi-

1039 1876 1123 1902 natim
1146 1883 1194 1910 per
1218 1884 1253 1908 ει,
1275 1876 1327 1902 nisi
1347 1878 1444 1904 mendo
1467 1878 1639 1905 librariorum
1665 1887 1692 1905 et
1707 1879 1834 1914 positum

1039 1920 1122 1948 fuerit
1147 1929 1195 1956 pro
1216 1930 1235 1953 ι,
1253 1922 1325 1956 quod
1346 1922 1564 1957 frequentissime
1580 1925 1607 1951 in
1629 1927 1834 1961 manuscriptis

1039 1967 1139 1995 Graecis
1150 1976 1217 2003 pene
1228 1969 1356 1996 omnibus
1363 1970 1531 1997 observatur.
1542 1971 1608 1998 Gen.
1624 1979 1643 2004 ι,
1656 1972 1682 2003 1,
1695 1977 1833 2005 nitas-1:,

1039 2012 1146 2048 βρησὶθ.
1162 2012 1230 2044 Gen,
1245 2021 1300 2042 xiv.
1318 2014 1345 2046 5.
1362 2019 1464 2047 ams-1,
1480 2017 1588 2051 Aquila,
1607 2018 1744 2053 ραφαειμ.
1760 2018 1833 2046 Gen.

1038 2067 1134 2091 xxvm,
1156 2059 1200 2091 19,
1219 2063 1300 2090 't‘rn,
1320 2059 1392 2094 ἁείρ.
1410 2059 1494 2087 Levit.
1515 2068 1534 2093 ι,
1554 2061 1578 2093 1,
1601 2066 1698 2104 nupti.
1716 2063 1833 2098 οὐικρά.

1037 2103 1105 2131 Gen.
1122 2112 1214 2136 xxxvi,
1228 2104 1273 2136 24,
1291 2105 1318 2130 ill
1342 2109 1406 2132 uota
1425 2109 1512 2138 Dina,
1530 2107 1652 2142 ἀμμαίμ.
1671 2107 1682 2134 1
1702 2107 1772 2144 Reg.
1792 2117 1834 2140 ιν,

1038 2150 1082 2181 18,
1100 2154 1222 2182 ωηιξη-ιιι,
1238 2149 1368 2185 ἁρῧαείμ.
1385 2150 1394 2176 l
1416 2150 1481 2186 Reg.
1498 2160 1564 2184 xvn,
1582 2153 1607 2184 1,
1623 2157 1700 2183 Dim
1716 2153 1833 2190 δομμῐν.

1039 2194 1059 2221 ll
1083 2194 1149 2229 Reg.
1165 2203 1219 2227 xiv,
1244 2195 1290 2227 26,
1311 2200 1420 2226 Diruta,
1444 2196 1572 2232 μαοαείμ..
1597 2197 1630 2224 111
1651 2197 1719 2233 Reg.
1745 2209 1785 2232 VI.
1804 2201 1834 2233 1,

1039 2242 1166 2267 cum:
1180 2238 1356 2273 βασεμονειμ.
1381 2239 1414 2266 1V
1429 2240 1493 2276 Reg.
1512 2249 1531 2274 I,
1545 2242 1573 2273 2,
1594 2247 1690 2275 nt‘tnN,
1706 2243 1742 2272 A.
1767 2246 1834 2272 ’Δα-

1038 2283 1094 2333 (Eia,
1108 2284 1291 2333 S._’Oxo:£ag.
1311 2285 1344 2311 lV
1367 2285 1432 2321 Reg.
1449 2295 1527 2320 xxiii,
1545 2287 1570 2321 7,
1593 2293 1724 2333 ωηιυ-ιρπ,
1745 2292 1835 2319 ἀκκο-

1037 2329 1127 2365 δασιμ.
1143 2329 1194 2358 Job
1207 2339 1272 2363 xui,
1285 2331 1328 2364 16,
1340 2334 1429 2361 Πῃηειτ
1442 2333 1486 2366 A.,
1500 2332 1540 2364 S..
1553 2335 1661 2370 ιεμιμα.
1672 2329 1754 2364 Psal.
1770 2346 1833 2372 vin,

1038 2375 1064 2405 1,
1087 2377 1184 2407 nti-un,
1202 2376 1324 2410 ἀγεοοίθ.
1342 2376 1412 2404 Psal.
1429 2386 1467 2412 XI,
1483 2378 1509 2410 1,
1528 2383 1666 2413 numam,
1686 2382 1832 2418 ἀσεμινίθ,

1036 2419 1108 2448 Psal.
1127 2429 1199 2453 XLIV,
1216 2422 1241 2454 l,
1254 2427 1341 2455 m’t‘tt,
1363 2423 1459 2456 ῐδιδὼθ,
1476 2430 1502 2452 et
1515 2426 1579 2452 alibi
1599 2435 1680 2462 saepe.

1074 2465 1124 2494 Ubi
1142 2475 1205 2495 vero
1223 2472 1232 2491 τ
1250 2469 1366 2502 quiescit
1386 2470 1413 2495 in
1428 2473 1508 2504 tsere,
1531 2479 1577 2505 per
1594 2481 1616 2511 ῃ
1635 2474 1717 2508 vulgo
1737 2477 1836 2511 expri-

1036 2517 1124 2544 munt,
1140 2513 1229 2555 rarius
1247 2522 1294 2548 per
1304 2522 1329 2540 ε.
1346 2513 1379 2540 ιν
1400 2514 1463 2548 Reg.
1483 2523 1502 2546 l,
1520 2516 1548 2548 8,
1563 2509 1641 2549 ἠδη,
1659 2519 1737 2555 ἐλοή.
1755 2509 1834 2550 Psal.

1036 2565 1086 2588 vlt,
1101 2557 1127 2589 8,
1143 2550 1229 2591 πενίη-ι,
1244 2558 1343 2585 οὺαλεά
1358 2558 1441 2602 Psal._
1455 2568 1537 2591 xcv",
1557 2562 1583 2594 5,
1603 2566 1696 2597 vna-19,
1719 2550 1833 2602 ἱερχοή,

1037 2602 1110 2651 l’sal.
1125 2613 1207 2639 xuii,
1222 2606 1264 2638 10,
1280 2606 1396 2640 ἡχαλὰχ,
1416 2599 1508 2647 1537.1.
1524 2608 1584 2635 Alia
1598 2611 1686 2639 multa
1701 2599 1832 2651 exeme

1036 2649 1157 2684 proferre
1169 2659 1322 2685 possemus,
1333 2652 1379 2678 sed
1397 2652 1453 2680 huic
1467 2653 1534 2680 satis
1550 2660 1642 2683 sunto.

1071 2694 1184 2728 Quando
1199 2699 1288 2722 autem
1304 2696 1392 2722 littera
1405 2700 1414 2718 ν
1432 2704 1481 2724 nec
1501 2699 1674 2733 exprimitur,
1692 2711 1747 2731 nec
1764 2706 1833 2733 sub-

1036 2742 1203 2777 intelligitur,
1226 2747 1256 2769 nt
1272 2742 1298 2768 in
1316 2749 1380 2768 voce
1393 2746 1448 2772 ’τιτι
1469 2744 1565 2776 Dauid,
1585 2754 1646 2780 quze
1667 2751 1835 2784 sapius-r11

1035 2787 1163 2814 scribitur
1181 2795 1342 2822 suppresso,
1364 2788 1410 2814 sed
1430 2789 1619 2819 subintellecto
1639 2795 1662 2824 7,
1691 2800 1760 2824 tunc
1782 2806 1832 2832 per

1035 2833 1126 2865 lihiriq
1150 2840 1262 2865 parvum
1288 2840 1302 2859 a
1327 2831 1481 2861 Massorctis
1505 2839 1624 2871 notatur,
1643 2845 1658 2864 a
1687 2831 1830 2871 veteris“.
