1902 3049
226 143 260 171 55
910 142 1173 170 ΡιιλΕιιΜιΝΑῐιιΑ
1815 144 1846 172 56

227 201 386 236 Scriptutis,
402 206 475 237 gesta
492 205 565 229 sunt.
582 201 644 230 Haec
660 205 750 230 autem
761 202 930 234 ωνοπτικῶς
943 210 1007 237 pro-
1023 206 1046 233 Α
1060 202 1162 230 rissimi
1176 202 1362 237 perhibentur.
1377 200 1475 229 Postea
1495 201 1529 229 de
1549 205 1622 229 recta
1636 208 1743 228 morum
1770 201 1846 228 insti-

225 248 350 275 ferimus.

261 294 413 322 Demetrius
424 293 583 327 Phalereus,
599 295 770 322 bibliothecae
786 294 923 322 Ptolemaei
937 295 1010 322 Phil-

226 341 342 375 adelphi,
359 339 467 375 Egypti
487 341 568 375 regis,
584 340 737 375 praal'ectus,
752 340 913 375 conquisitis
929 341 1010 367 undi-

226 393 278 419 qtte
291 386 376 418 libris,
397 393 456 413 eam
474 394 561 421 usque
576 387 643 413 adeo
666 392 788 420 auxerat,
810 391 839 413 ut
864 387 1009 421 plusquam

224 431 340 458 ducenta
365 432 536 458 voluminum
564 432 646 459 millia
672 433 906 467 complecteretur.
932 432 1010 464 Quod

224 484 284 502 cum
300 477 450 504 sciscitanti
471 478 538 512 regi,
562 483 693 512 praesente
709 483 764 504 tuttt
775 478 894 509 Aristea,
911 485 1011 504 renun-

223 521 313 553 tiaret,
330 521 595 556 adjecitell'ecturutn
613 531 642 550 sc
659 527 687 550 ut
707 523 780 550 brevi
808 522 841 549 ad
863 523 1010 557 quingenta

223 568 308 594 millia
319 567 450 594 librorum
466 576 594 596 numerus
607 569 780 603 pertingerct,
806 569 896 602 aitqtte
904 576 933 596 se
946 576 1011 595 nar-

224 617 285 640 ratu
302 613 482 647 quorumdam
504 615 684 648 comperisse,
701 614 858 641 Judacorum
877 615 949 649 leges
970 615 1012 641 di-

223 667 290 693 gnas
300 668 359 687 esse
371 668 432 694 qua:
444 661 470 686 in
479 660 538 694 ejus
549 661 708 688 bibliotheca
717 668 922 696 reponerentur,
933 662 1012 688 dum»

226 705 308 731 modo
325 712 357 731 ex
373 703 484 740 Syriaca
503 705 592 740 lingua
610 706 665 740 (ita
690 707 824 733 vocabant
847 707 946 738 multi,
964 707 1011 733 sed

224 750 258 776 iis
272 754 405 785 repugnat
422 750 593 784 Demetrius)
611 759 662 785 qtta
681 752 835 785 conscripta
859 756 937 778 erant
950 772 957 784 ,
984 751 1011 778 in

224 796 344 823 Graacam
362 801 594 825 converterentur.
604 797 657 825 Nec
672 806 758 830 mora,
780 807 825 825 rex
846 799 965 826 decrevit
978 799 1013 825 ad

225 850 363 870 summum
394 843 548 877 pontiﬁcem
578 845 707 876 scribere,
733 849 763 871 ut
784 852 845 879 quae
871 845 897 871 in
912 845 1012 879 optatis

224 895 302 916 erant
321 895 522 924 assequcretur.
536 890 604 917 Tum
620 891 741 918 Aristeas
754 899 784 918 ea
799 891 832 917 de
845 891 945 925 quibus
955 891 1010 925 jam
1030 889 1049 914 Π

225 934 364 963 Sosibium
379 935 554 964 Tarentinum
570 941 597 964 et
610 937 744 963 Andream
769 937 905 972 regiorum
922 942 1014 964 custo-

223 983 288 1009 dum
307 982 441 1017 principes
454 983 588 1010 allocutus
613 991 683 1018 saipe
702 983 811 1015 fuerat,
828 983 885 1018 regi
905 984 1012 1018 aperit;

223 1028 354 1055 nimirum
371 1036 420 1063 par
436 1037 496 1056 esse
511 1034 540 1056 ut
552 1030 687 1056 tnissttrus
704 1029 736 1056 ad
749 1037 887 1056 summum
900 1030 1012 1064 poutili-

224 1081 283 1100 cem
297 1074 400 1109 legatos
417 1075 462 1109 qui
477 1074 632 1102 Judteorum
650 1075 735 1102 libros
747 1075 885 1108 ali'errcnt,
904 1075 1014 1103 Iudaeos

224 1126 330 1150 omnes,
344 1120 389 1153 qui
411 1128 426 1146 a
453 1125 529 1154 patre
545 1120 631 1154 ipsius
645 1120 671 1146 in
692 1120 876 1154 captivitatem
905 1119 1013 1146 abducti

224 1163 352 1197 fuerant,
377 1166 477 1194 liberos
501 1167 624 1193 remittat
639 1166 666 1192 in
684 1166 811 1200 patriam.
834 1165 1014 1193 Percontatus

225 1219 272 1238 rex
290 1215 356 1246 quot
368 1211 524 1239 Iudaeorum
543 1212 628 1239 millia
642 1213 669 1238 itt
690 1211 807 1247 {Egypto
827 1211 951 1239 servituti
967 1211 1015 1238 ad-

224 1257 295 1284 dicta
313 1262 422 1290 essent,
449 1258 511 1292 plus
540 1266 622 1293 quam
637 1262 745 1285 centum
761 1258 843 1284 millia
861 1265 931 1289 esse,
946 1257 1014 1284 rel‘e-

223 1312 300 1332 rentc
314 1306 431 1337 Andrea,
445 1305 558 1332 audivit.
575 1304 644 1332 Hinc
659 1312 791 1332 converso
808 1305 835 1331 in
849 1304 1014 1331 hilaritatem

223 1351 304 1378 vultu
316 1359 364 1378 rex
379 1351 461 1385 jussit
475 1351 574 1378 liberos
588 1349 687 1378 dimitti
712 1350 820 1378 Judteos
835 1359 940 1384 omnes,
957 1355 1014 1377 tum

226 1404 276 1424 eos
288 1397 335 1431 qui
351 1405 367 1423 a
386 1402 464 1431 patre
480 1397 584 1431 ipsius,
607 1402 664 1424 tum
681 1397 762 1424 etiam
780 1398 848 1424 alios
862 1398 908 1432 qui
936 1402 1015 1424 antea

224 1443 253 1470 in
266 1442 423 1469 servitutem
438 1443 547 1470 abducti
557 1442 674 1476 fuerant,
688 1443 812 1478 tradique
825 1443 952 1476 dominis,
967 1444 1017 1478 qui

226 1489 383 1524 bujnsmodi
400 1488 536 1516 famulitio
557 1490 712 1520 utebantur,
729 1497 779 1524 pro
790 1489 906 1524 singulis
918 1490 1016 1524 capiti-

226 1534 278 1561 bus
295 1534 387 1567 viginti
406 1534 561 1562 drachmas.
579 1533 692 1562 Summa
705 1542 787 1569 porro
800 1535 868 1570 regii
893 1536 1014 1563 muneris

225 1579 274 1607 fuit
291 1579 343 1606 660
359 1579 529 1608 talentorum.

263 1625 415 1653 Demetrius
426 1626 574 1654 Phalereus
582 1632 674 1662 postea
690 1627 810 1655 libellum
822 1630 869 1655 dat
882 1628 949 1664 regi,
958 1636 1014 1663 quo

227 1677 323 1700 auctor
339 1677 379 1700 est
395 1677 425 1700 ut
442 1678 514 1708 petat
531 1681 545 1700 a
562 1682 670 1701 sttmmo
697 1673 853 1702 Iudaeorum
871 1675 1013 1702 sacerdote

227 1717 356 1745 Eleazaro
373 1726 420 1745 sex
435 1726 467 1745 ex
482 1726 591 1753 quaque
606 1719 677 1746 tribu
700 1727 790 1753 senes,
807 1720 950 1746 honestate
972 1720 1013 1746 vi-

227 1768 261 1791 ta:
278 1769 304 1791 et
317 1764 411 1798 peritia
426 1765 512 1799 legum
527 1769 696 1799 praestantes,
711 1770 741 1792 ut
753 1765 871 1800 pluriunt
882 1766 1013 1800 interpre—

227 1810 296 1836 tatio
308 1810 360 1836 lide
375 1810 481 1845 dignior
497 1811 641 1838 habeatur.
657 1811 714 1838 Rex
727 1816 850 1838 oratores
864 1812 946 1838 mittit
957 1812 1013 1838 An-

227 1855 320 1881 dream
339 1855 514 1882 etAristeam
540 1861 664 1883 nostrum
690 1864 753 1883 cum
779 1856 1012 1890 prwslautisslmis

227 1901 398 1933 muneribus,
417 1909 476 1935 qua:
498 1901 596 1928 ibidem
612 1907 798 1933 recensentur,
813 1907 839 1929 et
854 1903 951 1930 litteris
971 1911 1012 1930 re-

228 1945 289 1979 giis,
304 1945 348 1971 ubi
363 1946 396 1972 de
410 1944 511 1972 Judteis
525 1953 539 1972 a
554 1946 684 1973 servitute
703 1947 850 1982 redemptis
861 1968 867 1980 ,
895 1948 928 1975 de
950 1948 1013 1975 mit-

226 1990 315 2018 tendis
328 1991 360 2018 ad
377 1992 627 2026 interpretationem
649 1991 796 2027 Scriptura:
811 1995 922 2021 senibus
934 2015 941 2026 ,
963 1994 1011 2021 de-

227 2044 281 2068 que
298 2037 390 2064 missis
407 2038 568 2064 muneribus
582 2038 681 2072 agitur.
703 2038 758 2066 Has
783 2039 886 2067 litteras
913 2040 1013 2075 excipit

227 2083 339 2118 epistola
353 2082 475 2109 Eleazari
493 2083 526 2110 ad
551 2082 724 2110 Ptolemaeum
741 2104 747 2117 ,
775 2085 822 2111 ubi
849 2085 876 2111 in
896 2086 1011 2120 gratiam

226 2129 422 2156 beneﬁciorum
439 2129 527 2156 fausta
546 2129 600 2164 regi
615 2129 784 2165 Arsinoeque
802 2131 881 2158 uxori
903 2136 930 2158 et
949 2132 1011 2160 liliis

228 2180 399 2210 apprecatur,
412 2179 439 2203 et
452 2184 483 2202 ex
498 2176 612 2211 singulis
628 2177 751 2205 tribubus
764 2186 842 2205 senes
861 2187 908 2206 sex
927 2180 1013 2207 inter-

228 2221 367 2255 pretandis
380 2219 529 2255 Scripturis
554 2229 583 2248 se
610 2222 716 2249 tnittere
737 2223 888 2257 prolitetur.
910 2224 1012 2252 Deinde

229 2275 326 2294 senum
341 2267 474 2301 cujusque
491 2267 578 2293 tribtts
591 2267 702 2294 nomina
726 2268 892 2296 referuntur.
921 2270 1013 2298 Dono-

229 2322 290 2341 rum
304 2318 397 2348 postea
412 2313 499 2340 forma
520 2315 730 2348 praestantiaque
750 2314 810 2342 fuse
836 2315 1014 2344 describitur.

229 2359 359 2394 Sequitur
375 2360 496 2386 narratio
510 2368 604 2387 eorum
621 2368 681 2395 qua:
695 2360 872 2396 Jcrosolymis
891 2361 1013 2390 Aristeas

228 2407 431 2437 observaverat,
448 2405 680 2441 Jerosolymorum
698 2414 795 2440 nempe
811 2407 905 2439 situtn,
922 2407 1014 2442 templi

225 2452 447 2487 Jerosolymitaui
463 2452 590 2484 ferinam,
607 2453 780 2480 sacerdotum
802 2453 864 2480 item
889 2454 1013 2482 ministe-

226 2499 311 2532 rium,
325 2498 446 2526 Eleazari
461 2499 633 2526 sacerdotum
650 2499 780 2533 principis
800 2507 878 2526 sacra
893 2504 1013 2526 tractan-

225 2546 261 2572 tis
281 2545 395 2578 cultum,
408 2545 480 2572 arcis
494 2544 746 2580 Hierosolymitanzc
763 2545 862 2578 situm,
880 2545 955 2573 urbis
973 2550 1013 2573 to-

226 2591 282 2617 tius
300 2591 444 2623 ambitum,
461 2591 517 2626 agri
539 2595 567 2618 et
584 2591 703 2626 regionis
720 2590 928 2624 fecunditatem,
953 2592 1013 2619 fru-

226 2639 322 2662 ctuum
340 2636 445 2670 copiatn
462 2640 489 2663 et
503 2636 673 2662 varietatem.
687 2635 830 2664 Jordanent
846 2637 957 2664 illirium
972 2638 1014 2664 itt-

229 2686 285 2708 star
301 2681 353 2708 Nili
368 2682 550 2709 exundantem
571 2689 711 2717 terrasque
729 2683 884 2717 irrigantem
905 2684 1014 2712 exhibet

229 2728 362 2759 Aristeas,
379 2735 465 2762 eaque
479 2728 506 2754 in
522 2735 550 2754 re
564 2727 624 2761 falsi
640 2728 763 2763 arguitur
777 2736 792 2755 a
804 2729 905 2756 multis.

265 2771 322 2798 Sub
339 2772 396 2799 inec
411 2773 444 2799 de
460 2773 570 2800 senibus
583 2773 617 2799 ab
628 2772 757 2800 Eleazaro
771 2782 803 2800 ex
817 2782 924 2809 quaque
941 2776 1013 2803 tribu

230 2818 338 2846 selectis
352 2819 440 2853 agitur
456 2828 462 2845 :
480 2819 506 2845 hi
522 2819 663 2854 utriusque
689 2820 798 2856 linguae,
818 2819 956 2848 llebraiete
969 2822 1012 2849 ni-

230 2863 328 2890 mirum
345 2869 370 2890 et
385 2863 494 2897 Graue,
509 2865 678 2899 peritissimi,
690 2871 716 2893 et
729 2867 816 2901 legum
836 2867 947 2899 scientia
957 2868 1006 2896 cla-

1061 250 1175 281 tutione,
1187 249 1220 276 de
1235 248 1353 275 vanitate
1367 247 1479 274 deorum
1493 247 1652 282 gentilium,
1667 247 1698 274 de
1715 247 1783 280 legis
1795 247 1846 273 Mo-

1061 297 1141 323 saieze
1164 294 1320 330 praastantia
1352 294 1566 328 excellentiaqtte
1600 293 1683 319 nmlta
1721 293 1846 319 edisserit

1061 341 1217 368 Eleazarus.
1235 340 1305 367 Hinc
1321 340 1413 367 oblato
1431 339 1565 367 sacriﬁcio
1580 343 1704 366 oratores
1717 359 1725 370 ,
1749 344 1777 365 et
1795 346 1845 365 uta

1062 388 1155 415 LXXII
1171 396 1186 414 a
1202 395 1230 415 se
1246 386 1365 414 delectos
1377 387 1450 413 viros
1464 394 1526 413 etim
1539 385 1635 412 litteris
1650 385 1683 411 ad
1697 392 1788 419 regem
1806 384 1846 411 di-

1062 434 1153 461 tnittit.
1171 433 1238 464 Rex,
1250 434 1295 468 qui
1313 438 1443 460 venturos
1459 431 1645 466 exspectabat,
1662 431 1772 458 eosdem
1787 437 1846 464 per-

1063 480 1218 506 humaniter
1234 480 1348 514 exeepit,
1361 479 1458 506 deinde
1473 478 1609 506 exhibitas
1631 477 1682 504 sibi
1710 476 1845 503 membra-

1063 534 1111 553 nas
1127 527 1172 553 ubi
1190 527 1231 552 lex
1258 527 1347 553 aureis
1362 526 1459 552 litteris
1485 525 1620 558 descripta
1646 528 1715 554 erat,
1737 529 1848 548 venera-

1062 572 1170 599 bundus
1185 573 1285 606 septies
1302 572 1434 602 adoravit.
1449 578 1480 598 ac
1497 578 1552 605 pra:
1568 569 1666 604 gaudio
1684 569 1848 603 laerymatus

1062 623 1120 651 est;
1138 622 1165 644 et
1178 618 1242 652 quia
1259 618 1354 645 eodem
1372 622 1492 652 tempore
1508 616 1621 644 victoria
1637 615 1726 642 navali
1752 614 1847 640 adver-

1063 673 1110 691 sus
1125 665 1290 699 Antigonum
1309 665 1412 699 potitus
1429 669 1497 695 erat,
1524 671 1585 690 eum
1612 662 1662 690 sibi
1687 662 1758 688 dietn
1778 660 1846 687 Sulc-

1063 704 1152 737 ntnem
1166 715 1191 737 et
1203 710 1320 737 faustum
1337 710 1483 745 quotannis
1495 709 1553 736 fore
1568 708 1747 739 denuntiavit,
1762 707 1848 734 viros-

1064 767 1117 793 que
1143 758 1238 784 eotlem
1263 758 1322 792 ipso
1349 757 1392 784 die
1414 757 1447 783 ad
1465 757 1567 783 lautam
1583 763 1688 782 coenam
1714 754 1846 781 invitarit.

1064 804 1262 831 Accumbentcs
1280 810 1372 830 secum
1389 810 1467 829 senes
1488 801 1572 828 variis
1596 800 1629 828 ad
1655 800 1738 827 vitam
1772 800 1848 826 insti-

1065 851 1192 878 tuendam
1229 856 1398 883 regnumque
1432 846 1626 874 moderandum
1652 845 1847 880 quaestionibus

1064 900 1202 932 provocat,
1218 903 1334 930 quartttn
1346 894 1459 929 singulis
1474 901 1552 921 senes
1563 901 1610 928 per
1625 892 1749 919 ordinem
1767 891 1848 918 inter-

1064 943 1149 978 rogati
1171 941 1373 977 Sapientissime
1400 941 1617 975 responderunt,
1634 939 1671 965 ita
1689 942 1719 964 ut
1746 941 1847 972 septem

1064 989 1168 1016 dierum
1183 987 1281 1022 spatio,
1300 986 1414 1021 repetito
1438 986 1532 1018 eodem
1547 992 1632 1012 caena:
1649 990 1734 1015 more,
1755 982 1849 1009 LXXII

1063 1042 1159 1062 senum
1173 1033 1328 1068 singulatim
1341 1033 1490 1060 sententias
1502 1029 1655 1064 exceperit,
1670 1037 1702 1056 ac
1716 1028 1849 1063 cujusque

1064 1081 1166 1108 dictum
1184 1079 1309 1106 laudibus
1325 1078 1479 1110 celebrarit,
1495 1077 1660 1111 demumque
1674 1075 1791 1110 singulis
1807 1079 1848 1102 ta-

1065 1127 1135 1153 lenta
1154 1125 1202 1152 tria
1219 1125 1290 1151 dono
1307 1123 1444 1150 obtttlerit.

1101 1173 1198 1206 Elapso
1212 1176 1273 1206 post
1285 1169 1407 1197 convivia
1422 1169 1524 1200 triduo,
1542 1175 1622 1195 senes
1636 1175 1652 1194 a
1664 1166 1800 1193 Demetrio
1815 1165 1846 1192 ad

1066 1219 1218 1253 proximam
1240 1216 1357 1243 insulam
1383 1215 1575 1246 deducuntur,
1602 1217 1629 1240 et
1654 1212 1680 1238 in
1710 1211 1849 1244 splendida

1065 1265 1146 1292 domo
1160 1263 1252 1296 locati,
1271 1261 1390 1297 quotidie
1406 1260 1437 1287 ad
1454 1267 1553 1286 nonam
1566 1266 1654 1293 usque
1673 1257 1769 1283 horatn
1784 1256 1850 1289 legis

1066 1309 1279 1345 interpretationi
1291 1308 1391 1336 dabant
1402 1314 1522 1341 operam,
1534 1305 1670 1332 Demetrio
1687 1303 1784 1330 scribta
1793 1310 1851 1329 tnu-

1067 1365 1130 1384 nere
1151 1357 1291 1390 fungente.
1318 1356 1407 1388 Atque
1431 1353 1513 1380 etiam
1543 1351 1664 1386 quotidie
1687 1350 1756 1376 bene
1772 1355 1852 1375 inane

1067 1403 1209 1430 vvnicbant
1226 1402 1252 1428 in
1265 1401 1367 1432 aulam,
1380 1403 1407 1426 et
1418 1399 1541 1426 salutato
1556 1405 1619 1432 rege
1635 1396 1759 1423 redibant
1771 1395 1798 1421 in
1814 1395 1853 1420 lo-

1067 1457 1128 1477 cum
1146 1456 1237 1476 suum.
1253 1448 1353 1481 Sicque
1366 1444 1470 1473 collatis
1495 1443 1697 1479 exemplaribus
1711 1462 1718 1475 ,
1742 1447 1856 1475 unaque

1067 1494 1236 1530 congregati,
1251 1492 1421 1528 septuaginta
1440 1491 1556 1518 duorum
1577 1490 1681 1517 dierum
1698 1487 1786 1523 spatio
1808 1487 1854 1512 itt-

1068 1539 1286 1574 terprctationem
1298 1537 1452 1564 absolvunt.
1478 1535 1631 1563 Demetrius
1653 1538 1736 1561 totam
1766 1532 1858 1559 inter-

1066 1587 1244 1622 pretationem
1259 1584 1359 1612 Judazis
1375 1583 1502 1610 omnibus
1515 1587 1572 1609 tum
1585 1580 1767 1617 praesentibus
1782 1580 1857 1607 reci-

1065 1633 1145 1663 tavit,
1171 1632 1217 1666 qui
1245 1630 1361 1658 summis
1376 1636 1436 1656 eain
1462 1628 1589 1655 laudibus
1614 1627 1751 1662 prosecuti
1777 1630 1853 1653 sunt.

1066 1679 1134 1706 Tum
1147 1678 1268 1706 omnium
1287 1683 1433 1707 consensu,
1450 1674 1583 1701 suadente
1601 1673 1737 1701 Demetrio
1751 1693 1758 1705 ,
1776 1672 1852 1699 diras

1066 1725 1204 1760 imprecati
1217 1728 1281 1751 sunt
1295 1723 1329 1750 iis
1344 1723 1390 1758 qui
1407 1723 1471 1749 huic
1490 1721 1608 1748 versioni
1623 1720 1725 1754 aliquid
1741 1719 1854 1750 addere,

1066 1772 1106 1798 vel
1122 1771 1241 1803 demere,
1257 1769 1299 1797 vel
1316 1769 1344 1796 in
1359 1777 1390 1796 ea
1415 1768 1556 1804 quidpiam
1584 1768 1729 1794 immutare
1756 1765 1856 1792 ausuri

1065 1821 1166 1844 essent.

1103 1862 1159 1889 Rex
1171 1883 1178 1894 ,
1196 1861 1288 1889 fausto
1314 1861 1353 1888 rei
1382 1860 1456 1887 exitu
1473 1860 1562 1890 hctus,
1579 1863 1605 1885 et
1621 1861 1684 1893 post
1706 1856 1855 1883 lectionem

1065 1908 1225 1944 legislatoris
1241 1908 1402 1943 sapientiam
1432 1906 1598 1936 admiratus,
1624 1904 1781 1931 sciscitatur
1803 1911 1857 1930 cur

1065 1959 1150 1989 poeta:
1166 1960 1192 1982 et
1208 1953 1419 1988 historiographi
1435 1953 1536 1979 nullam
1552 1951 1618 1978 tanti
1630 1949 1720 1984 operis
1738 1949 1858 1975 mentio-

1065 2009 1126 2028 nem
1145 2000 1268 2028 l'ecerint.
1289 1999 1444 2034 Respondet
1470 1998 1623 2025 Demetrius
1647 1995 1856 2024 sanctissimam

1066 2047 1150 2081 legem
1165 2054 1216 2072 non
1233 2046 1354 2080 potuisse
1363 2046 1422 2072 sine
1437 2044 1557 2080 periculo
1572 2044 1598 2070 iit
1617 2042 1727 2076 scriptis
1743 2046 1858 2068 extero-

1066 2100 1125 2118 rutn
1140 2091 1277 2125 ttsurpari.
1297 2090 1500 2125 Theopompum
1516 2089 1588 2115 euitn
1605 2092 1632 2115 et
1654 2087 1831 2114 Theodecten
1847 2108 1855 2119 ,

1065 2138 1111 2172 qtti
1128 2137 1153 2164 id
1168 2136 1287 2171 aggressi
1311 2135 1428 2168 fuerant,
1456 2135 1584 2161 divinitus
1601 2132 1731 2160 immissis
1760 2132 1856 2166 poenis

1065 2183 1200 2211 coercitos
1215 2182 1309 2209 fuisse.
1326 2181 1372 2208 His
1388 2182 1489 2208 auditis
1501 2189 1548 2208 rex
1565 2180 1649 2215 legem
1660 2178 1790 2213 religiosa
1805 2186 1858 2204 ve-

1029 2239 1049 2265 ι)
1066 2228 1205 2256 iteratione
1216 2231 1375 2262 prosecutus
1389 2232 1440 2260 est,
1453 2234 1566 2260 eamque
1578 2225 1661 2260 jussit
1674 2231 1786 2251 summo
1796 2228 1858 2251 stu-

1063 2275 1109 2302 dio
1132 2273 1277 2305 asservari,
1299 2280 1431 2307 senesque
1445 2272 1548 2307 rogavit
1567 2276 1596 2298 ut
1613 2271 1639 2297 in
1655 2275 1796 2304 posterum
1822 2277 1858 2297 se

1064 2319 1184 2346 crebrius
1199 2317 1382 2349 convenirent,
1396 2317 1523 2351 ipsosque
1535 2325 1596 2344 cum
1609 2315 1688 2343 donis
1699 2320 1725 2342 et
1737 2315 1860 2349 amplis—

1064 2365 1140 2392 simis
1153 2364 1311 2391 muneribus
1323 2363 1452 2390 Eleazaro
1466 2371 1574 2390 suntmo
1590 2362 1712 2396 poutillci
1726 2361 1860 2388 destina-

1064 2410 1107 2441 tis,
1123 2409 1233 2435 dotnutn
1245 2409 1359 2435 remisit.
1389 2421 1391 2423 ι

1098 2454 1137 2482 Εη
1152 2459 1236 2481 totam
1249 2454 1361 2481 Aristcae
1371 2459 1397 2481 et
1411 2453 1480 2481 LXX
1501 2454 1678 2488 lnterpretum
1690 2452 1857 2481 historiam.

1063 2501 1138 2529 Licet
1154 2506 1241 2528 autem
1263 2501 1326 2528 hinc
1342 2501 1466 2528 hausisse
1485 2505 1614 2535 putentur
1627 2503 1761 2534 quotquot
1778 2499 1867 2527 idem

1064 2552 1252 2582 argumentum
1271 2551 1483 2582 pertractaruut,
1508 2552 1625 2574 attamen
1640 2546 1677 2573 illi
1707 2551 1766 2572 tum
1785 2553 1802 2573 a
1836 2555 1868 2573 se

1064 2598 1169 2625 mutuo,
1183 2598 1238 2620 tum
1254 2593 1288 2620 ab
1301 2593 1407 2620 Aristea
1421 2593 1477 2624 illo,
1495 2600 1576 2628 quem
1595 2592 1676 2618 modo
1689 2591 1803 2619 retulim
1817 2599 1866 2622 us,

1063 2639 1178 2666 mttltum
1193 2639 1329 2666 dilferunt.

1064 2695 1097 2722 ll.
1115 2696 1184 2728 Quid
1195 2695 1226 2723 de
1238 2695 1287 2722 liae
1299 2694 1418 2721 Historia
1430 2694 1545 2720 dixerint
1554 2693 1720 2721 Aristobulus
1729 2698 1754 2720 et
1768 2693 1859 2721 Philo

1394 2729 1516 2757 Jtulwus.

1099 2775 1150 2809 Qui
1169 2775 1273 2811 primus
1287 2775 1399 2803 Aristete
1416 2775 1563 2802 llistoriatn
1580 2775 1749 2804 memoravit.
1764 2776 1861 2803 tacito

1064 2827 1153 2849 tamen
1166 2822 1279 2849 Aristete
1289 2821 1408 2854 nomine,
1420 2825 1462 2848 est
1480 2821 1660 2853 Aristobulus,
1679 2820 1713 2847 ab
1727 2819 1862 2848 Eusebio

1065 2867 1225 2896 Caesariensi
1246 2867 1343 2895 allatus
1358 2866 1467 2902 (Prwp.
1493 2875 1583 2901 evang.
1605 2874 1632 2904 ρ.
1650 2865 1733 2902 664),
1753 2868 1807 2902 qui
1824 2868 1864 2895 de
