1902 3049
93 110 122 137 57
711 115 746 143 ΙΝ
764 115 927 144 HEXAPLA
945 115 1117 145 ORIGENIS.
1678 121 1713 149 58

91 170 232 205 Scriptum
249 169 401 200 Hebr-siem
415 173 631 209 interpretatione
645 176 724 211 jussu
738 176 874 205 Ptolemaei
890 180 913 208 Α
927 182 966 205 tes
990 177 1069 212 quasi
1085 177 1193 205 divinos
1212 178 1337 207 homines
1360 179 1521 208 muneribus
1547 181 1712 214 cumulasse.

90 215 268 249 Philadclphi,
285 223 408 245 curante
420 218 551 246 Demetrio
565 219 695 248 Phalereo
710 221 797 254 facta,
815 231 876 249 car-

89 262 149 297 ptim
168 262 304 298 loquitur.
331 264 414 292 llunc
429 266 536 300 quidam
555 267 605 295 sub
620 267 766 296 Ptolenueo
783 269 876 296 Phila-

88 309 189 343 delpho,
208 310 307 344 plures
321 312 378 338 sub
393 312 583 346 Pbilometore,
600 315 645 341 alii
666 315 717 342 sub
732 317 875 350 postremis

86 355 293 382 Ptolemaeorum
307 357 415 385 vixisse
429 359 604 386 arbitrantur.
634 359 688 387 Nec
702 361 800 388 desunt
829 362 875 396 qui

87 402 229 438 fragmenta
247 405 406 432 ,ΑΙ-1510111111
423 407 457 433 ab
471 406 586 433 Eusebio
601 407 692 439 allata,
704 415 736 434 ex
748 407 876 441 operibus

85 450 274 484 suppositiliis,
287 453 415 485 etprima
426 452 585 479 Christiana:
599 453 635 479 rei
650 457 728 480 :etate
740 453 873 486 conﬁctis,

85 498 218 530 desumpta
234 506 301 525 esse
323 505 430 534 putent.

114 542 187 569 Philo
215 543 337 572 Jud:eus
357 546 382 571 in
405 545 467 573 Vita
492 546 584 578 Musis,
608 547 654 575 lib.
680 555 710 579 11,
727 547 872 575 llistoriam

83 587 145 614 LXX
162 589 352 623 lnterpretnm
367 597 570 623 commemorat,
586 600 617 618 ac
634 592 722 627 primo
734 593 798 619 dicit
815 591 873 619 Pto-

82 634 197 660 lema-um
217 634 449 670 Philadelphum,
467 646 547 672 quem
560 639 675 665 summis
689 639 814 666 laudibus
830 647 874 665 ex-

83 680 152 707 tollit.
167 688 217 714 pro
241 682 475 716 interpretatione
498 684 700 718 Scripturarum
716 685 871 712 adornanda

81 726 180 753 misisse
195 727 231 754 ad
247 736 395 755 sumntum
407 730 573 756 sacerdotem
589 735 615 757 et
638 738 726 764 regem
750 729 849 758 ,111111ηῖ1ξ
863 753 869 763 ,

80 772 120 806 qui
138 781 210 800 unus
232 780 261 801 et
291 775 367 802 idem
393 780 475 808 erat,
498 776 652 811 Ἐξέπεμπε
672 777 740 811 πρὸς
761 776 806 804 τὸν
822 778 871 812 τῆς

85 818 207 851 Ἰουδαίας
223 820 364 856 ἀρχιερέα
381 822 429 848 καὶ
445 822 564 857 βασιλέα·
586 823 600 849 ὁ
612 823 666 858 γὰρ
677 823 756 854 αὐτὸς
770 821 870 858 ἦν.11Ιθ

79 872 136 891 vero
149 866 340 899 peritissimos
361 875 483 902 quosque
500 868 662 903 delogit,qui
678 869 710 895 de
723 868 868 895 Cbaldaica

79 910 102 936 in
117 910 236 937 Grzucam
249 911 379 946 linguam
403 913 459 947 (sic
480 913 542 943 ille)
565 915 649 948 legem
668 919 866 943 converterent.

78 954 111 981 De
125 964 240 983 numero
255 962 353 984 autem
377 958 553 993 interpretum
570 960 635 986 nihil
661 960 765 994 uspiam
787 960 868 987 tradit

77 1000 158 1028 Philo.
169 1001 262 1037 Pergit
282 1011 351 1030 vero
367 1004 473 1036 deinde,
489 1006 579 1040 aitque
604 1006 764 1040 interpretes
778 1006 804 1032 in
820 1013 867 1032 0c-

77 1049 144 1075 culto
160 1049 335 1084 nemineque
355 1056 488 1084 prazsente
500 1071 507 1083 ,
534 1051 687 1077 versionem
704 1059 781 1078 suam
806 1051 866 1078 edi-

76 1094 149 1120 disse.
165 1094 233 1121 Cum
250 1088 350 1122 autem
366 1097 392 1122 in
410 1095 499 1123 Pharo
513 1097 667 1124 insulahtec
680 1097 866 1132 interpretatio

76 1138 138 1165 facta
156 1140 265 1171 fuisset,
283 1141 450 1168 testiﬁcatur
463 1141 540 1168 Philo
549 1142 581 1168 ad
595 1150 674 1169 suum
691 1151 778 1177 usque
795 1148 864 1170 tein-

76 1192 120 1219 pus
135 1185 253 1219 hujusce
279 1191 368 1214 tanta:
387 1188 422 1214 rei
445 1188 602 1215 memoriam
624 1190 769 1223 quotannis
793 1190 863 1217 cele-

77 1231 157 1264 brari;
183 1232 220 1258 ita
240 1237 271 1258 ut
291 1241 350 1259 non
370 1234 451 1260 modo
465 1233 562 1266 Judaei,
586 1235 633 1261 sed
649 1235 729 1262 etiam
755 1236 811 1267 alii,
835 1235 863 1264 in

77 1283 127 1302 eam
142 1277 262 1304 insulam
282 1284 497 1312 transmeantes,
509 1281 656 1315 gratiarum
669 1282 824 1309 actionibus
836 1286 863 1309 et

78 1323 199 1350 conviviis
215 1328 329 1351 tantum
350 1325 507 1352 beneﬁcium
525 1327 683 1354 recolerent.

315 1369 363 1396 Ill.
379 1370 450 1402 Quid
464 1370 604 1405 Iosephus.

106 1410 236 1448 Iosephus
252 1415 262 1450 (
277 1416 415 1450 Antiquit.
431 1415 496 1443 Iud.
517 1417 563 1444 lib.
576 1425 625 1449 xu,
640 1417 657 1445 2
668 1418 689 1453 ),
709 1419 757 1454 qui
785 1427 814 1447 se
829 1427 862 1448 ea

77 1465 128 1491 qtae
143 1460 224 1487 tradit
243 1469 279 1488 ex
302 1461 414 1488 Aristea
439 1463 497 1497 ipso
520 1467 672 1491 mutuatum
696 1465 857 1499 proﬁtetur,

927 223 1093 258 domumque
1112 223 1260 251 remisisse.
1273 225 1302 251 in
1315 226 1352 252 rei
1375 225 1454 253 ﬁdem
1471 225 1595 254 Justinus
1617 227 1714 254 testiﬁ-

927 273 1004 295 catur
1023 277 1052 296 se
1064 269 1290 297 domuncularum
1305 271 1460 305 huiusmodi
1473 271 1570 300 rudera
1583 273 1610 300 in
1621 272 1712 300 Pharo

928 316 1016 343 insula
1030 316 1095 350 ipsis
1109 317 1196 344 oculis
1207 318 1394 351 conspexisse,
1409 323 1435 345 et
1448 318 1482 345 ab
1497 319 1632 354 indigenis
1653 328 1714 355 qua:

927 362 1008 388 rel‘ert
1019 363 1165 396 accepisse.
1178 363 1285 390 (Ilauilit
1295 363 1416 395 demum,
1431 369 1458 391 et
1471 364 1599 392 lectorem
1615 366 1711 393 remit-

927 408 957 434 tit
971 407 1002 434 ad
1020 408 1160 435 Philonem
1177 414 1203 435 et
1220 409 1253 436 ad
1270 407 1429 443 Josephum.
1446 410 1491 436 ubi
1517 415 1607 438 tamen
1635 411 1711 438 nulla

926 453 1082 479 cellularum
1101 454 1211 480 mentio.
1230 453 1257 480 In
1273 454 1393 480 secunda
1407 462 1472 480 vero
1488 462 1535 488 pro
1549 454 1708 482 Christianis

925 498 1065 533 Apologia.
1084 499 1120 526 ait
1132 499 1306 527 Ptolemaeum
1319 507 1422 534 regem,
1435 507 1497 526 cum
1514 500 1599 528 libros
1628 502 1710 528 undi-

924 553 977 579 que
995 546 1120 580 paranda:
1141 546 1309 573 bibliothecas
1333 546 1497 581 comportari
1516 550 1636 578 curaret,
1654 547 1709 575 He-

924 591 1015 616 rodem
1033 598 1123 625 regem
1141 591 1287 625 rogavisse,
1314 591 1398 618 libros
1427 591 1478 618 sibi
1504 592 1708 625 prophetiarum

924 635 1119 662 transmitteret
1133 645 1138 663 :
1158 644 1189 662 ac
1206 644 1267 663 eum
1285 636 1432 663 llebraicos
1449 637 1533 663 libros
1552 637 1640 672 legere
1654 645 1708 665 non

922 687 1023 716 posset,
1038 690 1143 709 rursum
1156 682 1191 709 ab
1199 682 1293 709 eodem
1309 683 1470 718 interpretes
1485 683 1648 717 postulasse,
1660 685 1707 718 qui

923 726 1053 754 llebraica
1069 728 1161 755 Graece
1176 733 1374 762 converterent,
1401 733 1453 756 etc.
1482 729 1527 756 Sic
1546 729 1589 756 ille
1607 730 1707 757 imma-

922 781 982 799 nem
996 773 1099 807 prol'ert
1118 775 1359 802 anachronismum
1374 784 1381 808 ;
1407 783 1469 801 nam
1491 774 1611 803 Herodes
1626 776 1707 804 annis

920 819 1030 845 circiter
1042 819 1168 847 ducentis
1183 820 1401 854 quinquaquinta
1413 826 1474 855 post
1487 820 1623 848 Ptolemaei
1639 821 1705 848 Phi-

887 850 906 877 Β
920 864 1036 898 lailelphi
1049 865 1153 891 obitum
1166 850 1278 899 regnare
1296 850 1388 900 coepit.

954 910 1082 937 Eamdem
1098 918 1189 945 porro,
1202 919 1283 946 quam
1298 911 1433 945 Justinus,
1445 913 1603 940 cellularum
1617 913 1705 941 histo-

918 958 986 984 riam
1002 954 1083 984 refert
1095 958 1213 993 Cyrillus
1231 957 1504 994 llierosolymitanus.
1521 959 1555 986 At
1569 960 1615 994 qui
1643 968 1705 995 pro-

918 1004 989 1031 xime
1005 1008 1065 1038 post
1078 1003 1215 1032 Justinum
1232 1004 1411 1039 scripserunt,
1430 1005 1564 1036 lrenaeus,
1595 1005 1703 1033 Tertul-

917 1049 1005 1076 lianus
1020 1053 1047 1077 et
1058 1050 1182 1078 Clemens
1198 1050 1398 1077 Alexandrinus
1410 1071 1417 1083 ,
1440 1051 1474 1077 de
1497 1050 1617 1078 Historia
1630 1051 1702 1078 LXX

916 1096 1093 1130 interpretum
1109 1103 1194 1130 pauca
1219 1096 1318 1128 locuti,
1344 1096 1412 1122 nihil
1431 1096 1466 1123 de
1483 1097 1588 1124 cellulis
1606 1097 1702 1133 hujus-

915 1143 988 1170 modi
1003 1147 1184 1170 narrarerunt
1200 1152 1206 1170 :
1224 1150 1256 1169 ex
1270 1143 1371 1177 quibus
1384 1143 1503 1170 lremeus
1523 1148 1550 1170 et
1575 1143 1702 1172 Clemens

913 1187 1114 1215 Alexandrinus
1128 1188 1280 1215 versionem
1294 1196 1389 1215 eorum
1405 1189 1499 1216 divino
1516 1189 1622 1216 aﬁlante
1636 1189 1701 1224 Spi-

914 1233 967 1260 ritu
982 1233 1080 1260 l‘actam
1095 1238 1262 1260 asseverant.
1278 1233 1411 1261 Eusebius
1425 1242 1488 1262 vero
1508 1234 1544 1261 De
1562 1243 1700 1269 pra'para-

913 1279 983 1306 tione
993 1279 1151 1314 evangelica.
1167 1279 1213 1306 lib.
1228 1287 1288 1311 Vlll,
1305 1279 1420 1307 Aristeae
1431 1280 1578 1307 maximam
1590 1285 1697 1315 partem

913 1324 1005 1356 rel‘ert.
1024 1330 1122 1352 etcum
1139 1325 1341 1361 exemplaribus
1356 1325 1494 1353 hodiernis
1509 1330 1538 1353 ut
1550 1327 1699 1361 plurimum

912 1370 1058 1399 consentit.

911 1425 943 1452 ν.
965 1425 1133 1461 Epiphanius
1147 1427 1223 1463 longe
1235 1427 1339 1498 (ﬁt)???
1355 1427 1387 1455 ab
1403 1427 1508 1455 Arinen
1525 1431 1550 1455 et
1565 1436 1581 1455 ιι
1594 1428 1698 1456 caeteris

1255 1471 1281 1489 re
1295 1471 1323 1490 er
1337 1482 1345 1490 .

1255 1471 1345 1490 relert.

78 1505 162 1538 stylum
177 1507 298 1534 Aristea:
309 1509 425 1534 omnino
439 1509 560 1542 mutavit,
575 1510 611 1536 ita
622 1515 652 1537 ut
664 1511 745 1538 etiam
758 1513 858 1547 episto-
869 1521 894 1551 ε
944 1507 1058 1535 Bellium
1078 1507 1247 1543 Epiphanius
1270 1509 1349 1544 longe
1368 1508 1420 1536 alia
1436 1517 1518 1544 quam
1542 1509 1632 1537 caeteri
1656 1517 1698 1537 re-

76 1551 109 1578 tas
122 1552 271 1586 rariorum,
291 1562 355 1588 qua:
371 1555 398 1581 in
416 1555 528 1582 historia
555 1557 648 1583 eadem
676 1564 833 1593 comparent
847 1579 856 1592 ,

75 1596 141 1632 longe
148 1599 197 1626 alia
209 1601 366 1627 verborum
377 1601 445 1627 serie
452 1601 596 1629 describat.
605 1601 659 1630 Nec
670 1604 749 1630 modo
761 1605 855 1639 verba,

75 1644 113 1670 sed
128 1651 152 1671 et
165 1653 207 1672 res
223 1646 307 1680 ipsas
322 1647 468 1681 aliquando
485 1653 647 1680 commutat,
665 1651 748 1676 multa
764 1650 856 1677 detra-

75 1688 117 1721 hit,
127 1698 176 1717 non
189 1699 281 1725 pauca
300 1691 333 1718 de
346 1700 397 1719 suo
413 1693 516 1727 adjicit.
532 1694 657 1720 Attamen
679 1694 773 1721 eodem
797 1696 855 1730 ipso

74 1737 217 1770 exemplari,
234 1746 297 1772 quo
324 1737 472 1765 hodiernus
494 1739 613 1767 Aristeas
637 1740 670 1767 ad
696 1749 744 1767 nos
769 1749 855 1776 usque

74 1781 236 1809 transmissus
255 1787 324 1815 est,
346 1791 412 1811 usus
437 1782 522 1810 fuisse
549 1785 671 1817 videtur;
698 1785 759 1812 licet
781 1786 853 1812 enim

75 1826 205 1858 plurimum
219 1829 312 1855 variet
326 1829 352 1855 in
368 1829 525 1857 recensione
538 1838 546 1862 ;
563 1830 588 1857 id
606 1838 639 1858 ex
661 1839 735 1858 more
750 1840 799 1858 suo
813 1831 853 1859 l‘e-

76 1871 282 1908 cit.Scripturas
294 1875 367 1902 enim
380 1883 484 1908 sacras,
502 1877 601 1910 quibus
626 1876 681 1904 fere
702 1885 750 1912 per
768 1882 852 1905 totam

76 1915 206 1946 Historiam
221 1921 322 1953 utitur,
344 1922 456 1956 paribus
479 1923 676 1950 mutationibus
693 1923 794 1958 passim
811 1925 853 1951 vi-

74 1963 145 1990 tiavit.

88 2019 124 2046 lV.
138 2021 222 2053 Quam
238 2023 320 2057 longe
335 2023 367 2049 ab
382 2024 494 2050 Aristew
505 2025 657 2052 narratione
670 2025 833 2053 aberrauerit

327 2057 451 2085 Justinus
469 2059 599 2094 Murtyr.-

103 2100 219 2130 Jusﬁnus
230 2103 349 2139 Slartyr,
361 2104 546 2131 Admonitione
565 2106 599 2132 ad
614 2105 720 2133 Cra'cos
735 2127 743 2139 ,
770 2107 851 2144 longe

74 2146 117 2173 alia
129 2150 258 2176 narravit.
279 2150 323 2176 Ait
338 2150 437 2184 quippe
449 2149 622 2177 Ptolemaeum
637 2151 746 2187 {Egypti
758 2161 848 2188 regem

908 1553 970 1582 fert.
985 1553 1018 1580 Et
1027 1554 1090 1588 quia
1105 1554 1165 1588 ejus
1176 1555 1297 1582 narratio
1309 1563 1325 1582 a
1343 1555 1436 1582 multis
1448 1563 1497 1590 pro
1510 1555 1653 1582 verissima
1668 1560 1695 1583 et

908 1599 1095 1626 sincerissima
1113 1600 1236 1627 omnium
1254 1600 1344 1627 habita
1369 1605 1426 1631 est,
1445 1608 1505 1627 eam
1533 1601 1577 1628 hic
1592 1601 1695 1629 referre

907 1652 961 1672 non
977 1645 1160 1679 gravabimur.
1177 1646 1205 1672 111
1221 1646 1291 1672 libro
1306 1645 1345 1672 De
1361 1647 1490 1673 mensuris
1500 1650 1524 1673 et
1536 1647 1694 1680 ponderibus

906 1691 957 1719 sub
982 1691 1106 1723 initium,
1134 1698 1279 1726 postquam
1305 1692 1432 1719 editionis
1448 1692 1501 1718 τῶν
1515 1694 1542 1718 0'
1562 1698 1694 1727 pnestan-

905 1737 970 1764 tiam
982 1736 1147 1771 praedicavit,
1165 1744 1281 1771 eamque
1297 1745 1350 1764 non
1376 1737 1434 1764 sine
1461 1737 1549 1764 sancti
1574 1737 1694 1772 Spiritus

905 1782 994 1809 atilatu
1011 1781 1109 1809 factam
1121 1782 1249 1812 asseruit,
1264 1782 1304 1809 sic
1318 1783 1491 1816 prosequitur
1506 1792 1511 1810 :

942 1837 951 1852 ‹
971 1827 1029 1855 Duo
1041 1828 1112 1855 enim
1127 1835 1159 1855 ac
1178 1823 1250 1854 LXX
1271 1827 1322 1854 viri
1348 1828 1375 1854 in
1402 1827 1492 1854 Pharo
1504 1828 1605 1860 insula,
1630 1836 1693 1864 qua:

904 1873 989 1901 Terra
1003 1875 1128 1909 superior
1142 1875 1253 1906 dicitur,
1267 1882 1283 1901 ε
1302 1874 1412 1909 regione
1438 1874 1514 1901 urbis
1531 1874 1692 1902 Alexandri.

903 1926 955 1950 um,
971 1919 998 1945 in
1016 1926 1064 1946 sex
1080 1923 1107 1945 et
1120 1919 1230 1953 triginta
1249 1919 1423 1946 domunculis
1437 1919 1493 1946 sive
1504 1919 1618 1951 cellulis,
1632 1920 1690 1947 bini

902 1965 1007 1992 scilicet
1021 1964 1048 1991 in
1066 1964 1192 1999 singulis,
1207 1972 1222 1991 a
1240 1965 1329 1999 primo
1349 1964 1470 1991 diluculo
1482 1972 1568 1999 usque
1592 1965 1619 1992 in
1644 1973 1690 1993 ve-

902 2017 1008 2045 speram
1026 2009 1268 2037 concludebantur.
1282 2008 1400 2044 Vespere
1413 2013 1503 2036 autem
1520 2010 1630 2044 triginta
1641 2017 1688 2038 sex

901 2056 1010 2090 scaphis
1028 2056 1055 2083 in
1078 2055 1216 2084 Ptolemaei
1243 2055 1412 2090 Philadelphi
1438 2055 1569 2090 palatium
1594 2061 1687 2084 trans-

900 2102 988 2134 vecti,
1012 2101 1046 2129 acl
1069 2101 1129 2136 ejus
1145 2101 1239 2136 epulas
1258 2100 1466 2128 adhibebantur.
1492 2100 1561 2127 Tum
1585 2100 1641 2128 bini
1658 2101 1686 2129 in

901 2147 1009 2182 triginta
1017 2155 1065 2175 sex
1074 2147 1206 2175 cubiculis
1215 2146 1395 2177 dormiebant,
1405 2154 1438 2174 ne
1447 2150 1540 2173 mutuo
1551 2146 1687 2181 colloquia

73 2199 124 2220 cum
135 2194 328 2222 bibliothecam
345 2196 513 2224 Alexandriae
526 2203 642 2231 pararet.
660 2206 686 2225 et
701 2199 785 2227 libros
797 2208 848 2227 1111-
864 2197 886 2225 D
902 2194 1016 2221 miscere
1031 2198 1153 2228 1³0⁵5⁸11⁸1
1169 2192 1214 2220 εει]
1231 2192 1282 2220 Sibi
1297 2192 1432 2226 Propriam
1450 2199 1501 2219 nec
1515 2191 1549 2218 ab
1566 2191 1626 2219 ³111⁵
1638 2199 1686 2219 ³ο“

72 2238 140 2273 dique
155 2242 324 2276 comportari
341 2247 458 2275 curaret,
473 2243 607 2270 audivisse
618 2245 743 2279 antiquas
758 2245 845 2273 histo—

73 2284 117 2310 rias
130 2284 268 2314 Hebraicis
282 2287 380 2314 litteris
396 2288 562 2322 conscriptas
576 2296 728 2322 superesse,
757 2298 789 2317 ae
807 2291 846 2318 le-

72 2329 136 2361 gendi
153 2332 295 2366 cupidum,
314 2332 484 2366 septuaginta
494 2333 566 2359 viros
583 2332 720 2361 llebraicae
734 2339 760 2362 et
771 2334 846 2362 Grae-

73 2380 103 2400 ue
115 2371 205 2410 lingum
222 2377 328 2411 peritos
338 2377 524 2408 accersivissc,
534 2377 579 2411 qui
593 2377 843 2412 interpretationem

73 2417 176 2446 Cra‘cam
192 2422 317 2451 ederent,
334 2426 417 2455 utque
432 2422 526 2455 procul
536 2423 650 2450 tumultu
665 2432 721 2450 rem
732 2432 844 2459 perage-

73 2470 130 2496 rent,
149 2465 217 2493 LXX
243 2467 312 2493 viris
334 2467 446 2494 totidem
471 2468 582 2496 cellulas
598 2477 644 2496 seu
665 2470 842 2498 domunculas

72 2511 176 2536 construi
190 2512 322 2545 jussisse,
337 2519 370 2539 eo
389 2512 516 2544 consilio,
526 2517 556 2539 ut
567 2513 683 2548 quisque
696 2516 840 2549 separatim

72 2554 271 2593 inconsultis-que
301 2558 363 2585 aliis
396 2558 646 2593 interpretationem
673 2560 839 2589 adornaret:

74 2601 242 2638 ministrisque
256 2604 289 2631 ad
302 2612 362 2631 eam
377 2611 433 2640 rem
446 2605 587 2633 destinatis
598 2606 758 2640 praecepisse
772 2627 779 2640 ,
806 2615 840 2634 ne

74 2645 136 2680 ipsos
146 2655 238 2678 mutuo
257 2651 394 2686 colloquia
405 2651 474 2679 inire
487 2652 684 2686 permitterent,
713 2658 742 2680 ut
756 2654 840 2680 colla-

75 2693 101 2719 tis
112 2701 196 2727 postea
211 2697 496 2732 interpretationibus,
514 2699 547 2726 de
560 2707 655 2726 eorum
671 2699 722 2727 ﬁde
732 2700 840 2734 peritia-

74 2746 116 2772 ql.e
130 2740 243 2775 judicare
269 2748 374 2778 posset.
392 2743 461 2771 Cum
473 2749 562 2771 autem
580 2746 701 2772 eamdem
721 2754 835 2778 clunes.

74 2791 100 2810 ne
110 2787 210 2816 minimo
224 2789 337 2824 quidem
348 2789 494 2816 verborum
513 2789 680 2822 discrimine,
704 2791 837 2826 interpre-

74 2831 184 2860 tationem
199 2835 378 2871 peregissent,
395 2836 574 2871 stupel‘actum
589 2844 681 2872 regem
702 2837 821 2873 interpre

899 2243 1005 2273 ceptum
1039 2238 1289 2273 interpretationem
1311 2238 1422 2265 ederent
1446 2237 1520 2272 (ἀλλ’
1534 2237 1686 2270 ἁνοθεύτως

899 2284 1095 2320 ἑρμηνεῦσαι).
1122 2283 1285 2311 Ptolemaeus
1312 2284 1384 2310 enim
1410 2283 1520 2318 triginta
1539 2291 1586 2310 sex
1600 2283 1661 2311 illas
1675 2302 1684 2316 ,

898 2338 966 2365 quas
987 2330 1054 2363 dixi,
1076 2330 1256 2357 domunculas
1284 2329 1311 2356 in
1338 2330 1426 2357 insula
1452 2329 1567 2364 paravit,
1581 2337 1686 2364 easque

897 2375 1030 2410 duplices,
1045 2375 1071 2402 in
1085 2375 1184 2410 quibus
1199 2375 1278 2402 binos
1294 2375 1444 2407 conclusit,
1457 2376 1579 2409 duosque
1593 2374 1682 2403 iamu-

896 2422 948 2452 los,
964 2421 1009 2456 qui
1024 2421 1100 2448 cibos
1109 2425 1236 2456 pararent
1247 2421 1366 2456 ipsisque
1374 2421 1570 2453 ministrarent,
1586 2421 1683 2449 simul-

895 2474 947 2501 que
970 2466 1169 2502 tachygrapbos
1192 2466 1250 2493 sive
1273 2467 1403 2493 notarios.
1420 2466 1448 2493 ln
1464 2467 1517 2494 illis
1533 2474 1615 2501 porro
1633 2468 1682 2495 do-

895 2512 1041 2544 munculis,
1068 2512 1142 2538 nulla
1169 2512 1317 2546 parietibus
1334 2512 1466 2540 fenestras
1478 2513 1582 2545 etlecit;
1599 2514 1645 2540 sed
1665 2521 1683 2541 θ

893 2563 965 2585 tecto
981 2566 1096 2592 superne
1108 2559 1168 2585 illas
1186 2559 1292 2593 aperuit
1307 2579 1314 2591 ,
1340 2567 1409 2594 quas
1430 2560 1610 2593 anaphotidas
1630 2568 1678 2586 vo-

894 2609 965 2632 cant.
980 2604 1036 2632 Hoc
1048 2605 1085 2632 illi
1104 2605 1183 2632 modo
1208 2612 1222 2631 a
1250 2605 1339 2639 primo
1351 2605 1472 2632 diluculo
1489 2605 1523 2632 ad
1538 2613 1682 2640 vesperam,

893 2652 1027 2680 obseratis
1042 2651 1147 2678 foribus
1165 2651 1233 2686 (ὑπὸ
1251 2650 1361 2687 κλεῖδα)
1377 2651 1475 2678 inclusi
1493 2659 1586 2678 sacras
1607 2651 1677 2678 litte~

892 2705 937 2725 ras
952 2698 1158 2725 transtulerunt.
1172 2696 1325 2732 Unicuique
1341 2705 1405 2724 vero
1423 2697 1601 2732 interpretum
1617 2697 1676 2731 pari

891 2744 958 2772 liber
972 2752 1043 2771 unus
1058 2744 1229 2776 tradebatur;
1243 2743 1358 2778 exempli
1373 2751 1466 2775 causa,
1484 2743 1597 2770 Genesis
1610 2744 1674 2777 uni;

891 2790 1000 2819 Exodus
1015 2791 1102 2824 alteri,
1115 2790 1252 2819 Levitieus
1263 2791 1326 2818 alii:
1342 2796 1423 2826 atque
1451 2791 1487 2818 ita
1511 2790 1610 2818 caueri.
1629 2789 1673 2816 Sic

888 2845 971 2873 porro
992 2837 1084 2873 viginti
1100 2842 1202 2872 septem
1220 2845 1303 2866 sacrae
1317 2836 1463 2872 Scriptura‘
1475 2836 1546 2868 libri,
1561 2836 1607 2871 qui
1618 2836 1673 2864 duo
