1902 3049
207 140 241 169 59

879 130 1142 161 PRELlMlNAltlA

1801 123 1835 151 ϐε

207 203 235 226 et
251 196 346 232 viginti
362 195 509 224 secundum
524 194 697 229 alphabetum
718 191 882 220 Hebraicum
897 198 994 219 nume-
1006 190 1031 220 Α
1045 187 1188 223 epistolam
1201 206 1208 218 ,
1224 186 1384 215 'Aristeanis
1399 183 1583 219 dissimilem',
1599 184 1664 213 licet
1675 182 1813 232 Aristeam
1826 203 1836 217 ,
1869 211 1872 219 ,

208 248 315 274 rantur,
327 243 450 271 Graecum
471 241 497 268 in
513 248 666 269 sermonem
684 239 809 268 conversi
823 243 897 267 sunt.

246 299 256 316 ι
276 289 380 316 liabent
392 287 464 314 enim
479 286 582 314 Hebraei
595 286 631 313 22
646 287 758 317 litteras,
773 293 789 312 e
800 285 901 319 quibus
913 283 995 319 quin-

209 342 262 370 que
274 335 456 369 duplicantur,
472 333 558 367 Caph,
573 331 658 364 Mem,
672 331 732 359 Nun
744 352 752 364 ,
767 330 818 358 Phi
832 351 840 363 ,
853 335 880 358 et
895 330 992 364 Aleph.

209 380 390 412 Quamobrem
406 386 468 406 cum
481 378 543 406 libri
560 378 611 405 hac
630 378 735 404 ratione
753 377 847 411 viginti
870 376 924 403 duo
943 384 995 402 nu-

209 428 358 454 merentur.
372 430 476 457 septem
495 431 527 450 ac
551 423 645 457 viginti
664 423 849 458 reperiuntur,
869 421 943 456 quod
959 428 993 448 ex

208 470 260 496 illis
275 470 397 503 quinque
411 469 592 503 duplicentur,
608 474 660 496 etc.

245 524 254 540 α
270 515 354 548 Igitur
367 519 469 549 septem
487 520 513 541 et
528 514 622 548 viginti
637 515 674 541 illi
688 515 761 548 libri,
774 515 820 550 qui
832 514 924 548 viginti
940 515 994 542 duo

204 566 484 589 numerantur........
500 568 532 587 co
543 568 622 595 quem
641 560 698 588 dixi
718 561 798 587 modo
813 569 861 596 per
871 561 993 588 ordinem

207 606 356 638 unicuique
373 606 550 639 interpretum
566 607 624 640 pari
641 607 732 634 traditi
753 611 835 640 sunt,
862 607 965 634 scilicet
978 615 993 634 a

207 652 296 686 primo
311 651 411 686 pariat]
435 651 605 682 secundum,
632 659 647 678 a
676 652 797 679 secundo
824 652 858 679 ad
885 652 993 679 tertium

207 696 384 729 transierunt,
401 697 487 723 donec
507 698 595 724 sexies
609 703 641 724 ac
656 697 778 724 tricesies
793 697 891 732 singuli
903 697 995 725 Graece

206 741 332 768 conversi
347 745 421 772 sunt,
438 746 467 768 ut
482 742 592 776 quidem
609 747 747 770 narratur.
765 741 815 770 liis
825 743 922 778 viginti
939 743 994 770 duo

205 787 321 815 addendi
338 792 401 814 sunt
411 788 566 823 apocryphi.

247 842 256 858 ε
280 832 423 860 Postremo
440 833 572 861 absolutis
600 834 737 867 omnibus,
753 842 801 862 rex
829 835 857 862 in
884 835 994 862 sublimi

207 879 277 906 solio
299 879 444 906 consedit:
461 879 573 907 aderant
598 880 708 916 triginta
732 889 778 909 sex
796 881 911 909 lectores
930 889 992 909 cum

205 925 318 961 triginta
335 933 381 953 sex
406 927 606 960 exemplaribus
618 948 625 960 ,
639 931 666 955 et
681 928 748 954 alter
765 928 811 963 qui
829 927 993 956 liebraicum

207 973 398 1006 antigrapbum
419 973 537 1000 tenebat.
557 973 617 1000 Uno
638 973 742 1009 legente
767 975 883 1010 aliisque
907 980 994 1002 atten-

205 1019 345 1052 dentibus,
358 1020 425 1047 nihil
441 1026 576 1055 repertum
591 1026 633 1048 est
647 1022 824 1050 discriminis.
841 1021 892 1050 Sed
908 1023 995 1050 admi-

207 1063 324 1091 randum
346 1064 393 1092 Dei
411 1073 481 1101 opus
501 1066 598 1093 accidit
611 1085 619 1098 ,
635 1071 665 1093 ut
681 1071 777 1095 notum
800 1072 894 1099 esset,
920 1068 994 1095 viros

205 1109 279 1136 dono
303 1109 421 1144 Spiritus
447 1111 532 1138 sancti
556 1112 701 1146 praeditos,
724 1112 750 1139 in
778 1112 824 1140 illa
849 1113 995 1141 solitudine

205 1157 400 1190 consensisse;
420 1157 455 1184 ita
478 1163 507 1185 ut
526 1159 682 1194 ubicunque
702 1158 804 1194 aliquid
825 1160 993 1193 addebatur,

205 1201 241 1228 ab
257 1202 386 1230 omnibus
400 1203 480 1230 simul
494 1204 659 1238 adderetur;
675 1209 702 1232 et
717 1205 763 1232 ubi
775 1205 944 1239 demebatur,
960 1208 994 1233 ab

205 1248 334 1275 omnibus
350 1248 452 1282 pariter
464 1250 628 1278 demeretur.
646 1250 679 1278 Et
691 1251 822 1286 quidquid
837 1252 992 1286 ademptum

204 1299 274 1326 erat,
296 1294 411 1335 inutile;
427 1295 559 1330 quidquid
575 1304 638 1323 vero
656 1297 791 1329 relictum,
807 1298 993 1325 necessarium

204 1346 266 1367 esse
280 1340 543 1374 deprehendebalur.
561 1341 597 1369 Ut
611 1346 701 1370 autem
717 1350 867 1378 cognoscas
879 1351 926 1370 eos
943 1343 995 1370 mi-

205 1392 267 1412 rum
285 1385 312 1412 in
334 1386 455 1417 modum.
471 1391 498 1414 et
517 1395 550 1414 ex
568 1387 614 1414 Dei
637 1388 815 1422 providentia,
832 1397 919 1424 exque
933 1389 995 1424 Spi-

205 1432 276 1458 ritus
294 1433 379 1459 sancti
400 1440 536 1460 consensu
549 1434 741 1469 interpretatos
754 1442 825 1466 esse,
840 1435 993 1470 exemplum

206 1477 254 1505 tibi
272 1478 420 1512 proferam,
441 1489 449 1505 ι
472 1486 524 1507 etc.

242 1523 299 1551 Snb
314 1524 370 1552 ha-c
384 1531 473 1552 autem
490 1525 658 1561 Epiphanius
681 1534 738 1554 rem
756 1535 772 1555 a
793 1528 928 1563 principio
951 1536 993 1557 re-
1006 1538 1028 1567 ο

205 1572 300 1603 petens
316 1570 374 1597 ait:
396 1569 571 1598 Ptolemaaum
593 1570 800 1606 Philadelphum
812 1594 819 1602 .
836 1573 990 1608 φιλόκαλον,

206 1614 254 1641 καὶ
267 1613 417 1649 φιλόλογον,
439 1616 465 1643 in
479 1624 509 1644 ea
526 1617 601 1644 urbis
616 1623 692 1652 parte
708 1626 768 1652 quae
784 1618 931 1646 Bruehium
947 1628 995 1655 ap—

206 1661 376 1695 pellabatur,
402 1662 592 1690 bibliothecam
618 1664 768 1691 instituisse
779 1685 786 1697 ,
803 1665 883 1699 eique
898 1665 995 1693 Deme-

207 1707 289 1734 trium
310 1707 469 1735 Phalerenm
491 1710 690 1744 praeposuisse,
716 1711 761 1745 qui
779 1719 841 1738 cum
867 1719 994 1747 magnam

207 1752 340 1780 librorum
357 1755 447 1781 omnis
464 1755 571 1790 generis
588 1756 780 1790 sapellectilem
797 1762 993 1792 comparasset,

207 1799 359 1827 sciscitanti
389 1801 444 1835 regi
468 1806 535 1836 quot
561 1802 693 1829 librorum
713 1803 797 1830 millia
824 1804 993 1839 collegisset,

205 1844 262 1880 jam
279 1846 476 1882 quinquaginta
498 1852 615 1882 quatuor
637 1849 722 1876 millia
745 1857 806 1876 cmn
830 1850 994 1885 octingentis

209 1889 303 1918 haberi
319 1891 404 1918 dixit:
420 1900 564 1926 superesse
581 1898 670 1921 tamen
687 1894 765 1927 longe
780 1894 872 1929 plures
888 1896 912 1922 in
929 1896 995 1923 orbe

207 1940 344 1964 terrarum
359 1938 429 1972 apud
443 1938 598 1974 Ethiopas,
616 1939 707 1972 Indos,
724 1939 831 1974 Persas,
845 1941 993 1974 Elamitas,

207 1981 381 2019 Babylonios,
398 1985 535 2020 Assyrios,
551 1985 708 2018 Chaldaeos,
735 1986 891 2020 Ilo:nanos,
913 1987 995 2016 Plite-

207 2029 300 2062 nicas,
316 2029 398 2065 Syros
415 2035 443 2057 et
466 2030 586 2059 Graecos.
607 2032 728 2068 Esseque
749 2037 880 2068 praeterea
897 2033 994 2061 liiero-

208 2073 321 2108 solymis
331 2079 358 2101 et
369 2075 440 2109 apud
454 2074 562 2103 Iudaeos
576 2076 661 2104 libros
675 2077 880 2111 prophetarum,
894 2085 996 2112 eosque

207 2119 323 2153 divinos,
341 2121 388 2155 qui
403 2121 437 2148 de
448 2121 504 2149 Deo
517 2127 544 2149 et
557 2122 589 2150 dc
602 2124 696 2150 mundi
710 2124 849 2151 creatione
862 2125 994 2152 edissere-

206 2163 283 2198 bant,
296 2173 365 2200 quos
381 2165 506 2193 hortatus
522 2171 564 2194 est
581 2175 670 2203 regem
687 2172 718 2195 ut
730 2173 892 2202 accerseret,
908 2177 995 2204 eaque

1044 233 1087 261 vel
1103 234 1241 261 Aristeum
1259 233 1320 268 (sie
1333 233 1378 260 ille
1392 233 1403 267 )
1423 233 1474 261 sibi
1488 237 1628 260 auctorem
1649 231 1813 267 proﬁteatur
1827 251 1835 264 ,

1044 279 1089 306 ubi
1103 278 1263 306 Ptolemaeus
1283 278 1445 313 interpretes
1468 276 1599 305 Ilebraice
1624 276 1771 311 Graeceque
1787 283 1822 311 pe

1043 324 1189 351 ritissimos
1215 323 1345 358 postulat,
1367 323 1414 358 qui
1435 323 1519 350 libros
1539 330 1633 350 sacros
1647 323 1681 350 de
1700 321 1835 350 Hebraicc

1045 369 1072 397 in
1089 369 1213 397 Graacum
1230 373 1400 396 convertant.
1420 368 1595 396 liehrreorum
1618 369 1739 404 magistri
1754 390 1762 402 ,
1788 368 1828 396 de

1045 415 1114 443 lectu
1129 415 1232 447 habito,
1245 415 1415 450 Septuaginta
1427 415 1496 442 duos
1507 415 1668 450 interpretes
1679 414 1824 448 designant

1044 469 1091 488 sex
1109 461 1234 488 videlicet
1247 468 1279 487 ex
1294 460 1409 495 singulis
1425 460 1560 490 tribubus,
1576 460 1621 494 qui
1638 459 1665 486 iu
1682 458 1772 486 Pharo
1790 458 1818 485 in

1045 507 1115 538 sala,
1131 514 1164 534 eo
1179 514 1234 541 quo
1247 514 1328 540 supra
1345 505 1447 532 dictum
1460 510 1501 532 est
1517 505 1606 537 modo,
1619 513 1713 532 sacros
1724 504 1823 532 codice

1045 553 1213 588 interpretati
1229 557 1303 580 sunt.
1321 551 1381 585 Quo
1400 557 1519 586 peracto,
1535 551 1596 579 libri
1613 551 1650 577 illi
1666 551 1691 578 in
1709 549 1830 577 Graecum

1044 598 1170 626 translati
1200 598 1226 625 in
1254 597 1343 633 priore
1374 597 1553 629 bibliotheca,
1577 605 1638 631 quzc
1661 597 1687 623 in
1715 596 1833 624 Bruchit:

1046 644 1158 672 fundata
1176 649 1228 677 est,
1247 645 1359 679 repositi
1375 649 1448 672 sunt.
1464 643 1525 671 Post
1547 644 1604 671 haec
1619 643 1672 670 alia
1694 651 1792 670 rursus
1808 642 1832 670 ir

1046 689 1161 725 Serapio
1176 690 1340 718 bibliotheca
1358 691 1506 717 constituta
1517 694 1568 720 est,
1581 689 1659 724 longe
1675 688 1719 715 illa
1733 688 1835 721 minor,

1045 743 1106 771 quae
1122 735 1204 770 hnjns
1220 735 1273 762 lilia
1289 735 1430 762 dicebatur
1442 755 1449 766 ,
1474 735 1500 761 in
1517 742 1598 770 quam
1616 734 1737 768 Aqulltc,
1755 733 1837 768 Sym-

1045 781 1146 815 machi,
1166 780 1362 808 Theodotionis
1374 786 1401 808 ct
1417 781 1532 808 aliorum
1548 780 1681 807 editiones
1696 784 1836 814 congesta

1045 832 1110 856 sunt
1123 832 1182 862 post
1196 835 1283 855 annos
1297 827 1360 855 250.
1378 827 1514 855 llaetenus
1531 826 1710 861 Epiphanius.

1011 860 1032 887 Β
1063 875 1109 902 Vl.
1129 875 1197 902 Tata
1211 875 1387 902 controuersia
1401 875 1428 901 in
1447 879 1498 901 tres
1510 874 1665 908 quwstiones
1680 872 1821 899 dividitur.

1079 919 1135 948 llac
1149 928 1230 955 porro
1242 924 1386 954 conspecta
1401 920 1588 947 narrationum
1601 917 1738 950 varietate,
1755 924 1841 944 nemo

1043 965 1186 993 mirabitur
1202 966 1265 992 hinc
1279 969 1351 992 tanta
1364 965 1522 999 opinionum
1539 963 1654 991 divortia
1674 963 1744 990 facta
1765 970 1838 989 esse.

1044 1011 1121 1039 Licet
1138 1016 1228 1038 autem
1247 1012 1321 1039 nulla
1339 1010 1395 1038 fere
1411 1019 1445 1038 ex
1467 1009 1616 1046 praemissis
1632 1009 1842 1037 narrationibus

1044 1066 1105 1085 eum
1131 1058 1213 1085 altera
1237 1058 1317 1093 plane
1339 1058 1512 1091 consentiat;
1533 1057 1579 1085 sed
1603 1063 1774 1091 unaqmeque
1795 1055 1840 1083 vel

1044 1105 1072 1132 in
1087 1105 1200 1140 majoris
1211 1104 1341 1131 momenti
1356 1105 1448 1136 rebus,
1462 1104 1504 1131 vel
1518 1104 1545 1130 in
1557 1103 1717 1130 minusculis
1729 1102 1841 1129 diﬂ'erat

1045 1150 1080 1178 ab
1106 1151 1188 1184 aliis;
1214 1155 1336 1178 attamen
1362 1151 1388 1177 in
1413 1154 1468 1177 tres
1492 1149 1644 1184 prmeipuas
1670 1147 1841 1183 quaestiones

1044 1201 1134 1233 potest
1146 1202 1202 1224 tota
1216 1197 1402 1224 controversia
1425 1196 1537 1228 reduci,
1553 1196 1702 1228 nimirum,
1727 1199 1789 1221 utra
1804 1201 1841 1221 ex

1045 1244 1251 1271 narrationibus
1273 1244 1383 1279 γνήσιος
1409 1243 1466 1270 sive
1489 1242 1649 1278 primigenia
1670 1241 1720 1272 sit;
1746 1247 1781 1267 an
1806 1247 1840 1268 ea

1044 1297 1106 1325 qua:
1118 1289 1230 1316 Aristea:
1243 1289 1353 1316 nomine
1366 1289 1500 1325 hodieque
1508 1287 1710 1318 circumfertur,
1722 1292 1841 1320 quaeque

1044 1343 1124 1363 senes
1142 1343 1194 1362 una
1213 1340 1394 1370 congregatos
1419 1324 1669 1368 interpretationem
1685 1332 1841 1358 adornasse

1044 1381 1180 1416 perhibet,
1200 1381 1274 1408 nttlla
1302 1381 1371 1408 facta
1398 1380 1536 1407 mentione
1558 1379 1701 1414 peculiaris
1719 1377 1841 1413 Spiritus

1045 1427 1134 1455 sancti
1157 1427 1263 1455 afﬂatus
1276 1437 1283 1460 ;
1304 1436 1338 1454 au
1353 1434 1417 1454 vero
1432 1434 1463 1454 ca
1477 1435 1537 1462 qua:
1553 1434 1632 1453 senes
1647 1425 1705 1453 sive
1718 1425 1794 1452 solos
1812 1425 1841 1451 in

1046 1474 1217 1509 septuaginta
1231 1474 1337 1502 ecllulis
1350 1495 1357 1507 ,
1376 1474 1433 1500 sive
1449 1473 1528 1500 binos
1544 1474 1570 1499 in
1591 1473 1702 1507 triginta
1725 1479 1771 1499 sex
1788 1471 1840 1498 do-

1046 1520 1184 1548 munculis
1206 1520 1344 1552 inclusos,
1368 1519 1476 1546 aﬂlanle
1501 1519 1616 1545 Numine
1643 1519 1842 1552 interpretatos

1045 1574 1107 1594 csse
1122 1570 1328 1593 commemorat.
1350 1565 1441 1592 Altera
1458 1565 1591 1599 quaestio,
1609 1572 1642 1591 an
1660 1563 1730 1590 LXX
1749 1563 1840 1591 lntcr-

1045 1615 1147 1646 pretcs,
1171 1611 1213 1638 vel
1227 1611 1272 1645 qui
1295 1611 1400 1645 priores
1418 1609 1588 1644 Seripturam
1604 1617 1709 1636 sacram
1735 1609 1768 1636 de
1783 1607 1842 1636 He-

1045 1656 1138 1683 braico
1156 1656 1182 1683 in
1198 1655 1322 1683 Graecum
1340 1659 1543 1687 converterunt,
1558 1654 1644 1681 solam
1660 1652 1778 1689 Legem,
1797 1653 1842 1681 vel

1044 1703 1272 1735 Pentateuchum,
1286 1711 1319 1729 an
1335 1703 1416 1729 etiam
1433 1701 1552 1736 reliquos
1567 1701 1650 1728 libros
1666 1701 1841 1735 interpretati

1045 1750 1110 1777 sint.
1130 1750 1221 1776 Tertia
1238 1749 1348 1776 demum
1374 1756 1408 1775 an
1435 1747 1553 1775 llistoria
1571 1747 1686 1774 Aristeze
1698 1767 1706 1779 ,
1723 1747 1782 1773 sive
1810 1751 1842 1773 ut

1044 1797 1134 1830 primo
1160 1794 1261 1830 prodiit
1275 1815 1282 1827 ,
1299 1794 1358 1821 sive
1372 1799 1401 1820 ut
1416 1798 1508 1828 postea
1524 1801 1538 1819 a
1553 1791 1661 1819 Iustino
1672 1812 1679 1824 ,
1694 1796 1722 1818 et
1735 1791 1844 1826 aliquot

1044 1845 1107 1876 post
1128 1841 1236 1868 stcculis
1251 1841 1285 1867 ab
1302 1839 1454 1874 Epiphanio
1476 1839 1557 1866 allata
1572 1843 1631 1872 cst,
1647 1845 1710 1865 vera
1735 1838 1790 1871 sit,
1806 1846 1844 1865 an

1046 1886 1161 1915 conﬁcta
1174 1891 1201 1914 et
1213 1886 1399 1921 supposititia.

1046 1943 1104 1971 ΥΠ.
1124 1943 1256 1970 Probatur
1273 1942 1384 1969 Ariston:
1395 1941 1558 1977 cxcrnplarin
1570 1948 1628 1975 qua:
1642 1945 1786 1975 supersunt
1802 1949 1843 1977 ge-

1081 1979 1162 2006 nuina
1174 1999 1182 2012 ,
1204 1983 1360 2006 ett-terarum
1380 1982 1467 2003 autem
1485 1976 1669 2003 additamenta
1691 1979 1844 2010 respuenda

1081 2022 1146 2041 esse.

1080 2070 1158 2103 Quod
1171 2069 1205 2096 ad
1222 2068 1338 2104 primam
1359 2069 1537 2103 qumstioncm
1553 2069 1660 2102 attinet,
1676 2073 1784 2097 certum
1801 2076 1846 2098 est

1045 2115 1207 2142 alterutram
1219 2122 1251 2140 ex
1264 2113 1470 2141 narrationibus
1482 2114 1661 2140 adulteratam
1675 2113 1780 2148 fuisse;
1796 2119 1846 2142 aut

1046 2160 1173 2187 videlicet
1194 2167 1254 2186 eain
1276 2167 1338 2193 qua:
1362 2159 1534 2194 septuaginta
1558 2159 1629 2187 duos
1651 2167 1732 2188 senes
1758 2161 1846 2188 simul

207 2210 241 2238 de
267 2219 348 2238 causa
373 2211 406 2239 ad
431 2213 557 2241 doctores
579 2213 823 2249 Jcrosolymitanos
850 2216 992 2243 scriberet.

1053 2210 1236 2241 :ongregatos,
1252 2209 1402 2240 mutuoque
1418 2206 1552 2240 colloquia
1571 2205 1719 2233 miscentes
1730 2226 1738 2238 ,
1755 2206 1846 2234 inter-

207 2255 257 2283 Cui
278 2264 324 2283 re:
341 2265 444 2285 morem
461 2266 558 2293 gerens
568 2280 576 2293 ,
591 2260 732 2294 epistolam
747 2260 992 2297 Jerosolymitanis,

207 2301 242 2328 ab
258 2301 410 2331 Aristeanis
427 2305 554 2332 omnibus
581 2305 660 2341 longe
683 2307 819 2334 diversam
832 2327 840 2339 ,
868 2307 992 2341 scripsit,

207 2354 268 2381 quae
282 2347 419 2381 αὐτολεξεὶ
432 2349 466 2376 ab
480 2349 633 2384 Epiphanio
649 2349 769 2378 aﬂertur.
786 2351 816 2377 ln
830 2358 862 2378 ea
874 2350 994 2384 postulat

207 2399 254 2419 rex
270 2393 304 2419 ad
324 2401 354 2421 se
369 2395 514 2422 transmitti
533 2396 725 2431 prophetarum
744 2396 838 2427 libros,
857 2400 885 2422 nt
903 2395 929 2422 in
950 2395 994 2422 bi—

207 2437 343 2467 bliotheca
363 2447 412 2467 sua
429 2447 625 2476 reponerentur
640 2452 646 2469 :
665 2442 691 2468 in
709 2442 868 2469 memoriam
887 2444 996 2468 revocat

207 2486 345 2519 prieterita
363 2486 492 2514 beneﬁcia
504 2507 511 2519 ,
537 2495 592 2522 quo
608 2491 687 2522 pacto
701 2487 804 2514 scilicet
831 2487 930 2513 nmltos
947 2485 996 2512 .lu-

208 2528 329 2556 daeorum
347 2531 493 2564 populares
513 2531 539 2558 in
556 2531 626 2558 bello
645 2536 738 2565 captos
757 2536 785 2558 et
804 2531 830 2558 in
848 2530 995 2566 [Egyptum

206 2574 382 2609 deportatos,
410 2576 510 2604 liberos
535 2585 597 2604 cum
625 2577 725 2605 viatico
748 2578 893 2605 dimiserit.
918 2576 997 2605 Nunc

207 2624 298 2647 autem
315 2629 436 2649 mensam
452 2630 563 2650 auream
582 2623 717 2657 lapidibus
731 2622 858 2657 pretiosis
871 2627 995 2650 ornatam

207 2665 300 2700 pondo
315 2666 526 2702 quingentorum
542 2667 706 2695 talentorum
724 2676 785 2695 cum
813 2668 873 2695 aliis
899 2675 996 2696 mune-

208 2713 285 2740 ribus
299 2713 416 2744 mittere,
436 2718 465 2740 ut
479 2714 534 2740 voti
552 2721 665 2748 compos
682 2713 843 2741 ciliceretur.

245 2758 343 2785 Missos
359 2764 451 2793 postea
465 2759 549 2787 libros
561 2759 691 2788 Hchraice
704 2761 819 2794 scriptos
833 2767 894 2787 cum
910 2760 998 2796 legere

210 2811 265 2830 non
280 2808 390 2839 posset,
414 2804 535 2832 secundo
551 2806 672 2834 scribere
686 2811 712 2833 et
729 2806 888 2841 interpretes
909 2811 999 2841 petere

212 2856 324 2877 coaetus
348 2854 400 2878 est.
430 2849 583 2879 Secundam
611 2855 704 2890 postea
728 2851 805 2880 aliert
830 2852 998 2888 Epiphanius

1044 2252 1224 2286 pretationem
1243 2251 1318 2277 illam
1334 2251 1453 2278 edidisse
1471 2251 1594 2286 perhibet
1607 2272 1614 2285 ,
1631 2256 1678 2278 aut
1692 2259 1753 2279 eam
1780 2261 1847 2289 qua:

1045 2300 1107 2327 illos
1123 2299 1150 2327 in
1169 2299 1343 2334 septuaginta
1358 2299 1463 2326 cellulis
1483 2305 1635 2334 separatos,
1652 2305 1699 2328 aut
1714 2301 1798 2329 binos
1816 2302 1845 2330 in

1045 2346 1153 2380 triginta
1167 2353 1214 2372 sex
1227 2345 1401 2372 domunculis
1420 2346 1549 2377 inclusos,
1564 2352 1593 2373 ut
1611 2351 1703 2374 narrat
1720 2347 1848 2383 Epipha~

1045 2393 1122 2423 nius,
1141 2391 1310 2426 Scripturam
1326 2391 1432 2418 amante
1455 2390 1587 2425 Numine,
1605 2396 1635 2418 ut
1661 2399 1694 2419 ex
1719 2393 1845 2421 mirabili

1045 2437 1166 2464 omnium
1177 2444 1311 2464 consensu
1324 2437 1468 2472 probatum
1483 2441 1534 2468 est,
1545 2437 1658 2464 vertisse
1672 2445 1847 2467 commemo-

1045 2487 1097 2510 rat.
1111 2484 1119 2516 (
1134 2482 1170 2509 De
1192 2482 1253 2510 aliis
1267 2490 1350 2517 porro
1368 2490 1450 2517 prope
1470 2482 1622 2510 innumeris
1643 2482 1828 2512 varietatibus
1840 2507 1848 2519 ,

1046 2529 1190 2564 quaeinter
1206 2528 1378 2556 narrationes
1402 2528 1462 2554 illas
1482 2528 1669 2562 intercedunt,
1697 2529 1850 2558 brevitatis

1047 2583 1129 2602 causa
1144 2575 1267 2602 consulto
1276 2575 1420 2610 tacemus.)
1429 2573 1482 2601 Pro
1496 2574 1546 2602 hac
1558 2579 1696 2610 postrema
1705 2578 1848 2605 sententia

1048 2625 1122 2649 stant
1135 2620 1272 2652 Justinus,
1288 2620 1407 2655 Cyrillus
1420 2619 1684 2655 liierosolymitanus
1695 2640 1702 2652 ,
1718 2620 1848 2656 Epipha-

1047 2667 1122 2699 nius,
1137 2667 1201 2694 licet
1221 2667 1247 2694 in
1263 2674 1377 2693 numero
1389 2665 1547 2693 cellularum
1562 2666 1658 2698 variet,
1673 2666 1849 2702 Chrysosto-

1048 2721 1123 2744 mus,
1135 2713 1320 2747 Augustinus:
1334 2711 1434 2746 quibus
1445 2713 1583 2738 accensrri
1596 2716 1710 2746 possunt
1720 2712 1848 2741 irenzeus

1048 2764 1076 2787 et
1090 2759 1217 2786 Clemens
1232 2757 1446 2788 Alexandrinus,
1464 2757 1510 2791 qui
1525 2757 1587 2784 licet
1601 2757 1634 2784 de
1652 2756 1723 2784 LXX
1735 2758 1848 2786 cellulis

1049 2806 1118 2833 nihil
1138 2805 1275 2835 habeant,
1295 2803 1548 2839 interpretationem
1569 2808 1658 2831 tamen
1680 2803 1755 2831 illam
1784 2805 1848 2838 Spi-

1052 2853 1120 2879 ritus
1143 2850 1229 2879 sancti
1254 2849 1344 2878 aillatu
1357 2855 1384 2879 et
1407 2850 1585 2885 inspiratione
1605 2849 1705 2880 factam
1730 2858 1849 2880 asseve-
