1902 3049
66 113 91 141 Gl

71 171 176 201 notia
186 173 403 202 recentioribus
416 177 506 202 autem
522 173 576 202 Leo
586 174 721 206 Castrius.
735 174 856 210 Alphon-

73 227 112 248 sus
135 219 289 252 Salmcron,
315 220 441 255 aliique,
468 221 590 248 eamdem
615 222 777 249 sententiam
795 229 856 248 am-

70 265 236 300 plectuntur.
264 266 312 300 qui
337 267 526 294 narrationem
557 268 687 300 Aristeze,
715 268 804 303 qualis
829 268 856 294 in

69 310 203 338 liodlernis
220 312 429 346 exemplaribus
442 312 566 345 habetur,
578 313 701 341 vitiatam
712 319 739 341 et
753 314 858 341 adulte-

67 360 170 389 ratam;
198 357 314 384 alteram
338 365 406 385 vero
432 358 466 385 de
494 359 598 386 cellulis
627 364 653 387 et
676 361 709 386 de
738 359 856 386 mirabili

65 401 292 436 interpretatione
307 410 400 430 veram
423 411 636 438 germanamque
650 411 712 431 esse
724 408 855 438 pugnant.

98 447 169 475 Huic
197 457 283 484 porro
307 450 450 477 sententia:
474 449 627 485 refragatur
654 450 856 486 Hieronymus,

63 495 107 528 qui
124 495 289 522 cellularum
306 496 449 523 historiam
466 497 601 524 mendacii
622 497 723 532 arguit.
741 501 768 524 et
784 496 854 522 LXX

63 540 148 569 Senes
165 542 278 570 amante
292 541 410 570 Numine
425 543 615 578 interpretatos
630 551 690 571 esse
705 548 794 578 negat.
811 543 856 570 Sic

60 589 104 615 ille
131 589 249 624 prologo
274 590 303 616 in
328 589 478 617 chesim:
505 589 539 616 Et
565 590 651 616 nescio
675 591 732 625 quis
755 591 855 625 primus

58 640 154 662 auctor
182 635 355 669 septuaginta
383 634 493 661 cellulas
519 634 690 661 Alexandria:
718 635 856 662 mendacio

60 691 109 710 suo
127 683 313 715 exstruxerit,
336 683 429 717 quibus
445 683 523 710 divisi
543 684 634 710 eadem
657 684 855 718 scriptitarent,

57 737 117 754 cum
136 729 269 756 Aristwus
280 750 288 761 ,
301 729 420 763 ejusdem
434 729 574 756 Ptolomwi
592 730 815 766 ὑπερασπιστὴς,
832 735 856 757 et

56 774 142 801 multo
159 779 220 809 post
235 780 353 809 tempore
367 775 515 809 Iosephus,
537 776 602 803 nihil
624 776 677 803 tale
698 777 855 804 retulerint:

56 821 101 847 sed
116 822 145 848 in
163 829 218 848 una
235 822 349 848 basilica
367 827 538 857 congregatos
560 822 702 850 contulisse
722 823 854 856 scribant,

56 875 107 894 non
129 868 315 902 prophetasse.
336 868 417 894 Aliud
439 874 477 895 est
500 870 568 895 enim
587 874 687 901 vatem,
711 869 786 896 aliud
800 878 854 896 esse

55 914 238 947 interpretem.
259 911 302 940 Ibi
319 913 435 948 Spiritus
451 920 560 941 ventura
578 916 718 949 praedicit;
737 915 779 942 hic
792 923 854 942 eru-

55 958 122 984 ditio
139 963 165 984 et
187 958 329 985 verborum
350 960 425 994 copia
441 968 472 986 ea
488 968 546 995 qum
567 961 691 996 intelligit
715 962 851 996 transfert.

56 1001 118 1027 Nisi
129 1001 202 1035 forte
213 1003 348 1035 putandus
362 1008 401 1030 est
418 1003 521 1030 Tullius
538 1003 751 1033 (Economicum
765 1006 854 1033 Xeno-

54 1046 163 1080 phontis
178 1053 205 1074 et
223 1047 348 1075 Platonis
364 1048 553 1084 Protagoram,
566 1055 590 1077 et
605 1050 787 1078 Demosthenis
804 1059 853 1087 pro

54 1093 255 1128 Ctesiphonte,
282 1095 386 1130 afﬂatus
409 1096 538 1123 rhetorico
554 1097 649 1131 spiritu
673 1099 851 1127 transtulisse.

54 1137 108 1164 Aut
134 1138 218 1165 aliter
243 1139 275 1165 de
295 1141 393 1166 eisdem
408 1140 484 1167 libris
504 1149 549 1175 per
573 1140 757 1177 Septuaginta,
774 1143 854 1170 aliter

54 1191 99 1216 per
114 1185 255 1219 apostolos
272 1185 390 1220 Spiritus
410 1192 518 1214 sanctus
533 1189 682 1216 testimonia
701 1190 783 1216 texuit
797 1198 807 1222 ;
823 1194 852 1216 ut

55 1231 125 1263 quod
140 1231 183 1257 illi
202 1237 361 1263 tacuerunt,
384 1233 412 1258 hi
434 1234 563 1262 scriptum
587 1242 642 1261 esse
666 1235 768 1262 mentiti
787 1236 850 1262 sint.

57 1276 122 1310 Qua:
137 1283 280 1312 postrema
303 1278 461 1316 Hieronymi
476 1281 557 1308 verba
576 1286 603 1308 ut
618 1281 761 1316 intelligas,
781 1282 852 1310 scias

57 1329 163 1359 oportet
188 1326 276 1353 multa
301 1327 326 1353 in
344 1326 493 1361 Scripturis
516 1335 576 1355 esse
596 1335 656 1362 quae
678 1327 748 1355 LXX
765 1329 852 1356 luter-

57 1375 146 1403 pretes
162 1371 208 1398 vel
224 1371 459 1406 pra'termiseraut
470 1393 478 1402 ,
494 1373 535 1400 vel
553 1373 678 1400 consulto
693 1377 850 1405 tacuerant,

60 1422 119 1448 qua:
138 1416 174 1443 ab
190 1417 406 1451 evangelistiset
421 1417 456 1444 ab
464 1417 593 1453 apostolis
603 1418 763 1446 atteruntur.
773 1418 850 1452 Quod

58 1460 150 1487 eodem
178 1460 299 1495 Prologo
322 1462 349 1488 in
367 1461 495 1488 Cenesim
516 1462 631 1489 allirmat
652 1462 851 1498 Hieronymus,

57 1511 84 1532 et
94 1507 198 1540 passim
209 1507 237 1533 in
247 1506 472 1541 Commentariis,
480 1508 652 1543 maximeque
661 1509 687 1535 in
695 1508 849 1536 Jerenuam.

60 1550 230 1580 Sententiam
249 1560 331 1586 porro
347 1552 503 1589 Hieronymi
518 1554 720 1589 amplectuntur
731 1555 853 1591 plerique

61 1604 154 1625 omnes
176 1598 306 1625 hodierni
327 1599 426 1626 eruditi
447 1599 497 1626 viri
511 1608 518 1632 ;
534 1605 560 1627 et
581 1605 678 1635 putant
693 1601 851 1628 cellularum

59 1643 215 1675 historiam,
234 1644 448 1680 mirabilemque
462 1645 537 1673 illum
551 1654 728 1681 consensum,
745 1655 777 1674 ac
792 1647 853 1682 Spi-

59 1688 126 1715 ritus
155 1689 247 1716 sancti
275 1689 416 1723 amatum,
449 1691 561 1717 omnino
584 1692 758 1726 suppositilia
780 1700 851 1726 esse.

60 1734 136 1762 Certe
154 1734 284 1762 Justinus
303 1735 405 1771 Martyr
419 1756 426 1768 ,
443 1736 488 1770 qui
508 1736 614 1771 primus
630 1737 788 1764 cellularum
800 1758 808 1770 ,
827 1741 854 1764 et

61 1781 196 1807 mirabilis
211 1780 316 1808 Senum
332 1788 485 1809 consensus
499 1781 642 1809 historiam
661 1782 763 1814 texuit,
779 1783 805 1809 id
820 1790 853 1809 ex

59 1834 171 1854 rumore
182 1827 257 1862 vulgi
272 1831 426 1862 acceperat,
444 1832 474 1854 ut
488 1828 545 1863 ipse
560 1829 703 1863 proﬁtetur
716 1829 742 1855 in
757 1829 854 1855 Admo-

60 1873 156 1900 nitione
171 1875 208 1900 ad
226 1873 354 1900 Graecos:
371 1874 453 1900 Αὐτοὶ
468 1874 496 1899 ἐν
514 1875 546 1909 τῇ
563 1873 759 1909 ,Ἀλεξανδρείᾳ
777 1874 854 1908 γενό-

61 1926 144 1952 μενοι,
161 1919 211 1945 καὶ
222 1919 256 1945 τὰ
271 1918 330 1954 ἴχνη
349 1919 403 1945 τῶν
424 1919 553 1945 οἰκίσκων
574 1919 602 1945 ἐν
615 1921 648 1955 τῇ
669 1919 751 1954 Φάρῳ
767 1920 854 1956 ἑωρα-

59 1963 135 1996 κότες
144 1963 186 1990 ἔτι
197 1964 352 2000 σωζόμενα,
369 1966 416 1992 καὶ
428 1966 504 2000 παρὰ
514 1966 568 1992 τῶν
578 1967 645 1997 ἐκεῖ,
656 1966 693 1997 ὡς
706 1967 741 1992 τὰ
752 1966 854 2001 πάτρια.

59 2009 281 2044 παρειληφότων,
301 2010 449 2046 ἀκηκοότες
459 2031 466 2042 ,
484 2011 570 2038 ταῦτα
594 2011 801 2047 ἀπαγγέλλομεν
812 2020 820 2027 ·
836 2011 854 2038 ἃ

58 2055 104 2081 καὶ
119 2055 299 2091 παρ’ἑτέρων
314 2056 418 2090 ἔξεστιν
429 2058 491 2092 ὑμῖν
501 2057 656 2092 μανθάνειν,
675 2058 721 2085 καὶ
737 2058 855 2093 μάλιστα.

59 2101 123 2136 παρ’
140 2102 234 2128 αὐτῶν
256 2102 311 2130 τῶν
333 2103 398 2138 περὶ
419 2103 522 2130 τούτων
546 2103 745 2139 ἱστορησάντων
765 2104 853 2139 σοφῶν

59 2148 104 2174 καὶ
119 2148 243 2183 δοκίμων
253 2149 369 2184 ἀνδρῶν,
385 2149 500 2181 Φίλωνός
516 2158 557 2181 τε,
582 2150 713 2185 Ἰωσήπου
730 2151 777 2177 καὶ
794 2151 852 2178 ἐτέ-

60 2201 113 2228 ρων
129 2195 273 2222 πλειόνων.
289 2194 316 2222 ld
333 2201 375 2223 est.
392 2205 398 2222 :
417 2195 474 2230 Ipsi
489 2196 533 2231 qui
553 2195 722 2224 Alexandria
741 2197 851 2232 fuimus,

59 2246 82 2265 et
104 2242 216 2276 uestigia
234 2241 459 2268 domum-uiarum
480 2242 507 2268 in
524 2241 613 2269 Pharo
637 2242 723 2270 adimo
745 2243 852 2270 residua

58 2284 184 2317 vidimus,
203 2291 227 2312 et
243 2286 276 2312 ab
294 2286 403 2319 incolis,
421 2288 466 2322 qui
484 2295 538 2314 rem
552 2296 568 2314 a
586 2287 732 2322 majoribus
747 2296 853 2323 accepe-

59 2334 136 2361 rant,
161 2330 316 2357 audivimus
327 2352 334 2364 ,
351 2331 406 2358 Ιιωε
430 2333 641 2359 attriuntiamus:
665 2341 724 2368 quia
743 2341 775 2359 ea;
790 2333 852 2360 aliis

60 2383 159 2410 quoque
181 2378 299 2405 ediscere
316 2379 428 2413 potestis
440 2398 447 2410 ,
461 2387 493 2405 ac
512 2379 677 2414 potissimum
693 2388 726 2407 ea:
740 2381 773 2408 iis
785 2402 792 2414 ,
807 2382 852 2416 qui

61 2422 113 2448 lucc
122 2429 328 2457 enarraverunt,
340 2423 463 2457 Philone,
472 2424 585 2460 Josepho
597 2425 710 2460 aliisque
721 2426 850 2461 pluribus.

63 2466 127 2496 Hinc
143 2477 210 2497 sane
226 2471 386 2505 conspicias
401 2479 433 2497 ex
450 2471 574 2506 populari
589 2471 661 2499 fama
678 2472 751 2508 loqui
768 2471 851 2500 Justi«

63 2523 122 2542 num
150 2516 299 2552 Martyrem
315 2538 322 2550 ,
344 2525 408 2545 cum
435 2518 468 2544 de
492 2518 594 2546 cellulis
617 2523 644 2546 et
662 2519 695 2546 de
719 2519 853 2548 miraculo

65 2565 135 2588 tanto
158 2563 241 2590 verba
266 2563 352 2595 facit;
373 2570 436 2588 nam
454 2561 532 2589 Philo
558 2567 585 2589 et
607 2561 742 2598 Iosephus
755 2583 762 2595 ,
782 2571 853 2598 quos

66 2608 165 2644 allegat.
177 2617 212 2637 ne
226 2609 345 2636 verbum
356 2608 469 2644 quidem
482 2609 515 2636 de
529 2609 635 2636 cellulis
647 2614 674 2636 et
687 2610 720 2636 de
734 2609 852 2637 mirabili

68 2653 235 2689 interpretum
253 2663 396 2683 consensu
415 2654 526 2682 habent.
545 2653 690 2683 Probabile
706 2656 789 2691 igitur
811 2660 854 2683 est

68 2699 194 2729 Iustinum
213 2709 246 2729 ea
266 2709 332 2736 qum
345 2701 383 2728 de
395 2699 501 2727 cellulis
516 2701 608 2733 tradit,
626 2709 659 2728 cx
678 2701 772 2728 iisdem
788 2700 852 2727 lou-

71 2747 131 2775 ubus
143 2749 293 2784 accepisse,
309 2755 344 2775 ex
359 2746 463 2781 quibus
475 2751 616 2781 acceperat
631 2746 806 2774 Ptolemaeum
818 2746 853 2774 ab

71 2792 159 2824 Herode
171 2795 335 2824 Iudaeorum
355 2800 423 2828 rege
441 2792 603 2827 interpretes
624 2793 759 2820 vertendis
777 2792 852 2820 Scri-

69 2842 139 2877 pturis
154 2843 241 2872 sacris
254 2841 434 2879 postulasse.
448 2838 500 2872 Qui
517 2838 655 2868 Iustinum
672 2839 757 2868 secuti
776 2843 850 2876 sunt,

689 117 725 144 ΙΝ
745 116 907 145 HEXAPLA
928 116 1101 145 ORIGENIS.

1661 113 1699 141 63

872 176 892 204 Α
907 175 966 208 ejus
986 175 1149 202 auctoritate
1169 174 1291 210 abrepti,
1304 174 1478 210 explorandae
1499 173 1537 201 rcl
1561 181 1596 201 ne
1617 174 1698 202 mini-

910 229 984 248 mum
995 221 1105 256 quidem
1117 228 1232 248 examen
1245 221 1373 248 habuisse
1382 221 1518 248 videntur.
1528 219 1698 255 Epiphanius

907 275 972 294 vero
995 267 1043 302 qui
1069 266 1169 294 Justini
1196 267 1382 293 narrationem
1408 267 1436 293 in
1462 266 1555 293 multis
1582 267 1703 292 mutavit

907 314 1079 349 plurimaque
1093 313 1202 348 adjecit.
1216 321 1249 340 ex
1265 313 1326 339 aliis
1342 312 1541 340 fabulatoribus
1557 317 1704 339 mutuatus

907 364 1028 394 putatur.
1044 359 1115 386 Sane
1131 359 1320 394 primigeniam
1340 358 1453 385 Ariston:
1473 358 1615 385 historiam
1636 365 1698 385 eam

906 414 966 433 esse
983 414 1043 441 quae
1057 406 1136 433 hodie
1149 406 1175 432 iu
1188 405 1361 432 bibliothecis
1375 405 1476 432 nostris
1488 409 1586 436 exstat,
1600 403 1698 431 suadet

906 450 1062 486 .loseplms,
1088 452 1135 486 qui
1159 452 1222 479 licet
1244 459 1321 482 eam,
1338 458 1387 485 pro
1414 458 1488 477 more
1513 458 1580 483 suo,
1606 449 1697 485 quoad

907 497 1006 533 stylum
1029 501 1057 524 et
1073 498 1170 525 seriem
1188 497 1214 523 in
1236 505 1289 523 non
1306 496 1402 531 paucis
1417 497 1582 527 mutaverit,
1603 495 1695 528 quoad

906 552 1016 572 sensum
1031 549 1120 572 tamen
1131 549 1158 572 et
1167 552 1210 571 res
1223 550 1314 579 gestas
1326 552 1422 578 presso
1432 544 1548 578 vestigio
1557 544 1694 578 sequitur;

907 591 1003 618 suadet
1028 591 1091 617 item
1117 591 1271 622 Eusebius,
1290 591 1336 625 qui
1361 590 1520 625 longissima
1546 590 1698 618 Aristeante

907 637 1027 664 hisroriaa
1039 640 1168 672 excerpta
1181 637 1265 663 edidit
1281 637 1306 663 in
1321 636 1520 671 Pt'wpuralione
1532 636 1696 671 evangelica:

907 682 1027 717 itemque
1039 681 1231 717 Hieronymus.
1244 682 1290 716 qui
1306 681 1419 709 Arislczn
1431 681 1540 716 quidem
1554 681 1697 709 historiam

906 728 1040 762 agnoscit,
1057 727 1104 755 scd
1123 727 1306 754 additamenta
1321 727 1474 761 posteriora
1492 726 1629 761 reprobat.

908 783 975 811 Vlll.
995 784 1057 811 Post
1081 783 1268 819 Hieronymum
1287 785 1416 810 asseritur
1434 783 1510 810 LXX
1532 785 1572 810 vel
1594 791 1637 810 eos
1651 783 1698 818 qui

943 819 1151 846 Pentateuchum
1164 822 1369 852 transtulerunt,
1385 827 1435 846 non
1450 819 1552 854 reliqua
1568 819 1698 852 interpre-

871 853 892 880 B
941 860 1010 882 tutos
1029 863 1094 882 esse.

942 911 1034 938 Altera
1062 911 1176 946 qumstio
1189 916 1241 944 est,
1258 918 1291 938 an
1306 909 1377 937 LXX
1400 910 1574 944 interpretes,
1589 910 1630 938 vel
1648 911 1696 946 qui

906 956 1011 991 priores
1025 956 1195 991 Scripturam
1212 964 1317 984 sacram
1331 957 1364 984 de
1378 956 1511 984 Ih-braico
1526 956 1552 984 iu
1571 956 1697 984 Graecum

907 1006 1110 1036 converterunt,
1129 1002 1215 1029 solam
1235 1001 1332 1036 Legem
1351 1009 1398 1029 seu
1420 1001 1645 1033 Pcntateuc'ium,
1660 1009 1698 1028 an

906 1049 1026 1084 reliquos
1041 1049 1121 1076 etiam
1139 1049 1223 1076 libros
1250 1049 1417 1082 interpretati
1438 1049 1502 1076 sint.
1523 1047 1603 1075 Ratio
1616 1047 1697 1075 dubi-

906 1096 981 1123 tandi
997 1097 1060 1123 hinc
1073 1096 1191 1130 primum
1205 1100 1302 1125 exorta
1312 1100 1364 1129 est,
1381 1096 1453 1129 qttod
1468 1095 1514 1130 qui
1529 1094 1599 1121 LXX
1614 1094 1698 1122 Inter-

906 1147 1012 1178 pretum
1028 1142 1170 1169 historiam
1196 1145 1350 1173 texuerunt,
1366 1141 1411 1167 alii
1426 1139 1524 1175 Legem
1541 1145 1645 1167 tantum
1660 1140 1695 1167 ab

907 1188 941 1215 iis
955 1188 1047 1216 Grch
1062 1195 1221 1215 conversam
1235 1187 1338 1219 dicant,
1351 1187 1396 1213 alii
1413 1187 1553 1218 historias,
1570 1186 1616 1213 alii
1631 1185 1697 1214 Pro-

905 1234 1012 1268 phetas,
1028 1232 1195 1267 Epiphanius
1207 1232 1340 1259 universat-
1356 1231 1504 1266 Scriptura:
1516 1232 1612 1259 lihros.
1630 1231 1694 1258 Ilie-

906 1287 1037 1314 ronymus
1063 1286 1127 1305 vero
1151 1277 1295 1305 Comment.
1320 1278 1347 1303 iu
1371 1276 1535 1303 Ezecltielem
1560 1285 1620 1311 cap.
1636 1285 1693 1310 xvt,

907 1325 922 1359 ᾖ
945 1325 988 1357 I3,
1007 1325 1045 1351 ait
1064 1323 1233 1350 eruditorum
1256 1322 1298 1349 sui
1313 1322 1441 1356 temporis
1453 1322 1607 1356 opinionem
1622 1329 1693 1355 esse,

906 1371 980 1398 solos
1004 1370 1125 1404 quinque
1149 1369 1235 1396 libros
1260 1367 1344 1403 Moysi
1369 1376 1383 1394 a
1399 1367 1470 1394 LXX
1487 1375 1581 1394 versos
1597 1367 1692 1395 fuisse.

906 1417 972 1452 Ejus
994 1417 1075 1443 verba
1099 1419 1186 1442 sunt:
1213 1414 1271 1441 lloc
1292 1415 1319 1441 in
1342 1413 1418 1440 LXX
1435 1422 1485 1440 non
1510 1414 1630 1451 habetur,
1649 1414 1696 1449 qui~

906 1465 1020 1500 forsitan
1040 1462 1212 1490 Alexandria:
1228 1463 1252 1488 in
1272 1461 1393 1488 Gnaeum
1406 1469 1550 1488 sermonem
1571 1460 1695 1496 Scriptu-

906 1519 950 1538 ras
971 1518 1004 1537 ea:
1028 1508 1159 1536 chmica
1186 1508 1294 1535 veritate
1322 1511 1460 1539 vertentes,
1478 1507 1622 1533 timuerunt
1647 1507 1696 1534 bac

905 1557 989 1589 edere,
1006 1563 1036 1582 ne
1051 1562 1136 1589 regem
1153 1553 1264 1588 fligi/pii
1281 1553 1431 1579 viderentur
1445 1552 1586 1586 offendere.
1599 1554 1663 1579 dum
1678 1562 1696 1581 ο

904 1603 958 1630 Deo
969 1601 1118 1629 Jerusalem
1130 1600 1247 1626 debitum
1259 1607 1365 1634 regnum
1378 1607 1433 1625 esse
1445 1604 1696 1626 commemorarent:

904 1655 1054 1684 quanquam
1074 1646 1172 1673 eruditi
1190 1645 1260 1672 solos
1277 1645 1392 1680 quinque
1410 1644 1491 1672 libros
1507 1644 1595 1679 Moysi
1608 1644 1640 1671 ab
1655 1645 1694 1672 eis

904 1697 1089 1730 interpretatos
1113 1701 1168 1721 esse
1194 1697 1309 1727 putant.
1333 1691 1406 1718 Idem
1433 1699 1516 1726 porro
1538 1691 1695 1719 existimant

904 1743 1003 1771 eruditi
1018 1740 1154 1773 hodierni,
1165 1743 1301 1775 quotquot
1313 1738 1440 1765 videlicet
1452 1737 1614 1765 Hebraicum
1629 1745 1695 1765 cum

904 1789 1021 1817 editione
1040 1788 1096 1820 illa,
1110 1794 1171 1822 quze
1191 1784 1369 1819 Septuaginta
1388 1784 1566 1819 lnterprctum
1582 1785 1694 1816 dicitur,

904 1834 1053 1862 contulere.
1068 1832 1136 1860 Nam
1153 1831 1199 1867 qui
1221 1830 1434 1858 Pentateuchum
1456 1835 1594 1857 verterunt
1614 1830 1693 1864 longe

904 1881 1050 1915 peritiores
1065 1879 1150 1906 fuisse
1167 1879 1292 1905 videntur
1308 1877 1340 1904 iis
1357 1877 1404 1911 qui
1416 1880 1528 1903 CLCICI‘OS
1546 1875 1694 1910 Scriptum

905 1928 989 1954 libros
1009 1926 1103 1953 Graece
1121 1929 1185 1952 sunt
1198 1922 1368 1958 interpretati
1385 1932 1391 1950 :
1416 1924 1503 1957 stylus
1524 1922 1636 1949 omnino
1651 1922 1694 1949 di-

905 1979 1001 1999 versus
1023 1975 1081 2004 est;
1106 1970 1188 1996 verba
1209 1976 1281 2003 saepe
1303 1969 1381 2002 longe
1400 1967 1537 2001 disparata
1552 1966 1693 1994 Hebraicis

904 2017 1018 2044 vocibus
1047 2020 1182 2050 aptantur.
1208 2012 1352 2040 Varictatis
1383 2013 1539 2046 hujusmodi
1569 2013 1692 2047 exempla

905 2064 990 2090 multa
1006 2061 1127 2097 prol‘crre
1142 2061 1169 2087 in
1185 2063 1311 2094 promptu
1327 2063 1398 2086 esset
1412 2066 1419 2084 :
1433 2065 1526 2084 verum
1540 2058 1603 2092 quia
1620 2065 1664 2085 res
1676 2065 1692 2084 a

905 2109 992 2136 doctis
1016 2108 1080 2135 viris
1101 2107 1156 2141 jam
1175 2107 1235 2134 l‘use
1256 2114 1287 2133 ex
1306 2105 1429 2140 professo
1451 2104 1551 2138 agitata
1565 2104 1625 2137 fuit,
1643 2112 1693 2131 no-

905 2155 1000 2189 bisque
1013 2154 1045 2181 ad
1063 2154 1116 2180 alia
1142 2153 1353 2188 properantibus
1375 2159 1429 2178 non
1453 2151 1516 2178 licet
1532 2151 1575 2178 his
1589 2151 1692 2178 diutius

868 2203 890 2230 D
906 2201 1058 2233 immorari,
1072 2200 1237 2227 destinatum
1254 2199 1392 2233 carpimus
1404 2197 1464 2224 iter.

903 2253 948 2280 1X.
965 2253 1058 2280 Utrum
1081 2253 1192 2279 Aristea:
1209 2252 1366 2286 primigenia
1388 2251 1500 2277 historia
1517 2259 1578 2278 uera
1594 2252 1639 2283 sit,
1657 2261 1692 2279 an

938 2289 1050 2323 conﬁcta
1057 2293 1080 2314 et
1089 2288 1269 2323 supposititia,
1280 2287 1429 2321 afferuntur
1440 2292 1595 2321 argumenta
1605 2288 1692 2314 utrin-

938 2332 997 2358 que.

939 2381 1029 2408 Tertia
1051 2380 1160 2407 demum
1176 2379 1302 2414 quaestio,
1319 2378 1418 2414 illaque
1441 2379 1602 2414 gravissima
1617 2384 1659 2407 est
1682 2388 1690 2407 :

903 2436 968 2455 num
993 2427 1105 2454 Aristeas
1121 2426 1251 2458 Historia,
1266 2427 1323 2453 sive
1341 2426 1385 2453 illa
1407 2433 1468 2460 quae
1485 2425 1540 2460 jam
1563 2425 1622 2460 ejus
1641 2433 1692 2453 no-

903 2475 976 2501 mine
989 2472 1190 2504 circumfertur,
1209 2473 1408 2507 doctorumque
1432 2472 1560 2499 manibus
1577 2472 1689 2505 teritur;

904 2517 960 2544 sive
979 2516 1024 2543 illa
1044 2524 1104 2550 quae
1127 2524 1189 2543 cum
1211 2516 1405 2543 additamentis
1420 2520 1447 2543 et
1462 2517 1658 2544 mutationibus
1672 2524 1688 2543 a

903 2561 1021 2595 Justino,
1035 2562 1077 2589 vel
1090 2562 1124 2588 ah
1141 2561 1295 2597 Epiphanio
1311 2561 1433 2594 aﬂ‘crtur,
1446 2569 1509 2588 vera
1525 2570 1557 2588 ac
1572 2562 1689 2595 sincera,

903 2616 937 2635 an
959 2616 1024 2636 vero
1048 2609 1165 2635 conﬁcta
1189 2612 1216 2634 et
1241 2608 1411 2642 supposititia
1439 2608 1484 2635 sit.
1507 2607 1576 2635 Cum
1598 2611 1693 2635 autem

902 2655 1095 2682 additamentis
1106 2655 1160 2682 illis
1176 2654 1256 2682 ﬁdem
1269 2662 1329 2682 esse
1342 2654 1528 2690 denegandam
1538 2655 1594 2689 jam
1608 2662 1690 2689 supra

903 2701 1118 2728 demonstratum
1131 2700 1177 2733 sit,
1189 2705 1274 2728 restat
1286 2705 1315 2728 ut
1326 2701 1359 2728 de
1367 2700 1690 2735 primigeniaaAristeaua:

902 2746 1028 2774 Historia:
1042 2747 1093 2774 lide
1105 2754 1177 2774 nunc
1190 2754 1313 2781 agamus.
1332 2746 1477 2774 Historiam
1491 2747 1563 2774 illam
1577 2754 1690 2781 prorsu-

905 2792 1025 2820 lictitiam
1049 2796 1076 2819 et
1093 2793 1308 2822 commentitiam
1325 2800 1387 2820 esse
1410 2796 1530 2828 pugnant
1545 2791 1623 2818 multi
1637 2791 1688 2818 viri

904 2838 1053 2867 doctissimi
1071 2847 1078 2866 :
1094 2846 1129 2866 ex
1145 2838 1293 2868 Catholicis
1310 2839 1442 2868 Henricus
1461 2837 1594 2874 Valesius,
1608 2844 1688 2868 quem
