1902 3049
215 110 251 140 ος
888 108 1150 137 mammarum
1805 114 1840 139 et

215 171 340 208 sequitur
362 171 479 199 Joannes
502 170 576 196 Bona
605 169 761 202 cardinatis,
783 169 902 204 itemque
924 169 1000 204 Egi-
1017 174 1039 200 Α
1088 169 1227 196 Laudatur
1252 169 1389 196 Ptolemaei
1414 169 1551 205 Evergetis
1571 170 1636 204 (non
1657 169 1840 206 Philadelphi,

216 219 279 245 dius
291 217 430 252 Menagius
441 221 467 243 et
480 216 542 248 alii;
557 223 590 242 ex
605 215 778 242 heterodoxis
792 214 927 249 Josephus
940 215 1003 242 Sca-

217 263 294 297 liger,
309 262 473 290 Humfredus
488 261 562 297 llody
575 261 601 288 in
615 261 801 288 eruditissimo
817 269 897 295 opere
911 266 1003 288 contra

218 309 368 336 Historiam
383 309 503 339 Arislew,
518 312 544 334 et
558 307 705 334 novissime
721 307 855 334 Antonius
870 307 926 334 Van
940 308 1003 336 Dale

216 355 243 382 in
270 355 461 382 Dissertatione
490 362 568 388 super
592 353 714 380 Historia
744 354 879 386 Arislew;
904 354 1007 388 aliique

215 400 424 435 quamplurimi.

250 446 345 473 Primo
368 446 470 473 dicitur
486 445 620 472 Aristeam
638 445 724 477 illum,
739 445 785 480 qui
810 453 838 472 se
853 450 880 472 et
893 449 953 472 ortu
977 449 1004 472 et

214 492 375 527 parentibus
401 492 524 520 Graecum
545 500 605 520 esse
627 492 720 527 fingit,
743 500 803 519 esse
826 492 898 519 haud
923 493 1004 519 tlubic

214 538 341 566 Judreum
363 538 550 569 Hellenistam,
565 543 595 566 ut
609 539 789 573 comprobant
806 539 873 565 bene
892 539 976 565 multa
996 548 1002 566 :

215 584 332 618 exempli
360 592 442 611 causa
468 583 642 611 Iudaicarum
668 585 755 620 legum
789 585 868 619 plena
897 585 1003 615 notitia,

217 630 300 657 unius
321 630 368 657 Dei
386 631 516 665 cognitio,
539 631 611 658 nulla
625 631 740 658 admista
761 631 909 665 Serapidis,
926 631 1005 658 Isidis

217 676 399 710 aliorumque,
414 677 459 711 qui
478 681 534 704 tum
556 677 674 704 maxime
688 677 859 704 Alexandriae
880 677 1006 704 coleban-

217 726 271 754 tur,
293 722 405 749 deorum
424 723 694 750 commemoratione.
713 722 740 749 ln
765 723 822 757 ipsa
849 723 1006 750 narratione

218 765 371 794 Hebraismi
385 767 494 802 plurimi
507 773 654 795 occurrunt
665 778 671 795 :
682 777 742 803 quae
755 769 847 796 omnia
864 773 1004 796 auctorem

218 819 282 839 vere
295 811 418 840 Judaeum
434 814 562 847 produnt.

1054 221 1083 242 ut
1096 216 1205 250 quidam
1228 215 1330 251 dixere)
1348 215 1507 249 liberalitas,
1524 216 1595 250 quod
1612 214 1767 250 Sophoclis,
1785 215 1840 242 Eu-

1054 261 1148 296 ripidis
1173 266 1200 288 et
1227 261 1349 296 Eschyli
1378 261 1542 296 exemplaria
1565 261 1598 288 ab
1624 260 1841 289 Atheniensibus

1054 312 1204 340 mutuatus,
1218 311 1248 334 ut
1263 307 1379 334 exseribi
1393 312 1510 340 curaret,
1525 307 1668 334 reservatis
1681 307 1733 334 sibi
1747 315 1841 334 exem-

1054 355 1184 389 plaribus,
1197 355 1352 389 apographa
1374 354 1554 389 pulcherrima
1575 353 1730 387 reddiderit,
1743 354 1842 381 simul-

1054 408 1107 434 que
1122 408 1257 427 summam
1282 400 1438 434 quindecim
1463 401 1639 431 talentorum,
1656 407 1738 435 quam
1755 399 1842 426 Athe-

1055 447 1195 473 niensibus
1208 446 1443 481 oppigneravcrat,
1468 446 1552 473 iisin
1575 447 1689 481 gratiam
1715 445 1841 473 beneficii

1055 492 1204 526 reliquerit.
1220 491 1291 518 Sane
1306 492 1461 526 quindecim
1477 492 1642 519 talentorum
1657 499 1763 519 summa
1778 496 1842 518 tunc

1055 538 1186 572 temporis
1203 539 1293 573 magni
1318 537 1483 571 habebatur;
1500 544 1527 565 at
1541 538 1605 573 quid
1624 538 1699 564 dicas
1715 538 1749 569 si,
1767 545 1843 564 com-

1055 585 1158 620 putatis
1175 586 1303 612 omnibus
1319 593 1379 620 qua:
1393 593 1442 620 pro
1458 585 1640 619 adipiscendis
1655 585 1734 619 Legis
1751 592 1844 611 exem-

1056 630 1176 664 plaribus
1201 638 1216 656 a
1237 630 1416 664 Philadelpho
1440 637 1558 664 expensa
1582 635 1655 661 sunt,
1671 629 1843 663 captivorum

1058 677 1180 704 videlicet
1207 677 1304 711 pretio,
1331 677 1411 704 donis
1434 676 1583 709 Eleazaro,
1609 676 1719 710 templo,
1746 683 1843 702 senum

1056 721 1167 749 cuilibet
1183 721 1291 752 oblatis,
1308 722 1368 756 plus
1381 729 1463 755 quam
1478 721 1551 747 mille
1564 721 1744 748 ducentorum
1757 719 1845 746 talen—

1055 772 1145 794 torum
1159 775 1293 795 summam
1311 767 1450 801 reperias?
1465 767 1563 792 Annon
1580 766 1739 793 exhaustam
1764 766 1846 800 plane

1056 821 1149 848 gazam
1161 814 1262 848 regiam
1277 813 1394 840 inferas?
1405 812 1490 840 Nemo
1505 812 1640 848 negaverit
1655 812 1711 839 hzec
1723 811 1843 839 fabulam

256 859 392 885 Praeterea
415 859 561 893 olnjicitur,
586 859 750 887 Demetrium
775 860 936 888 Phalereum
963 861 1006 888 hic
1022 857 1043 884 Β
1060 868 1165 894 sapere.

219 903 312 931 induci
324 905 496 932 bibliothecae
509 907 589 941 regite
604 906 740 934 Ptolemaei
756 907 927 942 Philadelphi
943 915 1009 943 prie-

219 947 340 981 fectum,
366 957 428 976 cum
457 955 546 977 tamen
575 950 737 986 llermippus
766 952 837 987 apud
863 952 1008 988 Diogenem

219 995 359 1023 Laertium
373 1001 473 1028 narret,
488 997 652 1025 Demetrium
666 998 826 1026 Phalereum
840 999 1008 1035 transfugam

219 1042 290 1076 apud
306 1042 482 1070 Ptolemaeum
501 1043 623 1071 Soterem
641 1044 705 1079 Lagi
725 1045 821 1076 filium,
840 1053 902 1072 cum
915 1045 1008 1073 Ptole-

220 1095 288 1115 maeo
312 1088 490 1124 Philadelpho
514 1091 672 1118 adversatus
693 1096 765 1118 esset
779 1108 794 1122 ,-
809 1095 870 1126 post
895 1097 1008 1119 mortem

219 1132 328 1168 Lagitlte
351 1142 366 1162 a
383 1135 563 1170 Philadelpho
589 1137 735 1171 relegatum
754 1136 848 1170 fuisse,
869 1142 895 1164 et
915 1145 1009 1164 morsu

218 1181 321 1214 aspidis
343 1181 455 1209 obiisse.
480 1182 521 1208 Ad
536 1182 592 1210 haec
609 1182 762 1210 Demetrius
785 1183 830 1210 ille
844 1183 1005 1215 Phalereus,

221 1226 302 1253 homo
317 1225 542 1260 facundissimus,
558 1232 585 1255 et
601 1236 650 1255 sua
673 1232 751 1255 aetate
766 1228 862 1256 Attica:
876 1229 1008 1263 eloquen-

219 1272 263 1299 tiae
287 1272 365 1300 facile
389 1273 535 1309 princeps;
560 1274 636 1309 isque
657 1275 769 1302 deorum
794 1274 892 1308 cultor,
919 1274 1010 1309 pravis

219 1319 344 1346 moribus
360 1319 480 1354 luxuque
497 1320 633 1354 perditus;
652 1320 697 1348 hic
711 1320 746 1347 ab
765 1321 873 1348 Aristea
897 1321 1010 1357 exhibe-

219 1368 264 1391 tur
293 1365 338 1392 vix
365 1365 458 1393 Graace
486 1365 543 1392 imo
568 1366 685 1393 barbare
712 1367 827 1401 loquens
845 1366 872 1392 in
895 1366 1008 1400 epistola

220 1417 302 1445 quam
328 1410 423 1438 scribit
449 1411 482 1438 ad
499 1411 721 1446 Philadelphum;
743 1411 825 1438 unius
839 1411 885 1438 Dei
909 1412 1008 1445 cultor,

221 1460 314 1491 utpote
327 1457 373 1491 qui
392 1455 567 1484 Hebrteorum
586 1457 672 1492 legem
695 1465 745 1492 pro
762 1457 852 1484 divina
872 1458 1009 1484 omnium-

220 1510 274 1536 que
285 1502 457 1530 sanctissima
474 1503 580 1536 habeat,
594 1507 620 1530 et
635 1503 709 1530 diras
727 1503 890 1538 imprecetur
910 1503 944 1531 iis
960 1503 1008 1538 qui

221 1535 248 1575 in
273 1548 452 1577 translatione
470 1548 564 1576 LXXII
583 1535 878 1584 lnterpretunraliquid
897 1535 1007 1582 addere,
1021 1535 1045 1566 θ

221 1593 263 1620 vel
278 1594 396 1626 demere,
416 1595 456 1622 vel
473 1596 619 1622 immutare
639 1596 699 1623 ausi
715 1595 825 1622 fuerint.
841 1595 928 1622 Erunt
953 1595 1009 1622 for-

223 1644 296 1668 tasse
313 1641 359 1675 qui
378 1641 442 1669 huic
464 1646 624 1677 argumento
639 1642 746 1669 occurri
762 1650 842 1676 posse
865 1642 1008 1676 putabunt,

221 1692 256 1712 ex
272 1685 380 1713 Cosmzr
394 1686 512 1722 Egyptii
533 1695 618 1722 nuper
631 1696 645 1715 a
667 1688 746 1715 nobis
760 1688 826 1715 editi
844 1693 965 1715 narratu.
984 1687 1010 1716 is

222 1733 295 1759 enim
321 1733 348 1759 in
373 1733 558 1768 Topograpliia
574 1733 738 1766 Christiana,
752 1742 833 1768 quam
854 1733 1010 1762 Iustiniano

223 1778 374 1812 imperante
396 1779 490 1811 edidit,
507 1787 560 1806 nou
585 1779 750 1806 Demetrium
775 1779 947 1812 Phalereum,
962 1780 1010 1808 sed

223 1824 396 1860 Tryphonem
412 1824 573 1852 Phalereum
597 1825 648 1853 sub
673 1825 818 1853 Ptolemaeo
833 1825 1010 1862 Philadelpho

223 1870 394 1898 bibliotheca:
408 1872 488 1906 regiae
506 1872 646 1899 custodem
672 1872 757 1900 fuisse
780 1872 846 1900 dicit
862 1881 869 1899 :
884 1881 937 1908 qua
960 1874 1010 1900 ad-

223 1916 306 1943 missa
324 1917 450 1950 lectione,
468 1918 569 1945 cadunt
592 1918 684 1945 omnia
698 1917 743 1944 illa
766 1923 935 1953 argumenta,
950 1927 1011 1954 qua:

222 1966 312 1989 stante
333 1962 472 1990 Demetrio
496 1963 628 1991 Phalereo
642 1963 760 1999 alicujus
774 1964 904 1991 momenti
920 1970 1008 1993 erant.

222 2007 258 2035 At
273 2007 338 2042 quid
357 2008 444 2035 valeat
457 2008 508 2035 hac
520 2009 548 2035 iu
564 2017 593 2036 re
605 2009 747 2044 scriptoris
760 2010 852 2042 unius,
864 2010 1010 2045 etquidem

222 2051 361 2081 inferioris
377 2054 438 2087 atri,
455 2054 652 2088 testimonium,
668 2055 779 2090 quando
796 2063 891 2083 omnes
907 2064 922 2083 a
941 2057 1011 2091 prin-

223 2098 304 2134 cipio,
325 2100 372 2134 qui
393 2099 527 2127 Aristeam
549 2100 707 2133 meminere,
727 2101 892 2128 Demetrium
916 2101 1011 2128 Phale-

223 2153 300 2173 reum
312 2147 420 2174 habent.
429 2147 508 2175 Certe
517 2147 584 2174 nulli
595 2147 707 2174 dubium
721 2155 782 2175 esse
793 2153 880 2182 potest
891 2148 1010 2182 primum

223 2191 299 2218 illum
322 2192 476 2226 Aristeam,
503 2192 669 2220 Demetrium
694 2193 853 2221 Phalereum
875 2194 943 2221 item.
960 2195 1008 2222 ha-

223 2238 326 2266 buisse.
356 2237 446 2271 Quare
475 2238 590 2267 Cosmus
623 2239 768 2275 Aﬁgyptius
803 2240 845 2267 vel
876 2241 1009 2267 memoria

223 2284 317 2319 lapsus
334 2290 384 2317 est,
403 2285 443 2312 vel
457 2285 567 2312 aliunde
582 2293 702 2313 errorem
715 2291 757 2313 est
769 2291 919 2314 mutuatus.

258 2329 312 2358 Nec
326 2330 408 2358 modo
423 2330 586 2358 Demetrium
599 2331 771 2363 Phalereum,
790 2332 836 2359 sed
849 2332 929 2358 etiam
945 2331 1009 2359 Pto-

223 2376 346 2404 lemaeum
364 2377 453 2412 ipsum
476 2377 693 2412 Philadelphum,
714 2377 828 2404 fratrum
854 2378 1009 2405 interfecto-

222 2429 291 2453 rem,
313 2423 416 2450 sororis
440 2423 601 2459 eonjugem,
626 2424 704 2458 cujus
729 2425 865 2456 mollities,
889 2424 1007 2457 luxuria,

223 2468 336 2501 scelera,
353 2469 386 2496 ab
401 2469 538 2497 historicis
551 2470 732 2502 celebrantur,
749 2470 784 2496 ita
796 2470 871 2504 pium
886 2470 1009 2504 legisque

222 2514 348 2543 Mosaicae
371 2515 502 2542 cultorem
525 2516 635 2543 exhibet
647 2516 779 2549 Aristeas,
798 2521 827 2542 ut
845 2524 937 2551 regem
954 2515 1007 2543 Da-

221 2561 310 2587 videm
340 2561 382 2588 vel
406 2561 548 2589 Ezechiam
573 2562 658 2590 dicas.
688 2561 712 2590 Is
737 2562 834 2589 allatas
857 2563 909 2590 sibi
929 2562 1009 2597 Legis

222 2607 406 2639 membranas,
425 2611 499 2635 tanta
527 2606 701 2636 veneratione
727 2614 890 2644 prosecutus
909 2615 960 2643 cst,
979 2614 1008 2637 ut

220 2653 321 2687 septies
342 2653 477 2687 adoraret,
495 2662 527 2682 ac
548 2663 603 2690 pne
617 2656 717 2691 gaudio
732 2657 940 2692 lacrymaretur.
955 2656 1008 2683 Pa-

221 2706 278 2725 rem
301 2706 364 2734 erga
388 2699 472 2734 legem
493 2700 639 2728 Mosaicam
659 2702 762 2728 cultum
780 2702 909 2730 exhibent
922 2702 1007 2730 Graeci

220 2751 327 2778 oumes,
343 2750 477 2780 quotquot
488 2746 514 2773 in
527 2747 668 2775 Aristeana
680 2747 799 2776 Historia
812 2753 1007 2781 memerautur,

222 2796 252 2818 ut
269 2792 337 2820 mira
353 2793 568 2828 metamorphosi
585 2795 681 2822 eredas
702 2802 797 2822 omnes
819 2796 866 2830 qui
883 2795 947 2822 huic
961 2803 1008 2822 ne-

223 2838 296 2872 gotio
314 2838 461 2874 intersunt,
475 2840 618 2875 derepente
634 2841 783 2875 pr‘lselytos
798 2841 883 2870 factos
901 2849 971 2869 esse.

1095 905 1191 932 Mirum
1210 905 1290 932 etiam
1313 904 1438 933 videatur
1457 911 1511 938 quo
1524 908 1602 939 pacto
1626 903 1772 931 Eleazarus
1797 911 1845 930 sex

1059 959 1092 978 ex
1116 952 1229 986 singulis
1256 951 1380 978 tribubus
1405 951 1489 982 viros,
1507 958 1596 981 senes,
1624 951 1690 977 bene
1711 955 1845 983 moratos,

1059 998 1163 1029 doctos,
1183 996 1262 1031 Legis
1285 997 1474 1031 peritissimos,
1501 1000 1527 1022 et
1542 1000 1686 1030 utramque
1711 995 1845 1030 linguam,

1060 1043 1199 1070 llcbrmam
1211 1043 1314 1070 scilicet
1327 1047 1353 1069 et
1367 1042 1500 1076 Grzecam,
1517 1043 1639 1076 apprime
1654 1041 1795 1073 callentes,
1807 1042 1848 1068 sic

1059 1094 1169 1124 paratos
1187 1093 1214 1115 et
1230 1089 1263 1115 ad
1282 1096 1393 1114 manum
1420 1088 1555 1121 habuerit,
1573 1092 1603 1114 ut
1620 1092 1730 1122 rogatus
1753 1087 1848 1114 statim

1060 1136 1175 1169 miserit,
1195 1143 1257 1162 cum
1274 1139 1363 1161 tamen
1377 1134 1496 1161 Elealari
1514 1138 1644 1168 tempore,
1660 1133 1702 1160 vel
1717 1133 1791 1160 nulla
1804 1134 1848 1160 vel

1060 1183 1167 1210 modica
1185 1182 1304 1209 tribuum
1322 1181 1462 1208 distinctio
1478 1180 1562 1208 fuisse
1578 1180 1715 1207 credatur.

1095 1229 1134 1256 Ad
1150 1229 1207 1255 haec
1220 1227 1360 1254 victoriam
1379 1226 1453 1253 illam
1468 1226 1502 1253 de
1514 1226 1651 1261 Antigono
1666 1230 1848 1261 reportatam,

1059 1275 1153 1302 eodem
1176 1279 1296 1308 tempore
1310 1281 1364 1307 quo
1380 1272 1476 1300 LXXII
1490 1280 1570 1300 senes
1587 1272 1780 1299 Alexandriam
1797 1271 1848 1299 ad-

1059 1329 1168 1355 venere,
1184 1326 1213 1347 ut
1228 1324 1321 1347 narrat
1339 1320 1473 1352 Aristeas,
1492 1323 1595 1346 certum
1611 1323 1658 1346 est,
1675 1318 1767 1345 multis
1785 1322 1850 1347 ante

1060 1367 1150 1399 annis,
1166 1371 1296 1402 regnante
1309 1366 1432 1394 videlicet
1446 1365 1592 1392 Ptolemaeo
1607 1365 1672 1400 Lagi
1689 1365 1744 1392 tilio
1759 1365 1851 1392 conti—

1060 1414 1142 1448 gisse.
1171 1411 1240 1439 Sunt
1265 1416 1292 1439 ct
1312 1412 1364 1439 alia
1387 1412 1472 1438 multa
1497 1419 1558 1446 qua:
1579 1417 1675 1438 contra
1698 1411 1851 1438 Aristcana:

1060 1459 1182 1486 historia:
1195 1458 1381 1486 sinceritatem
1397 1457 1548 1484 afferuntur
1560 1466 1567 1484 ι
1582 1462 1609 1483 at
1622 1461 1765 1491 postquam
1779 1464 1851 1491 pra:-

1061 1503 1140 1538 cipua
1164 1503 1190 1529 in
1215 1503 1334 1530 medium
1358 1502 1533 1534 adduximus,
1549 1503 1582 1529 ab
1598 1502 1659 1529 aliis
1673 1502 1852 1529 recensendis

1059 1549 1212 1583 compendii
1226 1556 1308 1576 causa
1325 1548 1515 1575 abstinendum
1531 1554 1668 1583 putamus.

1095 1595 1147 1622 Alii
1166 1603 1215 1630 pro
1238 1596 1352 1623 Aristeze
1374 1595 1493 1622 Historia
1514 1600 1598 1629 stant,
1613 1595 1728 1630 ejusque
1740 1595 1854 1631 γνησιό-

1059 1650 1128 1677 τητα
1141 1649 1311 1676 propugnare
1327 1642 1452 1668 nituntur
1465 1651 1471 1668 :
1487 1649 1519 1669 ex
1535 1642 1698 1674 Catholicis,
1713 1641 1853 1674 Serarius,

1060 1688 1221 1719 Gretserus,
1243 1687 1345 1714 Paulus
1371 1687 1538 1720 Pezronius,
1566 1688 1699 1722 multique
1725 1688 1791 1720 alii;
1815 1696 1853 1715 ex

1061 1733 1245 1767 lietcrodoxis,
1262 1733 1378 1761 Driauus
1393 1733 1550 1767 Waltonus,
1564 1733 1641 1761 lsaac
1659 1733 1781 1765 Vossius,
1793 1733 1854 1760 alii-

1061 1787 1113 1814 que
1128 1779 1248 1814 insignes
1262 1779 1324 1806 viri.
1343 1778 1400 1806 Non
1418 1779 1534 1806 referam
1559 1784 1752 1814 argumentum
1775 1779 1854 1813 quod

1060 1833 1093 1852 ex
1117 1824 1228 1852 Patrum
1248 1825 1404 1852 testimonio
1420 1825 1453 1852 ad
1477 1826 1618 1852 tutandam
1634 1825 1783 1852 Aristeaue
1800 1824 1854 1852 Hi-

1061 1872 1153 1899 storiae
1166 1872 1306 1899 veritatem
1322 1872 1432 1907 quidam
1445 1871 1571 1899 afferunt.
1581 1870 1648 1898 Nam
1660 1879 1722 1898 eum
1734 1870 1784 1898 SS.
1798 1870 1854 1898 Pa-

1061 1922 1117 1946 tres
1129 1917 1263 1952 Justinus,
1278 1919 1405 1950 lrenzeus,
1423 1917 1560 1950 Clemens,
1575 1918 1692 1953 Cyrillus
1710 1916 1854 1953 Jerosoly-

1061 1966 1191 1998 mitanus,
1207 1974 1266 1993 eam
1282 1965 1417 2000 praecipue
1432 1965 1512 1999 hujus
1525 1963 1651 1991 Historia:
1668 1970 1771 1998 partem
1788 1971 1855 1998 pro-

1061 2020 1181 2047 pugnare
1195 2012 1346 2043 videantur,
1360 2019 1420 2046 qua:
1435 2011 1548 2044 respicit
1560 2010 1682 2043 cellulas,
1695 2010 1853 2037 mirabilem

1062 2058 1162 2086 Senum
1184 2058 1212 2084 in
1236 2057 1439 2092 interpretando
1465 2064 1651 2088 consensum,
1677 2060 1704 2083 et
1729 2056 1858 2090 Spiritus

1061 2104 1148 2131 sancti
1172 2103 1307 2136 alllatum;
1324 2110 1405 2137 quam
1421 2106 1510 2128 tamen
1529 2106 1634 2135 partem
1653 2105 1682 2127 ut
1700 2101 1855 2135 suppositi-

1062 2150 1127 2177 tiam
1141 2154 1168 2177 et
1186 2149 1308 2184 spur-iam
1328 2156 1390 2175 cum
1407 2148 1469 2175 divo
1487 2147 1650 2181 Hieronymo
1664 2146 1781 2180 aliisque
1799 2147 1854 2173 do—

1062 2197 1114 2224 ctis
1130 2195 1285 2230 rejeeimus,
1298 2202 1351 2221 non
1365 2198 1455 2229 potest
1471 2193 1515 2220 hic
1529 2201 1577 2228 pro
1595 2193 1745 2219 Aristo-ana:
1757 2191 1855 2221 Histo-

1061 2242 1108 2269 riae
1120 2240 1277 2268 defensione
1289 2239 1400 2267 Patrum
1416 2239 1524 2266 illorum
1540 2238 1688 2265 auctoritas
1699 2239 1811 2272 opponi.

1097 2287 1196 2314 Verum
1208 2287 1280 2314 aliud
1298 2286 1324 2312 in
1342 2285 1460 2312 medium
1473 2285 1617 2317 adducam,
1635 2284 1708 2319 quod
1726 2292 1792 2311 sane
1805 2293 1854 2312 va—

1060 2333 1223 2360 lidissimum
1237 2336 1347 2367 putatur
1366 2339 1381 2358 a
1399 2332 1502 2358 multis.
1529 2331 1660 2363 Aristeas,
1679 2335 1707 2357 ut
1723 2331 1852 2359 oculatus

1060 2380 1138 2408 testis
1152 2387 1209 2407 rem
1222 2387 1273 2407 suo
1289 2384 1420 2414 tempore,
1437 2386 1521 2413 seque
1550 2382 1681 2413 prmscnlc
1703 2382 1852 2412 parteSque

1060 2434 1123 2454 suas
1139 2430 1244 2461 ειςειιιθ,
1258 2430 1360 2460 gestam
1372 2431 1497 2458 enarrat;
1528 2432 1598 2455 rem,
1624 2424 1745 2458 inquam,
1762 2431 1852 2458 usque

1060 2474 1127 2500 adeo
1141 2473 1274 2508 insignem
1292 2477 1318 2500 et
1331 2471 1508 2507 singularem,
1528 2476 1557 2498 ut
1574 2470 1728 2497 necessario
1746 2470 1851 2497 debue—

1059 2519 1095 2546 rit
1110 2519 1233 2546 omnium
1253 2526 1300 2546 ore
1315 2518 1455 2549 celebrari,
1472 2525 1522 2545 nec
1536 2516 1615 2542 facile
1640 2523 1672 2542 ex
1704 2516 1850 2543 hominum

1059 2567 1189 2593 memoria
1212 2565 1350 2593 obliterari
1369 2564 1494 2598 potuerit.
1510 2562 1576 2589 Post
1592 2562 1725 2588 Aristeam
1741 2562 1852 2589 Aristo-

1059 2611 1149 2643 bulus,
1172 2611 1213 2638 vir
1226 2611 1352 2645 insignis,
1362 2609 1404 2636 vel
1424 2608 1509 2643 ipsius
1522 2607 1659 2634 Ptolemaei
1677 2606 1848 2641 Philadelphi

1059 2661 1189 2692 tempore,
1209 2656 1260 2687 vel,
1287 2660 1315 2683 ut
1341 2655 1386 2682 alii
1400 2655 1567 2684 existimant,
1591 2653 1643 2680 sub
1664 2652 1850 2680 Philometorc

1059 2703 1227 2731 Alexandria:
1239 2702 1375 2734 seribit,et
1389 2700 1538 2728 Aristeanw
1554 2699 1678 2727 Historia:
1691 2699 1849 2726 testimonio

1060 2757 1109 2776 suo
1124 2749 1318 2783 patrocinatur.
1339 2746 1367 2773 Si
1383 2755 1414 2774 ea
1433 2746 1501 2774 falsa
1517 2754 1683 2781 prorsusque
1699 2747 1849 2781 suppositi-

1060 2797 1096 2822 tia
1116 2794 1222 2827 fuisset,
1239 2801 1272 2820 an
1288 2798 1392 2828 poterat
1410 2793 1566 2820 Aristobulo
1588 2793 1654 2827 ipsis
1671 2791 1778 2827 Egypti
1800 2800 1846 2818 re—

1060 2841 1138 2875 gibus
1153 2846 1217 2869 tunc
1233 2839 1361 2869 familiari
1378 2839 1470 2868 fucum
1488 2839 1586 2872 facere,
1603 2839 1709 2867 etiamsi
1728 2843 1847 2871 ponatur
