1902 3049
70 124 106 151 65

694 123 730 152 IN
749 123 913 151 HEXAPLA
931 122 1107 152 ORIGENIS.

1671 127 1706 156 68

70 193 130 212 eum
143 184 195 212 sub
207 184 356 219 postremis
368 184 580 212 Ptolemaeorum
594 184 867 212 ﬂoruisse?Alexan-
881 187 903 215 Α
919 183 1090 219 sequentium
1128 184 1210 212 modo
1239 184 1401 212 saeculorum
1434 183 1628 220 scriptoribus,
1657 187 1706 215 sed

70 231 116 258 der
130 230 195 257 item
210 230 378 266 Polyhistor,
410 232 457 266 qui
474 231 630 266 olympiade
648 230 758 258 circiter
773 235 864 258 cente—

69 278 136 306 sima
153 278 359 312 septuagesima
393 278 473 305 tertia
505 278 625 313 scripsit,
643 278 736 305 laudat
750 278 864 306 Aristea:

67 324 212 359 cujusdam
244 323 395 352 Historiam
429 324 599 359 Judaieatn;
632 325 706 352 illam
738 325 865 352 videlicet

66 379 147 406 quam
165 372 199 399 de
214 371 311 399 LXXII
337 372 536 408 lnterpretibus
563 373 682 409 scripsit,
712 378 743 401 ut
766 378 864 408 putant

66 418 175 446 eruditi.
189 418 256 446 Post
273 427 336 446 eum
366 419 444 447 Philo
458 419 606 447 Historiam
624 420 750 447 eamdem
766 420 862 455 paucis

66 465 160 500 tangit,
173 472 206 492 ac
222 465 288 492 licet
299 466 332 492 de
346 474 462 493 numero
476 466 655 501 Interpretum
669 467 737 494 nihil
752 467 860 500 habeat,

66 513 127 547 quia
142 520 199 539 rem
217 513 335 548 carptim
362 518 481 547 enarrat,
512 514 617 541 videtur
640 518 729 541 tamen
756 521 787 541 ea
802 522 862 549 quae

65 558 179 585 dixitex
197 558 309 586 Aristea
336 559 473 593 hausisse,
501 564 562 595 post
584 568 646 587 enm
670 559 814 595 Josephus,
830 567 861 588 ac

65 605 172 631 demum
205 604 345 632 Eusebius
371 605 544 633 Aristeanam
575 605 724 633 Historiam
740 605 862 633 referunt

63 653 141 686 eique
169 653 394 687 patrocinantur.
427 653 500 680 Nihil
530 654 618 681 dicam
649 655 683 682 de
707 654 815 682 Justino
834 659 861 682 et

62 699 133 730 aliis,
148 698 196 733 qui
214 698 378 726 adulteralis
393 701 594 735 exemplaribus
608 705 672 728 sunt
687 701 740 729 usi.
760 701 789 728 Si
805 709 859 736 qua

62 744 149 778 possit
165 743 285 771 historia
312 745 487 778 sequentium
519 750 670 780 temporum
695 746 859 775 testimoniis

62 789 233 820 conﬁrmari,
246 789 313 816 nihil
328 797 395 817 sane
408 789 473 817 huic
490 790 577 823 deest,
598 795 628 818 ut
645 791 727 818 talem
743 791 860 819 ﬁrmita-

60 839 112 861 tem
128 835 312 869 adipiscatur.

916 231 997 258 etiam
1015 238 1030 258 a
1046 231 1145 259 coaevis
1158 235 1185 258 et
1200 232 1363 266 supparibus
1376 237 1549 260 enarrentur.

1099 276 1134 304 X.
1153 277 1347 312 Disputationis
1373 278 1518 306 conclusio.

948 322 1000 351 His
1031 323 1134 351 diutius
1170 323 1310 351 immorari
1347 325 1582 359 qmestionemque
1613 324 1704 352 fusius

913 369 1052 405 exagitare
1069 377 1124 396 non
1140 369 1216 396 libet.
1231 369 1359 402 Qumdam
1387 371 1475 397 solum
1492 371 1570 398 nobis
1585 371 1612 397 in
1640 378 1705 398 con-

914 416 987 444 fesso
1004 416 1138 448 habenda,
1149 420 1176 443 et
1192 423 1242 450 pro
1265 416 1336 443 veris
1355 417 1454 444 tuenda
1479 420 1553 449 sunt,
1570 417 1703 444 nimirum

914 463 1161 498 interpretationem
1177 471 1238 498 qua:
1253 463 1306 490 τῶν
1321 464 1348 490 0'
1362 471 1408 491 seu
1421 463 1489 490 LXX
1507 471 1630 496 vocatur,
1644 465 1703 492 sive

913 509 959 536 illa
976 517 991 536 a
1009 509 1184 545 Septuaginta
1204 510 1283 542 viris,
1310 510 1367 537 sive
1392 518 1407 537 a
1436 511 1611 545 paucioribus
1628 511 1702 539 facta

912 555 1004 588 fuerit,
1019 563 1080 583 esse
1094 564 1185 584 veram
1197 561 1224 584 et
1240 561 1360 584 sanctam
1377 556 1437 583 fidei
1458 564 1619 592 morumque
1633 564 1700 584 nor-

912 609 997 635 mam,
1015 607 1108 637 utpote
1123 611 1184 638 qnaz
1200 604 1234 631 ab
1251 604 1384 639 apostolis
1401 612 1455 631 non
1473 604 1556 631 semel
1570 604 1700 632 adhibea-

911 652 965 681 tur,
984 656 1016 675 ac
1027 656 1081 676 non
1094 650 1175 677 modo
1188 650 1215 677 in
1227 650 1349 678 Ecclesia
1373 650 1467 678 Graeca
1485 658 1534 685 pro
1549 658 1612 678 vera
1626 650 1701 678 Scri-

910 699 989 730 ptura
1002 703 1109 731 semper
1124 697 1216 723 habita
1235 697 1326 729 fuerit,
1343 697 1389 724 sed
1416 698 1498 724 etiam
1528 697 1555 724 in
1579 696 1699 724 Ecclesia

911 741 1006 768 Latina
1023 742 1160 777 prioribus
1174 743 1282 771 szeenlis
1298 743 1456 775 obtinuerit,
1468 743 1577 779 quando
1595 744 1700 771 scilicet

909 791 987 814 vetus
1002 787 1067 815 Itala
1082 796 1143 823 quae
1171 797 1204 816 ex
1227 789 1321 817 Graeco
1343 789 1413 816 LXX
1435 789 1612 825 Interprelum
1626 789 1699 818 facta

910 832 1009 866 fuerat,
1028 842 1078 869 pro
1103 835 1183 863 unica
1214 835 1354 870 Scriptura
1386 844 1463 864 sacra
1487 833 1696 871 agnoscebatur,

95 880 246 915 lteponunt
261 881 319 914 alii,
334 881 483 909 Aristobuli
498 886 525 909 et
539 881 685 910 Alexandri
700 882 855 918 Polyhisto-
869 878 891 908 B
907 884 1052 915 antequam
1066 880 1247 917 Hieronymus
1262 882 1421 909 hodiernam
1449 881 1592 918 Vulgatam
1618 884 1698 911 ador-

61 928 97 954 ris
112 928 282 955 auctoritate
300 927 327 954 id
345 936 429 955 unum
447 929 524 963 argui
543 933 569 956 et
590 929 710 964 probari,
729 929 854 958 videlicet

59 974 174 1002 Aristeae.
189 974 342 1002 Historiam
355 979 417 1002 ante
432 976 530 1002 horum
556 975 720 1010 scriptorum
746 981 852 1003 aetatem

63 1022 198 1054 prodisse
213 1031 220 1048 :
239 1026 266 1048 et
291 1021 480 1049 Aristobulum
496 1021 604 1057 quidem
620 1022 665 1048 diu
680 1027 740 1056 post
763 1021 854 1049 Phila-

58 1067 186 1101 delphum
204 1067 325 1101 vixisse;
337 1075 399 1095 nam
413 1068 484 1103 quod
504 1068 584 1095 modo
598 1068 650 1095 sub
661 1067 850 1103 Philadelpho,

58 1113 138 1139 modo
155 1112 211 1140 sub
226 1112 412 1140 Philometore
425 1113 571 1148 scripsisse
586 1114 695 1141 dicatur
712 1115 783 1149 apud
797 1114 851 1142 Eu-

56 1159 162 1186 sebium
177 1167 184 1192 ;
201 1159 229 1186 id
244 1158 356 1186 Eusebii
377 1159 454 1194 lapsu
473 1160 596 1196 contigit,
624 1160 667 1187 vel
683 1159 800 1188 fortasse
819 1161 851 1188 li-

57 1206 222 1238 brariorum,
249 1206 298 1241 qui
325 1207 438 1233 nomina
456 1211 681 1234 commutarunt:
710 1215 772 1234 nam
788 1207 851 1234 Ari-

56 1253 178 1281 stobulus
199 1253 271 1288 ipse,
284 1252 493 1289 Philadelphum
508 1253 578 1289 ejus,
599 1254 632 1281 ad
649 1262 730 1289 quem
746 1255 850 1289 scribit,

55 1298 251 1326 Philometoris
268 1299 401 1335 πρόγονον
433 1304 524 1332 vocat,
541 1308 594 1335 qua
611 1301 697 1336 posita
723 1300 848 1334 lectione,

54 1343 226 1379 Philadelphi
242 1352 343 1372 nomen
360 1345 491 1373 mendose
513 1345 655 1380 irrepsisse
669 1346 849 1379 convincitur,

54 1392 301 1427 Aristobulumque
317 1396 409 1428 utpote
425 1391 549 1420 Juda3um
564 1392 849 1431 Hellenista_m,histo-

55 1439 118 1465 riam
140 1438 219 1465 illam
234 1445 291 1473 qua
323 1437 513 1473 interpretatio
544 1438 720 1474 Septuaginta
747 1438 849 1466 Senum

54 1492 230 1519 summopere
244 1484 502 1518 commendabatur,
520 1485 644 1512 lubenter
662 1485 847 1520 amplcxatum

53 1538 122 1564 esse;
137 1535 165 1558 et
176 1531 201 1558 si
218 1530 330 1558 νοθείαν
347 1531 497 1566 agnoverit,
526 1531 553 1558 in
575 1536 681 1566 partem
701 1536 791 1559 tamen
807 1531 848 1558 fa-

53 1577 116 1604 bulae
131 1578 269 1604 venisse:
305 1577 441 1611 siquidem
459 1584 554 1605 omnes
578 1576 665 1604 Judaei
691 1576 846 1604 Hcllenistaa

52 1623 308 1658 interpretationem
324 1623 398 1650 illam
429 1630 538 1650 summo
563 1623 590 1650 in
611 1622 697 1658 pretio
711 1623 846 1650 habebant

861 1552 884 1583 C

54 1670 200 1705 haberique
222 1669 373 1702 volebant;
390 1669 576 1697 Alexandrum
597 1669 806 1703 Polyhistorem,
822 1669 845 1697 si
866 1682 870 1691 ι

52 1721 134 1743 tamen
151 1723 218 1743 vere
232 1715 268 1742 de
286 1716 339 1742 hac
351 1715 466 1743 Aristete
486 1715 605 1743 Historia
627 1716 702 1751 loqui
716 1717 843 1750 voluerit,

52 1763 133 1789 solum
167 1762 296 1789 indicare
325 1761 398 1788 illam
413 1762 550 1797 prodiisse
564 1766 626 1790 ante
648 1770 728 1790 suum
745 1771 843 1796 aevum,

52 1812 116 1845 quod
131 1810 190 1838 fere
208 1817 309 1838 omnes
334 1809 456 1837 fatentur
489 1819 496 1837 :
513 1809 665 1844 Philonem,
694 1810 843 1845 Josephum

52 1863 75 1885 ct
90 1858 168 1890 alios,
186 1861 216 1884 ut
234 1857 328 1885 solent
339 1864 404 1884 oves
419 1857 561 1891 gregarios,
579 1857 702 1891 priorum
724 1857 843 1892 vestigiis

54 1905 168 1935 btesisse,
186 1911 241 1932 nec
255 1903 434 1931 examinasse
450 1910 577 1930 veramne
588 1911 622 1930 an
640 1903 843 1938 snpposititiam

55 1952 234 1979 narrationem
250 1951 435 1986 adoptarem;
457 1949 565 1976 demum
581 1955 635 1977 tam
649 1950 753 1976 validas
768 1949 843 1984 obje-

53 1999 148 2026 ctiones
161 2003 262 2025 contra
288 1997 466 2024 Aristeanam
489 1994 635 2022 Historiam
665 1995 789 2030 superius
805 1995 842 2022 al-

54 2044 122 2076 latas,
133 2051 188 2071 non
207 2050 291 2078 posse
305 2041 473 2076 scriptorum
490 2041 660 2075 sequentium
676 2040 840 2068 testimoniis

51 2091 173 2124 ξηρῇ-πί,
191 2089 424 2125 quandoquidem
441 2087 541 2114 multas
567 2086 688 2122 quotidie
703 2085 838 2113 narratio—

905 930 999 960 naret;
1015 927 1078 955 licet
1092 928 1165 954 enim
1180 929 1266 956 multa
1295 934 1367 956 esset
1391 929 1462 956 inter
1484 929 1619 957 editiones
1635 937 1696 965 qua:

904 977 970 1001 tunc
985 973 1012 1000 in
1028 982 1078 1001 usu
1091 979 1180 1006 erant,
1197 975 1325 1008 varietas,
1344 983 1440 1003 omnes
1454 980 1543 1002 tamen
1559 976 1697 1004 editiones

903 1026 936 1046 ex
952 1018 1023 1045 LXX
1039 1025 1233 1054 manaverant;
1252 1021 1306 1048 imo
1332 1021 1412 1048 etiam
1438 1021 1519 1049 hodie
1543 1021 1645 1049 Psalmi
1661 1030 1694 1050 ex

903 1065 996 1092 eadem
1015 1067 1099 1094 veteri
1112 1066 1180 1094 itala
1196 1067 1223 1093 in
1240 1066 1360 1094 Ecclesia
1378 1067 1474 1095 Latina
1500 1067 1528 1095 in
1546 1068 1696 1104 Scriptura:

902 1121 988 1141 sacra:
1003 1114 1126 1149 catalogo
1141 1114 1232 1142 locum
1250 1114 1350 1141 habent
1364 1122 1370 1147 ;
1389 1115 1513 1149 nihilque
1530 1114 1636 1142 ofﬁcere
1649 1122 1696 1141 au-

902 1159 1019 1186 ctoritati
1034 1159 1162 1187 editionis
1179 1159 1232 1186 τῶν
1244 1161 1271 1187 0'
1288 1160 1360 1194 quod
1378 1161 1437 1195 e’jus
1450 1165 1546 1188 auctor
1557 1161 1598 1187 vel
1612 1161 1692 1196 igno-

902 1210 989 1239 retur,
1005 1205 1047 1233 vei
1058 1205 1183 1240 quisnam
1197 1206 1232 1233 sit
1258 1205 1284 1233 in
1300 1206 1411 1233 dubium
1426 1211 1549 1239 vocetur,
1567 1207 1694 1242 quando-~

901 1251 1011 1286 quidem
1045 1250 1114 1278 nihil
1143 1251 1278 1279 ofﬁciebat
1310 1252 1409 1279 veteris
1437 1251 1511 1279 itala:
1534 1253 1693 1281 auctoritati

900 1297 974 1332 quod
1002 1305 1057 1332 quo
1083 1297 1231 1332 interprete
1259 1297 1404 1332 prodiisset
1435 1298 1616 1333 ignoraretur.
1632 1298 1692 1327 Non

900 1343 974 1370 enim
986 1351 1019 1370 ex
1032 1343 1226 1378 interpretibus
1234 1345 1375 1372 versiones
1383 1345 1571 1373 auctoritatem
1583 1351 1693 1373 mutua-

899 1387 1011 1422 bantur,
1021 1389 1067 1416 sed
1078 1397 1110 1416 ex
1123 1390 1318 1425 approbatione
1332 1394 1359 1418 et
1371 1390 1538 1418 admissione
1552 1390 1690 1421 Ecclesia.

928 1435 1013 1469 ,Quod
1029 1441 1119 1463 autem
1136 1436 1318 1473 Hieronymus
1331 1438 1359 1465 in
1374 1438 1494 1466 editione
1509 1439 1562 1465 τῶν
1576 1439 1603 1466 0'
1620 1440 1691 1467 mul-

899 1486 942 1510 tos
967 1490 1059 1510 naevos
1084 1483 1303 1517 deprehenderit,
1333 1491 1365 1511 ac
1394 1485 1478 1512 multa
1501 1493 1580 1512 secus
1606 1493 1689 1520 quam

900 1527 1043 1563 oportebat
1058 1528 1091 1555 de
1106 1527 1238 1556 Hebraico
1252 1529 1345 1556 Graece
1363 1537 1493 1557 conversa
1509 1531 1688 1566 redarguerit,

899 1573 924 1600 id
941 1574 999 1607 ejus
1014 1573 1142 1601 editionis
1157 1575 1348 1602 auctoritatem
1363 1575 1520 1610 neutiquam
1535 1576 1634 1604 minuit
1647 1578 1689 1606 vel

900 1619 1041 1647 inﬁrmat:
1061 1624 1089 1646 ut
1102 1620 1202 1647 alicubi
1220 1620 1319 1647 fatetur
1343 1625 1370 1648 et
1395 1621 1453 1656 ipse
1481 1621 1687 1658 Hieronymus:

899 1665 958 1692 loca
975 1666 1047 1692 enim
1062 1666 1107 1693 illa
1122 1674 1182 1701 qua:
1207 1665 1390 1702 Hieronymus
1401 1668 1576 1702 reprehendit
1590 1669 1688 1704 hujus-

899 1712 971 1738 rnodi
986 1716 1060 1744 sunt,
1076 1717 1106 1740 ut
1122 1713 1226 1740 utrovis
1237 1712 1318 1740 modo
1331 1713 1415 1748 legas,
1432 1721 1507 1749 teque
1519 1714 1563 1749 pia
1575 1722 1687 1743 senten-

896 1757 932 1784 tia
948 1761 1097 1785 remaneat.
1312 1766 1328 1786 .'

933 1802 987 1830 Pro
1013 1804 1166 1831 certoitem
1188 1803 1320 1831 habemus
1345 1804 1504 1832 cellularum
1531 1805 1685 1840 historiam,

896 1850 1050 1877 mirabilem
1082 1850 1158 1877 illum
1177 1849 1321 1877 Seniorum
1337 1858 1514 1884 consensum,
1537 1857 1564 1879 et
1579 1860 1610 1880 ea
1624 1861 1686 1888 qum

895 1894 957 1921 inde
971 1900 1178 1930 consequuntur
1189 1897 1301 1924 omnino
1330 1898 1501 1932 supposititia
1517 1905 1588 1930 esse,
1610 1899 1686 1934 jure-

895 1948 949 1975 que
965 1940 999 1968 ab
1010 1940 1176 1976 Hieronymo
1187 1943 1338 1977 reprobari.
1359 1943 1481 1978 Itemque
1505 1952 1567 1971 cum
1588 1944 1685 1971 Hiero-

898 1994 980 2022 nymo
992 1992 1019 2015 et
1049 1988 1217 2015 eruditorum
1241 1989 1318 2016 turha
1347 1994 1474 2024 putamus
1508 1989 1683 2024 interpretem

893 2031 1069 2061 Pentateuchi
1084 2034 1206 2062 Graecum
1236 2034 1348 2062 omnino
1370 2035 1506 2063 diversum
1528 2044 1588 2063 esse
1603 2036 1637 2063 ah
1651 2045 1683 2063 eo

892 2080 934 2106 vel
947 2080 979 2107 iis
995 2081 1042 2116 qui
1055 2081 1174 2116 reliquos
1188 2081 1333 2117 Scripturae
1354 2089 1439 2110 sacra:
1452 2082 1537 2110 libros
1549 2083 1681 2118 interpre-

53 2143 92 2164 ues
105 2135 341 2172 deprehendimus
359 2140 424 2161 esse
451 2131 648 2167 supposititias,
664 2131 728 2158 licet
741 2137 796 2157 non
823 2136 838 2156 a
854 2136 877 2164 ι)
891 2127 939 2154 tati
951 2131 1022 2155 sunt.

583 2291 774 2337 CAPUT
810 2289 1123 2344 QUARTUM.

407 2369 454 2399 De
473 2368 560 2399 LXX
576 2368 790 2406 Interpretum
810 2365 970 2404 versione,
986 2370 1022 2397 ut
1036 2366 1070 2396 in
1085 2366 1239 2406 Hexaplis
1255 2371 1333 2398 erat.

49 2468 64 2492 l.
74 2467 109 2493 De
118 2471 184 2493 statu
196 2467 357 2493 editionlsm
366 2472 390 2493 ο·
402 2467 532 2498 antequam
541 2464 663 2498 Origenes
673 2463 785 2495 Hexapla
795 2464 936 2498 adornaret.
947 2460 978 2485 ll.
987 2460 1109 2498 origepes
1117 2461 1291 2498 editiop‘em'gov
1296 2461 1479 2498 o'emendatam
1486 2461 1674 2498 cum_asterisc_is

77 2492 190 2524 etiobelis
202 2492 227 2523 in
241 2492 525 2529 Hexaplisiposultgill;
538 2498 576 2522 De
585 2492 766 2529 ἰδίει-ἱερου]ιῇ
778 2497 804 2518 et
815 2494 942 2529 obolorum
956 2492 1179 2529 usu_in_liexap|is.
1195 2492 1235 2529 iV.
1248 2493 1285 2517 De
1296 2493 1424 2529 lem‘niscis
1435 2495 1461 2516 et
1473 2492 1672 2529 hy'polempjsci_s.

76 2522 101 2554 νζ
113 2522 138 2555 in
147 2522 279 2554 hodieruis
292 2522 446 2554 editiodibns
466 2527 524 2552 LXX
537 2529 700 2559 Interpretum
711 2527 795 2559 _mulla
810 2524 964 2559 cytiditione
983 2523 1024 2559 illa
1043 2522 1169 2559 hexalplari
1191 2523 1326 2559 desumpta.
1339 2522 1565 2559 deprehenduntur.
1579 2523 1619 2559 Vl.
1636 2525 1672 2559 ρο

77 2553 251 2585 mutationibus
267 2567 325 2590 qua:
341 2560 371 2584 ab
390 2559 507 2589 Origenis
528 2553 638 2590 tempore
651 2558 675 2580 in
688 2557 811 2590 editiones
823 2555 885 2590 LXX
902 2555 1069 2590 interpretum
1081 2553 1263 2590 advectae-sunt.
1286 2553 1337 2590 Vl'l‘.
1359 2553 1445 2590 liciis
1462 2555 1535 2590 etiam
1556 2556 1673 2579 mutatio-

76 2584 148 2616 nibus
159 2599 217 2621 quae
230 2598 263 2615 ex
275 2584 610 2620 similitudinevquarumda'm
622 2589 758 2613 litterarum
772 2587 885 2611 admissa
896 2588 960 2610 sunt.
972 2584 1035 2609 Vill.
1049 2584 1087 2608 De
1098 2584 1257 2623 distinctione
1270 2585 1376 2615 capitum
1389 2587 1415 2608 et
1430 2586 1607 2609 versiculorum
1628 2592 1672 2608 an-

78 2624 177 2653 tiquitus
190 2626 318 2653 usurpata.

52 2676 68 2703 l.
83 2677 117 2705 De
129 2682 203 2705 ειαΙιι
218 2679 345 2705 editioni:
362 2677 424 2704 τῶν
441 2679 468 2703 0¹
489 2681 626 2713 antequam
642 2676 765 2712 Origenes
779 2674 833 2702 He-

315 2713 400 2748 :capla
414 2712 564 2740 adornaret.

80 2768 186 2797 Certum
205 2769 315 2805 quidem
342 2773 386 2796 est
410 2768 554 2796 editionem
577 2767 631 2795 τῶν
645 2768 672 2794 O'
688 2767 747 2794 ﬁdei
773 2774 832 2794 mo-

51 2821 154 2849 rumque
165 2823 300 2848 normam,
320 2815 347 2842 in
375 2814 411 2840 iis
436 2813 635 2848 exemplaribus
651 2821 712 2848 quae
737 2812 764 2839 in
781 2812 832 2840 Ec-

51 2859 122 2887 clesia
146 2861 191 2888 Dei
225 2860 457 2891 admittebantur,
483 2859 584 2886 nuilam
608 2858 740 2893 potuisse,
755 2857 783 2885 in
799 2857 833 2886 iis

885 2672 980 2700 saltem
1000 2678 1061 2706 quae
1075 2670 1108 2697 ad
1127 2670 1205 2697 ﬁdem
1220 2674 1245 2697 et
1261 2678 1351 2698 mores
1365 2670 1508 2705 pertinent,
1524 2670 1611 2698 labem
1629 2670 1671 2697 in-

885 2726 1003 2746 currere.
1020 2717 1048 2743 ln
1065 2717 1169 2744 caateris
1184 2724 1247 2744 vero
1274 2724 1364 2751 parem
1381 2724 1442 2744 eum
1462 2717 1524 2744 aliis
1543 2716 1670 2744 omnibus

885 2764 962 2791 libris
980 2763 1116 2790 fortunam
1130 2763 1246 2790 subiisse
1263 2762 1342 2790 docet
1363 2770 1428 2789 usus
1452 2768 1478 2789 et
1492 2760 1668 2796 experientia.

884 2810 912 2837 id
934 2810 990 2845 jam
1009 2808 1132 2844 Origenis
1163 2814 1282 2843 tempore
1312 2808 1447 2835 acciderat
1470 2817 1476 2835 :
1504 2806 1668 2841 exemplaria

885 2856 982 2891 quippe
997 2854 1152 2890 Scriptura,
1174 2860 1228 2882 tum
1243 2860 1348 2889 propter
1367 2854 1511 2881 scribarum
1528 2853 1668 2887 indiligen—
