1902 3049
242 107 278 135 σι
919 105 1182 133 PMLIMINARIA
1831 102 1861 129 68

243 168 321 200 riam,
333 165 424 201 inquit
434 166 489 198 ille,
501 169 558 192 tum
571 169 677 200 propter
688 164 864 200 quorumdam
880 165 1031 198 audaciam,
1047 169 1070 196 Α
1085 166 1113 192 in
1126 165 1291 193 Ecclesiaste
1303 164 1421 199 plurima
1435 171 1498 192 cum
1515 163 1652 191 asteriscis
1664 162 1768 198 adjecta
1782 161 1862 194 luere,

243 220 401 247 pravumque
435 210 579 245 Scriptura:
602 211 837 244 emendationem;
867 216 921 238 tum
954 212 1034 238 etiam

242 264 351 295 propter
362 266 404 285 eos
416 258 471 293 qui,
490 257 554 284 dum
570 258 740 292 corrigerent,
757 258 878 293 qttwdam
896 266 943 292 pro
960 258 1033 285 arbi-

244 306 297 333 trio
312 305 471 332 addiderunt
487 304 524 330 vel
539 304 723 337 detraxerunt,
740 305 834 332 multis
853 305 880 331 in
897 305 966 332 locis
993 305 1033 331 vi-

242 353 306 378 tiata
322 354 408 377 erant.
434 350 553 385 ldipsutn
580 358 635 377 non
667 351 749 377 semel
770 350 931 378 testiﬁcatur
951 351 1032 378 etiam

242 397 436 432 Hieronymus,
449 397 496 431 qui
523 397 627 431 adjicit,
650 402 747 432 prtetcr
764 404 846 430 supra
866 401 1032 424 memoratas

240 443 437 475 mutationum,
463 443 633 470 additionum
661 442 897 477 omissionumque
921 450 1030 476 causas,

238 489 324 516 aliam
336 496 352 516 a
372 489 507 523 principio
521 489 687 523 deprehendi
707 498 713 515 ε
740 489 803 523 quia
818 488 942 515 videlicet
961 487 1032 515 LXX

239 534 417 568 interpretes.
436 535 493 561 sive
509 534 527 561 ii
552 535 598 569 qui
616 535 761 569 prophetas
788 534 914 569 primitus
939 533 1033 562 Grasce

239 580 418 613 transtulere,
434 580 520 607 multa
533 580 558 607 in
577 579 711 608 Hebr-nico
728 588 867 615 expressa,
882 581 909 607 in
926 588 974 607 sua
988 580 1032 607 in-

240 626 437 661 terprctatione
454 626 579 653 consulto
592 627 834 661 prtctermiseruut,
847 626 921 661 quod
938 626 1028 654 existi-

241 674 349 697 marent
365 669 522 697 Grzecorum
539 671 709 705 aliarumque
734 671 865 706 ἀμυήτων
890 671 1031 698 nationum

240 716 330 743 oculis
344 723 396 743 non
414 716 572 751 exponenda
595 724 666 744 esse.
694 715 742 744 His
754 716 882 744 omnibus
903 721 932 744 ut
946 717 1032 744 medi-

243 770 303 790 cam
323 770 433 789 manum
462 763 619 789 admoveret
633 761 773 797 Origenes,
788 771 820 790 ex
831 763 891 790 aliis
904 763 1032 790 editioni-

243 809 295 836 bus
309 814 398 835 crrata
416 816 476 842 qua:
499 808 524 834 in
556 807 626 834 LXX
657 808 838 843 lnterpretum
854 809 1032 836 translatione

1087 219 1203 246 quorum
1218 218 1282 246 pars
1304 218 1357 238 non
1374 210 1486 237 tninima
1499 210 1525 237 in
1537 208 1701 237 editionibus
1714 207 1766 235 τῶν
1780 209 1805 235 0¹
1819 208 1864 235 ho-

1086 257 1190 284 diernis
1205 256 1348 289 remansit,
1365 261 1396 282 ut
1411 255 1482 282 inira
1495 254 1594 282 dicturi
1606 261 1711 282 sumus.
1729 252 1758 280 in
1773 252 1863 279 Canti-

1086 303 1136 335 cis,
1153 307 1184 329 ut
1197 302 1307 337 quidem
1319 301 1494 332 arbitramur,
1509 308 1563 328 non
1581 300 1666 327 multa
1681 304 1759 326 erant
1782 297 1863 325 obelis

1085 353 1112 376 et
1125 348 1264 376 asteriscis
1278 352 1380 375 notata.
1398 347 1426 374 in
1440 346 1539 374 Hcsaia
1559 345 1624 380 quid
1649 344 1777 378 Origenes
1793 343 1864 370 addi-

1085 392 1156 420 derit
1168 400 1230 420 cum
1242 392 1391 425 asteriscis,
1404 392 1469 427 quid
1492 390 1654 418 demendum
1678 388 1865 424 signiﬁcaverit

1086 446 1149 466 cum
1166 443 1230 466 nota
1246 439 1329 470 obeli,
1344 439 1460 473 quisque
1484 437 1576 464 videre
1589 439 1678 471 potest
1701 435 1729 461 in
1752 434 1865 461 editione

1085 484 1213 520 Procopii
1233 485 1259 512 in
1274 485 1413 516 Hesaiam,
1427 491 1442 510 a
1456 482 1562 510 Joanne
1585 481 1710 509 Curterio
1725 480 1864 512 adornata,

1086 531 1141 563 ubi,
1159 531 1265 559 etiamsi
1279 531 1348 558 bene
1372 531 1457 558 multa
1482 528 1668 564 hujuscemodi
1685 531 1864 561 compareant,

1085 583 1172 610 pauca
1186 581 1276 603 tamen
1291 575 1532 605 existimabunlur,
1557 573 1579 601 si
1601 577 1792 607 comparentur
1805 578 1865 598 cum

1086 621 1120 649 iis
1133 630 1194 656 quae
1217 622 1244 649 in
1258 621 1375 649 Jeremia
1395 625 1422 648 et
1446 619 1587 647 Ezechiele
1614 618 1792 645 occurrebant
1809 625 1815 644 :
1840 617 1866 644 in

1084 665 1200 694 Ieremia
1215 668 1314 703 quippe
1327 667 1413 694 multa
1426 674 1439 693 a
1457 664 1528 692 LXX
1551 664 1746 698 lnterprctibus
1759 662 1866 693 omissa,

1085 720 1147 740 cum
1160 714 1298 741 asteriscis
1310 721 1342 740 ex
1358 712 1545 740 Theodotione
1567 710 1657 738 addita
1677 709 1772 737 fuere:
1788 709 1868 744 pluri-

1085 768 1184 794 maque
1196 759 1308 794 insuper
1322 767 1336 786 a
1351 759 1439 794 capite.
1455 766 1517 790 xxv,
1530 764 1616 792 usque
1631 756 1664 783 ad
1681 756 1771 789 ﬁnem,
1781 761 1868 784 trans-

1085 805 1173 840 posita
1198 810 1225 832 et
1243 805 1368 838 confusa,
1397 804 1488 832 nativo
1514 803 1604 830 ordini
1637 802 1761 829 restituta
1782 807 1868 829 sunt:

243 854 434 885 occurrebant,
451 853 616 886 emendavit,
631 854 733 882 omissa
750 855 859 890 adjecit,
879 855 1034 882 redundan-
1048 851 1070 879 B
1086 851 1113 878 in
1128 851 1269 878 Ezechiele
1296 851 1439 877 innumera
1464 858 1480 876 a
1508 848 1667 877 Senioribus
1692 848 1746 875 illis
1760 854 1869 882 praeter-

240 899 279 926 tia
291 899 459 933 amputavit;
475 906 506 925 ca
523 903 613 926 tamen
628 900 734 927 cautela
754 905 836 934 atque
852 900 981 935 scrupulo
994 905 1032 933 ut,

241 944 335 971 relicta
361 944 445 978 priori
475 945 603 976 lectione,
620 953 681 979 quae
698 945 821 973 addenda
842 946 881 973 vel
904 946 1033 973 mutanda

241 991 320 1014 erant
338 987 477 1014 asteriscis
495 992 617 1021 notaret;
636 998 696 1024 qum
706 991 881 1024 amputanda,
902 990 997 1018 obelis.

277 1032 332 1060 Nec
346 1033 380 1060 ab
394 1041 423 1060 rc
437 1033 490 1060 crit
505 1033 549 1060 hic
573 1041 670 1062 omnes
698 1035 847 1070 Scriptum
874 1036 958 1064 libros
973 1045 1034 1072 per-

242 1085 363 1111 currere,
379 1079 488 1113 utquid
503 1080 532 1107 in
555 1081 671 1116 singulis
686 1082 720 1109 ab
745 1081 862 1118 Origene
883 1084 1033 1118 prrcstitum

242 1121 327 1150 fuerit
340 1132 396 1151 uno
424 1125 525 1153 intuitu
540 1127 628 1161 possit
656 1127 796 1155 studiosus
815 1128 898 1156 lector
919 1129 1033 1164 carptim

243 1170 400 1198 observare.
415 1169 443 1197 In
457 1171 567 1205 Genesi,
583 1177 612 1199 ut
639 1180 672 1200 ex
687 1173 720 1200 iis
733 1181 794 1208 quae
818 1181 964 1209 supersunt
980 1175 1034 1202 l'ra-

244 1214 361 1248 gmentis
374 1215 533 1243 existimare
547 1217 619 1250 licet,
641 1225 694 1244 non
714 1223 754 1245 tot
781 1220 943 1248 mutationes
957 1220 1035 1248 facta:

245 1264 309 1286 sunt
325 1264 391 1294 quot
407 1261 432 1287 in
445 1262 506 1289 a'iis
518 1264 586 1290 bene
602 1264 694 1291 multis
716 1265 863 1300 Scriptura:
882 1266 968 1299 libris,
987 1275 1035 1294 ne—

244 1311 297 1338 que
315 1308 417 1331 tantam
430 1308 626 1335 astet-iscorum
641 1310 747 1336 turbam
762 1310 886 1338 adhibuit
902 1307 1033 1346 Origenes

242 1354 372 1384 Quantam
386 1350 413 1376 in
431 1354 619 1388 sequentibus.
634 1354 664 1381 In
682 1354 775 1382 Exodo
792 1356 871 1391 longe
889 1357 965 1391 plura
983 1357 1033 1384 ad-

243 1395 310 1425 didi!
325 1402 352 1425 ct
363 1399 495 1426 mutavit:
509 1407 572 1426 nam
587 1405 764 1435 praeterquam
776 1402 848 1436 quod
862 1410 921 1437 cap.
937 1410 1033 1436 xxvnt,

245 1450 293 1470 sex
310 1443 431 1478 inteng
450 1452 555 1477 versus,
574 1445 599 1471 in
613 1444 683 1471 LXX
700 1454 753 1473 non
778 1453 904 1475 accurate
917 1449 1031 1483 positos.

245 1495 308 1516 cum
323 1489 460 1516 asteriscis
472 1489 589 1524 adjecit;
604 1491 714 1525 insuper
727 1499 742 1518 a
755 1493 841 1527 capite
853 1501 934 1521 xsxvt
952 1494 985 1522 ad
1001 1495 1033 1521 ii-

247 1542 308 1560 nem
323 1542 410 1569 usque
427 1535 488 1561 libri
503 1535 595 1562 omnia
615 1544 675 1570 quzu
699 1537 725 1563 iit
746 1538 923 1566 translatione
936 1539 989 1567 τῶν
1007 1541 1034 1566 0'

245 1586 294 1606 sus
309 1579 395 1614 deque
415 1586 491 1606 versa
513 1585 600 1613 erant,
620 1580 719 1608 additis
732 1582 818 1609 obclis
833 1589 860 1610 et
885 1584 1033 1618 asteriscis,

246 1633 298 1653 suo
322 1627 412 1654 ordini
436 1628 565 1660 restituit,
596 1632 627 1654 ut
655 1627 744 1655 iusius
766 1629 792 1655 in
814 1634 877 1657 nota
896 1631 929 1658 ad
954 1637 1036 1667 caput

246 1679 328 1699 xxxvr
346 1680 379 1699 ex
395 1673 507 1707 antiquo
523 1673 666 1701 Basilieusi
693 1675 787 1702 codice
803 1676 955 1712 desumpta,
972 1686 1035 1705 nar-

247 1721 334 1744 ratur.
348 1716 422 1744 Libri
439 1717 561 1750 Letitici,
577 1718 755 1747 Numerorum
769 1729 801 1748 ac
819 1722 1032 1757 Deuteronomii,

248 1764 307 1797 pari
324 1770 393 1798 pene
407 1769 484 1791 erant
502 1769 584 1799 atque
596 1765 709 1794 Genesis
723 1768 889 1796 conditione.
906 1769 935 1796 in
949 1770 1033 1799 libros

247 1807 330 1836 Josue
343 1813 370 1836 et
385 1809 511 1838 Judicum
526 1811 674 1839 innumerae
688 1821 756 1848 pene
770 1814 805 1841 ab
819 1813 934 1850 Origene
945 1821 1035 1844 muta-

248 1853 337 1881 tiones
350 1854 469 1882 advecta:
487 1860 550 1883 sunt
566 1865 573 1883 :
589 1857 625 1883 ibi
639 1859 739 1892 passim
755 1859 879 1887 asterisci
890 1868 939 1895 pro
951 1861 1034 1889 omis-

248 1899 298 1931 sis,
313 1903 340 1926 et
364 1899 434 1927 obcli
459 1908 509 1936 pro
535 1901 649 1936 adjectis
667 1904 891 1933 observabantur.
908 1907 938 1934 in
956 1907 1033 1936 libris

249 1942 353 1979 Regum
368 1945 682 1983 instaurandisOrigenis
698 1951 785 1978 nostri
799 1951 940 1980 desudavit
953 1953 1033 1980 indu-

248 1990 315 2018 stria
331 2000 339 2018 :
367 1991 394 2018 in
423 1991 466 2019 his
481 1993 553 2021 enim
571 1995 655 2022 multa
672 1995 732 2023 loca
752 1997 942 2026 emendatione
964 2008 1033 2035 opus

249 2037 402 2071 habebant;
429 2041 547 2068 maxime
577 2047 666 2068 autem
684 2043 754 2069 libro
778 2051 821 2076 III,
850 2045 896 2071 ubi
912 2045 1033 2073 historiae

249 2089 303 2109 non
321 2090 413 2117 pauca:
425 2085 483 2112 suis
501 2085 612 2113 sedibus
630 2087 723 2120 ejecta:
746 2089 895 2123 peregrinis
912 2090 939 2117 in
965 2091 1032 2119 locis

247 2129 437 2157 versabantur.
461 2131 488 2157 in
513 2132 590 2159 libris
604 2131 835 2168 Paralipomeutim
849 2135 914 2169 quid
928 2136 961 2163 ab
972 2137 1033 2164 Ori-

249 2176 480 2224 genepraastilum
502 2177 584 2204 fuerit
599 2185 653 2204 non
668 2178 704 2205 ita
730 2178 810 2206 facile
837 2185 879 2207 est
902 2181 1030 2216 indicare,
1048 2197 1069 2224 ι)

249 2220 378 2254 quoniam
397 2221 424 2248 in
439 2222 488 2249 hac
503 2222 651 2258 Scriptum
677 2229 752 2259 parte
766 2226 929 2260 paucissima
945 2227 1032 2256 Hexa-

249 2266 356 2299 plorum
371 2273 518 2301 supersunt
532 2268 694 2304 fragmenta.
705 2270 733 2297 ln
741 2270 810 2298 libro
820 2271 871 2300 Job
885 2274 1031 2309 octingenti

249 2311 358 2338 circiter
378 2313 506 2340 versiculi
534 2315 617 2343 variis
647 2315 675 2343 in
704 2316 771 2344 locis
797 2317 1030 2353 desiderabantur,

249 2365 319 2392 quos
330 2366 364 2385 ex
381 2359 495 2387 aliornrn
523 2361 699 2396 interpretum
723 2364 958 2399 translationibus,
971 2374 1030 2393 ma-

249 2404 322 2432 xime
334 2412 397 2432 vero
408 2414 440 2433 ex
452 2405 646 2435 Theodotionis
659 2409 788 2443 editione,
811 2418 873 2437 cum
893 2411 1031 2440 asteriscis

248 2448 495 2485 adjecitOrigenes.
511 2450 590 2478 Tanti
616 2460 681 2480 vero
702 2453 824 2483 defectus
835 2463 927 2489 causa,
940 2456 964 2484 si
983 2464 1031 2484 au-

247 2494 340 2528 gurari
359 2495 450 2528 liceat,
466 2496 530 2524 hinc
546 2498 660 2532 petenda
679 2503 731 2532 est,
746 2501 819 2534 quod
841 2506 895 2529 tam
921 2502 1030 2530 obscuri

248 2538 312 2566 libri
331 2540 452 2568 vertendi
466 2541 621 2570 diliicultate
632 2545 751 2573 deterriti
766 2547 935 2582 interpretes,
947 2550 1031 2577 multa

249 2587 480 2620 praetermiserim.
496 2589 524 2616 in
536 2588 652 2618 Psalmis
662 2599 736 2626 vero,
748 2594 795 2628 qui
809 2596 931 2623 omnium
943 2597 1031 2624 mani-

250 2631 302 2658 bus
320 2632 484 2666 terebantur,
500 2635 577 2670 longe
597 2637 724 2670 pauciora
745 2647 827 2674 quam
843 2641 869 2667 in
896 2641 965 2669 libro
980 2641 1031 2670 Job

250 2677 340 2704 addita
351 2683 378 2705 et
398 2679 518 2708 detracta
541 2686 604 2708 sunt
618 2691 624 2709 :
652 2691 706 2711 non
723 2686 778 2712 rari
795 2691 885 2714 tamett
904 2687 941 2715 ibi
953 2693 1031 2716 erant

248 2722 319 2750 obeli
330 2728 357 2751 et
370 2726 500 2753 asterisci.
514 2726 542 2753 In
560 2726 714 2757 Proverbiis
727 2738 781 2758 non
805 2736 878 2758 tanta
892 2732 977 2761 fuisse
989 2734 1030 2760 vi-

248 2767 328 2795 detur
343 2770 536 2798 asteriscorum
550 2777 576 2799 et
589 2773 727 2801 obelorum
743 2776 833 2809 turba,
848 2777 901 2805 nisi
915 2778 987 2805 circa
999 2778 1030 2805 ii-

249 2821 322 2848 uem,
345 2815 390 2843 ubi
409 2818 532 2853 quaedam
557 2825 720 2855 praepostere
733 2822 820 2857 posita
840 2824 1027 2852 occurrebant.

1086 897 1170 924 missa
1190 905 1251 924 cum
1280 897 1418 924 asteriscis
1446 895 1536 923 addita
1565 895 1651 922 fuere.
1676 893 1705 922 Si
1722 895 1783 929 quis
1806 902 1870 922 vero

1086 943 1199 970 formam
1214 942 1295 970 trium
1323 942 1529 977 prophetarum,
1557 940 1674 972 Hesaite,
1699 940 1822 967 Jeremiae
1844 945 1872 968 et

1086 988 1237 1016 Ezechielis
1249 988 1399 1016 secundum
1414 987 1560 1016 editionem
1581 986 1636 1013 τῶν
1650 990 1677 1013 U’
1696 986 1870 1021 hexaplarem

1085 1034 1380 1070 conspicerevoluerit,
1408 1035 1487 1062 adeat
1507 1033 1722 1060 vetustissimum
1751 1033 1871 1060 codicem

1084 1080 1292 1115 Prophetarum,
1309 1080 1355 1107 ubi
1374 1080 1419 1107 illa
1444 1080 1497 1106 τῶν
1515 1080 1541 1106 Ο¹
1554 1078 1636 1107 editio
1658 1079 1811 1114 liexaplaris
1831 1086 1872 1105 re-

1085 1131 1275 1162 praesentetur.
1293 1127 1324 1153 In
1338 1126 1455 1153 editione
1468 1125 1522 1152 τῶν
1539 1124 1567 1152 0'
1591 1124 1709 1152 Danielis
1723 1124 1869 1159 prophetae,

1085 1174 1207 1208 quaedam
1235 1172 1372 1200 addidisse
1398 1179 1459 1200 cum
1477 1171 1625 1203 asteriscis,
1652 1171 1774 1206 quaedam
1792 1171 1872 1198 obelo

1085 1224 1196 1246 notasse
1221 1217 1376 1253 Origenem,
1403 1218 1441 1245 ait
1468 1217 1659 1252 Hieronymus.
1676 1216 1728 1243 Sed
1751 1216 1826 1251 quia,
1842 1221 1872 1243 ut

1085 1265 1253 1293 arbitrantur
1262 1264 1372 1296 eruditi,
1385 1264 1412 1291 in
1427 1264 1546 1292 editione
1560 1264 1605 1290 illa
1626 1263 1729 1290 lacuna:
1745 1263 1873 1298 frequen-

1085 1313 1168 1340 tiores
1183 1311 1311 1344 aderaut,
1338 1319 1388 1346 pro
1414 1318 1446 1338 ea
1475 1310 1615 1338 substituit
1643 1308 1870 1342 Thcodotionem,

1085 1357 1132 1392 qui
1146 1357 1232 1389 solus,
1251 1361 1281 1382 ut
1296 1356 1458 1383 testiﬁcatur
1481 1354 1671 1390 Hieronymus,
1691 1354 1718 1381 in
1741 1353 1872 1382 Ecclesiis

1085 1407 1178 1438 postea
1191 1402 1341 1437 tegebatur.
1366 1402 1395 1428 In
1413 1401 1555 1429 duodecim
1571 1401 1709 1436 prophetis
1720 1400 1874 1429 minoribus

1084 1456 1171 1483 pauca
1188 1448 1327 1475 adnotavit
1336 1447 1477 1482 Origenes.

1063 1520 1069 1541 ι
1086 1505 1118 1533 IL
1137 1505 1261 1541 Origenes
1272 1504 1487 1541 editionenttér
1510 1507 1537 1541 ρ’
1551 1505 1716 1532 emendatam
1736 1514 1795 1532 cum
1808 1510 1877 1532 aste-

1212 1541 1288 1567 riscis
1314 1545 1339 1568 et
1363 1540 1444 1566 obelis
1459 1540 1487 1566 in
1506 1540 1633 1575 llexaplis
1651 1541 1748 1575 posuit.

1122 1586 1201 1619 Quod
1215 1591 1304 1614 autem
1319 1585 1466 1613 editionem
1491 1585 1561 1613 LXX
1587 1586 1765 1620 interpretum
1786 1586 1876 1619 illam,

1088 1640 1148 1666 qua:
1163 1632 1189 1659 in
1213 1632 1339 1667 Hexaplis
1369 1632 1455 1667 posita
1481 1637 1551 1665 crat,
1568 1633 1716 1665 asteriscis,
1740 1633 1786 1659 ubi
1805 1632 1878 1667 quid

1088 1677 1208 1705 additutn
1237 1677 1337 1711 fuerat,
1366 1681 1394 1704 et
1421 1678 1506 1706 obelis
1523 1679 1565 1706 .ad
1592 1679 1726 1714 superﬂua
1751 1678 1877 1705 notanda

1087 1723 1241 1751 distinxerit
1254 1722 1394 1759 Origenes,
1410 1724 1483 1752 clare
1507 1725 1587 1753 docet
1607 1724 1800 1759 Hieronymus,
1814 1723 1878 1758 epi—

1088 1770 1156 1797 stola
1172 1770 1205 1797 ad
1220 1769 1332 1797 Suniam
1361 1777 1387 1798 ct
1411 1770 1544 1798 Frctelam
1561 1781 1568 1799 :
1595 1770 1626 1798 In
1646 1779 1707 1806 qua,
1728 1770 1777 1800 ait.
1802 1769 1878 1796 illud

1087 1816 1198 1842 breviter
1217 1816 1355 1849 admoneo,
1380 1822 1408 1844 ut
1429 1818 1519 1845 sciatis
1536 1817 1617 1844 aliam
1632 1826 1686 1845 esse
1716 1817 1877 1849 editionem,

1086 1872 1166 1898 quant
1179 1863 1303 1899 Origenes
1324 1869 1349 1891 et
1370 1863 1541 1891 Cwsariensis
1563 1863 1703 1896 Eusebius,
1732 1870 1878 1897 omnesque

1088 1909 1196 1937 (inscia:
1211 1914 1368 1936 tractatores
1383 1909 1498 1943 κοινὴν,
1514 1910 1542 1936 id
1554 1916 1591 1936 est
1609 1916 1772 1935 communem
1793 1913 1878 1942 atque

1086 1956 1230 1991 vulgatum,
1245 1960 1270 1982 et
1286 1965 1302 1982 a
1317 1955 1446 1990 plerisque
1468 1962 1536 1981 nunc
1562 1953 1728 1986 Λουκιανὸς
1750 1953 1878 1985 dicitur;

1087 2001 1167 2028 aliam
1180 2000 1253 2028 LXX
1270 2000 1455 2036 Interpretum,
1468 2008 1526 2035 qua:
1540 2005 1564 2026 et
1579 2001 1605 2026 in
1629 2000 1785 2033 Ἐξαπλοῖς
1800 2001 1878 2028 codi-

1086 2048 1158 2074 cibus
1173 2048 1310 2082 reperitur,
1325 2051 1349 2073 et
1363 2055 1378 2073 (ι
1392 2047 1464 2073 nobis
1480 2046 1505 2072 in
1526 2045 1652 2072 Latinum
1676 2054 1824 2072 sermonem
1839 2047 1878 2081 ﬁ-

1085 2092 1179 2119 deliter
1192 2101 1265 2119 versa
1279 2097 1327 2125 est,
1343 2097 1366 2119 et
1380 2091 1550 2125 leracolyma:
1561 2096 1638 2126 alque
1649 2092 1675 2117 in
1691 2090 1809 2118 Orientis
1824 2091 1878 2118 Ec-

1086 2138 1172 2165 clesiis
1188 2138 1344 2165 decantatur
1364 2156 1371 2164 .
1394 2157 1401 2164 .
1424 2156 1430 2163 .
1443 2135 1534 2170 Κοινὴ
1555 2141 1641 2163 autem
1670 2137 1738 2167 ista,
1763 2136 1813 2163 hoc
1832 2143 1878 2164 est

1086 2184 1231 2210 communis
1246 2184 1340 2216 editio,
1356 2183 1414 2217 ipsa
1426 2187 1463 2209 est
1480 2190 1538 2217 quia
1553 2187 1577 2209 et
1590 2181 1674 2209 LXX.
1689 2181 1740 2209 Sed
1758 2182 1808 2208 hoc
1834 2184 1878 2211 iit-

1085 2230 1244 2256 terestinter
1258 2234 1407 2263 utramque,
1422 2229 1491 2264 quod
1505 2229 1590 2263 κοινὴ
1616 2237 1663 2263 pro
1682 2228 1747 2255 locis
1763 2234 1788 2255 et
1807 2233 1878 2256 tent-

1082 2275 1200 2310 poribus,
1216 2279 1240 2302 et
1255 2283 1302 2309 pro
1320 2274 1452 2302 voluntate
1464 2275 1632 2309 scriptorum,
1657 2279 1729 2301 vatus
1743 2281 1878 2309 corrupta

1082 2320 1162 2347 editio
1174 2324 1228 2352 est;
1245 2327 1276 2346 ea
1296 2324 1383 2346 autent
1406 2327 1464 2354 qua:
1476 2319 1588 2346 habetur
1608 2321 1635 2346 in
1658 2318 1830 2353 ἙΕαπλοῖς,
1849 2324 1878 2346 et

1082 2373 1162 2401 quam
1174 2373 1221 2392 nos
1241 2365 1376 2398 vertimus,
1388 2365 1445 2399 ipsa
1458 2370 1496 2392 est
1509 2371 1566 2396 qua:
1577 2365 1604 2392 in
1613 2365 1779 2392 eruditorum
1791 2365 1878 2393 ltbria

1082 2412 1235 2445 incorrupta
1259 2416 1284 2438 et
1304 2411 1475 2438 immaculata
1498 2410 1574 2437 LXX
1590 2410 1765 2444 Interpretari:
1782 2416 1878 2439 trana-

1082 2457 1148 2483 latio
1168 2462 1327 2484 reservatur.
1356 2457 1491 2492 Quidquid
1511 2465 1572 2492 ergo
1598 2458 1629 2483 ab
1648 2457 1697 2483 hac
1719 2457 1878 2492 discrepat,

1082 2502 1150 2529 nulli
1163 2503 1317 2530 dubiumest
1333 2504 1396 2538 quin
1417 2503 1454 2529 ita
1469 2507 1493 2529 et
1509 2504 1541 2528 ab
1559 2502 1730 2530 Hebrworum
1751 2507 1878 2531 auctori-

1083 2555 1137 2577 tate
1149 2550 1290 2577 discordet.
1308 2549 1392 2584 igitur
1409 2549 1491 2576 editio
1505 2548 1575 2575 [ΚΧ
1589 2548 1767 2584 interpretum
1782 2550 1878 2579 hexa-

1081 2595 1165 2630 plaris
1180 2595 1225 2622 illa
1245 2599 1304 2622 erat
1328 2603 1389 2629 qua:
1411 2594 1445 2621 ab
1457 2593 1574 2629 Origene
1597 2595 1631 2622 ad
1651 2596 1793 2630 exemplar
1820 2597 1878 2624 He-

1082 2641 1203 2669 braicum
1219 2641 1361 2668 emendata
1376 2641 1473 2672 fuerat,
1488 2646 1514 2669 ct
1532 2650 1598 2676 pura
1620 2648 1700 2678 atque
1729 2643 1878 2670 immacu-

1081 2687 1145 2720 lata,
1163 2687 1196 2714 ab
1211 2686 1384 2713 Hebraeorum
1401 2687 1563 2714 auctoritate
1585 2696 1638 2716 non
1665 2689 1846 2717 discordabat
1868 2700 1877 2717 :

1081 2733 1180 2768 illaque
1202 2733 1341 2760 asteriscis
1358 2737 1385 2759 et
1399 2733 1485 2761 obelis
1501 2734 1627 2762 distincta
1656 2741 1714 2763 erat
1736 2745 1743 2763 :
1764 2744 1876 2771 quam-

1081 2779 1173 2806 obrem
1186 2778 1212 2804 in
1226 2778 1259 2804 iis
1274 2777 1421 2812 Scripturat
1435 2780 1567 2813 partibus,
1591 2781 1625 2807 ab
1642 2780 1811 2816 Hieronymo
1833 2783 1876 2809 ad

1082 2825 1161 2853 tidem
1177 2824 1304 2853 editionis
1318 2824 1391 2853 illius
1418 2825 1572 2862 bexaplaris
1594 2826 1688 2855 Latine
1709 2827 1876 2863 conversis,
