1902 3049
77 105 97 134 δθ
726 119 760 146 ιΝ
780 118 849 146 nux

933 119 942 144 l
958 117 1132 148 ORlGENlS.
1698 124 1734 152 το

76 165 242 215 ξἰἓδξκιῖεηιιε
259 177 479 207 supersunt,
504 176 534 203 in
560 175 609 203 Job
625 175 750 203 videlicet
768 181 851 211 atque
869 175 896 202 in
910 178 934 205 Α
949 175 1064 210 Aquila;
1082 177 1230 209 interdum,
1245 178 1290 205 sed
1309 178 1408 211 rarius,
1423 186 1456 206 ex
1471 178 1651 215 Symmacho;
1666 188 1733 208 non-

77 212 159 246 Psaluis,
170 217 317 244 asterisci
332 224 369 246 et
391 221 484 248 obeli
504 222 722 257 conspiciuntur,
733 227 763 249 ut
776 222 892 257 quisque

76 260 134 287 videre
151 266 242 295 potest
276 263 312 291 in
337 266 493 295 editione
511 267 592 295 Joan.
618 267 768 295 Martianazi
793 268 889 295 nostri.

77 305 114 333 lluc
132 308 228 334 accedit
261 316 348 338 uota
377 313 508 341 codicis
533 313 690 340 Basilicnsis
715 313 806 340 saeculi
823 313 890 345 x,iu

79 353 130 386 cujus
140 355 326 388 marginibus
362 357 577 394 llexaplorum
605 359 735 387 lectiones
761 367 794 387 ac
819 363 890 386 nota:

78 399 135 433 prima
154 408 239 428 manu
276 402 464 438 descripta:
492 405 580 433 fuere.
610 405 655 432 Sic
686 409 776 432 autem
810 405 890 432 habet

79 444 199 480 Etodit'ap.
214 454 316 474 xxxvt
336 457 345 475 :
371 449 530 477 Ἐνταῦοά
551 459 590 477 σοι
604 451 743 486 γενομένῳ
759 449 889 486 πάρεστιν

78 493 121 529 ὀρᾷν
132 492 222 529 πολλὴν
237 494 300 529 τὴν
317 495 501 530 διαφωνίαν
515 497 565 532 τῆς
579 505 608 523 τε
633 496 828 532 προκειμένης,
843 496 888 523 καὶ

79 540 110 575 τῆς
121 541 141 565 ὲν
154 540 316 573 Ἐξαπλοίς
351 542 583 578 ἀναφερομένης
606 543 645 574 εἰς
668 543 731 575 τοὺς
745 545 782 570 0¹·
797 544 843 570 καὶ
857 544 887 570 οὐ

79 585 131 612 τοῦτό
142 595 208 621 φημι
223 586 270 618 ὡς
293 589 364 620 τοῖς
390 588 665 624 κατηστερισμένοις
679 589 778 624 ταύτης
796 590 887 626 ἐκείνη

77 631 175 667 διαφέρει·
190 632 356 668 πολλα.χοῦ
375 634 443 670 γὰρ
456 634 560 670 ταύτης
574 635 678 667 τούτοις
692 635 884 671 παραλλάσσει·

75 679 152 706 ὅτι
164 680 214 706 καὶ
230 680 264 705 ὲν
277 680 409 712 τούτοις
425 681 556 716 μᾶλλονῆ
567 681 636 708 κατὰ
649 681 680 708 τὸ
692 681 755 708 ἄλλο
761 682 809 717 τῆς
817 681 887 718 Γρα-

74 725 206 760 ᾳῆςξδαςιος
218 726 363 753 ἐνταῦθα
382 727 601 759 πλεονάζει,καὶ
616 728 632 753 ἂ
646 727 715 763 μ.ὴοὶ
730 727 885 763 ὰστερὶσκοι

72 770 156 806 ﬁlim
171 772 318 806 παριδεῖν
333 774 411 805 τοὺς
425 775 467 805 0',
492 773 544 799 κᾶν
568 773 672 804 τούτοις
687 773 761 800 οὐδὲν
776 773 884 800 ἔλαττον

71 818 94 844 τὸ
107 819 148 853 τῆς
163 819 376 854 παραλλαγῆς
399 817 475 851 εἶδος
504 818 660 846 οἰκειοῦται.
687 818 714 846 ld
739 824 780 846 cst
796 829 802 846 :
816 819 882 846 Cum

70 863 109 890 Im
128 865 274 891 adveneris
290 884 300 895 ,
339 865 467 891 multant
494 865 666 896 deprehendes
689 865 883 891 dissonantium

69 910 205 936 iuerltanc
221 910 424 945 Scripturam
435 915 462 937 et
476 918 533 937 eam
545 919 603 946 qua:
623 911 650 937 in
665 909 793 945 chaplis
808 911 884 938 Imbe-

67 961 103 981 m
116 957 141 982 in
153 956 359 992 Septuaginta
379 956 566 992 Interpretum
590 957 705 984 versione
719 965 729 983 :
752 965 832 992 neque
844 965 884 984 so-

63 1003 110 1027 [an
124 1003 185 1029 dico
201 1003 302 1035 illam,
319 1003 422 1038 quoad
444 1012 474 1030 ea
489 1011 547 1038 quae
561 1003 695 1030 asteriscis
710 1008 837 1030 notantur
849 1003 881 1030 ab

60 1049 105 1074 hac
118 1049 248 1082 differre,
268 1050 421 1083 siquidem
433 1055 458 1076 et
473 1050 499 1076 in
512 1050 552 1085 his
570 1049 617 1076 illa
628 1057 697 1084 sirpe
713 1049 746 1075 ab
759 1049 809 1075 hac
831 1049 883 1075 dis-

57 1099 150 1126 sonat;
167 1095 228 1121 imo
246 1103 318 1122 rem
337 1096 383 1121 his
405 1094 579 1130 (asteriscis)
602 1094 685 1120 multo
701 1094 785 1129 magis
799 1093 882 1120 abun-

56 1141 111 1172 dat,
127 1150 216 1177 quam
235 1142 321 1169 alius
340 1141 494 1176 Scriptum
515 1145 600 1168 teItus
614 1149 623 1173 ;
647 1141 693 1168 sed
709 1141 788 1167 etiam
803 1141 830 1166 in
847 1140 880 1166 iis

53 1196 110 1222 qua
122 1189 258 1215 asteriaci
275 1197 337 1214 non
352 1193 449 1214 notant
462 1197 478 1214 a
491 1186 566 1214 LXX
581 1186 769 1221 [interpretibus
783 1186 881 1213 omissa

52 1233 150 1267 fuisse,
169 1243 231 1261 non
250 1235 354 1260 minor
377 1234 529 1268 differentia
544 1233 754 1266 deprehenditur.
772 1231 835 1259 Haec
847 1231 880 1258 ad

53 1280 174 1306 verbum
193 1280 365 1307 retulimus
395 1284 488 1306 contra
518 1279 649 1313 quosdam
678 1285 806 1312 nuperos,
833 1277 880 1311 qui

52 1326 231 1353 existimant
250 1331 345 1353 notas
369 1326 433 1352 illas
463 1325 603 1352 obelorum
633 1328 659 1351 et
685 1324 878 1350 astcriscorum

52 1379 109 1399 non
126 1373 155 1398 in
180 1373 321 1400 editione
338 1371 394 1397 τῶν
413 1373 440 1397 0’
462 1370 600 1405 hexaplari
618 1369 720 1405 positas
738 1369 822 1396 fuisse
845 1369 880 1396 ab

50 1418 195 1454 Origene,
221 1418 277 1446 sed
298 1419 327 1444 in
349 1418 403 1444 alia
421 1417 535 1445 seorsim
562 1417 704 1444 adornata.
720 1415 820 1443 Verum
835 1415 879 1444 his

53 1467 112 1490 tam
129 1463 249 1498 apertis
265 1462 440 1490 testimoniis
463 1470 557 1489 eorum
572 1462 618 1497 qui
644 1461 765 1496 Hexapla
782 1465 880 1488 tracta-

49 1515 171 1540 verant.
190 1509 340 1544 reiragari
357 1517 411 1535 non
431 1509 510 1540 licet;
534 1508 633 1543 quibus
656 1508 689 1536 ad
705 1507 835 1542 majorem
848 1506 877 1534 il-

50 1555 120 1582 dem
138 1556 227 1583 aliud
239 1555 396 1590 adjtcimus
409 1562 442 1581 ex
459 1554 532 1581 notis
545 1554 577 1581 ad
592 1558 674 1588 caput
691 1561 736 1580 xiv
752 1553 812 1580 libri
825 1558 878 1580 ter-

49 1601 84 1626 tii
100 1600 237 1635 Regum,
255 1600 307 1628 ubi
325 1601 366 1628 sic
378 1600 478 1634 legitur
495 1609 502 1627 :
520 1599 597 1626 Μετὰ
608 1599 688 1626 τοῦτο
701 1600 728 1625 ἐν
743 1598 782 1634 τῷ
802 1598 878 1632 Ἐξα-

51 1645 121 1681 πλῷ
158 1648 261 1673 κεῖται
290 1646 326 1672 τὰ
355 1645 426 1672 κατὰ
446 1645 496 1680 τὴν
511 1645 589 1671 νόσον
613 1645 660 1671 καὶ
678 1643 727 1679 τὴν
751 1643 878 1679 τελευτὴν

58 1691 165 1722 use-.3,
175 1691 232 1718 τοῦ
247 1691 311 1717 υἱοῦ
333 1690 487 1726 Ίεροϐοὰμ,
503 1690 572 1726 μετά
584 1689 764 1725 ἀστερίσκων.
778 1688 806 1716 ld
816 1693 856 1716 est
869 1698 876 1716 :

50 1735 168 1763 Postea
186 1737 219 1763 in
236 1736 371 1771 lieanplis
384 1737 477 1771 jacent
489 1744 532 1769 ea,
549 1744 607 1771 quia
620 1740 736 1768 spectant
755 1735 789 1762 ad
803 1736 878 1770 a-gri—

51 1783 196 1809 tudinem
209 1788 236 1809 et
256 1788 369 1809 mortem
383 1781 469 1813 Abia',
493 1781 544 1816 ﬁlii
560 1781 712 1812 Jeroboam,
733 1789 792 1807 cum
808 1786 877 1807 aste-

51 1827 157 1854 riscis.
182 1827 260 1860 Quid
280 1827 400 1854 clarius?
415 1826 478 1854 Haec
491 1834 555 1854 vero
570 1831 634 1854 nota
649 1827 741 1861 prodit
754 1834 786 1853 ex
801 1827 876 1853 anti-

50 1873 214 1907 quissimo
244 1873 341 1900 codice
367 1874 502 1906 ltomano,
521 1873 567 1907 qui
593 1873 634 1900 vel
657 1873 812 1907 exscriptus
825 1871 876 1899 fuit

50 1925 130 1945 cum
145 1918 280 1954 Hexapla
294 1923 488 1954 superessent;
519 1919 560 1945 vel
571 1926 604 1946 ex
619 1918 674 1946 alio
691 1919 784 1946 codice
798 1919 831 1945 ad
849 1919 877 1946 li-

50 1965 129 1992 dem
146 1965 345 2000 llexaplorum
369 1965 518 1999 exscripta,
545 1965 675 1992 manavit.
706 1964 789 1991 Plura
811 1971 875 1999 pro-

52 2008 144 2037 ferre
159 2018 316 2045 possemus
331 2019 337 2036 :
357 2010 403 2037 sed
420 2010 477 2037 haec
492 2014 581 2042 erunt,
594 2014 625 2037 ut
642 2017 730 2044 spero,
744 2009 820 2036 satis.

70 2056 132 2084 ΙΙΙ-
152 2057 195 2084 De
208 2057 403 2083 asteriscomm
423 2061 447 2083 et
460 2055 595 2082 obelorutu
612 2057 700 2082 usuin
717 2055 856 2090 Ilexaplis.

95 2103 274 2130 Asteris-cos
290 2107 317 2130 et
331 2102 425 2129 ohe-los
437 2103 463 2129 in
476 2103 593 2129 editione
607 2101 676 2128 LXX
697 2101 874 2136 lntcrpretum

51 2148 221 2184 hexaplari
236 2148 382 2182 usurpavit
394 2148 535 2182 Origenes,
554 2152 584 2174 ut
598 2146 662 2182 quid
675 2147 710 2173 ibi
721 2147 873 2174 addendum

54 2195 106 2222 vel
124 2195 306 2223 demendum
320 2199 393 2222 esset
404 2194 537 2221 indicaret
553 2203 559 2220 :
573 2194 644 2227 quod
657 2198 730 2221 tanta
744 2193 874 2228 religione

53 2242 216 2276 prastitit,
235 2247 267 2268 ut
283 2241 356 2276 quod
368 2240 506 2275 adjectum
526 2245 584 2267 erat
609 2239 719 2275 praeﬁxo
731 2241 872 2272 asterisco,

54 2288 103 2314 sic
122 2289 173 2322 χ,
193 2291 225 2314 ct.
238 2286 402 2323 postpositis
426 2286 535 2313 duobus
563 2286 672 2321 punctis
692 2285 873 2314 crassioribus

54 2333 117 2361 hac
136 2333 237 2361 forma
257 2333 270 2368 ζ
290 2332 385 2360 statim
411 2332 566 2360 emineret:
593 2332 664 2367 quod
678 2340 742 2359 vero
769 2340 872 2366 expun-

53 2380 191 2414 gendum
208 2379 371 2415 putabatur,
383 2379 526 2414 przemisso
540 2379 617 2408 obelo
632 2379 682 2407 hac
697 2380 783 2407 forma
798 2387 829 2407 -ε-
846 2383 874 2407 et

45 2425 186 2459 adjectis
205 2425 320 2452 duobus
338 2424 365 2451 in
393 2424 448 2451 ﬁne
468 2425 578 2459 punctis
595 2424 605 2459 ζ
623 2425 649 2452 in
675 2425 745 2452 serie
771 2429 871 2458 tamen,

53 2469 105 2497 bis
125 2471 210 2498 notis
223 2471 400 2502 distinctum,
418 2475 582 2497 remaneret.
606 2470 664 2498 Iloc
678 2476 768 2499 autem
788 2471 873 2498 artili-

54 2514 104 2541 tio
120 2519 211 2542 vetus
230 2515 278 2542 illa
293 2514 372 2550 κοινὴ
401 2522 450 2542 seu
473 2515 583 2550 vulgata
596 2514 667 2542 LXX
693 2516 871 2551 Interpretum

56 2560 165 2592 editio,
185 2561 295 2587 intacta
315 2559 399 2587 simul
423 2565 450 2587 ct
468 2561 613 2587 emendata
629 2561 845 2596 conspiciebatur
863 2571 869 2589 :

55 2606 197 2639 exceptis
213 2611 306 2633 tamen
325 2606 360 2633 iis
376 2605 446 2633 locis
459 2605 506 2632 ubi
522 2606 589 2632 ordo
605 2605 750 2641 Scriptura:
767 2613 872 2642 pertur—

57 2650 147 2678 batus
167 2657 242 2685 crat,
271 2651 311 2679 ita
341 2656 373 2679 ut
390 2651 479 2678 multa
496 2656 658 2685 praepostere
685 2657 869 2686 ponerentur:

55 2696 100 2722 ibi
110 2697 192 2724 enim
203 2698 336 2734 Origenes
351 2704 513 2733 germanam
526 2701 551 2723 et
564 2697 595 2724 ad
611 2698 872 2733 exemplar'llcbrai-

55 2745 128 2765 cum
142 2742 389 2770 accommodatam
407 2741 510 2769 seriem
535 2741 701 2769 restituerat.
731 2741 796 2775 Quae
811 2748 871 2777 post

54 2787 234 2815 asteriscum
254 2789 446 2824 ponebantur,
473 2794 507 2814 cx
531 2786 649 2814 editione
675 2786 869 2816 Theodotionis

55 2837 89 2856 II!
107 2833 262 2866 plurimum
279 2839 415 2869 excerpta
433 2836 535 2865 crant;
555 2840 609 2859 non
627 2832 812 2868 inirequcnter
836 2841 869 2862 ex

946 229 1084 257 nunquam
1102 230 1134 249 ex
1156 223 1263 250 duobus
1278 223 1318 250 vcl
1341 231 1372 250 ex
1399 224 1486 251 tribus
1503 225 1594 251 simul.
1610 224 1732 260 Exempli

944 275 1026 295 causa
1045 277 1052 296 :
1071 267 1122 295 Job
1142 276 1228 302 xxxii,
1252 269 1297 301 12,
1315 270 1348 303 χ
1367 269 1397 296 Θ.
1413 270 1460 296 καὶ
1478 270 1558 305 μέχρι
1581 270 1657 303 ὑμῶν
1675 279 1724 297 συν

944 314 1018 348 ήσω’
1046 314 1093 341 καὶ
1123 315 1177 342 ἰδοὺ
1196 315 1246 341 οὐκ
1268 313 1303 351 ἦν
1327 316 1366 351 τῷ
1399 316 1459 343 Ἰὼσ
1483 317 1621 352 ἐλέγχων,
1651 318 1728 345 ἀνταρ

944 360 977 392 x
995 360 1189 395 ποκρινόμξνος
1200 362 1309 396 ῥήματα
1331 362 1412 389 αὑτοῦ
1430 363 1458 396 ἐξ
1476 363 1561 398 ὑμῶν·
1579 364 1622 390 ἴνα
1642 364 1679 400 μὴ
1693 364 1732 391 εῖ-

943 412 1022 438 πητε·
1038 404 1168 441 Εὖρωμεν
1184 406 1278 440 σοφίαν
1292 407 1338 433 τοῦ
1362 407 1430 434 Θεοῦ
1447 408 1624 444 προσθέμενοι
1641 409 1652 443 ζ
1684 409 1731 436 ubi

943 451 1156 482 animadvertas.
1173 459 1235 479 cum
1254 453 1354 487 aliquid
1370 454 1409 480 vel
1435 461 1467 480 cx
1485 453 1670 482 Thcodotionc
1689 456 1732 482 vel

942 503 974 523 ex
992 496 1053 524 aliis
1066 497 1240 532 adjiceretur,
1256 499 1279 526 si
1298 500 1322 526 id
1342 499 1430 532 initio,
1445 500 1502 527 sive
1515 500 1541 527 in
1558 501 1657 532 medio,
1673 501 1731 528 sive

942 542 968 568 in
982 542 1035 569 ﬁne
1050 543 1126 570 lineae
1137 544 1250 578 jacerct,
1267 545 1407 580 prazmisso
1424 554 1529 580 semper
1541 547 1669 574 asterisco
1680 547 1729 574 ad-

940 588 1027 615 ditum
1044 588 1140 622 fuisse,
1157 590 1287 625 appositis
1312 596 1374 626 post
1392 591 1606 619 additamentum
1621 593 1729 620 duobus

940 636 1058 671 punctis.
1073 635 1102 663 Si
1117 645 1181 665 vero
1199 638 1413 665 additamentum
1441 640 1505 666 illud
1520 640 1552 667 ad
1579 641 1670 675 plnrcs
1693 640 1728 668 li-

939 689 1005 709 ncas
1022 682 1221 715 extraheretur,
1238 684 1316 711 initio
1327 685 1473 718 cujuslibet
1486 685 1563 712 lim-ae
1577 687 1728 713 aslcriscus

939 727 1135 762 appingehatur
1155 728 1242 756 donec
1271 734 1356 756 totum
1384 730 1531 761 desineret.
1554 731 1645 766 ibique
1671 732 1727 759 duo

938 777 1038 807 puncta
1057 774 1192 801 crassiora
1207 774 1240 801 de
1259 783 1336 802 more
1354 776 1523 811 ponebantur
1539 786 1545 804 τ
1561 784 1621 812 quae
1636 782 1726 805 tamen

938 818 1100 854 plerumque
1117 820 1291 855 negliguntur
1304 822 1329 848 in
1347 823 1552 857 manuscriptis,
1576 824 1725 858 pra’scrtim

900 857 921 884 Β
939 865 1050 900 quando
1064 865 1246 893 additamenta
1275 867 1430 902 hujusmodi
1457 857 1624 904 lnngiuscrula
1641 875 1724 898 sunt:

936 921 989 948 qua
1008 914 1034 940 in
1049 922 1078 941 re
1092 915 1215 942 codicum
1233 923 1336 941 morem
1362 915 1486 948 religiose
1507 917 1591 943 secuti
1618 924 1724 945 smnus.

936 959 964 986 in
977 959 1011 986 iis
1022 967 1082 994 qum
1097 967 1127 987 cx
1143 959 1328 987 Thcodotione
1346 965 1472 995 excerpta
1488 965 1575 993 crant,
1597 960 1726 996 {rt-qucu-

937 1009 978 1032 ter
1002 1005 1036 1032 ab
1057 1006 1098 1033 eis
1125 1006 1244 1033 librariis
1269 1006 1315 1040 qui
1343 1005 1526 1041 llexaplornm
1548 1007 1679 1035 lectiones
1694 1009 1722 1035 in

936 1051 1104 1085 marginibus
1136 1051 1284 1079 Bibliorum
1301 1052 1502 1085 describebant,
1522 1053 1562 1080 sic
1586 1054 1619 1087 χ(
1635 1053 1672 1081 Ο’.
1690 1053 1722 1082 θ.

935 1097 976 1123 vel
1005 1098 1037 1129 )t(
1052 1096 1083 1123 Θ.
1099 1099 1138 1124 0’.
1155 1097 1331 1132 ponebatur:
1358 1098 1384 1124 id
1412 1105 1476 1124 voro
1502 1098 1671 1132 significabat
1695 1099 1722 1126 in

934 1143 990 1173 τοῖς
1005 1143 1031 1168 0'
1045 1143 1155 1176 reperiri
1170 1150 1200 1169 ex
1216 1142 1401 1170 Thcodotione
1416 1143 1600 1178 desumplum.
1618 1143 1663 1171 Sic
1673 1142 1724 1170 Joh

934 1187 1085 1220 xxvtvﬂs,
1103 1190 1136 1222 )9:
1160 1187 1190 1214 Θ.
1209 1187 1247 1215 0'.
1266 1188 1408 1224 γνωρίζων
1432 1188 1521 1215 αὐτῶν
1535 1189 1568 1215 τὰ
1581 1188 1722 1224 ἑργα,ειε.

935 1231 1065 1260 Similiter
1079 1241 1110 1260 ex
1139 1233 1234 1268 Aquila
1262 1234 1421 1261 stnucbatur
1435 1233 1532 1261 lectio:
1554 1234 1593 1261 sic
1621 1233 1720 1261 Jercm.

934 1285 1002 1309 xxu,
1017 1278 1062 1310 24,
1093 1279 1127 1312 »ζ
1156 1281 1188 1304 Α.
1207 1278 1276 1313 an;
1297 1278 1451 1313 Aliquando
1479 1286 1511 1305 cx
1543 1277 1721 1314 Symmacho,

933 1322 984 1350 Job
995 1331 1080 1355 xxvii,
1098 1323 1141 1355 i8,
1157 1325 1191 1358 χ
1204 1323 1238 1349 Σί
1263 1323 1281 1350 ἃ
1297 1324 1465 1360 συνετήρησε
1488 1324 1499 1357 ζ
1523 1323 1561 1350 Ex
1583 1323 1680 1358 Aquila
1694 1328 1723 1351 et

934 1366 1097 1403 Symmacho
1113 1377 1118 1394 :
1135 1367 1190 1394 Jcr.
1207 1375 1248 1400 Ill,
1263 1367 1289 1400 7,
1313 1369 1346 1402 χ
1363 1368 1395 1395 A.
1416 1368 1445 1394 Σ.
1461 1369 1477 1403 ἡ
1491 1367 1591 1403 ἀδελψὴ
1605 1368 1689 1404 αὐτῆς
1707 1367 1718 1402 ζ

932 1412 973 1440 Ex
988 1413 1085 1448 Aquila
1103 1418 1129 1441 et
1144 1413 1329 1442 Themlotione
1346 1414 1564 1450 frequentissime
1579 1423 1585 1441 :
1600 1413 1622 1440 Jx
1633 1422 1656 1442 r.
1681 1422 1720 1447 xl,

933 1459 977 1491 l3,
995 1461 1028 1494 Χ
1045 1461 1077 1487 Δ.
1092 1460 1123 1486 Θ.
1140 1461 1173 1496 τῇ
1188 1461 1302 1497 αἰσχύνῃ
1326 1460 1337 1495 ζ
1354 1460 1390 1487 Ex
1414 1459 1577 1495 Symmacho
1592 1465 1619 1486 et
1630 1458 1721 1487 Theo-

931 1503 1041 1531 dotione
1058 1505 1148 1533 rarius
1164 1515 1170 1532 :
1188 1505 1243 1532 Jer.
1263 1513 1300 1538 η,
1326 1505 1378 1536 9.2,
1393 1507 1426 1538 χ(
1448 1505 1477 1531 Σ.
1498 1504 1529 1531 Θ.
1546 1505 1641 1541 κύριος
1665 1503 1721 1531 τῶν

929 1551 1081 1586 δυνάμεων.
1117 1550 1156 1578 Ex
1190 1551 1299 1586 Aquila,
1338 1550 1511 1587 Symmacho,
1536 1556 1563 1578 et
1595 1551 1720 1579 Theodoo

929 1596 1003 1623 liene
1018 1596 1168 1631 saepissime
1186 1606 1192 1624 ;
1216 1596 1272 1624 .ler.
1302 1605 1341 1629 xi,
1359 1597 1401 1628 l5,
1417 1598 1452 1630 3K
1480 1598 1513 1623 Δ.
1531 1597 1559 1623 Σ.
1576 1596 1606 1623 Θ.
1623 1596 1718 1624 θυσια-

929 1643 1037 1678 στήρια.
1067 1643 1235 1678 Frequenter
1264 1643 1346 1670 ctiam
1375 1643 1420 1670 ubi
1447 1643 1527 1670 lectio
1551 1651 1583 1670 ex
1608 1643 1718 1679 Aquila,

931 1687 1096 1723 Symmacho
1108 1693 1134 1716 et
1160 1688 1347 1716 Thcodotioue
1373 1689 1507 1724 prodibat,
1532 1693 1594 1724 post
1621 1690 1718 1716 asteri‘

927 1741 1003 1761 scum
1019 1735 1043 1761 οἱ
1058 1735 1094 1767 1",
1115 1735 1140 1761 id
1158 1739 1199 1762 est
1226 1740 1278 1762 tres
1304 1736 1468 1770 interpretes,
1483 1735 1633 1770 ponebatur
1651 1745 1658 1763 :
1677 1735 1717 1763 sic

927 1779 1019 1808 Hesai.
1033 1789 1146 1812 xxxviii,
1165 1781 1193 1812 5,
1207 1782 1241 1815 Χ
1254 1782 1278 1807 οἱ
1291 1781 1320 1808 Γ.
1334 1781 1354 1807 Ω
1364 1781 1395 1817 δὴ
1408 1781 1485 1817 κύριε
1501 1782 1512 1816 ζ

963 1826 993 1852 1η
1011 1826 1204 1853 vetustissimis
1213 1827 1353 1854 codicibus
1365 1826 1545 1860 Coisliuiano,
1556 1827 1717 1856 Claromon-

927 1875 1010 1902 tano,
1035 1871 1092 1898 sive
1109 1870 1166 1898 RR.
1196 1871 1248 1899 PP.
1270 1871 1435 1899 Jesuitarum
1459 1873 1563 1908 collegii
1584 1873 1715 1901 Ludovici

926 1916 1015 1952 Magni
1030 1923 1056 1944 et
1066 1917 1136 1949 aliis,
1155 1922 1216 1952 post
1240 1919 1385 1946 asteriscos
1400 1919 1510 1946 nomina
1535 1919 1716 1954 interpretum

926 1969 940 1989 a
956 1962 1053 1997 primis
1068 1962 1165 1989 litteris
1177 1962 1371 1989 describuntur
1392 1967 1421 1989 ut
1434 1970 1516 1996 supra
1528 1982 1535 1994 ,
1552 1963 1587 1990 ita
1614 1969 1644 1990 ut
1658 1964 1714 1991 fre-

925 2007 1103 2041 quentissime
1117 2008 1264 2034 asteriscus
1280 2015 1378 2034 nomen
1396 2008 1541 2042 prwccdat,
1559 2009 1649 2036 rarius
1664 2017 1713 2036 au-

926 2057 979 2079 tem
994 2059 1092 2079 nomen
1118 2052 1290 2080 asteriscum.
1323 2051 1419 2079 Utrum
1432 2060 1495 2079 vero
1514 2053 1571 2087 ipse
1582 2052 1713 2089 Origenes

925 2098 1035 2125 nomina
1062 2105 1123 2125 cum
1148 2098 1287 2125 asteriscis
1300 2098 1326 2125 iu
1344 2103 1417 2125 textu
1436 2107 1493 2126 sua:
1513 2099 1640 2126 editionis
1662 2107 1712 2135 po-

925 2145 1029 2176 suerit;
1043 2152 1076 2170 an
1093 2143 1118 2171 id
1131 2145 1306 2179 subsequenti
1324 2152 1382 2172 asvo
1409 2145 1444 2172 ab
1463 2145 1497 2173 iis
1515 2145 1561 2180 qui
1579 2143 1713 2180 llexaplo-

926 2197 986 2217 rum
1003 2190 1132 2218 lectiones
1150 2191 1327 2226 collegerunt,
1343 2195 1370 2218 et
1384 2191 1410 2218 in
1435 2191 1530 2219 Bibliis
1551 2197 1711 2226 posuerunt,

925 2236 1026 2265 factum
1043 2237 1133 2269 fuerit,
1150 2245 1204 2264 non
1221 2238 1257 2265 ita
1273 2238 1350 2266 facile
1361 2243 1401 2266 est
1414 2239 1548 2266 divinare.
1566 2238 1646 2266 Certe
1662 2246 1710 2266 co-

923 2283 975 2310 dex
992 2283 1035 2311 ille
1048 2282 1106 2310 RR.
1120 2282 1171 2310 Pl’.
1186 2283 1351 2311 Jesuitarnm
1368 2284 1394 2311 in
1406 2283 1522 2312 Jcremia
1534 2289 1559 2311 et
1572 2283 1711 2312 Ezechiele

924 2337 994 2364 saepe
1011 2330 1158 2357 asteriscos
1174 2330 1200 2357 in
1216 2330 1274 2365 ipso
1287 2334 1359 2358 textu
1376 2331 1462 2365 ponit,
1487 2330 1633 2365 subjunclo
1652 2331 1710 2365 ple~

923 2383 1039 2410 rumque
1054 2383 1069 2402 a
1087 2376 1172 2411 prima
1193 2377 1281 2403 solum
1298 2376 1386 2403 littera
1408 2377 1518 2404 nomine
1542 2377 1708 2411 interpretis.

923 2428 955 2449 ex
969 2429 1024 2456 quo
1047 2421 1127 2449 lectio
1142 2422 1185 2448 illa
1208 2421 1344 2456 adjectitia
1368 2422 1510 2456 desumpta
1535 2421 1603 2453 fuit,
1623 2422 1662 2449 sic
1678 2424 1712 2458 χ

923 2467 956 2500 Α,
972 2467 1013 2495 vel
1030 2468 1064 2501 Χ
1080 2468 1111 2501 Θ,
1126 2468 1167 2494 vcl
1182 2468 1214 2502 >ε<
1228 2468 1254 2493 οἱ
1266 2468 1295 2494 Γ.
1308 2467 1435 2495 Fortasse
1446 2476 1510 2495 vero
1527 2468 1590 2503 quia
1608 2471 1638 2494 ut
1651 2469 1710 2503 plu-

923 2513 1021 2540 rimum
1039 2513 1232 2541 Thcodotionis
1252 2513 1381 2540 lectiones
1403 2521 1464 2540 cum
1479 2513 1618 2541 asteriscis
1641 2514 1709 2541 alie—

922 2558 998 2586 rebat
1024 2557 1165 2594 Origenes,
1183 2557 1377 2586 Tbeodotionis
1404 2566 1503 2586 nomen
1527 2566 1580 2586 non
1605 2559 1710 2587 solebat

921 2605 1093 2640 exprimere;
1107 2605 1211 2640 Aquila:
1227 2613 1290 2632 vero
1301 2605 1364 2641 quia
1381 2605 1472 2633 rarius
1484 2626 1491 2639 ,
1509 2612 1536 2632 et
1551 2605 1708 2642 Symmachi

922 2652 986 2686 quia
1006 2652 1157 2684 rarissime,
1177 2651 1413 2687 interpretationes
1431 2659 1491 2678 cum
1513 2651 1650 2679 asteriscis
1666 2650 1709 2677 in-

921 2696 1039 2730 serebat,
1054 2697 1165 2723 nomina
1181 2705 1195 2724 a
1212 2697 1300 2731 prima
1319 2697 1407 2724 littera
1426 2696 1588 2731 depingcbat
1601 2716 1607 2728 ,
1622 2700 1650 2721 ut
1666 2695 1707 2721 in~-

920 2742 1023 2770 dicaret
1035 2750 1089 2770 non
1101 2750 1133 2770 ex
1146 2741 1332 2770 Theodotione
1345 2750 1393 2778 pro
1402 2742 1482 2769 solito
1495 2741 1575 2769 verba
1587 2740 1704 2775 decerpi.

921 2786 974 2814 Sed
989 2788 1038 2815 hoc
1053 2795 1085 2815 ex
1102 2787 1259 2822 conjectura
1275 2792 1380 2815 tantum
1393 2788 1504 2815 dicitur.

955 2833 1003 2862 "ll
1020 2839 1110 2861 autem
1128 2841 1189 2868 quae
1202 2841 1263 2862 cum
1279 2834 1417 2862 asteriscis
1437 2832 1522 2861 textui
1540 2831 1594 2859 τῶν
1619 2833 1647 2859 0'
1662 2838 1705 2858 ιιμ
