1902 3049
33 136 61 144 νς

37 136 63 163 ῖῦ
646 127 678 156 IN
695 126 855 155 HEXAPLA
871 123 1041 153 OlthENlS.

1613 114 1646 140 τι

32 193 139 222 editione
150 191 208 218 τῶν
225 191 253 217 0'
268 188 404 224 reperitur
423 187 519 222 aliqua
534 195 583 214 vox
598 193 651 213 non
677 186 817 212 cohaerens
833 185 853 212 Α
869 180 983 208 seorsim
1002 184 1029 206 et
1045 178 1105 205 aliis
1121 175 1282 203 inconsultis
1306 172 1568 208 interpretabantur,
1594 176 1647 198 tam

33 248 110 272 neque
128 239 193 266 aliis
209 246 346 271 connexa,
366 239 420 265 hoc
436 238 517 272 signo
532 240 636 266 notata,
656 233 763 260 noveris
786 230 820 257 al)

32 294 83 314 uno
97 286 135 313 vel
164 286 278 313 duobus
305 285 487 318 interpretum
518 281 627 316 paribus
652 280 686 307 ita
712 285 820 305 versum

32 331 108 359 inisse
121 341 127 358 :
141 332 177 358 ab
187 339 246 358 uno
260 331 376 363 scilicet,
395 337 457 356 eum
476 337 531 356 ttno
542 327 628 355 solum
640 329 740 360 puncto
750 324 820 350 linea

33 380 146 412 signatur
165 391 217 409 τ,
243 382 364 411 tuncque
398 380 511 402 vocatur
544 372 781 409 bypolcmniscus;
805 377 821 396 a

33 425 130 451 duobus
147 431 215 450 vero
231 423 345 458 quando
360 427 493 458 punctum
511 420 637 454 utrinque
659 417 768 453 ponitur
782 417 822 444 sic

35 477 74 500 -ιν,
87 474 112 496 et
125 474 193 495 tunc
214 467 369 495 lemnisctts
386 467 498 494 dicitur.
525 464 602 497 Quod
624 467 652 490 ut
676 461 820 496 intelligas,

34 513 170 541 historiam
189 513 357 539 cellularum
373 512 486 546 triginta
503 518 550 537 sex
573 512 678 543 repetas
691 510 797 541 oportet
814 514 821 532 :

34 558 83 589 ubi,
95 558 253 592 Epiphanio
269 562 409 588 narrante,
420 556 488 583 libro
500 555 536 582 De
547 554 715 589 ponderibus,
728 551 821 578 LXXII

34 606 187 639 interpretes
204 605 278 638 bini,
295 605 352 632 sive
365 612 412 639 per
424 604 498 638 paria
514 602 659 633 distributi,
674 599 822 635 Scripturis

34 651 243 685 interpretandis
258 655 404 678 vacarunt.
430 649 487 676 [loc
507 649 599 683 itaque
615 647 665 674 sibi
681 646 739 672 vult
760 645 823 680 Epi-

32 696 151 730 phanius,
185 696 253 722 illas
290 695 441 722 lectionum
471 692 685 728 discrepantias,
711 698 771 725 quae
795 690 821 717 itr

34 739 192 774 Origeniana
212 740 336 766 editione
351 739 482 766 lcrnnisco
495 738 538 764 Vel
561 736 762 772 hypolenmisco
785 735 824 762 si-

33 786 190 820 gnabantur,
208 793 275 812 esse
293 785 384 812 varias
399 784 607 813 translationes,
629 790 689 817 quae
711 781 745 808 ab
768 788 822 807 uno

33 832 143 859 alterove
155 832 342 865 interpretum
360 831 417 865 pari
433 830 513 857 editae
530 832 630 856 essent.
653 827 772 862 Hujusce
783 826 820 853 rei

32 877 78 903 duo
93 877 221 910 exempla
236 877 317 903 aﬂ'ert
331 885 338 908 ;
354 876 458 903 scilicet
467 883 500 902 ex
513 875 618 909 psalmo
633 881 695 903 Lxx.
714 873 756 905 l5,
770 873 818 899 καὶ

32 921 110 956 στόμα
121 931 174 956 μου
189 921 339 955 ἀναγγελεῖ
349 921 398 956 τὴν
411 920 583 955 δικαιοσύνην
596 928 652 951 σου,
665 919 710 946 ubi
724 918 818 952 adjun-

32 969 147 1003 gebatur,
168 968 322 1002 ἀναγγελεῖ
337 968 387 999 τὰς
400 967 571 998 δικαιοπύνας
591 975 652 993 σου·
676 970 703 993 et
722 966 817 1000 psalm.

31 1021 98 1044 tut,
116 1014 161 1044 u,
176 1014 224 1039 καὶ
239 1013 350 1047 ἔντιμον
367 1012 396 1038 τὸ
408 1012 493 1047 ὄνομά
517 1020 565 1046 μου
592 1011 705 1037 ἐνώπιον
727 1010 818 1043 αὑτοῦ,

33 1058 84 1090 tibi,
95 1058 135 1085 ait
151 1058 338 1092 Epiphanius,
357 1058 433 1091 prius
448 1057 594 1091 legebatur,
610 1056 656 1082 καὶ
672 1055 777 1090 ἔντιμον
790 1055 820 1081 τὸ

32 1104 110 1139 ιλιι)μὰ
134 1113 189 1139 μου
221 1104 251 1130 ἐν
273 1103 424 1138 ὀφθαλμοῖς
449 1102 542 1130 αὑτοῦ.
558 1102 590 1128 Et
618 1101 713 1128 eodem
740 1101 819 1131 libro,

34 1151 121 1178 multis
137 1151 328 1185 interpositis.
345 1150 383 1176 ait
395 1149 533 1176 lemniscis
548 1147 669 1182 insigniri
680 1155 726 1174 eas
744 1154 821 1174 voces

33 1205 87 1231 qua
111 1197 139 1223 in
164 1197 278 1230 aliquot
302 1195 398 1222 LXXII
430 1195 603 1229 interpretum
629 1200 695 1220 voce
717 1197 821 1219 tantum

35 1250 81 1268 non
109 1250 197 1268 sensu
228 1241 351 1272 variant,
381 1245 411 1267 ut.
429 1241 450 1266 si
470 1240 540 1274 quis,
559 1239 632 1266 verbi
648 1239 732 1274 gratia
745 1258 751 1270 ,
773 1245 822 1272 pro

35 1287 158 1322 ἐλάληςεν
173 1307 182 1318 ,
201 1286 280 1314 dicat
293 1308 300 1319 ,
319 1286 478 1321 ἐφθέγξατο,
494 1289 520 1312 et
532 1293 580 1319 pro
594 1283 684 1319 ἦλθεν,
700 1283 821 1319 ἐλήλυθε.

36 1334 184 1369 Epiphanio
200 1334 307 1361 similia
329 1338 423 1360 narrat
436 1333 586 1368 Hesychius
603 1332 630 1358 in
647 1331 744 1366 psalm.
773 1337 823 1362 χιι,

34 1368 60 1411 6,
74 1368 119 1406 ubi
130 1381 158 1407 in
168 1380 231 1407 lucc
244 1379 381 1406 llehraica
387 1379 468 1406 verba
480 1370 524 1410 ’ἓν
532 1370 586 1407 5‘3:
595 1381 621 1406 ’ἓ
630 1368 705 1406 ΓηἾῆ
717 1380 823 1407 mum.

37 1427 87 1453 hac
103 1426 301 1460 interpretatio
317 1425 438 1452 occurrit
457 1425 483 1451 in
499 1423 579 1455 LXX,
597 1423 671 1458 ᾊσω
681 1422 719 1458 τῷ
731 1422 826 1457 Κυρίῳ

35 1473 69 1508 τῷ
83 1471 303 1508 εὖεργετήσαντί
323 1480 366 1507 με,
382 1471 429 1498 καὶ
439 1470 515 1505 ψαλῶ
530 1469 568 1504 τῷ
586 1469 697 1504 ὀνόματι
722 1467 824 1503 Κυρίου

35 1518 76 1549 sri-
90 1518 218 1550 ὑψίστου.
239 1517 304 1544 "mc
318 1524 398 1552 porro
412 1516 502 1546 verba,
522 1514 597 1550 ᾊσω
615 1513 653 1549 τῷ
671 1513 765 1549 Κυρίῳ
787 1511 824 1548 τῷ
840 1523 860 1551 C

35 1563 249 1599 εὒξργετήσαντι
269 1571 321 1597 με.
351 1561 469 1589 Cantabo
495 1561 603 1587 Domino
628 1559 672 1595 qui
701 1558 843 1592 benefecit'

36 1611 106 1642 mihi,
119 1615 210 1637 totum
229 1609 397 1636 versiculum
413 1607 575 1634 licbraicum
589 1605 755 1640 exprimunt,
771 1611 825 1630 ra:-

36 1663 87 1685 tcra
105 1658 285 1689 redundant;
299 1663 384 1691 quare
397 1654 544 1681 Vaticanus
559 1652 642 1681 codex
666 1652 710 1679 hic
731 1656 824 1679 uolat:

36 1703 68 1730 η
91 1703 143 1730 καὶ
162 1701 257 1737 ψαλῶ
277 1701 318 1734 τῷ
339 1701 460 1734 ὀνόματι
480 1698 588 1732 Κυρίου
611 1697 664 1724 τοῦ
682 1697 824 1730 ὑψίστου,

35 1751 79 1776 οὐκ
95 1750 189 1776 ἔκειτο
201 1747 364 1784 πιρόὖδενὶ
379 1748 407 1773 ὲν
418 1745 457 1781 τῷ
468 1745 654 1780 τετραπλίδῳ,
670 1742 731 1769 οὔτε
747 1743 775 1768 ἐν
788 1741 826 1777 τῷ

35 1795 166 1824 Εὐπεὶου
183 1794 232 1821 τοῦ
254 1793 417 1828 Παμφίλου,
439 1791 500 1818 οὗτε
517 1791 545 1816 ἐν
565 1790 603 1825 τῷ
624 1787 776 1824 Ἐϐραῖκῷ·
800 1787 826 1814 id

34 1848 91 1870 ist:
109 1841 198 1872 Illud,
211 1839 332 1867 Psallam
350 1836 454 1864 nomini
466 1835 570 1862 Domini
589 1834 711 1862 altissimi
726 1854 733 1865 ,
756 1832 826 1868 apud

35 1889 164 1915 neminem
181 1887 209 1913 ἱιι
221 1884 392 1921 quadruplici
410 1883 533 1909 columna
551 1881 677 1915 jacebat;
704 1887 784 1914 nequc
798 1879 826 1905 iit

35 1934 148 1961 Eusebio
164 1930 316 1965 Pamphili,
332 1937 412 1964 neque
427 1929 454 1955 in
465 1928 604 1955 Hebraico.
619 1927 659 1954 Ibi
672 1934 736 1952 vero
751 1929 827 1952 notat

35 1979 210 2014 Hesychius:
238 1976 339 2003 Τοῦτον
362 1975 407 2001 τὸν
432 1974 522 2008 στίχον
545 1972 591 1999 δύο
612 1971 698 2006 ζυγὰς
718 1970 772 1997 τῶν
788 1970 826 1996 06’

35 2024 210 2062 ἑρμηνευτῶν
228 2021 320 2049 εἷπον·
337 2021 403 2048 διότι
416 2019 579 2055 παράκειται
604 2018 715 2053 σημεῖον
737 2016 767 2042 τὸ
783 2016 826 2042 διὰ

34 2072 78 2098 τοῦ
101 2071 229 2106 μέλανος,
245 2067 380 2101 ὃλέγεται
397 2065 561 2100 λημνίσκος,
578 2063 621 2090 διὰ
642 2063 690 2098 μὲν
712 2062 761 2096 τῆς
783 2069 827 2087 κε-

36 2119 114 2154 ραίας
126 2118 178 2152 τῆς
195 2116 285 2151 μέσης
299 2112 426 2148 σημαίνει
439 2111 484 2138 τὸν
497 2111 597 2146 στίχον,
614 2109 656 2135 διὰ
668 2109 695 2135 δὲ
712 2107 765 2134 τῶν
781 2107 826 2133 δύο

36 2163 171 2198 στιγμῶν,
183 2161 234 2196 τῆς
255 2158 404 2188 ὲπάνωοεν,
422 2157 469 2183 καὶ
488 2155 536 2190 τῆς
551 2154 694 2184 ὑποκάτω,
712 2152 761 2184 τὰς
781 2151 826 2178 δύο

36 2210 118 2244 ζλγὰς
132 2209 189 2235 τῶν
206 2204 382 2242 ἑρμηνευτῶν
393 2203 511 2239 ᾐνίξατο.
526 2201 552 2227 Η
564 2205 621 2228 est:
647 2200 722 2226 Hum:
744 2198 824 2225 uersi-

34 2255 122 2282 ca!um
130 2255 186 2280 duo
193 2252 273 2287 paria
280 2258 331 2277 Lxx
337 2257 355 2276 tl
364 2250 536 2281 interpretum
547 2253 663 2280 expresse
668 2248 737 2275 runt,
746 2250 826 2278 quare

35 2302 187 2335 appositum
210 2304 251 2326 est
264 2299 371 2332 signum
395 2299 542 2322 atramento
572 2292 740 2322 delineation,
757 2289 825 2324 quod

35 2348 133 2374 dicitur
146 2346 304 2373 lemniscus.
320 2343 372 2370 Per
387 2341 501 2368 mediam
516 2339 619 2374 quidem
639 2338 732 2363 lineam
745 2335 827 2370 signi-

36 2393 98 2427 ﬁcat
118 2390 284 2419 versiculum
302 2397 311 2416 :
328 2396 375 2423 per
395 2387 447 2412 duo
469 2389 553 2411 autem
575 2387 688 2418 puncta,
714 2381 827 2407 alterum

35 2447 115 2473 supra
126 2443 152 2464 et
167 2437 283 2463 alterum
296 2433 379 2468 infra,
394 2431 447 2458 duo
461 2431 630 2464 interpretum
647 2427 722 2461 paria
737 2424 827 2452 subiri-

35 2469 143 2511 dicnit.
160 2481 201 2508 Ex
216 2479 370 2515 Epiphanio
383 2478 476 2511 itaque
489 2480 514 2502 et
532 2482 564 2501 ex
590 2472 724 2508 Hesychia
746 2469 827 2497 disci-

36 2539 107 2562 mus,
119 2529 287 2557 lemniscum
301 2529 464 2559 usurpatum
476 2521 568 2553 fuisse,
581 2519 689 2554 quando
705 2517 826 2551 ejusdem

37 2575 110 2601 Vocis
127 2577 179 2601 aut
194 2571 319 2599 locidua:
335 2567 531 2596 translationes
550 2563 754 2598 apponebantur
765 2581 771 2592 ,
799 2565 828 2588 ut

37 2627 68 2646 ex
85 2620 130 2646 illa
156 2622 222 2646 nota
247 2615 484 2649 distinguetentur
500 2620 506 2636 ι
520 2609 591 2644 quod
612 2612 701 2635 autem
717 2607 750 2634 de
778 2606 827 2632 tri—

38 2667 108 2700 ginta
124 2673 174 2692 sex
189 2664 370 2696 interpretum
385 2657 497 2693 paribus
511 2660 534 2683 ct
548 2655 581 2682 de
597 2655 708 2682 totidem
724 2653 828 2679 cellulis

38 2710 176 2745 adiicitur,
190 2709 226 2736 ab
239 2707 409 2741 Hieronymo
423 2708 451 2730 et
463 2710 477 2729 a
494 2701 558 2727 viris
575 2700 662 2727 doctis
689 2706 755 2733 pene
766 2705 827 2725 om-

38 2755 116 2783 nibus
127 2754 285 2790 explodilur
300 2751 386 2778 veluti
403 2752 598 2776 commentum.

69 2803 108 2829 Ad
136 2803 205 2834 hac,
234 2800 347 2828 videtur
376 2794 547 2830 Epiphanius
566 2800 659 2821 secum
685 2797 825 2826 pugnare:

39 2855 97 2874 nam
125 2848 148 2876 si
167 2847 279 2882 triginta
297 2852 347 2873 sex
378 2841 426 2868 illa
452 2839 529 2874 paria
553 2839 751 2873 interpretum,
780 2834 828 2870 qui

190 2895 335 2925 ΡΑτιιοι.
353 2889 415 2919 Gn.
435 2885 505 2916 XV.

872 226 988 254 mirabili
1000 231 1134 252 consensu
1148 221 1315 256 interpretati
1329 224 1402 252 sunt,
1416 224 1445 245 ιιι
1461 226 1493 245 ne
1507 217 1648 245 minimum

871 273 978 306 quidem
989 271 1130 297 interesset
1146 266 1322 297 discriminis,
1338 265 1370 292 ad
1385 265 1448 300 quid
1466 264 1517 291 illas
1533 268 1601 290 notat
1617 264 1649 290 ad

873 315 1016 344 indicanda
1027 311 1206 342 discrimina?
1223 311 1252 338 Si
1269 318 1343 341 vero,
1362 313 1391 335 ut
1414 309 1451 335 ait
1473 307 1650 342 Epiphanius,

872 361 1031 391 lemniseus,
1046 359 1091 394 qtt—i
1107 357 1215 385 duobus
1227 355 1335 390 punctis
1352 359 1470 385 notatur,
1483 351 1653 388 significabat

872 408 925 434 duo
940 407 1116 440 interpretum
1128 403 1203 438 paria
1221 409 1312 428 secum
1329 399 1472 427 convenire
1486 398 1520 425 ab
1538 397 1653 431 aliisque

873 453 1043 486 discrepare;
1066 449 1284 486 hypolrmniseus
1308 454 1390 477 vero,
1410 445 1456 478 qui
1485 451 1540 470 uno
1564 443 1652 469 solum

873 502 972 532 puncto
985 501 1103 526 notatur,
1118 502 1201 521 unum
1215 502 1262 528 par
1281 493 1456 526 interpretum
1475 489 1508 515 ab
1522 488 1582 515 aliis
1594 495 1653 514 om-

873 543 953 570 nibus
966 541 1072 569 dilTerre
1088 539 1216 574 :quando
1232 546 1263 565 ex
1276 537 1384 571 triginta
1402 543 1448 562 sex
1466 533 1585 568 paribus,
1602 533 1654 559 tria

873 589 913 615 vel
930 592 1047 623 quatuor
1059 586 1099 613 vel
1112 587 1214 613 decem.
1230 584 1271 611 vel
1289 582 1431 610 duodecim
1446 581 1487 607 vel
1500 580 1577 614 plura
1603 579 1655 605 dif-

874 636 1003 666 ferebant,
1020 642 1080 669 qua:
1099 638 1163 660 tunc
1185 636 1247 658 nota
1261 628 1456 657 adhibebatur?
1475 626 1541 653 Nam
1562 626 1584 653 si
1601 626 1655 652 duo

873 680 979 707 diil‘errc
990 683 1122 714 poterant,
1138 678 1197 704 sine
1210 676 1291 703 dubio
1303 677 1424 709 poterant
1435 677 1462 699 et
1479 671 1528 698 tria
1541 675 1566 698 et
1576 670 1656 705 quin-

873 731 925 758 que
939 728 965 749 et
980 723 1056 757 plura
1068 722 1232 756 discrepare.

908 768 996 801 Quare
1013 769 1064 794 hoc
1077 787 1084 798 ,
1110 770 1202 800 utpote
1228 764 1352 791 labuloso
1365 782 1372 793 ,
1391 761 1584 789 lemniscorum
1605 767 1656 787 usu

874 815 984 849 rejeeto,
1004 814 1073 841 alius
1088 814 1176 840 verior
1199 811 1386 845 sinceriorqne
1406 807 1589 843 exquirendus
1603 810 1655 834 est.

840 855 860 882 Β
875 860 993 887 Joannes
1010 859 1150 886 Cur-terius
1166 855 1327 884 Przeiatione
1338 855 1363 881 in
1376 854 1500 888 Procopii
1520 852 1658 879 Commen-

871 907 966 933 tariun:
979 906 1005 932 in
1020 904 1158 936 Hesaiam,
1175 907 1251 938 putat
1267 901 1415 928 lemniscos
1433 899 1586 934 signiﬁcare
1610 898 1651 925 irr-

869 955 1000 986 tcrpretcs
1030 950 1136 984 aliquos
1171 948 1260 975 verbis
1291 946 1459 975 convenire.
1500 945 1655 978 discrepare

870 1005 952 1024 sensu
968 1006 974 1028 ;
1004 995 1223 1032 hypolemniscos
1238 997 1328 1020 autem
1341 1012 1347 1024 ,
1371 997 1398 1020 et
1414 992 1505 1019 verbis
1525 996 1552 1018 et
1575 998 1657 1017 sensu

870 1044 1035 1078 discrepare.
1050 1042 1102 1069 Sed
1117 1042 1142 1069 id
1157 1041 1240 1076 gratis
1257 1044 1283 1067 et
1297 1040 1357 1066 sine
1374 1038 1536 1066 auctoritate
1550 1037 1602 1063 ulla
1618 1037 1658 1063 di-

872 1089 952 1121 citur,
966 1095 1015 1115 nec
1029 1086 1141 1120 intelligi
1157 1090 1245 1120 potest
1258 1092 1312 1119 quo
1328 1088 1405 1118 pacto
1419 1082 1547 1118 Origenes
1560 1082 1656 1109 lemni—

873 1141 934 1161 scos
949 1137 975 1160 et
986 1132 1207 1168 hypolenrniscos
1223 1130 1256 1156 ad
1271 1129 1350 1155 talem
1363 1135 1443 1154 usum
1469 1125 1655 1154 destinaverit.

873 1181 975 1208 Masius
988 1188 1056 1211 vero
1075 1183 1150 1214 putat
1165 1183 1227 1205 tunc
1245 1176 1383 1211 appositus
1409 1174 1493 1201 fuisse
1511 1173 1658 1200 lemniSCos

873 1231 900 1253 et
915 1225 1140 1261 hypolemniscos.
1154 1230 1216 1249 cum
1232 1221 1323 1247 varias
1335 1219 1465 1246 lectiones
1485 1217 1576 1252 plures
1590 1223 1657 1250 pau-

874 1272 995 1299 cioresve
1018 1270 1126 1297 codices
1144 1270 1307 1294 assererem.
1325 1266 1365 1291 An
1392 1271 1457 1290 vero
1473 1261 1601 1289 credibile
1616 1264 1658 1287 est

875 1318 1016 1351 Origenem
1032 1315 1107 1342 hisce
1127 1314 1198 1340 notis
1211 1313 1244 1339 ad
1266 1310 1432 1345 exemplaria
1455 1308 1508 1335 τῶν
1532 1311 1558 1334 U’
1581 1306 1657 1334 varia

876 1362 1023 1394 remisisse,
1039 1365 1086 1388 aut
1099 1358 1293 1393 exemplarium
1309 1356 1439 1383 lectiones
1455 1355 1544 1382 varias
1558 1353 1584 1380 in
1599 1353 1658 1387 ipso

877 1414 949 1436 textu
971 1416 1032 1436 cum
1050 1407 1124 1434 hisce
1140 1406 1211 1432 notis
1227 1403 1395 1439 apposuisse,
1416 1409 1466 1428 nec
1485 1401 1542 1435 ipse
1561 1399 1657 1434 Orige-

878 1464 936 1487 nes,
949 1463 998 1482 nec
1011 1454 1080 1481 alius
1091 1452 1224 1488 quispiam
1239 1451 1291 1478 hoc
1300 1457 1419 1484 unquam
1433 1447 1510 1475 dixit.
1525 1445 1658 1473 Existimo

881 1502 980 1537 igitur,
997 1499 1223 1536 quemadmodum
1247 1497 1394 1524 asteriscus
1419 1495 1451 1522 ad
1470 1494 1571 1522 omissa
1598 1499 1659 1527 qua:

877 1548 1075 1578 inserebantur,
1093 1545 1256 1576 adnotanda,
1273 1547 1300 1571 et
1311 1543 1406 1570 obelus
1419 1541 1452 1569 ad
1476 1548 1507 1567 ea
1533 1546 1594 1575 qum
1615 1545 1659 1565 re-

877 1595 1044 1626 dundabant,
1058 1592 1217 1627 jugulanda,
1235 1595 1264 1617 ut
1276 1590 1312 1617 ait
1329 1588 1520 1624 llieronymus,
1542 1585 1658 1621 appositi

877 1645 956 1674 sunt;
982 1640 1018 1667 ita
1041 1639 1202 1666 lemniscum
1228 1637 1378 1664 adhibitum
1393 1634 1486 1665 fuisse,
1516 1634 1562 1660 ubi
1587 1631 1658 1659 LXX

877 1689 1037 1723 interpretes
1054 1686 1194 1714 lectionem
1207 1683 1316 1719 quidem
1340 1682 1499 1709 Hebraicam
1524 1679 1659 1714 exprime:

877 1736 956 1766 bant;
973 1733 1018 1761 sed
1045 1740 1098 1759 non
1117 1731 1153 1758 ita
1178 1734 1303 1758 accurate
1322 1734 1403 1764 atque
1423 1727 1549 1755 disdncte
1565 1735 1572 1753 ε
1599 1733 1660 1760 qua:

878 1788 959 1808 causa
975 1783 1033 1806 erat
1050 1778 1133 1805 utilia
1146 1777 1172 1804 in
1185 1780 1257 1803 textu
1273 1775 1376 1805 relicta,
1393 1773 1476 1801 altera
1490 1779 1550 1809 quae
1564 1770 1660 1797 melior

877 1825 1028 1856 videbatur,
1045 1831 1078 1850 ex
1095 1822 1156 1849 aliis
1167 1820 1359 1855 interpretibus
1380 1818 1481 1854 petita,
1506 1817 1569 1844 huic
1592 1816 1658 1843 Strb-

875 1872 1043 1907 jungeretur.
1058 1868 1150 1903 Neque
1161 1867 1232 1894 enim
1248 1865 1397 1901 putandum
1424 1868 1482 1896 est,
1504 1863 1657 1897 Origenem.

877 1918 966 1944 virum
984 1915 1129 1942 admodum
1145 1917 1311 1943 accuratum,
1325 1911 1371 1946 qui
1384 1915 1438 1937 tam
1457 1910 1599 1944 diligenter
1616 1908 1658 1934 vel

877 1963 1013 1990 levissima
1025 1969 1084 1995 qum
1092 1959 1258 1987 addebantur
1269 1957 1409 1988 asterisco,
1418 1960 1444 1982 ct
1458 1963 1518 1988 qua:
1527 1954 1658 1981 demenda

878 2013 955 2037 erant
972 2008 1050 2035 obelo
1065 2006 1185 2036 notabat,
1206 2004 1307 2031 nullam
1331 2000 1490 2037 apposuisse
1508 2005 1600 2027 notam
1625 1999 1658 2025 iis

879 2056 905 2082 in
923 2055 990 2082 locis
1004 2074 1011 2085 ,
1032 2060 1096 2080 sane
1111 2049 1315 2085 frequentibus,
1334 2048 1378 2075 ubi
1400 2046 1492 2073 relicta
1518 2044 1601 2080 priori
1620 2044 1659 2070 le-

879 2101 967 2128 ctione
980 2106 1076 2126 novam
1096 2102 1186 2125 tamen
1201 2095 1315 2123 addebat
1330 2101 1361 2120 ex
1378 2093 1470 2126 aliquo
1481 2091 1658 2125 interpretum

878 2147 1059 2180 desumptam.
1078 2142 1207 2177 Exempla
1223 2149 1287 2168 vero
1304 2148 1364 2174 (μιιὲ
1380 2137 1547 2173 Epiphanius
1570 2135 1657 2168 aﬂ‘ert,

843 2189 864 2216 D
879 2191 1024 2219 admodum
1037 2189 1162 2224 perplexa
1179 2191 1252 2219 stitit,
1272 2187 1307 2213 ita
1333 2190 1361 2212 ut
1375 2184 1419 2210 vix
1437 2183 1499 2210 inde
1519 2181 1658 2216 quidpiam

877 2237 1011 2272 expiscari
1025 2235 1125 2262 valcas.
1139 2233 1238 2267 Quare,
1252 2233 1285 2260 iis
1299 2229 1500 2267 praetermissis,
1512 2228 1584 2255 aliud
1597 2226 1660 2254 affe-

879 2291 937 2310 ram
957 2281 1027 2308 unde
1053 2279 1142 2315 possis
1172 2278 1364 2305 lcmniscortnn
1392 2282 1484 2304 usum.
1508 2273 1658 2300 secundum

877 2335 965 2355 meam
981 2325 1089 2361 quidem
1105 2323 1277 2353 sententiain,
1288 2322 1436 2356 perc‘pere.
1447 2319 1547 2346 Psalm.
1565 2325 1657 2347 xxvnt,

878 2374 903 2406 1,
916 2374 942 2399 in
962 2358 1074 2399 llebraro
1088 2371 1185 2406 legitur
1200 2360 1270 2398 Dtlm
1286 2372 1329 2397 ’Π
1347 2358 1423 2396 ἴνεΠῆ
1442 2371 1505 2397 1:.1,
1528 2363 1573 2390 ubi
1589 2362 1658 2389 LXX

877 2423 1024 2450 verterant,
1042 2418 1186 2451 Ἐνέγκατε
1203 2415 1242 2450 τῷ
1260 2414 1363 2450 Κυρίῳ,
1382 2413 1433 2439 υἱοὶ
1449 2411 1526 2438 Θεοῦ.
1553 2409 1659 2444 Reliqui

877 2474 941 2492 vero
957 2465 1127 2498 interpretes,
1149 2462 1294 2495 Ἐνέγκατε
1311 2460 1349 2494 τῷ
1364 2458 1458 2494 Κυρίῳ
1474 2457 1548 2488 υἱοὺς
1561 2455 1657 2492 κριῶν.

878 2510 915 2537 Ibi
937 2510 1066 2544 Origenes
1093 2507 1234 2535 lectionem
1260 2505 1313 2532 τῶν
1341 2505 1367 2531 (γ
1382 2503 1501 2538 reliquit,
1518 2501 1658 2537 pra-missa

879 2556 1001 2584 lemnisci
1016 2560 1078 2582 nota
1089 2574 1097 2587 ,
1113 2558 1139 2580 et
1152 2553 1266 2579 aliorum
1291 2549 1538 2584 interpretationem
1562 2547 1660 2580 adjecit

879 2601 1008 2629 asterisco
1024 2604 1154 2630 notatam,
1176 2598 1226 2624 hoc
1242 2602 1320 2631 pacto
1335 2598 1368 2630 γ(
1388 2595 1532 2630 Ἐνέγκατε
1549 2593 1586 2628 τῷ
1603 2593 1659 2618 Κυ-

880 2648 938 2683 ρίῳ,
951 2647 1003 2672 uio‘t
1016 2645 1093 2672 Θεοῦ.
1108 2652 1138 2672 -ε-
1158 2644 1300 2678 Ἐνέγκατε
1312 2642 1350 2678 τῷ
1366 2641 1459 2677 Κυρίῳ
1472 2641 1545 2671 υἱοὺς
1552 2638 1636 2674 κριῶν
1647 2638 1657 2671 ζ

879 2695 915 2721 ita
928 2699 956 2720 ut
974 2693 1120 2719 lemniscus
1134 2691 1241 2718 doceret
1257 2697 1314 2717 eam
1333 2696 1392 2715 esse
1408 2686 1478 2713 LXX
1494 2691 1520 2713 et
1536 2685 1658 2711 Theodo-

879 2740 961 2767 tiouis
979 2738 1119 2765 lectionem
1140 2737 1188 2763 :id
1205 2736 1276 2763 enim
1298 2735 1351 2762 duo
1371 2737 1469 2768 puncta
1484 2731 1656 2759 denotabant.

879 2785 956 2812 [lunt-
967 2783 1051 2811 fuisse
1061 2782 1253 2809 lemniscorum
1264 2787 1342 2807 usum
1356 2778 1452 2805 suadet
1469 2783 1548 2811 supra
1562 2774 1661 2801 allatus

879 2831 1006 2867 Hesychii
1025 2830 1116 2862 locus,
1138 2827 1183 2855 ubi
1199 2833 1265 2854 sane
1286 2833 1346 2860 qua;
1364 2823 1496 2852 lemnisco
1517 2819 1660 2847 notabatur

1485 2867 1504 2898 3
