1902 3049
266 124 299 150 7Γὶ
945 120 1203 149 ΡῐῖᾹΞΙιΙΜίΝΑΚὶΑ
1862 124 1883 150 7t

263 183 396 213 ciausula,
415 183 460 210 καὶ
474 182 551 217 ψαλῶ
616 182 726 217 ὀνόματι
747 182 849 219 Κυρίου
868 175 912 209 Ξόῦ
930 183 1050 217 ὑψίστου,

1106 182 1156 209 sim
1173 181 1332 209 iutertnistzn
1356 186 1523 209 occurrunt:
1541 181 1588 209 sed
1612 181 1692 208 etiam
1720 181 1748 208 in
1773 181 1883 211 edition:

263 237 318 256 non
338 230 499 256 verbotenns
519 228 606 255 solum
620 228 761 255 dill'erebat
776 237 790 255 a
807 228 978 263 prmcedeuti,
994 228 1051 263 ᾷπιιι

263 275 302 311 τῷ
314 275 406 311 Κυρίῳ
417 274 456 309 τῷ
469 274 680 310 εὐεργετήσαντί
709 283 753 310 με,
784 275 830 302 sed
847 283 875 301 re
895 279 922 301 et
948 282 1049 306 sensu;

264 326 346 356 atque
363 322 418 348 hate
432 321 540 355 quidem
553 328 586 347 ex
602 319 735 347 chraico
749 324 775 347 et
791 328 824 347 ex
841 321 947 348 czeteris
968 321 1052 347 inter-

264 367 386 402 pretibus
400 371 526 401 excerpta
542 366 629 393 fuerat
642 387 649 398 ,
668 366 752 393 altera
775 375 838 394 vero
858 374 891 393 ex
914 366 984 392 LXX
1007 375 1050 393 re-

265 416 412 440 manserat.
437 413 499 440 Haec
526 413 614 440 solum
629 412 807 446 conjectando
835 412 887 439 dici
908 417 1024 447 possunt
1043 421 1050 438 :

263 467 325 487 cum
340 460 412 486 enim
425 459 497 486 nullo
520 459 573 486 alio
591 466 672 493 quam
691 458 842 493 Epiphanio
860 457 930 485 duce
952 458 993 484 uti
1011 457 1051 486 fas

263 507 310 536 sit.
327 505 418 532 omnia
433 509 506 531 certe
519 504 632 531 salebris
647 503 724 538 plena
732 508 807 531 sunt.
826 503 1052 541 livpolcmniscus

263 559 338 582 vero,
351 550 429 584 cujus
448 550 504 576 lucc
523 549 608 584 figura
626 555 683 576 erat
701 563 732 576 -ς-
752 549 933 584 signiﬁcabat.
955 557 1053 576 secun-

264 598 328 624 dum
345 595 536 631 Epiphaniam,
554 603 585 622 ex
599 602 653 622 uno
672 598 775 621 tantum
792 595 970 629 interpretum
994 595 1051 629 pari

264 642 407 670 lectionem
435 642 587 676 appositam
612 649 755 673 emanare,
779 649 894 675 esseque
917 641 1053 676 adjunctae

264 687 372 714 lectioni
383 686 584 722 συναμφότερον
597 687 643 712 καὶ
653 685 824 720 συνάδελφον,
837 686 862 713 id
875 690 926 717 est,
941 686 1052 713 omnino

266 741 464 769 synonymam;
482 733 522 759 sic
537 732 715 767 Epiphanius.
733 731 786 759 Sed
803 732 876 767 quod
893 732 926 759 de
943 732 1052 767 triginta

264 788 312 807 sex
326 781 501 814 interpretum
518 779 630 814 paribus
645 782 673 805 et
689 779 722 806 dc
739 778 849 805 totidem
863 778 969 805 cellulis
986 785 1051 804 nar-

260 832 350 858 ratur,
365 827 421 861 jam
435 827 588 861 ablegatum
605 830 646 852 est
663 833 670 855 ς
690 833 775 859 quare
797 825 887 859 potius
913 825 1051 852 crederem

266 873 498 909 hypolemniscum
512 877 576 899 tunc
591 872 744 907 appositum
766 869 850 898 fuisse
864 890 871 901 ,
895 878 957 897 curn
972 870 1051 898 lectio
1069 864 1088 891 Β

260 921 310 947 tilla
323 924 413 947 notata
437 919 506 946 LXX
525 919 702 953 lnterpretum
715 917 803 945 solum
817 921 874 944 erat
885 936 892 948 ,
909 917 981 951 quod
996 925 1051 943 uno

264 967 361 995 subtus
387 966 485 992 lineam
503 966 593 1000 posito
609 969 709 999 puncto
736 962 929 995 indicabatur;
954 961 1051 988 lemni-

264 1021 342 1042 scum
358 1020 422 1039 vero
438 1019 501 1039 cum
516 1011 623 1038 duobus
632 1009 753 1046 punctis,
772 1011 881 1044 quando
910 1016 964 1035 non
980 1007 1051 1034 LXX

263 1060 440 1094 lnterpretum
459 1062 576 1089 tantum,
591 1057 637 1084 sed
659 1056 740 1083 citam
761 1055 958 1082 Thcodntionis
981 1060 1050 1081 erat.

263 1105 398 1134 Cancrum
415 1112 447 1130 ex
465 1103 644 1131 similitudine
667 1110 728 1137 quin
751 1101 936 1129 intercedebat
958 1101 1051 1128 obolos

264 1152 335 1178 inter
349 1155 375 1177 et
392 1150 537 1177 lemniscos
550 1154 630 1183 atque
646 1148 873 1183 hypolemniscos,
893 1155 946 1175 non
963 1147 1051 1174 solum

264 1201 396 1232 quantum
411 1195 443 1222 ad
461 1195 586 1226 formam,
600 1193 648 1220 sed
665 1193 746 1220 etiam
760 1198 891 1235 quantum
911 1193 943 1219 ad
959 1200 1050 1225 usum,

263 1243 364 1270 lactant
382 1246 422 1269 est
444 1246 470 1267 ut
490 1240 611 1267 lenmisci
624 1247 673 1274 pro
687 1239 774 1268 obelis
796 1239 852 1266 sint
870 1238 965 1265 habiti.
983 1237 1050 1265 Nam

265 1297 319 1317 uno
335 1292 448 1323 excepto
464 1286 590 1322 llesycbii
612 1286 671 1313 loco
686 1293 768 1320 supra
794 1284 921 1316 laudato.
948 1285 1050 1312 nullam

263 1343 308 1362 me
324 1334 518 1361 lemniscorum
543 1332 707 1359 mentionem
735 1339 750 1357 a
766 1335 887 1365 tempore
909 1329 1051 1364 Epiphanii

264 1385 292 1409 et
309 1379 465 1415 llicronymi
483 1379 588 1413 uspiam
617 1378 737 1412 reperire
753 1376 882 1408 memini;
907 1376 934 1402 in
958 1375 1052 1403 Bibliis

265 1426 370 1453 scilicet
384 1423 592 1459 manuscriptis,
611 1424 637 1450 in
662 1422 771 1450 Catenis
787 1427 814 1450 et
832 1423 858 1449 in
879 1420 1052 1448 Cornmenta-

265 1472 323 1500 riis.

266 1530 298 1559 ν.
317 1529 349 1556 In
365 1529 496 1556 hodiernis
505 1527 665 1563 editionibus
678 1532 701 1554 et
717 1535 768 1563 mss
778 1526 852 1553 LXX
863 1527 1050 1563 lnterpretnm.

301 1566 384 1592 multa
401 1573 432 1591 ea:
444 1565 558 1590 editione
576 1563 625 1589 illa
641 1561 788 1596 Hexuplari
808 1561 944 1597 dcstnnpta
961 1563 1051 1598 depre~

298 1600 432 1627 liendaulu
438 1608 459 1626 ι’.

301 1658 397 1685 Narrat
413 1656 593 1691 Hieronymus
610 1660 729 1690 tempore
741 1662 791 1682 suo
810 1655 946 1683 Ecclesias
965 1655 1053 1682 varias

265 1704 349 1732 variis
377 1702 445 1731 LXX
474 1702 654 1737 lntcrpretum
682 1702 848 1729 editiouibus
878 1710 943 1730 usas
979 1710 1051 1729 esse.

267 1750 439 1782 Alexandria,
465 1749 564 1784 inquit,
579 1753 603 1775 et
617 1748 762 1784 {Egi/plus,
780 1749 807 1775 in
824 1746 897 1774 LXX
925 1749 980 1775 suis
996 1747 1052 1776 He-

262 1797 384 1832 sychith
408 1795 501 1822 laudat
525 1800 674 1826 (iactarent;
703 1793 944 1828 Constantinopolis
973 1802 1053 1828 usque

267 1842 434 1871 Antiochiam
450 1841 564 1868 Luci/mi
574 1841 698 1874 martyris
705 1840 864 1874 exemplaria
879 1840 987 1875 probat;
1000 1849 1053 1868 me-

262 1890 318 1916 dia:
334 1889 402 1915 inter
417 1888 463 1914 Ims
481 1887 621 1920 provincia:
647 1886 804 1913 Pclws'inos
820 1887 921 1913 codices
950 1887 1050 1922 legunt,

264 1943 330 1970 quos
347 1934 379 1961 ab
398 1934 507 1968 Origene
527 1932 674 1959 elaboratas
700 1932 826 1959 Eusebius
849 1937 874 1959 et
896 1932 1052 1968 Pamphilus

266 1982 434 2016 rulgarerunt
450 1987 458 2007 :
473 1985 592 2014 :otusgue
611 1979 681 2005 orbis
708 1978 757 2005 huc
770 1980 838 2005 inter
865 1987 891 2005 se
917 1979 1052 2005 contraria

265 2029 390 2055 varietate
406 2031 573 2062 compugnal.
593 2024 624 2051 Et
642 2025 667 2051 in
681 2024 791 2058 cpistola
806 2023 839 2050 ad
858 2024 1050 2057 Augustinum,

264 2079 373 2110 quaaest
389 2074 414 2100 in
435 2078 569 2108 postrema
587 2071 703 2098 editione
722 2070 764 2101 74.
778 2070 925 2105 εἰρωνικῶς
938 2071 1052 2105 loquens

266 2121 304 2148 ail
321 2130 327 2147 :
347 2119 390 2147 Vis
408 2125 511 2145 amator
526 2127 580 2144 esse
592 2126 665 2144 uerus
675 2115 750 2142 LXX
762 2115 947 2150 lnterpretum,
957 2125 1007 2142 non
1017 2116 1041 2142 le

265 2175 312 2202 gas
323 2175 353 2194 ea
368 2174 425 2201 quae
438 2166 484 2192 sub
499 2165 632 2191 asteriscis
647 2168 706 2190 sunt
724 2172 733 2190 :
752 2164 805 2188 imo
820 2163 882 2189 rade
894 2162 926 2189 de
942 2163 1052 2190 volumi-

1102 227 1224 255 Ilomana
1240 236 1292 255 non
1306 236 1400 263 paucae
1414 228 1654 263 deprehenduntur
1671 229 1813 261 lectiones,
1835 238 1883 265 qua

1102 275 1136 301 ab
1150 275 1289 309 hexaplari
1306 275 1349 301 illa
1360 275 1478 302 editione
1493 279 1648 306 manarunt,
1665 281 1694 302 ut
1715 276 1790 303 verbi
1806 276 1883 311 grati:

1102 319 1153 347 Job
1171 329 1207 353 Ix,
1227 320 1253 353 5,
1270 321 1296 347 in
1311 321 1368 348 haec
1383 321 1464 348 verba
1480 326 1546 353 1:11:77
1565 320 1746 357 Symmachus
1760 327 1788 349 et
1804 321 1883 349 Theo

1102 366 1192 399 dotio,
1207 367 1237 393 οὐ
1253 366 1290 402 μὴ
1306 367 1446 402 ὑπακούσῃ
1464 366 1627 402 αὑτῷ,’‹ιιιξε
1638 367 1717 394 lectio
1730 368 1756 394 in
1772 368 1883 395 edition:

1102 412 1242 447 hexaplari
1270 413 1355 446 posita
1373 412 1470 445 fuerat,
1485 414 1548 447 quia
1567 413 1657 447 prisca
1684 413 1738 439 τῶν
1755 414 1782 440 0'
1811 414 1883 441 inter

1103 459 1229 492 pretatio.
1258 458 1301 485 ἵνα
1320 457 1356 493 μὴ
1371 458 1495 494 ἀντείπῃ,
1514 451 1567 485 ιιοίι
1592 458 1658 485 satis
1685 458 1869 485 conveniebat

1105 509 1219 539 utraque
1236 509 1325 532 tamen
1337 505 1426 531 versio
1439 505 1465 531 in
1482 509 1555 531 textu
1569 504 1662 532 relicta
1672 509 1722 537 est,
1741 505 1776 532 ita
1792 509 1825 532 ut
1835 513 1883 540 qua

1103 550 1216 585 praeibat
1228 549 1384 585 Symmachi
1396 555 1423 576 et
1436 549 1640 581 Theodotionis,
1656 551 1788 578 asterisco
1815 556 1883 578 nota

1102 600 1186 627 retur,
1204 595 1289 622 altera
1307 602 1370 621 vero
1387 595 1529 627 lcmnisco,
1550 600 1580 621 ut.
1604 596 1712 630 quidem
1738 596 1868 624 existimo

1102 641 1200 668 deinde
1214 641 1343 675 neglectis
1360 641 1493 671 aster-icis.
1512 640 1598 667 ambat
1613 641 1740 668 lectiones
1752 649 1883 669 remanse

1102 691 1166 714 runt
1178 687 1227 719 sic,
1251 687 1281 713 οὑ
1298 686 1334 721 μὴ
1352 686 1493 722 {institution
1507 686 1590 721 αὐτῷ,
1605 681 1649 713 Eva
1664 688 1700 722 μὴ
1718 687 1846 725 ἀντείπῃ.
1863 687 1883 714 Ε

1104 732 1200 767 psalm.
1217 740 1283 763 xm.
1303 732 1347 763 56,
1371 733 1427 759 haec
1450 733 1530 759 verba
1541 736 1625 761 7:1‘11'1
1643 737 1739 773 1mm
1753 732 1826 759 LXX
1835 741 1883 760 ver:

1104 782 1201 810 terant,
1216 778 1288 813 καὶὴ
1304 778 1412 804 παιδεία
1424 786 1470 804 σου
1492 777 1636 813 ἀνώρθωσέ
1665 787 1708 813 με,
1739 778 1883 806 Theodoti:

1103 829 1204 857 autem,
1220 824 1292 859 καὶὴ
1306 823 1413 850 παιδεία
1429 833 1475 850 σου
1496 824 1563 859 αὐτή
1587 833 1620 858 με
1641 823 1758 857 διδάξει·
1776 830 1883 860 ιιιι·;ι‹ιιι‹

1103 875 1194 897 autem
1210 869 1289 897 lectio
1307 870 1333 896 iu
1347 870 1485 904 heraplari
1513 870 1556 896 illa
1587 870 1705 898 editione
1738 871 1840 905 posita,
1868 872 1883 898 ir

1104 915 1242 942 hodiernis
1258 914 1354 942 Bibliis
1371 915 1538 950 coniunctim
1556 915 1663 951 legitur.
1687 916 1792 944 Similia
1810 918 1883 945 mult:

1103 960 1257 996 frequenter
1273 965 1432 988 occurrunt.

1138 1018 1165 1045 in
1179 1019 1341 1046 Ecclesiaste
1354 1027 1417 1046 vero
1444 1020 1491 1046 σὺν
1502 1019 1668 1054 praepositio,
1678 1027 1730 1054 qua
1738 1019 1883 1054 exprimcn

1104 1066 1207 1094 solebat
1222 1066 1317 1101 Aquila
1331 1066 1489 1101 particulam
1501 1065 1660 1093 Hebraicam
1673 1071 1723 1097 rm,
1738 1071 1832 1093 notam
1849 1073 1883 1093 ac:

1103 1112 1217 1139 cusativi
1236 1120 1327 1143 casus.
1341 1120 1478 1147 quamque
1493 1111 1633 1148 Origenes’
1646 1113 1672 1139 in
1690 1113 1831 1148 hexaplari
1850 1113 1883 1139 ill:

1103 1157 1221 1184 editione
1232 1158 1372 1192 praemisso
1386 1158 1527 1189 asterisco,
1545 1157 1632 1185 sicubi
1654 1162 1824 1190 occurreret,
1841 1165 1883 1192 po-

1103 1208 1205 1235 suerat,
1221 1211 1273 1230 non
1289 1203 1475 1238 inl'requenter
1504 1204 1636 1238 reperitur
1652 1204 1678 1230 in
1699 1204 1820 1231 editione
1840 1204 1883 1230 llo:

1104 1256 1194 1275 mana.
1209 1248 1254 1276 Sic
1270 1256 1329 1284 cap.
1344 1258 1373 1280 ιι,
1392 1257 1416 1276 v.
1434 1249 1476 1282 l7,
1492 1249 1540 1276 καὶ
1551 1250 1669 1284 ἐμίσησα
1689 1250 1737 1275 σὺν
1751 1248 1881 1284 τὴνζωὴν

1104 1299 1130 1322 et
1143 1302 1202 1329 cap.
1225 1302 1266 1327 tu,
1281 1303 1308 1323 ν.
1326 1294 1369 1328 l7,
1389 1296 1436 1322 σὺν
1445 1295 1489 1322 τὸν
1500 1296 1602 1323 δίκαιον
1619 1297 1666 1323 καὶ
1684 1297 1732 1322 σὺν
1748 1296 1792 1323 τὸν
1806 1296 1883 1323 esse;

1104 1342 1192 1376 κρινεῖ
1212 1341 1226 1367 ὁ
1250 1340 1325 1372 Θεὸς,
1350 1347 1376 1367 et
1404 1341 1501 1368 similia
1525 1341 1657 1376 qumdam.
1680 1341 1774 1376 Capite
1799 1346 1883 1369 auten

1103 1394 1163 1418 vn,
1193 1394 1264 1413 vers.
1292 1387 1342 1417 25,
1370 1387 1520 1414 clausulam
1551 1394 1584 1414 ex
1618 1387 1714 1422 Aquila
1737 1388 1763 1414 in
1791 1388 1883 1414 editio.

1104 1440 1166 1460 nem
1180 1432 1234 1459 τῶν
1254 1432 1282 1459 0’
1296 1432 1429 1460 invectam
1445 1433 1683 1467 deprehendimus,
1697 1438 1725 1460 ut
1750 1433 1845 1461 videas
1867 1434 1883 1460 ir

1104 1484 1168 1506 nota
1183 1479 1293 1506 ibidem.
1308 1479 1348 1506 Ex
1360 1479 1401 1506 his
1422 1487 1502 1514 porro
1522 1480 1717 1507 mutationibus
1743 1481 1837 1508 evenit
1866 1490 1881 1507 ιι

1105 1525 1187 1552 editio
1202 1524 1272 1551 LXX
1299 1525 1476 1560 interpretum
1504 1534 1570 1560 pura
1587 1531 1613 1552 et
1637 1526 1725 1560 qualis
1750 1531 1810 1553 erat
1829 1532 1883 1554 aut:

1104 1570 1372 1606 0rigenem,l’rustra
1383 1576 1520 1606 quaeratur
1531 1571 1621 1599 hodie.
1643 1571 1711 1600 lliuc
1729 1572 1792 1600 item
1821 1573 1879 1599 acci

1103 1617 1143 1644 dit
1161 1617 1302 1644 utlibrarii
1317 1616 1381 1644 dum
1395 1617 1557 1652 exemplaria
1574 1617 1644 1644 EXX
1654 1617 1835 1655 Interpreturn
1848 1626 1880 1644 cx

1104 1662 1265 1694 scriberent,
1283 1662 1351 1690 alias
1366 1663 1496 1690 lectiones
1507 1663 1616 1698 przctixo
1632 1663 1661 1689 0’
1676 1668 1749 1696 nota,
1766 1664 1882 1692 videlice

1103 1707 1174 1735 LXX
1189 1708 1378 1743 lnterpretum,
1394 1709 1420 1735 in
1432 1710 1553 1744 margine
1566 1714 1708 1742 notarent;
1734 1710 1770 1736 ita
1794 1715 1828 1736 ut
1843 1712 1883 1736 mi

1104 1762 1156 1782 nus
1170 1754 1248 1789 periti
1265 1762 1355 1781 rerum
1369 1754 1525 1789 huiusmodi
1538 1755 1671 1782 mirentur
1693 1756 1738 1783 ubi
1752 1754 1825 1783 LXX
1848 1756 1883 1782 ln:

1105 1805 1252 1835 tcrpretum
1266 1805 1355 1828 textus
1368 1801 1520 1835 exscriptus
1535 1806 1586 1834 est,
1600 1802 1626 1828 in
1651 1802 1774 1837 margine
1801 1807 1882 1830 notar

1102 1846 1174 1873 LXX
1187 1849 1350 1882 lnterpretes
1361 1847 1414 1874 alio
1431 1848 1512 1874 modo
1524 1848 1621 1883 legere.

1104 1925 1147 1952 Vl.
1166 1925 1202 1951 De
1230 1925 1420 1952 mutationibus
1448 1933 1506 1960 qua:
1528 1925 1560 1951 ab
1582 1925 1701 1960 Origenis
1729 1930 1847 1960 tempore
1866 1927 1883 1952 in

1174 1960 1299 1987 editiones
1323 1960 1397 1986 LXX
1417 1959 1594 1995 Inter-prelum
1608 1959 1722 1988 advecta:
1738 1959 1812 1988 sunt.

1138 2029 1292 2063 Szepissime
1308 2029 1402 2059 etiam,
1431 2028 1579 2062 praesertim
1604 2028 1672 2055 libro
1698 2027 1838 2061 Judicum,
1866 2030 1883 2055 i:

1102 2074 1242 2101 codicibus
1255 2073 1435 2104 Coisliniano,
1445 2073 1544 2100 unciali
1571 2074 1726 2100 charactere
1739 2073 1881 2107 descripto

1103 2124 1129 2146 et
1146 2118 1298 2150 Basiliensi.
1311 2118 1529 2145 variaalectioncs
1548 2118 1574 2145 in
1589 2118 1709 2153 margine
1728 2119 1883 2146 scribuntm

1102 2172 1163 2192 cum
1177 2168 1239 2191 nota
1253 2164 1280 2190 0'
1290 2164 1321 2195 Θ,
1338 2164 1402 2198 quia
1415 2164 1517 2191 scilicet
1531 2172 1564 2191 ex
1580 2163 1763 2191 Theodotione
1786 2164 1815 2190 in
1833 2166 1883 2192 edi:

266 2212 354 2241 nibus,
369 2215 518 2236 utceterum
536 2214 558 2235 te
566 2209 696 2243 fautorem
707 2207 808 2242 probes.
822 2207 898 2239 Quod
912 2210 934 2234 si
946 2209 1050 2242 feceris,
1070 2222 1091 2249 υ
1105 2210 1205 2236 tionem
1234 2209 1287 2238 τῶν
1300 2210 1327 2235 0'
1343 2217 1404 2236 cum
1418 2209 1556 2236 asteriscis
1573 2209 1607 2235 ab
1632 2207 1746 2243 Origene
1761 2208 1883 2236 :invecta

263 2258 382 2284 ontnium
404 2255 579 2281 Ecclesiarum
595 2253 766 2280 bibliothecas
796 2253 922 2280 damnare
940 2255 1050 2289 cogeris.

272 2301 323 2329 Vix
336 2301 405 2328 enim
424 2308 490 2326 unus
502 2304 548 2326 aut
559 2299 627 2325 alter
646 2299 794 2325 inveniatur
804 2298 870 2326 liber
880 2299 925 2334 qui
938 2300 989 2326 ista
1001 2307 1051 2326 non

266 2346 370 2374 habeat.
384 2345 452 2372 Hinc
462 2344 609 2371 ediseimus
624 2343 679 2378 jam
698 2351 755 2370 eam
780 2342 936 2379 Hieronymi
963 2352 1052 2371 excin-

265 2393 351 2428 plaria
363 2391 432 2419 LXX
455 2390 633 2425 interpretum
659 2389 802 2416 innumera
824 2393 851 2416 el.
865 2390 1004 2417 asteriscis
1026 2394 1052 2417 ct

265 2439 352 2467 cbelis
360 2442 458 2465 onusta
474 2435 559 2463 fuisse
577 2443 583 2461 ι
596 2443 656 2470 qua:
667 2434 836 2469 Origeniame
850 2440 917 2462 nota:
930 2435 955 2462 in
969 2435 1052 2470 pluri-

266 2485 319 2513 mis
334 2482 536 2518 exemplaribus
553 2481 747 2516 mauuscriptis
758 2480 858 2508 Graecis
869 2481 930 2508 hinc
946 2481 1042 2509 etinde

265 2538 369 2566 sparsae
387 2528 520 2563 hodieque
542 2527 739 2560 observantur;
764 2527 817 2555 imo
831 2527 912 2554 etiam
930 2526 956 2553 in
983 2534 1052 2554 non—

267 2577 348 2605 nullis
363 2575 478 2606 Latinis,
494 2573 613 2601 maxime
630 2573 657 2600 in
674 2573 750 2600 libris
765 2572 817 2600 Job
831 2571 1049 2600 etPsalmorum.

266 2623 304 2650 Ex
313 2621 481 2650 editioneilla
490 2620 627 2654 hexaplari
636 2620 720 2646 multa
731 2619 757 2645 in
767 2619 912 2647 hodiernus
919 2618 1051 2646 editiones

265 2667 425 2696 transmissa
449 2665 696 2701 deprehenduntur.
714 2663 768 2691 Nec
784 2664 879 2699 loquor
895 2668 998 2690 tantum
1018 2663 1051 2690 de

265 2711 448 2740 Alexandrino
459 2709 561 2742 codice,
574 2709 620 2744 qui
635 2709 780 2737 editionem
792 2709 863 2735 illam
877 2707 1050 2742 hexaplarem

266 2768 334 2794 pene
349 2759 482 2794 sequitur,
498 2762 528 2785 ut
542 2758 633 2785 videre
648 2762 688 2785 est
706 2757 854 2792 praesertim
878 2756 904 2783 in
923 2755 991 2783 libro
1003 2754 1050 2782 Ju-

264 2807 377 2838 dicum;
395 2812 444 2832 nec
458 2804 491 2831 de
510 2804 628 2831 editione
650 2802 845 2838 Cornplutcnsi,
863 2802 907 2828 ubi
933 2801 1049 2829 aliorum

264 2852 442 2886 interprrtum
459 2851 490 2878 lc:
501 2850 598 2882 tiones,
617 2850 787 2884 maximeque
804 2847 970 2882 Symmachi,
985 2855 1049 2881 pas-

1104 2255 1220 2282 fucrant.
1233 2254 1289 2281 lmo
1306 2255 1387 2282 etiam
1401 2255 1469 2282 libro
1483 2253 1609 2282 Judicum
1630 2262 1667 2286 vt,
1687 2253 1713 2285 8,
1740 2258 1796 2281 tres
1819 2254 1883 2282 LX)!

1104 2301 1283 2335 lulerpreturn
1297 2301 1425 2328 lectiones
1435 2308 1484 2335 pro
1498 2309 1551 2327 uno
1559 2300 1709 2335 eodemque
1722 2300 1782 2327 loco
1794 2301 1879 2328 obser

1104 2351 1210 2373 vantur.
1226 2345 1325 2372 Praeter
1340 2353 1400 2373 eam
1417 2346 1499 2377 enim,
1511 2345 1544 2372 de
1556 2353 1608 2379 qua
1636 2345 1752 2380 egimus,
1772 2347 1883 2374 varieta‘

1104 2392 1138 2419 tis
1151 2399 1271 2423 causam,
1285 2391 1344 2418 alia:
1359 2391 1450 2418 multae
1468 2391 1538 2417 haud
1555 2390 1636 2417 dubie
1647 2390 1821 2418 exstiterunt.
1838 2391 1883 2419 Ne:

1103 2438 1191 2472 potuit
1206 2437 1283 2464 aliter
1301 2437 1409 2465 evenire
1424 2437 1451 2462 in
1469 2435 1538 2462 libro
1551 2434 1630 2462 toties
1643 2434 1795 2469 descripto;
1811 2436 1883 2470 cuju:

1104 2487 1143 2510 tot
1159 2483 1233 2510 varia
1251 2483 1278 2509 in
1295 2482 1409 2509 diversis
1419 2480 1573 2515 regionibus
1589 2479 1753 2513 exemplaria
1763 2479 1883 2508 fereban-

1104 2535 1162 2556 tur:
1176 2537 1237 2556 natn
1249 2536 1280 2556 ex
1294 2529 1344 2555 alia
1361 2527 1477 2555 editione
1493 2526 1520 2552 in
1533 2526 1613 2552 aliam
1626 2526 1756 2553 lectiones
1766 2533 1883 2561 persaapt

1104 2576 1239 2603 translata:
1258 2579 1330 2603 sunt.
1356 2573 1412 2601 Non
1435 2579 1497 2599 raro
1519 2572 1601 2599 etiam
1619 2572 1750 2607 contingit
1771 2578 1804 2600 ut
1829 2573 1883 2600 loca

1102 2630 1135 2649 ex
1149 2621 1266 2649 editione
1292 2621 1346 2646 τῶν
1361 2621 1388 2646 0'
1403 2619 1549 2646 aﬂ‘erantur
1564 2618 1605 2645 vel
1620 2626 1634 2645 a
1648 2618 1831 2653 scriptoribus
1847 2620 1883 2646 vel

1102 2676 1117 2695 a
1132 2667 1294 2699 scholiastisl
1319 2667 1364 2700 qui
1380 2666 1436 2700 jam
1450 2665 1476 2691 in
1496 2672 1527 2691 ea
1549 2671 1603 2691 non
1624 2668 1793 2699 comparent,
1822 2666 1883 2699 qui:

1103 2721 1200 2747 nempe
1213 2712 1257 2739 illa
1272 2711 1457 2745 supplementa
1476 2717 1537 2744 quae
1552 2717 1613 2737 cum
1641 2709 1780 2736 asteriscis
1794 2709 1883 2736 addita

1103 2759 1223 2789 fuerunt,
1240 2758 1266 2784 in
1279 2756 1382 2791 aliquot
1395 2755 1562 2790 exemplaria
1575 2755 1680 2783 invecta
1696 2758 1770 2788 sunt,
1787 2755 1815 2782 in
1835 2755 1883 2783 alii

1102 2812 1154 2831 non
1170 2803 1243 2830 item.
