1902 3049
58 139 87 166 77
680 139 713 166 IN
733 138 892 166 HEXAPLA
910 139 1079 167 ORIGENIS.
1645 142 1680 169 78

56 194 109 223 Vl].
125 195 161 222 De
177 196 210 221 iis
229 196 310 235 etiam
330 197 613 235 mutationibus._qu_ie
627 205 659 224 ea:
680 197 852 224 similitudine
867 199 888 227 Α
903 197 977 233 βελεῖ
998 204 1127 233 posuerat
1152 198 1282 234 Origenes
1301 188 1332 226 in
1356 199 1489 235 Tetraplis
1501 221 1508 233 ,
1531 206 1559 226 ut
1582 200 1679 228 ibidem

155 233 336 265 quarumdam
348 231 509 258 litterarum
523 233 644 260 admissa‘
655 238 725 261 sunt.

87 284 158 312 [nter
170 286 325 320 praecipuas
346 292 443 314 autem
459 287 632 320 varietatum,
645 289 740 322 quaein
757 296 833 315 excm

53 331 171 367 plaribus
201 331 258 357 τῶν
276 333 303 358 0⁸
318 332 514 365 observantur,
529 341 635 366 causas,
658 334 747 361 locum
767 334 848 361 habet

54 375 96 402 illa
107 374 263 401 litterarum
277 374 439 403 Graecarum
456 376 527 403 inter
537 385 566 404 se
581 377 711 404 similium
719 377 847 413 frequens

52 420 241 447 commulatio.
255 419 325 447 Nam
343 429 405 448 cum
421 420 547 456 Origenis
563 428 682 457 tempore
706 428 732 450 et
744 424 847 458 aliquot

52 472 141 502 postea
155 467 282 499 saeculis,
297 475 395 495 omnes
410 468 504 495 Bibliei
527 469 586 495 libri
599 469 696 496 unciali
709 470 847 498 characte<

53 520 80 539 re
92 513 149 540 sine
162 514 332 542 accentibus
342 519 370 541 et
386 515 529 548 spiritibus
546 515 739 550 scriberentur,
755 525 787 544 ac
800 517 846 544 lit-

54 564 113 585 tera:
126 559 260 593 plurima:
277 559 351 587 inter
367 567 396 587 se
409 560 444 586 ita
456 561 559 588 similes
570 566 672 594 essent,
690 567 719 590 ut
734 563 777 590 vix
793 564 848 591 dis-

54 605 133 640 tingui
160 611 294 640 possent,
311 606 375 634 hinc
390 607 503 642 contigit
520 611 549 634 ut
562 615 632 642 saepe
643 617 697 636 una
719 617 768 644 pro
794 610 847 637 alia

52 651 285 679 substitueretur:
299 653 371 679 unde
386 661 481 687 magna
488 654 673 682 diversitatum
687 655 754 683 silva
769 664 847 683 exor-

53 701 76 723 ta
91 701 140 724 est.
159 696 212 724 liae
231 705 300 725 vero
313 698 432 725 maxime
445 698 539 726 litterte
561 699 629 726 inter
642 707 670 727 se
685 701 846 728 commutari

52 742 170 769 solebant
181 743 216 773 Δ,
237 744 272 773 Δ,
284 743 318 775 Λ,
334 752 362 775 α,
380 743 405 775 δ,
419 744 443 776 λ,
453 749 480 771 et
489 745 519 776 Ε,
532 745 562 776 Θ,
577 745 608 777 0,
631 754 654 777 ε,
667 745 692 777 θ,
719 755 745 778 σ,
760 753 786 774 et
796 747 846 774 ali-

51 788 195 822 quandoM
209 793 241 815 et
256 788 294 827 Ν,
315 796 431 823 quarum
454 790 574 817 omnium
605 792 784 819 mutationum
814 799 845 819 ex

50 833 137 860 multis
152 841 248 868 pauca
268 834 315 860 hic
328 834 450 869 exempla
467 834 642 870 proferimus.

80 883 101 908 Α
111 883 139 909 in
152 883 185 909 Δ.
204 881 300 917 Hujus
309 883 469 910 mutationis
477 884 647 918 perspicttum
657 884 737 911 habet
750 891 844 913 exem-
861 873 883 902 Β

50 928 117 962 plum
131 927 330 962 Hieronymus
346 927 540 956 Commentario
550 930 575 956 in
585 929 682 957 Jerem.
698 938 757 965 cap.
770 939 844 963 xxix,

51 974 127 1008 i.l7,
147 974 198 1001 ubi
213 982 316 1001 vocem
341 977 441 1006 Dt‘lw
462 974 611 1003 Theodotio
644 977 775 1012 σουαρεὶμ
799 985 846 1004 ex-

51 1026 198 1054 presserat,
215 1019 324 1047 deinde
339 1028 406 1047 vero
425 1020 598 1048 librariorum
618 1029 710 1050 errore
732 1023 757 1050 in
784 1032 847 1050 cou-

49 1066 132 1101 δρεὶμ,
152 1070 269 1092 mutato
280 1066 343 1092 Ain
355 1067 374 1091 A
392 1074 500 1094 versum
517 1067 621 1100 fuerat;
634 1076 687 1103 qua
701 1068 733 1096 de
746 1077 774 1096 re
787 1068 847 1096 lli.)-

50 1118 199 1146 ronymus:
221 1110 302 1144 Quas
320 1110 463 1138 Tlieodolio
475 1114 658 1147 interpretatus
673 1119 722 1147 est,
751 1113 847 1142 Sudri-

50 1164 150 1184 nas.....
164 1165 232 1192 quae
242 1156 378 1184 Hebraicc
388 1158 554 1192 appellantur
565 1167 672 1192 stillant,
682 1161 726 1186 sed
737 1163 848 1195 scripto—

51 1212 103 1229 rum
117 1204 186 1230 rilio
194 1212 247 1238 pro
260 1204 349 1229 media
359 1204 474 1238 syllaba,
483 1205 535 1231 sive
544 1205 632 1232 littera
642 1206 719 1240 alpha
729 1206 848 1233 ercum

51 1248 113 1275 delta
137 1249 265 1275 inolevit.
285 1246 414 1275 Judieum
430 1256 489 1283 cap.
503 1257 540 1282 ιιι,
555 1250 598 1283 51,
621 1250 665 1277 ubi
686 1250 847 1278 llebraicum

52 1294 125 1321 habet
139 1299 209 1325 my,
227 1292 305 1320 LXX
317 1293 409 1328 Δινάχ,
427 1294 565 1328 mendose,
577 1303 626 1330 pro
639 1296 732 1329 Αἰνάθ,
758 1301 848 1323 muta-

52 1344 75 1366 to
86 1341 109 1366 Δ
122 1341 149 1366 in
162 1341 203 1373 A;
220 1340 297 1367 alius
309 1339 403 1372 Λινὰο,
422 1345 524 1367 mutato
534 1342 556 1367 A
571 1342 597 1368 in
612 1342 634 1368 A
646 1350 652 1375 ;
666 1342 735 1369 alius
756 1342 847 1374 Ἀνάθ,

53 1387 154 1414 melius.
170 1386 205 1413 Et
220 1385 354 1413 Judicutn
377 1394 396 1418 ι,
425 1387 469 1419 51,
491 1387 535 1414 ubi
549 1387 646 1422 legitur
671 1380 757 1421 ﬁnit,
777 1387 846 1414 LXX

53 1432 127 1460 hodie
141 1433 253 1460 habent
272 1432 367 1468 Δαλάφ
381 1440 431 1468 pro
452 1433 562 1465 Ἀαλά6,
579 1438 608 1460 ιιι
624 1434 669 1461 alii
681 1434 781 1469 legunt.

84 1480 104 1505 Δ
116 1481 143 1506 in
158 1480 195 1505 Λ.
206 1478 300 1514 Hujus
313 1479 536 1507 commutationis
553 1480 706 1515 exemplum
731 1481 848 1508 vidimus

898 244 1074 277 adnotamus;
1099 245 1163 280 quia
1176 245 1300 273 videlicet
1314 245 1390 274 lectio
1401 246 1445 273 illa
1460 246 1552 273 vitiata
1566 247 1677 281 βασιλεῖ,

898 291 1017 318 nondum
1050 291 1076 318 in
1095 291 1257 326 exemplaria
1285 292 1385 326 quibus
1400 300 1466 319 usus
1483 298 1524 320 est
1540 293 1679 328 Origenes,

899 335 1145 362 manaveral.Psal.
1157 344 1247 366 cxxxt.
1264 344 1288 362 v.
1306 336 1348 368 15,
1366 344 1457 363 vocem
1469 342 1535 365 mu:
1546 342 1681 364 verterant

899 380 966 406 LXX
985 381 1144 416 lnterpretes
1159 381 1255 416 θήραν,
1271 381 1440 413 venationem,
1455 388 1535 416 atque
1551 383 1587 410 ita
1617 383 1682 418 legit

897 427 1072 458 Athanasius,
1090 426 1272 462 Hieronymus
1282 434 1390 462 quoque
1404 429 1563 455 venationem
1576 429 1663 464 ;Aqui
1673 443 1679 448 -

897 472 932 503 la,
964 473 1146 508 ἐπισιτισμὸν,
1165 473 1268 504 cibum;
1292 472 1454 505 Theodotio,
1483 473 1578 509 Θήραν.
1609 480 1635 501 ut
1653 478 1681 501 et

898 518 985 552 LXX;
1003 527 1063 553 qua:
1074 519 1153 546 lectio
1169 519 1318 546 secundum
1331 519 1387 546 hinc
1405 527 1437 546 ex
1450 519 1624 547 similitudine
1638 528 1680 547 so-

897 566 923 591 ni
938 570 1039 591 mutata
1054 570 1095 592 est
1112 566 1138 591 in
1149 566 1246 600 χήραν,
1262 566 1378 597 viduam,
1391 570 1418 592 et
1437 566 1568 593 hactenus
1585 568 1624 594 sic
1640 568 1679 595 le-

897 611 967 645 gitur
985 611 1010 637 in
1028 611 1143 646 vulgatis
1154 611 1365 646 exemplaribus.
1383 611 1446 638 Item
1465 611 1543 638 Hesai
1566 621 1619 644 xiv,
1635 613 1678 645 2|,

897 657 941 682 ubi
957 657 982 683 in
998 656 1109 683 "cluat-0
1120 658 1216 690 legitur
1225 661 1305 689 13711:,
1317 657 1398 689 LXX,
1411 658 1523 689 πόλεων,
1539 663 1568 685 ιιι
1579 659 1679 693 liquet:

896 707 1041 737 posteaque
1050 703 1152 729 πόλεων
1162 702 1187 729 in
1199 702 1323 737 πολέμων
1332 708 1463 730 mutatum
1473 709 1522 731 est.
1533 704 1593 732 Alia
1604 706 1682 740 longe

896 747 974 782 plura
988 747 1031 774 his
1050 747 1148 774 addere
1169 755 1321 782 possemus,
1348 756 1440 775 verum
1468 749 1525 776 hac
1548 755 1627 777 erunt
1647 750 1680 777 ad

895 800 1014 828 priescns
1026 793 1177 820 institutum
1191 794 1266 821 satis.

899 848 964 876 Vill.
981 849 1018 876 De
1034 850 1214 890 distinctione
1227 851 1342 885 capitum
1359 856 1382 878 et
1402 853 1589 879 versiculorum
1611 854 1682 881 anti-

1169 891 1258 919 quitus
1276 891 1414 920 usurpata.

932 930 1076 958 Distinctio
1088 931 1206 965 capitulm
1220 931 1284 957 olim
1301 939 1350 958 nec
1363 932 1498 960 hodierna:
1513 933 1620 962 similis.
1633 941 1683 961 nec

898 984 951 1003 una
965 975 1025 1003 fuit.
1041 976 1135 1011 Capita
1151 976 1230 1011 longe
1246 978 1350 1004 minora
1373 977 1510 1006 bodiernis
1525 984 1618 1013 erant;
1631 987 1666 1007 cu

894 1022 940 1057 jus
956 1022 993 1048 rei
1016 1021 1169 1056 exemplum
1186 1022 1268 1050 habes
1282 1022 1352 1050 infra
1373 1022 1553 1051 Numerorum
1580 1032 1618 1057 tv,
1633 1024 1681 1058 ‘25,

898 1068 925 1094 in
942 1073 1016 1100 nota,
1033 1075 1064 1094 ex
1090 1068 1217 1095 omnibus
1240 1068 1342 1096 catenis
1366 1077 1432 1096 mss.
1447 1069 1600 1104 desumpta,
1622 1078 1683 1105 qua:

898 1114 937 1141 sic
953 1114 1049 1141 habet:
1060 1115 1096 1140 Τὸ
1107 1114 1316 1150 Σαμαρειτικδν,
1329 1115 1601 1149 ὲπίσπαστρονμαὶ
1617 1115 1684 1151 δέρ-

895 1169 974 1194 ματα
993 1160 1149 1187 ὑακινθινα
1161 1169 1167 1175 ·
1187 1161 1266 1187 ἆτινα.
1278 1161 1355 1188 καλεῖ
1369 1161 1398 1187 τὸ
1410 1161 1431 1194 ξ’
1445 1161 1591 1195 κεφάλαιον
1608 1161 1683 1193 Ἐξό-

897 1205 941 1232 δου
958 1205 1107 1240 διφθέρας.
1125 1205 1313 1232 Samariticum
1327 1206 1575 1239 habet,‘tentorium
1589 1211 1617 1233 et
1630 1207 1684 1237 pel-

899 1252 937 1279 les
961 1252 1170 1287 hyaeinthinas:
1195 1260 1253 1286 qua:
1277 1252 1360 1285 capite
1386 1259 1419 1278 ιι
1444 1250 1532 1277 Exodi
1556 1258 1683 1278 vocantur

899 1298 1057 1333 diphtberae.
1073 1297 1101 1325 ιιι
1119 1297 1210 1325 Exodo
1224 1297 1402 1332 quadraginta
1425 1298 1513 1324 solum
1529 1298 1617 1332 capita
1634 1298 1683 1324 ha-

901 1343 1010 1376 bentur,
1025 1343 1155 1378 locusque
1168 1343 1211 1370 hic
1229 1343 1327 1370 citatus
1344 1347 1433 1370 exstat
1449 1342 1476 1370 in
1496 1343 1583 1377 capite
1601 1351 1682 1370 xxtttx

900 1389 1041 1417 hodierno.
1064 1389 1091 1416 ln
1114 1389 1206 1416 codice
1227 1389 1273 1416 illo
1296 1388 1463 1416 Coisliniano
1487 1389 1682 1421 vetustissimo,

899 1436 999 1463 unciali
1015 1436 1171 1462 charactere
1184 1435 1329 1470 descripto.
1346 1435 1390 1462 ubi
1408 1433 1590 1462 Octateuchus
1605 1440 1632 1462 et
1647 1435 1683 1462 li—

899 1481 941 1508 bri
965 1481 1067 1517 Regum
1084 1482 1268 1512 c0ntinentur,
1294 1481 1354 1508 dua:
1376 1481 1489 1515 singulis
1515 1481 1541 1508 in
1562 1481 1640 1509 libris
1655 1482 1682 1508 in

53 1533 129 1560 supra
145 1536 153 1553 :
171 1533 310 1560 prteterea
322 1534 386 1553 vero
400 1526 498 1561 psalm.
513 1534 576 1559 xxx,
594 1526 637 1558 16,
647 1526 678 1553 ad
688 1533 780 1554 vocem
796 1525 848 1553 He-
861 1542 883 1572 ρ
899 1527 986 1561 capita
997 1526 1144 1554 divisiones
1156 1526 1181 1552 in
1196 1525 1318 1561 margine
1331 1530 1470 1559 notantur,
1487 1534 1602 1561 quarum
1615 1534 1683 1554 una-

53 1571 171 1599 braicam
190 1577 279 1604 πως,
294 1571 366 1598 LXX
390 1572 492 1599 habent
510 1572 536 1598 οἱ
560 1571 655 1607 κλῆροι
674 1580 735 1607 μου,
764 1577 846 1599 sortes

54 1626 123 1649 nec,
137 1623 250 1645 mutato
262 1620 283 1644 Α
301 1619 329 1645 in
344 1619 366 1645 A
381 1626 388 1644 :
409 1626 471 1645 nam
491 1618 535 1644 illa
550 1626 601 1645 vox
622 1618 756 1653 signiﬁcat
783 1627 845 1645 και-

54 1665 92 1700 ροί
113 1674 179 1700 μου,
201 1670 323 1699 tentpora
347 1673 414 1697 mea,
448 1669 477 1692 ut
504 1665 600 1699 reliqui
630 1665 789 1699 interpretes
821 1668 848 1691 et

54 1709 239 1746 Hieronymus
263 1715 416 1744 verterunt,
436 1715 464 1738 et
488 1711 556 1746 psal.
580 1718 661 1744 Lxxx,
688 1710 713 1743 '5,
732 1710 764 1737 ad
791 1711 848 1738 haec

54 1758 133 1784 verba
147 1763 218 1789 aut:
230 1763 303 1789 “11:3.
328 1757 509 1793 Symmachus
533 1758 613 1784 vertit
635 1757 718 1792 λύραν
743 1757 845 1792 ἡδεῖαν,

55 1804 138 1839 lyram
151 1805 272 1835 dulcem,
292 1804 336 1831 ubi
353 1804 457 1839 aliquot
469 1803 644 1838 exemplaria,
659 1807 762 1829 mutato
784 1803 807 1829 A
820 1803 847 1829 in

55 1850 85 1880 Δ,
103 1848 206 1885 αὖρα-ι,
224 1857 320 1875 auram
332 1849 442 1876 habent.

101 1896 122 1923 Ε
139 1897 167 1923 in
188 1895 209 1923 C
229 1895 332 1923 Psalm.
351 1904 461 1927 xxxviii,
486 1895 513 1926 ‘5.
539 1895 565 1921 in
589 1895 713 1922 versione
732 1893 846 1928 Aquilae,

56 1944 138 1972 codex
158 1952 235 1970 unus
253 1943 333 1970 habet
345 1944 450 1978 σιωπῆς
478 1942 556 1977 σιγῆς
584 1941 639 1968 ἀπὸ
667 1940 781 1975 ἀγαθοῦ,
799 1947 848 1975 pro

157 1991 277 2025 ὲσίγησα
289 1989 342 2014 ἀπὸ
354 1987 472 2022 meo-3,
501 1988 546 2014 ubi
576 1986 705 2014 Hebraica
734 1987 774 2014 sic
801 1987 834 2013 ha

57 2036 137 2063 bent:
151 2041 237 2065 una:
251 2039 358 2064 ἰπνιπητι
371 2038 463 2064 mari.
479 2033 550 2062 Psal.
571 2041 661 2065 Lxxvi,
676 2033 702 2065 7,
715 2033 848 2061 Eusebius

57 2083 202 2110 lectionem
214 2080 373 2116 Symmachi
388 2081 429 2107 sic
438 2079 514 2106 elIert
526 2089 532 2106 :
543 2079 611 2114 ἀνὴρ
623 2078 709 2105 συνὼν
720 2079 750 2105 τὸ
765 2078 847 2105 ’,τνεῦ-

59 2128 96 2163 μά
108 2137 171 2164 μου,
191 2135 243 2162 pro
254 2126 408 2162 ἀνηρεύνων
418 2126 449 2152 τὸ
468 2125 576 2160 πνεῦμά
592 2133 652 2159 μου,
665 2124 849 2159 perscrutabar

57 2174 182 2207 spiritum
194 2180 293 2204 meum,
307 2170 491 2202 ubillebraica
504 2170 543 2196 sic
555 2169 737 2198 habentnm'i
749 2171 846 2198 mnu.

899 1579 1014 1607 quaeque
1030 1572 1109 1607 longe
1125 1571 1204 1606 plura
1226 1571 1313 1606 capita
1341 1570 1422 1598 habet
1438 1579 1519 1606 quam
1539 1571 1681 1599 hodierna.

900 1618 1063 1646 Discrimina
1080 1618 1176 1653 paucis
1191 1618 1294 1652 accipe.

933 1664 961 1691 ln
974 1663 1071 1693 Genesi
1086 1664 1174 1699 prima
1187 1663 1283 1690 divisio
1299 1663 1325 1690 in
1342 1664 1434 1692 codice
1448 1663 1615 1692 Coisliniano
1632 1663 1684 1690 106

899 1710 986 1746 capita
1001 1710 1127 1743 exhibet;
1144 1709 1263 1738 secunda
1287 1709 1314 1736 in
1334 1710 1429 1737 eodem
1450 1711 1542 1738 codice
1567 1709 1611 1744 99,
1634 1711 1681 1737 ho-

898 1756 990 1784 dierna
1005 1756 1050 1783 50.

933 1801 962 1828 In
977 1801 1070 1828 Exodo
1089 1801 1175 1836 prima
1195 1800 1293 1829 divisio
1307 1801 1334 1828 in
1355 1800 1468 1828 Coislin.
1481 1801 1515 1828 84
1535 1802 1621 1836 capita
1634 1802 1684 1830 ha-

898 1848 942 1875 het
955 1856 961 1880 ;
975 1848 1091 1875 secunda
1104 1848 1130 1874 in
1148 1848 1242 1875 eodem
1255 1847 1348 1875 codice
1362 1847 1423 1879 HO,
1440 1847 1570 1875 hodierna
1584 1848 1630 1875 40.

933 1893 961 1920 lu
979 1893 1099 1921 Levitieo
1116 1893 1202 1928 prima
1220 1894 1246 1921 in
1270 1894 1383 1922 Coislin.
1408 1893 1443 1920 54
1470 1894 1558 1928 capita
1583 1894 1684 1928 habet;

899 1939 1017 1967 secunda
1031 1939 1058 1965 in
1074 1939 1133 1965 eod.
1149 1938 1243 1966 codice
1254 1939 1298 1972 6|,
1315 1938 1445 1966 hodierna
1458 1937 1502 1964 27.

939 1985 968 2011 ln
982 1983 1108 2011 Numeris
1125 1984 1212 2018 prima
1227 1984 1252 2010 in
1264 1983 1376 2011 Coislin.
1399 1983 1434 2010 50
1447 1984 1550 2018 capita;
1567 1984 1685 2012 secunda

899 2032 925 2057 in
939 2029 1050 2057 Coislin.
1068 2029 1112 2062 5i,
1126 2029 1256 2056 hodierna
1273 2028 1317 2056 36.

935 2074 962 2101 ln
986 2073 1194 2101 Deuteronomio
1218 2073 1304 2108 prima
1325 2073 1351 2099 in
1373 2071 1457 2099 Coisl.
1471 2071 1505 2099 68
1519 2072 1624 2106 capita;
1639 2079 1683 2099 sc-

899 2121 986 2149 cunda
1001 2121 1028 2147 in
1045 2120 1159 2147 Coislin.
1178 2119 1222 2153 9l,
1238 2118 1368 2146 hodierna
1380 2118 1424 2144 54.

934 2166 962 2194 In
979 2167 1049 2194 libro
1062 2165 1145 2193 Josue
1163 2173 1216 2191 una
1229 2164 1347 2199 capitum
1364 2163 1462 2191 divisio
1478 2163 1640 2191 observatttr
1657 2164 1684 2190 in

90 2219 111 2245 Ε
126 2220 154 2246 in
167 2218 201 2246 8.
217 2217 327 2252 Aquila,
345 2217 460 2252 Symm.,
478 2215 627 2242 Theodotio
639 2219 665 2242 et
679 2213 808 2249 Septima,
820 2214 846 2241 in
865 2214 887 2243 ι)
901 2213 1080 2245 Coisliniano,
1097 2216 1123 2239 et
1138 2212 1200 2246 quia
1215 2210 1283 2237 liber
1299 2210 1343 2237 hic
1356 2217 1453 2245 magna
1471 2209 1513 2238 sui
1529 2213 1604 2245 parte
1624 2217 1685 2236 mu—

58 2274 113 2294 mss
124 2267 230 2293 habent
246 2263 453 2300 Βηθσαὸὲθ,ρι·ο
468 2260 615 2297 Βηθσαὸέε,
633 2260 679 2288 ubi
693 2261 720 2288 in
735 2260 848 2288 Hebrai-

58 2321 90 2340 co
106 2313 207 2348 legitur
221 2316 354 2343 nar-n1,
374 2309 442 2345 psal.
461 2318 488 2341 L,
504 2310 529 2336 l.

88 2361 114 2387 Μ
127 2367 179 2395 pro
189 2359 225 2385 N.
236 2357 307 2385 LXX
319 2357 482 2391 lnterpretes
492 2362 586 2392 quater
597 2357 698 2384 habent
707 2355 788 2391 ὤμων
798 2361 847 2389 pro

59 2407 133 2438 ὗνων,
151 2407 277 2432 humeros
304 2411 354 2438 pro
379 2403 474 2434 asinis,
498 2402 580 2430 Josue
600 2409 638 2434 ix,
652 2402 722 2434 4,01
741 2409 785 2433 xv,
803 2400 846 2434 l8,

58 2451 102 2478 ubi
122 2451 149 2478 in
169 2449 307 2477 llebraico
323 2448 422 2483 legitur
436 2451 532 2476 71mm.

91 2497 194 2525 Praeter
208 2497 270 2523 illas
287 2499 378 2522 autem
391 2494 574 2521 tnutationum
591 2499 699 2525 causas,
716 2491 776 2518 alia:
791 2498 845 2518 non

60 2552 149 2578 paucae
164 2542 327 2570 acciderunt
339 2544 450 2575 propter
470 2539 675 2566 similitudinem
702 2537 848 2564 verborutn

62 2590 99 2616 vel
109 2590 178 2617 soni.
201 2588 249 2615 Sic
264 2587 326 2614 Job.
353 2593 451 2617 xxxtx,
475 2585 520 2613 2|.
548 2585 575 2611 in
594 2583 726 2610 Hebraico
752 2582 848 2617 legitur

58 2626 240 2679 WPLL
253 2634 283 2660 in
299 2639 440 2660 occursant
453 2635 606 2661 armatum,
620 2628 744 2663 Vulgata,
763 2628 790 2654 in
804 2635 848 2654 oc—

61 2691 160 2709 rnmim
174 2674 308 2710 armatis;
325 2679 371 2710 A.,
388 2677 454 2708 Th.,
472 2677 511 2707 εἰς
533 2676 692 2711 συνάντησιν
716 2674 807 2706 ὅπλου,
821 2675 849 2701 in

60 2736 191 2755 occursum
203 2727 268 2759 teli;
292 2725 383 2760 Sym.,
397 2724 438 2754 et;
460 2723 612 2757 ἀπάντησιν
638 2720 848 2756 καταφράκτων,

60 2775 84 2799 in
99 2781 234 2800 occursum
250 2770 516 2805 Cataphractorum;
535 2768 580 2795 ubi
592 2766 663 2794 LXX
676 2767 774 2794 habent
788 2775 849 2793 συν-

61 2820 139 2847 enim
149 2819 267 2855 βαπιλεί,
295 2823 442 2844 occurrens
465 2814 528 2850 regi,
541 2814 681 2846 mendose,
699 2820 749 2848 pro
766 2812 848 2848 βέλει,

62 2867 116 2899 tcto,
136 2875 168 2894 ex
185 2862 378 2894 similitudine
396 2860 455 2888 soni
470 2859 714 2888 etterminationis.
741 2857 773 2885 Εῑ
784 2865 849 2886 sane

903 2259 967 2286 tilus
980 2263 1032 2291 est,
1048 2258 1085 2285 ibi
1108 2257 1141 2284 ad
1161 2260 1243 2291 caput
1257 2256 1392 2283 decimum
1410 2259 1538 2291 quartum
1554 2255 1685 2282 duntaxat

900 2305 1066 2340 pervenitur,
1087 2303 1160 2339 quod
1179 2310 1240 2330 cum
1265 2309 1338 2329 nono
1361 2302 1448 2337 capite
1469 2302 1600 2330 hodierno
1616 2309 1684 2328 con-

900 2352 994 2379 currit.

935 2397 965 2423 In
983 2396 1052 2423 libro
1066 2395 1192 2422 Judicum
1207 2394 1280 2422 nulla
1297 2393 1416 2428 capitum
1432 2391 1572 2419 distinctio
1585 2399 1681 2419 occur-

900 2443 935 2470 rit
950 2442 976 2469 in
992 2440 1237 2475 Coisliniano._Sed
1251 2439 1357 2476 quoties
1372 2437 1500 2465 Israelita?
1513 2438 1547 2464 ob
1560 2437 1685 2472 praevari-

900 2487 1034 2515 cationetn
1049 2486 1076 2513 in
1089 2486 1247 2514 servitutem
1265 2485 1434 2520 rediguntur,
1451 2483 1478 2510 in
1494 2484 1616 2518 margine
1633 2490 1684 2518 po-

901 2533 974 2560 nitur
986 2541 993 2559 :
1006 2532 1113 2560 δουλεια
1123 2535 1157 2564 α’,
1170 2531 1276 2558 δουλεία
1288 2531 1322 2562 6',
1335 2534 1387 2557 etc.
1401 2528 1531 2556 Similiter
1544 2529 1578 2556 ad
1592 2529 1693 2565 singua

901 2580 942 2607 los
963 2579 1068 2614 judices
1082 2578 1128 2614 qui
1145 2577 1358 2610 constituuntur,
1372 2575 1517 2603 adnotatur
1530 2575 1634 2611 Κριτὴς
1646 2579 1683 2608 α’,

900 2624 994 2661 κριτὴς
1010 2624 1042 2650 6'.

937 2672 1019 2698 Libro
1038 2671 1127 2706 primo
1141 2669 1244 2705 Regum
1261 2668 1348 2703 prima
1359 2666 1455 2694 divisio
1470 2667 1497 2693 in
1514 2665 1628 2694 Coislin.
1642 2668 1684 2692 est

901 2718 935 2745 53
949 2718 1086 2752 capitum;
1102 2715 1221 2743 secunda
1237 2714 1279 2746 75,
1295 2714 1424 2741 hodierna
1444 2712 1487 2740 5|.

937 2764 1018 2791 Libro
1032 2762 1152 2791 secundo
1160 2762 1226 2796 Reg.
1244 2760 1367 2796 primalin
1379 2759 1491 2786 Coislin.
1505 2762 1546 2786 est
1561 2756 1595 2785 50
1606 2755 1685 2791 capi‘

901 2816 958 2839 tum
972 2819 978 2843 ;
995 2809 1111 2837 secunda
1128 2808 1173 2839 53,
1190 2807 1320 2834 hodierna
1343 2805 1388 2833 24.

938 2855 966 2883 ln
990 2855 1060 2883 libro
1075 2854 1155 2882 tertio
1173 2852 1277 2888 Regum
1290 2851 1386 2880 divisio
1401 2851 1428 2878 in
1441 2849 1539 2884 capita,
1557 2847 1685 2883 perplexa
