1902 3049
61 98 93 126 Bl
685 99 717 126 ΙΝ
737 98 898 126 llEXAPLA
917 96 1088 137 ORIGENIS.
1650 97 1686 126 8‘!

58 155 273 190 uniuscujusque
292 161 405 192 tempus
425 158 576 186 adnotavit.
592 158 660 185 lliuc
675 163 764 186 autem
782 159 849 185 hau-
867 160 889 188 Α
906 157 958 183 lam
971 161 1023 189 nn,
1038 161 1128 183 notam
1142 155 1286 183 accusativi
1301 163 1391 187 casus,
1409 155 1571 190 praeteriisse
1583 155 1685 182 \idere-

55 201 129 227 sisse
144 201 281 235 putandus
302 207 344 229 est
365 201 542 238 Epiphanius
559 205 583 230 id
601 204 671 239 quod
690 205 743 238 ait,
766 205 850 239 Aqui-

56 246 110 274 lam
138 255 237 282 nempe
256 248 308 275 sub
328 248 453 276 Adriano
471 250 632 284 imperatore
650 251 849 286 interpretatio-

56 300 119 319 netn
139 294 292 321 adornasse
316 303 395 322 suam
417 305 423 322 :
442 296 514 330 quod
531 297 610 323 etiam
628 297 783 323 conlirmari
800 305 849 331 po-

56 343 110 366 test
134 346 167 366 ex
190 339 294 366 Jusliui
309 342 487 374 testimonio,
503 343 548 377 qui
563 342 600 369 ait
622 342 647 369 in
666 342 776 377 Dialogo
791 351 850 369 cum

38 395 44 401 -
58 383 201 420 Tryphon:
217 393 226 411 :
248 386 327 412 Ἐπεὶ
345 386 373 413 δὲ
393 387 472 422 ὑμεῖς
487 387 534 414 καὶ
551 389 575 414 οί
599 388 753 415 διδάσκαλοι
773 389 850 424 ὑμῶν

55 430 177 465 τολμᾶτε
197 431 290 465 λέγειν
302 432 369 467 μηδὲ
390 433 515 468 εἰρῆσθαι
531 434 559 459 ἐν
575 435 607 469 τῇ
629 435 780 470 προφητείᾳ
804 434 849 461 τοῦ

62 474 176 501 Ἡσαΐου
188 483 194 489 “
217 475 293 502 Ἰδοὺ
310 477 329 509 ἠ
345 476 490 511 παρθένος
502 478 533 504 ἐν
550 479 653 512 γαστρὶ
666 478 726 510 ἓξει
745 479 793 505 καὶ
805 479 850 505 τέ-

59 519 141 552 ξεται
155 521 236 551 υἱὸν,
250 521 310 547 ἀλλ’
325 522 397 548 Ἰδοὺ
412 523 429 556 ἡ
445 523 546 556 νεανὶς
558 524 592 550 ἐν
604 525 709 559 γαστρὶ
721 524 851 559 λήψεται

60 567 108 594 καὶ
122 566 243 598 τέξεται
258 568 337 594 υἱόν.
357 567 382 594 Id
399 573 438 595 est
455 578 462 596 :
480 568 695 605 Quandoquidem
708 579 750 598 eos
765 576 789 598 et
803 572 850 598 do-

60 618 144 640 ctores
167 613 252 639 vestri
269 613 356 639 dicere
371 613 478 640 audetis
491 623 542 641 non
563 615 662 642 dictum
679 624 734 643 esse
748 617 773 643 in
790 625 851 651 pro-

60 659 147 692 phetia
164 657 280 685 Hesaiaz
293 666 302 684 :
319 652 389 685 Ecce.
402 659 478 694 virgo
495 660 520 686 iu
535 665 609 687 utero
624 661 746 693 habebit,
765 667 788 689 et
803 671 850 697 pa.

61 705 113 731 riet
126 704 215 730 lilium
229 714 237 737 ;
255 704 317 736 sed,
334 704 401 732 Ecce
417 705 616 733 adulescentula
639 708 664 734 in
682 713 757 735 utero
777 708 849 736 acci-

61 751 131 784 piet,
158 754 187 776 et
212 750 302 785 pariet
323 750 419 778 lilium.
448 750 498 778 Ubi
522 752 595 784 illud,
622 753 685 780 ἰδοὺ
700 755 718 787 ἡ
737 755 848 788 νεανὶς,

60 802 123 826 etc.,
138 804 172 823 ex
188 795 299 830 Aquila:
313 796 533 831 interpretatione
549 804 682 833 sumptum
697 805 739 827 est
753 810 760 827 :
779 801 849 828 unde

61 840 161 868 inferas
192 845 317 876 tempore
343 840 442 869 Justini
466 844 590 878 martyris
613 844 670 879 jam
697 846 847 880 cvulgatam

61 885 144 913 luisse
157 886 268 922 Aquila:
286 888 431 915 editionem
442 909 449 920 ,
466 894 545 924 atque
556 890 622 917 adeo
637 896 716 918 antea
737 891 846 924 factam,

61 933 186 960 videlicet
209 933 332 960 Adriano
351 934 486 968 principe,
505 939 534 962 ut
558 936 594 963 ait
615 935 798 971 Epiphanius,
814 946 846 966 ex

59 979 186 1013 Origene,
202 984 233 1005 ut
247 979 378 1013 creditur,
393 985 541 1008 mutuatus.

91 1026 196 1053 Caetera
212 1030 307 1053 autem
323 1035 383 1062 qua:
397 1027 497 1062 adjecit
514 1027 679 1063 Epiphanius
692 1029 724 1057 de
737 1029 844 1065 Aquila,

58 1080 110 1099 ann
136 1081 171 1099 ex
193 1072 291 1100 eodem
309 1072 382 1100 fonte
403 1073 527 1101 hausisse
545 1075 680 1109 putandus
701 1080 742 1103 est
759 1086 766 1103 :
784 1085 845 1104 nam

58 1118 129 1154 quod
151 1124 249 1146 narrat
265 1126 328 1146 cum
349 1119 383 1146 ab
396 1119 515 1147 Adriano
531 1122 713 1149 restaurantlaa
729 1123 786 1149 urbi
800 1123 844 1151 Je-

58 1164 263 1200 rosolymorum
281 1165 455 1199 pra'positum
474 1165 568 1199 fuisse,
578 1167 687 1201 perinde
697 1168 843 1202 suspicioni

56 1208 207 1235 obnoxium
223 1209 332 1235 videtur
344 1213 425 1243 atque
438 1209 465 1236 id
479 1211 550 1244 quod
563 1216 623 1238 ante
631 1212 744 1244 dixerat,
756 1212 842 1247 ipsum

57 1253 166 1280 Adriani
198 1261 326 1281 socerum
354 1253 446 1282 fuisse.
476 1254 587 1290 Reliqua
609 1256 642 1283 de
664 1257 843 1291 apotelesma-

57 1300 122 1331 tice,
150 1299 212 1326 sive
230 1299 266 1326 de
277 1299 491 1334 genethlialogiae
507 1309 568 1333 usu,
591 1301 623 1328 de
646 1302 792 1336 baptismo,
811 1304 844 1331 de

58 1345 160 1377 ejurato
179 1348 281 1379 postea
304 1344 530 1378 Christianismo,
547 1347 580 1373 de
593 1347 710 1374 admissa
726 1349 843 1375 circum-

58 1390 169 1422 cisione,
189 1391 280 1424 deque
291 1390 388 1425 adepta
401 1391 508 1418 demum
527 1391 663 1420 llebraicae
679 1393 776 1428 linguae
787 1401 844 1428 per-

59 1436 124 1463 lecta
138 1437 259 1467 notitia,
279 1437 410 1471 majorem
435 1445 499 1465 sane
511 1439 678 1472 postularent
698 1441 843 1467 auctorita-

59 1486 120 1513 tem,
133 1489 224 1516 exque
241 1481 375 1510 fabulosis
394 1481 547 1510 Judteorum
569 1484 769 1513 narrationibus
785 1494 843 1512 ma-

904 207 956 234 tur,
975 209 1023 236 pro
1038 201 1082 228 illa
1096 202 1144 227 σὺν
1162 201 1266 236 posuit,
1281 201 1344 236 quia
1358 206 1398 230 rei
1413 201 1440 228 itt
1456 200 1594 228 nonnullis
1606 200 1684 234 locis,

903 249 950 275 σὺν
963 247 1004 275 vel
1022 247 1090 283 μετὰ
1102 267 1110 280 ,
1128 247 1152 274 id
1169 252 1209 274 est
1220 255 1277 274 cum
1290 268 1298 280 ,
1314 247 1455 282 signiﬁcat.
1476 246 1557 281 quue
1570 254 1684 274 sexcen-

901 294 951 321 ties
973 293 1090 328 repetiit,
1108 293 1180 328 quod
1204 301 1268 320 sane
1293 301 1416 328 magnam
1442 293 1468 320 in
1491 293 1550 328 ejus
1568 293 1686 320 transla-

901 339 972 366 tione
994 339 1164 373 κακοφωνίαν
1187 339 1287 365 intulit.
1309 337 1360 365 Sed
1383 339 1533 366 audiendus
1549 339 1680 374 Hierony-

901 393 962 412 mus
983 385 1016 412 ad
1032 384 1238 412 Pammachium
1259 383 1296 410 De
1318 390 1371 419 opt.
1393 393 1450 420 gen.
1466 385 1656 419 interpretandi
1673 393 1683 411 :

901 430 996 465 Aquila
1019 435 1105 457 autem
1129 430 1275 465 proselytus
1300 435 1325 456 et
1345 431 1519 457 contentiosus
1543 431 1680 465 interpres,

901 477 944 511 qui
959 485 1008 503 non
1024 476 1108 503 solum
1121 476 1208 506 verba.
1222 476 1267 502 sed
1283 467 1452 511 etymologias
1469 484 1567 511 quoque
1586 477 1679 502 uerbo-

901 531 958 549 rum
982 523 1126 558 transferre
1146 527 1255 549 conatus
1271 528 1307 549 est
1318 523 1395 557 ,jure
1416 522 1554 557 projicitur
1567 531 1583 549 a
1598 522 1680 549 nobis.

901 571 965 604 Quis
985 572 1053 598 enim
1069 579 1115 605 pro
1131 571 1261 605 frumento
1282 575 1305 596 et
1318 569 1376 596 vino
1389 574 1413 596 et
1427 569 1482 596 oleo
1495 569 1575 603 poasit
1594 570 1632 596 vel
1644 570 1682 597 le-

900 625 957 652 gere
979 615 1018 643 vel
1033 616 1186 650 intelligere,
1212 614 1301 650 χεῦμα
1321 614 1477 649 ὀπωρισμὸν
1494 614 1680 649 culmos-qm,

899 661 968 696 quod
991 668 1036 687 nos
1058 667 1195 695 possumus
1211 659 1297 685 dicere
1316 657 1449 685 fusionem
1461 678 1468 689 ,
1486 658 1682 693 pomationem-

900 715 952 742 que
975 711 1002 734 et
1026 705 1232 740 splendentiam.
1264 706 1316 731 Aut
1331 705 1393 738 quia
1412 703 1516 731 llebrwi
1533 712 1582 730 non
1597 704 1681 730 solum

900 753 993 779 [tabent
1017 751 1120 787 ἄρθρα,
1140 750 1184 778 sed
1197 755 1221 777 et
1237 749 1378 785 πρόαρθρα
1389 769 1397 782 ,
1421 750 1465 776 ille
1486 749 1643 785 κακοζήλως
1656 753 1681 776 et

899 799 1014 834 syllabas
1037 799 1224 829 interpretatur
1249 802 1273 823 rt
1299 796 1412 828 litteras,
1438 796 1553 830 dicitque
1567 797 1615 822 σὺν
1635 796 1680 822 τὸν

865 837 886 868 Β
900 845 1012 881 οὐρανὸν
1029 844 1075 871 καὶ
1089 843 1136 870 σὺν
1152 843 1201 878 τὴν
1211 843 1273 878 γῆν,
1291 842 1360 878 quod
1373 841 1465 869 Grteca
1480 846 1504 868 et
1520 841 1616 868 Latina
1628 842 1681 868 Iin-

898 900 949 926 gua
966 891 1070 917 omnino
1086 897 1136 916 non
1150 890 1252 924 recipit.
1273 888 1355 923 Cujus
1371 889 1408 914 rei
1425 888 1570 923 exemplum
1587 895 1618 915 ex
1633 895 1680 914 no-

897 941 951 962 stro
966 942 1084 963 sermone
1109 940 1214 969 captare
1231 941 1379 966 possumus.
1400 932 1506 965 Quanta
1527 933 1595 959 enim
1609 932 1679 964 apud

897 981 1001 1008 Grtrcos
1024 981 1084 1008 bene
1098 980 1223 1006 dicuntur
1234 1001 1241 1011 ,
1255 987 1313 1014 quia
1326 979 1349 1006 si
1363 979 1397 1006 ad
1413 978 1518 1005 verbum
1535 978 1679 1012 transfera-

897 1036 964 1060 ntus,
978 1028 1006 1054 in
1020 1026 1116 1053 Latino
1130 1035 1180 1053 non
1194 1030 1335 1052 resonant:
1347 1030 1372 1052 et
1387 1033 1399 1052 ε
1415 1026 1526 1059 regione,
1538 1033 1595 1059 qua
1608 1026 1678 1059 apud

897 1082 941 1100 nos
958 1074 1077 1108 placent,
1094 1072 1117 1099 si
1132 1077 1265 1099 vertantur
1288 1071 1368 1106 juxta
1384 1072 1501 1098 ordinem
1512 1091 1519 1103 ,
1535 1071 1605 1104 apud
1617 1070 1678 1097 illos

895 1119 1078 1154 displicebant.
1100 1118 1165 1145 Illud
1180 1125 1244 1145 vero
1257 1117 1355 1152 χεῦμα,
1373 1117 1540 1152 ὀπωρισμὸν,
1557 1116 1679 1143 στιλπνό-

895 1174 980 1202 mea,
1004 1165 1075 1200 quod
1095 1165 1229 1192 undenam
1257 1169 1394 1198 sumptum
1409 1169 1481 1190 esset
1497 1169 1558 1190 ante
1570 1163 1678 1198 ignora-

896 1211 973 1238 batur
984 1231 991 1244 ,
1012 1218 1045 1238 ex
1068 1209 1144 1236 Deut.
1162 1217 1197 1236 vn
1209 1230 1215 1241 ,
1233 1209 1265 1235 15
1276 1228 1282 1240 ,
1298 1216 1370 1236 nunc
1380 1209 1467 1244 primo
1481 1208 1569 1243 prodit
1584 1209 1610 1235 in
1623 1208 1677 1243 Ap-

895 1257 1007 1292 pendice
1024 1264 1055 1283 ex
1074 1255 1168 1283 codice
1180 1255 1359 1282 Coisliniano.

929 1303 1081 1337 Aliquando
1103 1302 1185 1332 item,
1203 1301 1275 1328 nulla
1300 1301 1389 1328 habita
1413 1308 1541 1335 generum
1562 1305 1675 1333 ratione,

894 1353 923 1375 ut
938 1347 1112 1375 llebraismos
1138 1347 1318 1381 exprimeret,
1341 1346 1479 1382 singulare
1501 1354 1561 1373 cum
1579 1346 1676 1381 plurali

893 1393 1039 1429 copulavit,
1050 1397 1078 1419 ut
1093 1392 1159 1421 Gen.
1178 1401 1209 1425 ν,
1223 1392 1249 1425 5,
1264 1393 1311 1418 καὶ
1324 1391 1420 1427 ἔζησεν
1437 1392 1521 1427 Ἀδὰμ
1532 1393 1676 1428 τριάκοντα

893 1439 961 1470 ἐτος,
980 1438 1025 1465 καὶ
1041 1437 1183 1464 ἐννακόσια
1198 1436 1272 1469 ἔτος,
1289 1441 1315 1464 et
1329 1437 1394 1463 vixit
1408 1437 1492 1464 Adam
1505 1438 1614 1472 triginta
1628 1446 1676 1464 an-

894 1490 955 1509 num
969 1487 991 1509 et
1005 1487 1145 1517 nongentos
1157 1489 1264 1514 annum,
1280 1481 1342 1516 quia
1352 1489 1446 1516 nempe
1457 1490 1507 1509 vox
1516 1487 1574 1512 rem
1582 1483 1674 1518 singu-

60 1535 119 1554 nare
134 1532 300 1562 potuerunt.
315 1527 454 1563 Siquidem
471 1528 554 1555 Judaei
568 1528 670 1564 Aquin
683 1530 841 1564 editionem,
857 1516 878 1544 Ο
894 1528 958 1556 laris
974 1516 1088 1555 formam
1105 1527 1194 1560 habet,
1207 1527 1268 1554 licet
1283 1527 1326 1554 hic
1339 1527 1391 1554 vim
1405 1528 1516 1562 pluralis
1530 1516 1637 1560 habeat:
1648 1533 1677 1555 ut

59 1581 114 1601 eam
137 1574 268 1602 videlicet
292 1582 354 1609 quae
380 1574 452 1601 κατὰ
478 1575 619 1610 ἀκρίϐειαν
650 1575 719 1604 facta
746 1577 843 1610 fuerat,

59 1620 145 1653 magni
167 1618 320 1652 faciebant,
343 1624 536 1655 auctoremque
549 1621 620 1648 illius
636 1622 760 1650 laudibus
775 1631 844 1658 pra:-

60 1664 194 1691 dicabant.
228 1663 300 1691 llinc
326 1664 457 1700 Origenes
474 1666 507 1692 ad
521 1665 678 1694 Africanum
694 1678 701 1695 :
716 1667 760 1700 Sic
776 1670 844 1696 enim

60 1709 164 1743 Aquilia,
182 1708 328 1737 Hebraicis:
340 1709 447 1737 lectioni
462 1711 573 1738 serviens
587 1711 668 1738 edidit
685 1720 693 1738 :
708 1721 782 1748 quem
795 1713 845 1741 Ju-

61 1755 108 1780 da‘i
131 1755 337 1781 accuratissime
363 1756 478 1782 omnium
514 1757 620 1784 credunt
647 1758 845 1793 interpretatum

60 1808 111 1827 esse
118 1800 290 1835 Scripturam
303 1809 312 1828 :
325 1809 376 1836 quo
392 1802 505 1828 maxime
520 1803 557 1829 uti
572 1803 655 1830 solent
672 1805 716 1839 qui
731 1804 845 1831 Hebrai-

61 1853 116 1872 cam
134 1846 282 1873 dialertum
313 1847 452 1882 ignorant,
473 1852 560 1881 utpote
581 1850 626 1884 qui
649 1852 765 1877 omnium
789 1859 846 1878 ma-

60 1893 128 1919 xime
140 1901 249 1920 sensum
266 1900 399 1920 assecutus
415 1902 471 1921 esse
486 1900 601 1929 putetur.

156 1939 192 1966 ll.
216 1939 315 1974 Aquila
328 1939 393 1966 duas
409 1941 637 1975 interpretationes
651 1943 742 1970 edidit.

96 1983 168 2011 Duas
184 1990 276 2011 autem
292 1986 481 2013 translationes
494 1987 610 2015 edidisse
623 1989 746 2023 Aquilam
756 1990 847 2024 explo-

63 2034 148 2056 ratum
163 2036 206 2056 est
220 2039 227 2056 :
244 2031 369 2064 primam,
383 2031 548 2066 liberiorem,
567 2033 612 2060 ubi
628 2034 678 2062 etsi
693 2035 774 2062 verba
790 2035 846 2062 sin-

64 2075 121 2109 gula
138 2074 274 2102 Hebraica
290 2075 379 2103 Grazce
400 2077 551 2111 exprimere
567 2084 717 2114 satageret,
736 2087 845 2107 sensum

65 2124 150 2147 tamen
168 2126 232 2155 apte
246 2121 357 2148 reddere
373 2123 496 2155 curabat,
512 2131 597 2158 neque
615 2129 667 2152 tam
689 2126 848 2160 scrupulose

894 1582 973 1602 nemo
987 1582 1040 1601 non
1055 1574 1137 1601 videt.
1154 1572 1214 1600 Pari
1228 1572 1331 1600 ratione
1342 1580 1535 1608 nonnunquam
1549 1573 1674 1609 pluralia,

893 1628 954 1655 qua:
969 1620 1022 1647 vim
1038 1619 1184 1654 singularis
1198 1619 1306 1650 habent,
1321 1619 1365 1646 ille
1378 1619 1516 1654 pluraliter
1527 1621 1674 1654 expressit;

894 1667 934 1693 sit:
958 1666 1024 1693 Gen.
1052 1673 1089 1698 vr,
1112 1665 1139 1696 2,
1165 1656 1355 1695 armari-7:2.
1393 1665 1418 1690 οἱ
1441 1665 1492 1691 υἱοὶ
1520 1664 1573 1691 τῶν
1590 1664 1675 1698 Θεῶν,

893 1713 956 1747 quia
978 1712 1104 1739 nimirum
1126 1703 1214 1741 amba
1235 1711 1314 1738 habet
1344 1711 1456 1745 pluralis
1482 1709 1612 1743 formam,
1632 1711 1677 1739 ille

895 1759 1033 1793 pluraliter
1053 1758 1097 1785 hic
1119 1758 1198 1785 vertit
1222 1767 1228 1784 :
1253 1757 1298 1784 ubi
1312 1756 1444 1793 Vulgata,
1477 1757 1598 1785 Videntes
1626 1757 1675 1792 ﬁlii

895 1805 944 1832 Dei
970 1805 1042 1839 ﬁlias
1071 1804 1216 1830 hominum.
1236 1803 1276 1830 Ad
1301 1803 1358 1831 haec
1379 1804 1557 1839 etymologias
1585 1804 1676 1830 nomi-

895 1858 959 1878 num
976 1850 1173 1885 verborumque
1191 1850 1227 1877 ita
1243 1855 1425 1882 consectatur,
1444 1854 1483 1881 ut,
1498 1850 1571 1877 nulla
1585 1850 1675 1877 habita

896 1897 975 1925 serici
990 1896 1104 1929 ratione,
1122 1895 1244 1922 eamdem
1266 1903 1359 1923 vocem
1376 1895 1533 1924 llebraicam
1550 1900 1579 1922 ut
1592 1895 1678 1929 pluri-

896 1950 970 1970 mum
993 1942 1086 1969 eadem
1107 1941 1200 1969 Graeca
1223 1942 1375 1976 exprimat,
1401 1950 1454 1969 non
1468 1941 1589 1977 cogitans
1605 1941 1675 1968 idem

868 2008 873 2014 .
896 1989 1019 2021 verbum,
1033 1989 1056 2015 si
1069 1988 1128 2015 aliis
1145 1987 1313 2023 diversisque
1323 1987 1452 2023 jungatur
1466 1987 1588 2018 vocibus,
1603 1987 1675 2014 aliud

897 2034 1061 2069 signiﬁcare.

932 2079 976 2106 Ill.
999 2079 1063 2107 Utra
1078 2087 1110 2106 ex
1125 2079 1226 2106 duabus
1241 2080 1268 2106 in
1283 2078 1410 2114 Hexaplis
1429 2078 1515 2112 posita
1532 2078 1622 2112 fuerit.

933 2125 971 2152 Ex
989 2125 1033 2152 illa
1048 2132 1129 2160 porro
1151 2125 1252 2160 duplici
1275 2125 1379 2160 Aquila:
1401 2125 1535 2155 versione.
1562 2122 1676 2158 quaestio

64 2166 171 2194 voculas
185 2174 284 2193 omnes
297 2167 461 2199 sectabatur,
479 2176 509 2195 ac
523 2177 583 2196 cum
596 2171 693 2198 seriem
714 2172 843 2198 intertur-
862 2185 883 2212 Β
899 2171 996 2199 exoriri
1012 2175 1115 2206 potest;
1128 2174 1188 2197 utra
1205 2170 1328 2198 videlicet
1339 2178 1370 2197 ex
1386 2165 1491 2197 duabus
1509 2169 1536 2196 in
1549 2168 1676 2204 llexaplis

64 2209 172 2239 baturus
185 2219 248 2239 esse
264 2212 440 2246 prospiceret,
459 2219 651 2248 repra-sentare
669 2216 819 2251 negligebat
838 2225 844 2243 :

65 2258 130 2292 quod
148 2266 246 2284 verum
269 2259 500 2294 erat-interpretis
517 2260 643 2287 ollicium.
663 2261 781 2288 Alteram
799 2262 846 2289 de-

66 2303 122 2330 inde
143 2304 301 2331 versionem
326 2305 444 2339 paravit,
469 2313 529 2340 qua:
552 2307 621 2333 κατὰ
638 2308 778 2342 ἀκρίϐειαν
801 2316 848 2335 vo-

66 2349 205 2381 citabatur,
225 2349 252 2376 id
265 2354 317 2382 est,
336 2351 485 2377 secundum
496 2357 618 2379 exactam
632 2353 752 2380 vertendi
764 2354 847 2380 ratio-

66 2403 134 2428 nem,
158 2396 191 2422 de
211 2403 264 2430 qua
281 2394 462 2431 Hieronymus
477 2397 502 2423 in
519 2397 680 2425 Ezec/tielem
695 2407 754 2434 pag.
771 2400 820 2426 7l6
839 2409 846 2427 :

66 2442 162 2475 Aquila:
186 2441 304 2469 secunda
323 2441 414 2473 editio,
439 2451 517 2477 quam
542 2443 648 2471 Hebraei
673 2445 742 2471 κατὰ
770 2446 848 2481 ἀκρί-

66 2487 134 2515 ϐειαν
146 2490 309 2519 nominaut;
326 2488 371 2515 ubi
385 2494 461 2515 tanta
477 2491 649 2518 accuratione
661 2492 742 2518 verba
760 2496 786 2519 et
800 2499 847 2519 vo-

67 2535 133 2562 culas
158 2535 286 2569 singulas
311 2533 461 2561 llebraicas
485 2534 595 2562 reddere
615 2536 736 2568 curabat,
764 2541 793 2563 ut
815 2537 848 2564 de

67 2581 119 2615 styli
133 2581 260 2608 barbarie
278 2580 348 2606 nihil
363 2580 505 2614 cogitaret.
528 2580 665 2614 Ejusmodi
687 2589 750 2609 vero
765 2590 848 2609 κακο-

69 2626 150 2662 ζηλίας
171 2627 299 2662 exempla
323 2627 409 2654 multa
427 2626 548 2660 proferre
563 2635 722 2662 possemus;
739 2629 802 2662 sed,
818 2634 848 2656 ut

68 2679 150 2700 cetera
165 2679 287 2706 taceant,
315 2672 379 2706 quis
402 2679 458 2698 non
483 2679 551 2706 aegre
565 2672 633 2699 {erat
647 2672 703 2699 haec
716 2672 846 2701 Hebraica

67 2719 141 2751 verba.
158 2725 243 2763 γαίῃ
258 2724 314 2749 nm
328 2722 436 2747 mnam
447 2723 488 2745 na
500 2709 587 2746 uirida
600 2724 660 2747 ma
670 2722 796 2751 hiems,
809 2720 847 2747 sic

63 2772 174 2800 expressa
190 2768 298 2798 videre,
326 2765 356 2791 ὲν
369 2763 512 2799 κεφαλαίῳ
526 2763 629 2791 ἔκτισεν
643 2766 657 2791 ὀ
667 2765 732 2797 Θεὸς
746 2766 793 2792 σὺν
804 2766 847 2792 τὸν

62 2813 157 2850 εὖρκνδν
174 2814 223 2841 καὶ
243 2814 295 2840 σὺν
313 2811 363 2847 τὴν
386 2810 442 2844 γῆν
456 2818 462 2824 ·
482 2810 607 2838 nimirum
625 2811 668 2838 ille
683 2819 716 2838 nc
729 2811 847 2847 particu-

898 2217 931 2245 ab
943 2217 1057 2252 Origene
1069 2217 1156 2251 posita
1169 2216 1259 2248 luerit,
1271 2225 1305 2243 an
1318 2217 1416 2252 prima,
1430 2224 1463 2243 an
1478 2216 1605 2247 secunda,
1616 2223 1676 2250 qua:

897 2264 955 2289 κατ’
980 2263 1121 2299 ἀκρίϐειαν
1147 2263 1293 2290 vocabatur
1309 2273 1314 2290 :
1330 2267 1357 2290 et
1370 2269 1460 2290 utrum
1478 2271 1583 2297 semper
1599 2270 1674 2289 cam-

897 2310 957 2337 tlem
983 2309 1135 2336 adhibuerit
1157 2308 1288 2344 Origenes
1312 2309 1338 2335 in
1361 2309 1489 2337 omnibus
1513 2313 1539 2335 ct
1561 2308 1676 2343 singulis

898 2355 1045 2389 Scriptura:
1061 2354 1155 2388 libris;
1169 2361 1202 2380 an
1214 2354 1294 2381 modo
1311 2362 1403 2386 unam,
1419 2354 1499 2380 modo
1512 2354 1622 2380 alteram
1633 2361 1678 2388 ap-

897 2400 1029 2436 posuerit.
1058 2399 1117 2426 Non
1135 2400 1230 2427 dubito
1243 2407 1301 2426 eam
1319 2399 1345 2426 in
1369 2399 1493 2433 llexaplis
1516 2399 1595 2426 tertio
1618 2399 1677 2426 loco

898 2447 1031 2481 posuisse,
1053 2453 1112 2480 qua:
1130 2445 1193 2480 quia
1214 2445 1296 2471 nimia
1320 2445 1492 2472 accuratione
1515 2444 1677 2472 concinnata

898 2496 965 2525 erat,
979 2492 1036 2517 κατ’
1053 2490 1194 2525 ἀκρίϐειαν
1211 2490 1281 2517 facta
1296 2490 1451 2523 dicebatur;
1466 2497 1562 2524 nempe
1578 2497 1675 2517 secun-

898 2538 970 2564 dam.
998 2536 1025 2563 ld
1044 2543 1107 2563 vero
1129 2536 1224 2562 suadet
1239 2535 1370 2570 particula
1394 2536 1441 2562 σὺν
1459 2543 1530 2569 saepe
1545 2535 1632 2570 posita
1648 2535 1676 2562 iu

899 2582 932 2609 iis
954 2589 1014 2616 qua:
1038 2585 1184 2615 supersunt
1198 2580 1325 2607 editionis
1342 2580 1447 2614 Aquilae
1461 2580 1634 2616 fragmentis,
1651 2585 1678 2606 et

899 2629 950 2656 alia
965 2629 1055 2656 nimiae
1072 2628 1209 2662 religionis
1223 2628 1344 2663 vestigia.
1376 2627 1415 2654 Ex
1430 2627 1524 2654 eadem
1536 2627 1617 2654 etiam
1630 2627 1678 2653 de-

899 2680 998 2710 cerpta:
1013 2675 1086 2702 fuere
1101 2674 1229 2701 lectiones
1244 2674 1357 2708 Aquilae,
1372 2681 1432 2708 quae
1449 2674 1475 2700 in
1491 2673 1609 2700 editione
1624 2671 1678 2699 τῶν

899 2720 927 2747 (ι’
946 2720 1082 2754 hexaplari
1095 2728 1156 2747 cum
1179 2719 1315 2746 asteriscis
1327 2719 1360 2746 ab
1372 2718 1485 2754 Origene
1496 2719 1590 2753 posita
1603 2721 1676 2745 sunt.

899 2765 998 2792 Verum
1013 2767 1075 2801 quia
1089 2766 1115 2792 in
1132 2766 1200 2793 locis
1214 2765 1328 2801 Aquila‘,
1341 2773 1401 2799 quae
1416 2765 1569 2799 frequenter
1584 2764 1610 2790 in
1627 2763 1678 2790 hac

899 2812 1079 2846 Hexaplorum
1094 2812 1251 2839 collectione
1267 2817 1424 2842 occurrunt.
1451 2812 1508 2838 haec
1529 2815 1583 2837 tam
1599 2816 1677 2837 scru-
