  <div class='ocr_page' id='page_1' title='image "/cluster/home/n/w/nwhite01/storage/ocr_20150623/15/njp.32101010944542/049.png"; bbox 0 0 1902 3049; ppageno 0'>
   <div class='ocr_carea' id='block_1_1' title="bbox 230 72 1851 107">
    <p class='ocr_par' dir='ltr' id='par_1_1' title="bbox 230 72 1851 107">
     <span class='ocr_line' id='line_1_1' title="bbox 230 72 1851 107; baseline -0.006 0"><span class='ocrx_word' id='word_1_1' title='bbox 230 74 267 107; x_wconf 72' lang='lat' dir='ltr'><strong>stt</strong></span> <span class='ocrx_word' id='word_1_2' title='bbox 916 72 1172 102; x_wconf 61' lang='grc' dir='ltr'>ΡηιειιΜιΝΑιιιΑ</span> <span class='ocrx_word' id='word_1_3' title='bbox 1816 78 1851 106; x_wconf 62' lang='grc' dir='ltr'>ει</span> 
     </span>
    </p>
   </div>
   <div class='ocr_carea' id='block_1_2' title="bbox 231 135 1850 174">
    <p class='ocr_par' dir='ltr' id='par_1_2' title="bbox 231 135 1850 174">
     <span class='ocr_line' id='line_1_2' title="bbox 231 135 1850 174; baseline 0.001 -9"><span class='ocrx_word' id='word_1_4' title='bbox 231 138 328 173; x_wconf 87' lang='lat' dir='ltr'><strong>pulosa</strong></span> <span class='ocrx_word' id='word_1_5' title='bbox 350 137 470 165; x_wconf 73' lang='lat' dir='ltr'><strong>vertendi</strong></span> <span class='ocrx_word' id='word_1_6' title='bbox 494 137 563 164; x_wconf 90' lang='lat' dir='ltr'><strong>ratio</strong></span> <span class='ocrx_word' id='word_1_7' title='bbox 578 145 632 164; x_wconf 92' lang='lat' dir='ltr'><strong>non</strong></span> <span class='ocrx_word' id='word_1_8' title='bbox 650 137 751 173; x_wconf 87' lang='lat' dir='ltr'><strong>ubique</strong></span> <span class='ocrx_word' id='word_1_9' title='bbox 764 136 940 169; x_wconf 73' lang='lat' dir='ltr'><strong>observatur,</strong></span> <span class='ocrx_word' id='word_1_10' title='bbox 954 136 1018 163; x_wconf 88' lang='lat' dir='ltr'><strong>hinc</strong></span> <span class='ocrx_word' id='word_1_11' title='bbox 1031 137 1054 165; x_wconf 82' lang='lat' dir='ltr'><strong>A</strong></span> <span class='ocrx_word' id='word_1_12' title='bbox 1068 143 1129 170; x_wconf 71' lang='lat' dir='ltr'><strong>quae</strong></span> <span class='ocrx_word' id='word_1_13' title='bbox 1143 143 1158 162; x_wconf 95' lang='lat' dir='ltr'><strong>a</strong></span> <span class='ocrx_word' id='word_1_14' title='bbox 1170 135 1298 164; x_wconf 84' lang='lat' dir='ltr'><strong>Patribus</strong></span> <span class='ocrx_word' id='word_1_15' title='bbox 1311 140 1339 164; x_wconf 90' lang='lat' dir='ltr'><strong>ut</strong></span> <span class='ocrx_word' id='word_1_16' title='bbox 1355 136 1518 165; x_wconf 60' lang='lat' dir='ltr'><strong>Christiana:</strong></span> <span class='ocrx_word' id='word_1_17' title='bbox 1533 137 1594 165; x_wconf 85' lang='lat' dir='ltr'><strong>iidei</strong></span> <span class='ocrx_word' id='word_1_18' title='bbox 1608 137 1785 174; x_wconf 72' lang='lat' dir='ltr'><strong>repugnantia</strong></span> <span class='ocrx_word' id='word_1_19' title='bbox 1807 147 1850 166; x_wconf 87' lang='lat' dir='ltr'><strong>re-</strong></span> 
     </span>
    </p>
   </div>
   <div class='ocr_carea' id='block_1_3' title="bbox 232 182 1014 219">
    <p class='ocr_par' dir='ltr' id='par_1_3' title="bbox 232 182 1014 219">
     <span class='ocr_line' id='line_1_3' title="bbox 232 182 1014 219; baseline -0.003 -8"><span class='ocrx_word' id='word_1_20' title='bbox 232 183 348 211; x_wconf 81' lang='lat' dir='ltr'><strong>iortasse</strong></span> <span class='ocrx_word' id='word_1_21' title='bbox 360 183 494 218; x_wconf 83' lang='lat' dir='ltr'><strong>quispiam</strong></span> <span class='ocrx_word' id='word_1_22' title='bbox 508 183 673 218; x_wconf 76' lang='lat' dir='ltr'><strong>suspicetur,</strong></span> <span class='ocrx_word' id='word_1_23' title='bbox 688 191 720 211; x_wconf 90' lang='lat' dir='ltr'><strong>ea</strong></span> <span class='ocrx_word' id='word_1_24' title='bbox 731 191 792 218; x_wconf 68' lang='lat' dir='ltr'><strong>qua:</strong></span> <span class='ocrx_word' id='word_1_25' title='bbox 804 182 952 219; x_wconf 78' lang='lat' dir='ltr'><strong>elegantius</strong></span> <span class='ocrx_word' id='word_1_26' title='bbox 967 190 1014 209; x_wconf 77' lang='lat' dir='ltr'><strong>ex-</strong></span> 
     </span>
    </p>
   </div>
   <div class='ocr_carea' id='block_1_4' title="bbox 231 228 1015 264">
    <p class='ocr_par' dir='ltr' id='par_1_4' title="bbox 231 228 1015 264">
     <span class='ocr_line' id='line_1_4' title="bbox 231 228 1015 264; baseline -0.003 -8"><span class='ocrx_word' id='word_1_27' title='bbox 231 229 402 263; x_wconf 85' lang='lat' dir='ltr'><strong>primuntur,</strong></span> <span class='ocrx_word' id='word_1_28' title='bbox 417 236 466 256; x_wconf 92' lang='lat' dir='ltr'><strong>nec</strong></span> <span class='ocrx_word' id='word_1_29' title='bbox 482 233 583 256; x_wconf 88' lang='lat' dir='ltr'><strong>tantam</strong></span> <span class='ocrx_word' id='word_1_30' title='bbox 600 228 747 264; x_wconf 69' lang='lat' dir='ltr'><strong>praeferunt</strong></span> <span class='ocrx_word' id='word_1_31' title='bbox 763 228 918 263; x_wconf 83' lang='lat' dir='ltr'><strong>interpretis</strong></span> <span class='ocrx_word' id='word_1_32' title='bbox 936 228 1015 263; x_wconf 82' lang='grc' dir='ltr'>ἀκρί-</span> 
     </span>
    </p>
   </div>
   <div class='ocr_carea' id='block_1_5' title="bbox 231 274 1013 311">
    <p class='ocr_par' dir='ltr' id='par_1_5' title="bbox 231 274 1013 311">
     <span class='ocr_line' id='line_1_5' title="bbox 231 274 1013 311; baseline 0.001 -10"><span class='ocrx_word' id='word_1_33' title='bbox 231 276 316 307; x_wconf 69' lang='grc' dir='ltr'><strong>ϐειαν,</strong></span> <span class='ocrx_word' id='word_1_34' title='bbox 334 282 366 302; x_wconf 82' lang='lat' dir='ltr'><strong>ex</strong></span> <span class='ocrx_word' id='word_1_35' title='bbox 383 275 470 310; x_wconf 89' lang='lat' dir='ltr'><strong>prima</strong></span> <span class='ocrx_word' id='word_1_36' title='bbox 489 276 549 310; x_wconf 85' lang='lat' dir='ltr'><strong>ejus</strong></span> <span class='ocrx_word' id='word_1_37' title='bbox 562 274 697 308; x_wconf 83' lang='lat' dir='ltr'><strong>versione,</strong></span> <span class='ocrx_word' id='word_1_38' title='bbox 713 283 775 311; x_wconf 81' lang='lat' dir='ltr'><strong>qua:</strong></span> <span class='ocrx_word' id='word_1_39' title='bbox 787 275 913 303; x_wconf 85' lang='lat' dir='ltr'><strong>liberiore</strong></span> <span class='ocrx_word' id='word_1_40' title='bbox 928 275 1013 302; x_wconf 85' lang='lat' dir='ltr'><strong>inter-</strong></span> 
     </span>
    </p>
   </div>
   <div class='ocr_carea' id='block_1_6' title="bbox 231 320 1011 356">
    <p class='ocr_par' dir='ltr' id='par_1_6' title="bbox 231 320 1011 356">
     <span class='ocr_line' id='line_1_6' title="bbox 231 320 1011 356; baseline 0 -9"><span class='ocrx_word' id='word_1_41' title='bbox 231 320 351 355; x_wconf 89' lang='lat' dir='ltr'><strong>pretandi</strong></span> <span class='ocrx_word' id='word_1_42' title='bbox 376 328 473 356; x_wconf 81' lang='lat' dir='ltr'><strong>genere</strong></span> <span class='ocrx_word' id='word_1_43' title='bbox 487 320 618 348; x_wconf 90' lang='lat' dir='ltr'><strong>adornata</strong></span> <span class='ocrx_word' id='word_1_44' title='bbox 641 321 739 353; x_wconf 83' lang='lat' dir='ltr'><strong>fuerat,</strong></span> <span class='ocrx_word' id='word_1_45' title='bbox 761 321 901 356; x_wconf 89' lang='lat' dir='ltr'><strong>desumpta</strong></span> <span class='ocrx_word' id='word_1_46' title='bbox 916 321 1011 349; x_wconf 79' lang='lat' dir='ltr'><strong>fuisse.</strong></span> 
     </span>
    </p>
   </div>
   <div class='ocr_carea' id='block_1_7' title="bbox 232 365 1013 403">
    <p class='ocr_par' dir='ltr' id='par_1_7' title="bbox 232 365 1013 403">
     <span class='ocr_line' id='line_1_7' title="bbox 232 365 1013 403; baseline 0 -10"><span class='ocrx_word' id='word_1_47' title='bbox 232 365 331 393; x_wconf 89' lang='lat' dir='ltr'><strong>Verum</strong></span> <span class='ocrx_word' id='word_1_48' title='bbox 345 367 435 401; x_wconf 88' lang='lat' dir='ltr'><strong>potuit</strong></span> <span class='ocrx_word' id='word_1_49' title='bbox 453 366 550 402; x_wconf 86' lang='lat' dir='ltr'><strong>Aquila</strong></span> <span class='ocrx_word' id='word_1_50' title='bbox 562 386 568 398; x_wconf 92' lang='lat'><strong>,</strong></span> <span class='ocrx_word' id='word_1_51' title='bbox 585 367 667 394; x_wconf 86' lang='lat' dir='ltr'><strong>etiam</strong></span> <span class='ocrx_word' id='word_1_52' title='bbox 685 368 711 394; x_wconf 89' lang='lat' dir='ltr'><strong>in</strong></span> <span class='ocrx_word' id='word_1_53' title='bbox 728 367 773 395; x_wconf 92' lang='lat' dir='ltr'><strong>illa</strong></span> <span class='ocrx_word' id='word_1_54' title='bbox 790 367 849 394; x_wconf 78' lang='grc' dir='ltr'><strong>κατ’</strong></span> <span class='ocrx_word' id='word_1_55' title='bbox 871 367 1013 403; x_wconf 79' lang='grc' dir='ltr'><strong>ἀκρίϐειαν</strong></span> 
     </span>
    </p>
   </div>
   <div class='ocr_carea' id='block_1_8' title="bbox 229 413 1012 449">
    <p class='ocr_par' dir='ltr' id='par_1_8' title="bbox 229 413 1012 449">
     <span class='ocr_line' id='line_1_8' title="bbox 229 413 1012 449; baseline 0 -9"><span class='ocrx_word' id='word_1_56' title='bbox 229 413 462 448; x_wconf 84' lang='lat' dir='ltr'><strong>interpretatione,</strong></span> <span class='ocrx_word' id='word_1_57' title='bbox 475 421 528 441; x_wconf 92' lang='lat' dir='ltr'><strong>non</strong></span> <span class='ocrx_word' id='word_1_58' title='bbox 545 421 652 449; x_wconf 84' lang='lat' dir='ltr'><strong>semper</strong></span> <span class='ocrx_word' id='word_1_59' title='bbox 659 414 752 442; x_wconf 91' lang='lat' dir='ltr'><strong>eadem</strong></span> <span class='ocrx_word' id='word_1_60' title='bbox 765 414 894 449; x_wconf 80' lang='lat' dir='ltr'><strong>religione</strong></span> <span class='ocrx_word' id='word_1_61' title='bbox 908 414 935 441; x_wconf 95' lang='lat' dir='ltr'><strong>in</strong></span> <span class='ocrx_word' id='word_1_62' title='bbox 950 421 1012 441; x_wconf 91' lang='lat' dir='ltr'><strong>ver-</strong></span> 
     </span>
    </p>
   </div>
   <div class='ocr_carea' id='block_1_9' title="bbox 228 458 1013 494">
    <p class='ocr_par' dir='ltr' id='par_1_9' title="bbox 228 458 1013 494">
     <span class='ocr_line' id='line_1_9' title="bbox 228 458 1013 494; baseline 0 -8"><span class='ocrx_word' id='word_1_63' title='bbox 228 458 309 486; x_wconf 86' lang='lat' dir='ltr'><strong>tendo</strong></span> <span class='ocrx_word' id='word_1_64' title='bbox 327 458 367 485; x_wconf 91' lang='lat' dir='ltr'><strong>uti</strong></span> <span class='ocrx_word' id='word_1_65' title='bbox 391 467 398 485; x_wconf 94' lang='lat'><strong>:</strong></span> <span class='ocrx_word' id='word_1_66' title='bbox 424 466 474 486; x_wconf 87' lang='lat' dir='ltr'><strong>nec</strong></span> <span class='ocrx_word' id='word_1_67' title='bbox 488 458 627 486; x_wconf 90' lang='lat' dir='ltr'><strong>insolitum</strong></span> <span class='ocrx_word' id='word_1_68' title='bbox 649 464 690 487; x_wconf 85' lang='lat' dir='ltr'><strong>est</strong></span> <span class='ocrx_word' id='word_1_69' title='bbox 704 460 864 494; x_wconf 83' lang='lat' dir='ltr'><strong>interpretes</strong></span> <span class='ocrx_word' id='word_1_70' title='bbox 877 459 1013 494; x_wconf 82' lang='lat' dir='ltr'><strong>quoslibet</strong></span> 
     </span>
    </p>
   </div>
   <div class='ocr_carea' id='block_1_10' title="bbox 228 504 1012 542">
    <p class='ocr_par' dir='ltr' id='par_1_10' title="bbox 228 504 1012 542">
     <span class='ocr_line' id='line_1_10' title="bbox 228 504 1012 542; baseline 0.003 -11"><span class='ocrx_word' id='word_1_71' title='bbox 228 504 310 532; x_wconf 91' lang='lat' dir='ltr'><strong>modo</strong></span> <span class='ocrx_word' id='word_1_72' title='bbox 333 504 429 532; x_wconf 64' lang='lat' dir='ltr'><strong>littera</strong></span> <span class='ocrx_word' id='word_1_73' title='bbox 449 505 568 538; x_wconf 57' lang='lat' dir='ltr'><strong>haerere,</strong></span> <span class='ocrx_word' id='word_1_74' title='bbox 592 506 673 533; x_wconf 91' lang='lat' dir='ltr'><strong>modo</strong></span> <span class='ocrx_word' id='word_1_75' title='bbox 699 506 862 542; x_wconf 79' lang='lat' dir='ltr'><strong>elegantiore</strong></span> <span class='ocrx_word' id='word_1_76' title='bbox 881 505 1012 541; x_wconf 87' lang='lat' dir='ltr'><strong>interpre—</strong></span> 
     </span>
    </p>
   </div>
   <div class='ocr_carea' id='block_1_11' title="bbox 228 551 1011 588">
    <p class='ocr_par' dir='ltr' id='par_1_11' title="bbox 228 551 1011 588">
     <span class='ocr_line' id='line_1_11' title="bbox 228 551 1011 588; baseline 0.001 -10"><span class='ocrx_word' id='word_1_77' title='bbox 228 551 303 578; x_wconf 85' lang='lat' dir='ltr'><strong>tandi</strong></span> <span class='ocrx_word' id='word_1_78' title='bbox 318 558 417 587; x_wconf 78' lang='lat' dir='ltr'><strong>genere</strong></span> <span class='ocrx_word' id='word_1_79' title='bbox 433 552 589 586; x_wconf 85' lang='lat' dir='ltr'><strong>procedere.</strong></span> <span class='ocrx_word' id='word_1_80' title='bbox 611 553 721 580; x_wconf 88' lang='lat' dir='ltr'><strong>Certum</strong></span> <span class='ocrx_word' id='word_1_81' title='bbox 734 552 816 588; x_wconf 81' lang='lat' dir='ltr'><strong>igitur</strong></span> <span class='ocrx_word' id='word_1_82' title='bbox 831 552 935 585; x_wconf 87' lang='lat' dir='ltr'><strong>habeo,</strong></span> <span class='ocrx_word' id='word_1_83' title='bbox 949 552 1011 579; x_wconf 84' lang='lat' dir='ltr'><strong>Ori-</strong></span> 
     </span>
    </p>
   </div>
   <div class='ocr_carea' id='block_1_12' title="bbox 227 597 1011 633">
    <p class='ocr_par' dir='ltr' id='par_1_12' title="bbox 227 597 1011 633">
     <span class='ocr_line' id='line_1_12' title="bbox 227 597 1011 633; baseline 0.001 -9"><span class='ocrx_word' id='word_1_84' title='bbox 227 604 322 631; x_wconf 76' lang='lat' dir='ltr'><strong>genem</strong></span> <span class='ocrx_word' id='word_1_85' title='bbox 333 598 361 624; x_wconf 92' lang='lat' dir='ltr'><strong>in</strong></span> <span class='ocrx_word' id='word_1_86' title='bbox 374 597 451 624; x_wconf 90' lang='lat' dir='ltr'><strong>tertia</strong></span> <span class='ocrx_word' id='word_1_87' title='bbox 469 597 649 633; x_wconf 83' lang='lat' dir='ltr'><strong>Hexaplorum</strong></span> <span class='ocrx_word' id='word_1_88' title='bbox 666 598 792 626; x_wconf 81' lang='lat' dir='ltr'><strong>columna</strong></span> <span class='ocrx_word' id='word_1_89' title='bbox 808 598 913 633; x_wconf 72' lang='lat' dir='ltr'><strong>Aquila:</strong></span> <span class='ocrx_word' id='word_1_90' title='bbox 929 598 1011 625; x_wconf 88' lang='lat' dir='ltr'><strong>inter-</strong></span> 
     </span>
    </p>
   </div>
   <div class='ocr_carea' id='block_1_13' title="bbox 227 643 1012 681">
    <p class='ocr_par' dir='ltr' id='par_1_13' title="bbox 227 643 1012 681">
     <span class='ocr_line' id='line_1_13' title="bbox 227 643 1012 681; baseline 0.003 -11"><span class='ocrx_word' id='word_1_91' title='bbox 227 643 404 678; x_wconf 85' lang='lat' dir='ltr'><strong>pretationem</strong></span> <span class='ocrx_word' id='word_1_92' title='bbox 420 644 494 672; x_wconf 84' lang='lat' dir='ltr'><strong>illam</strong></span> <span class='ocrx_word' id='word_1_93' title='bbox 508 645 632 680; x_wconf 90' lang='lat' dir='ltr'><strong>posuisse</strong></span> <span class='ocrx_word' id='word_1_94' title='bbox 643 666 650 677; x_wconf 90' lang='lat'><strong>,</strong></span> <span class='ocrx_word' id='word_1_95' title='bbox 669 653 730 680; x_wconf 57' lang='lat' dir='ltr'><strong>quas</strong></span> <span class='ocrx_word' id='word_1_96' title='bbox 754 646 814 672; x_wconf 71' lang='grc' dir='ltr'><strong>κατ’</strong></span> <span class='ocrx_word' id='word_1_97' title='bbox 830 645 972 681; x_wconf 78' lang='grc' dir='ltr'><strong>ἀκρίϐειαν</strong></span> <span class='ocrx_word' id='word_1_98' title='bbox 985 650 1012 673; x_wconf 88' lang='lat' dir='ltr'><strong>et</strong></span> 
     </span>
    </p>
   </div>
   <div class='ocr_carea' id='block_1_14' title="bbox 226 690 1011 726">
    <p class='ocr_par' dir='ltr' id='par_1_14' title="bbox 226 690 1011 726">
     <span class='ocr_line' id='line_1_14' title="bbox 226 690 1011 726; baseline 0.004 -10"><span class='ocrx_word' id='word_1_99' title='bbox 226 690 344 717; x_wconf 88' lang='lat' dir='ltr'><strong>secunda</strong></span> <span class='ocrx_word' id='word_1_100' title='bbox 365 690 513 718; x_wconf 81' lang='lat' dir='ltr'><strong>vocabatur</strong></span> <span class='ocrx_word' id='word_1_101' title='bbox 524 711 531 723; x_wconf 91' lang='lat'><strong>,</strong></span> <span class='ocrx_word' id='word_1_102' title='bbox 547 698 574 718; x_wconf 89' lang='lat' dir='ltr'><strong>et</strong></span> <span class='ocrx_word' id='word_1_103' title='bbox 597 691 724 719; x_wconf 86' lang='lat' dir='ltr'><strong>lectiones</strong></span> <span class='ocrx_word' id='word_1_104' title='bbox 747 691 852 726; x_wconf 64' lang='lat' dir='ltr'><strong>Aquilae</strong></span> <span class='ocrx_word' id='word_1_105' title='bbox 867 691 926 719; x_wconf 89' lang='lat' dir='ltr'><strong>illas</strong></span> <span class='ocrx_word' id='word_1_106' title='bbox 942 699 1011 726; x_wconf 85' lang='lat' dir='ltr'><strong>quas</strong></span> 
     </span>
    </p>
   </div>
   <div class='ocr_carea' id='block_1_15' title="bbox 226 735 1011 772">
    <p class='ocr_par' dir='ltr' id='par_1_15' title="bbox 226 735 1011 772">
     <span class='ocr_line' id='line_1_15' title="bbox 226 735 1011 772; baseline 0.001 -10"><span class='ocrx_word' id='word_1_107' title='bbox 226 735 376 769; x_wconf 66' lang='lat' dir='ltr'><strong>praemissis</strong></span> <span class='ocrx_word' id='word_1_108' title='bbox 401 737 540 764; x_wconf 91' lang='lat' dir='ltr'><strong>asteriscis</strong></span> <span class='ocrx_word' id='word_1_109' title='bbox 565 737 591 763; x_wconf 92' lang='lat' dir='ltr'><strong>in</strong></span> <span class='ocrx_word' id='word_1_110' title='bbox 614 737 751 772; x_wconf 77' lang='lat' dir='ltr'><strong>hexaplari</strong></span> <span class='ocrx_word' id='word_1_111' title='bbox 774 736 827 763; x_wconf 81' lang='grc' dir='ltr'><strong>τῶν</strong></span> <span class='ocrx_word' id='word_1_112' title='bbox 843 738 870 763; x_wconf 92' lang='lat' dir='ltr'><strong>O’</strong></span> <span class='ocrx_word' id='word_1_113' title='bbox 893 737 1011 764; x_wconf 82' lang='lat' dir='ltr'><strong>editione</strong></span> 
     </span>
    </p>
   </div>
   <div class='ocr_carea' id='block_1_16' title="bbox 225 781 586 818">
    <p class='ocr_par' dir='ltr' id='par_1_16' title="bbox 225 781 586 818">
     <span class='ocr_line' id='line_1_16' title="bbox 225 781 586 818; baseline 0.006 -10"><span class='ocrx_word' id='word_1_114' title='bbox 225 781 326 815; x_wconf 80' lang='lat' dir='ltr'><strong>posuit,</strong></span> <span class='ocrx_word' id='word_1_115' title='bbox 343 789 376 809; x_wconf 79' lang='lat' dir='ltr'><strong>ex</strong></span> <span class='ocrx_word' id='word_1_116' title='bbox 390 789 422 810; x_wconf 89' lang='lat' dir='ltr'><strong>ea</strong></span> <span class='ocrx_word' id='word_1_117' title='bbox 438 783 586 818; x_wconf 75' lang='lat' dir='ltr'><strong>accepisse.</strong></span> 
     </span>
    </p>
   </div>
   <div class='ocr_carea' id='block_1_17' title="bbox 225 836 1009 875">
    <p class='ocr_par' dir='ltr' id='par_1_17' title="bbox 225 836 1009 875">
     <span class='ocr_line' id='line_1_17' title="bbox 225 836 1009 875; baseline 0.004 -10"><span class='ocrx_word' id='word_1_118' title='bbox 225 836 271 865; x_wconf 80' lang='grc' dir='ltr'><strong>ιν.</strong></span> <span class='ocrx_word' id='word_1_119' title='bbox 288 837 329 865; x_wconf 82' lang='lat' dir='ltr'><strong>An</strong></span> <span class='ocrx_word' id='word_1_120' title='bbox 344 838 376 866; x_wconf 84' lang='lat' dir='ltr'><strong>de</strong></span> <span class='ocrx_word' id='word_1_121' title='bbox 390 839 523 866; x_wconf 87' lang='lat' dir='ltr'><strong>industria</strong></span> <span class='ocrx_word' id='word_1_122' title='bbox 538 840 634 875; x_wconf 76' lang='lat' dir='ltr'><strong>Aquila</strong></span> <span class='ocrx_word' id='word_1_123' title='bbox 653 841 774 875; x_wconf 62' lang='lat' dir='ltr'><strong>qua’dam</strong></span> <span class='ocrx_word' id='word_1_124' title='bbox 791 841 938 875; x_wconf 82' lang='lat' dir='ltr'><strong>Scripturw</strong></span> <span class='ocrx_word' id='word_1_125' title='bbox 951 842 1009 868; x_wconf 62' lang='grc' dir='ltr'><strong>[ιτα</strong></span> 
     </span>
    </p>
   </div>
   <div class='ocr_carea' id='block_1_18' title="bbox 412 875 822 903">
    <p class='ocr_par' dir='ltr' id='par_1_18' title="bbox 412 875 822 903">
     <span class='ocr_line' id='line_1_18' title="bbox 412 875 822 903; baseline 0.005 -2"><span class='ocrx_word' id='word_1_126' title='bbox 412 876 440 901; x_wconf 84' lang='lat' dir='ltr'><strong>in</strong></span> <span class='ocrx_word' id='word_1_127' title='bbox 457 875 540 901; x_wconf 83' lang='lat' dir='ltr'><strong>alium</strong></span> <span class='ocrx_word' id='word_1_128' title='bbox 555 884 658 902; x_wconf 84' lang='lat' dir='ltr'><strong>sensum</strong></span> <span class='ocrx_word' id='word_1_129' title='bbox 674 876 822 903; x_wconf 76' lang='lat' dir='ltr'><strong>deterserit.</strong></span> 
     </span>
    </p>
   </div>
   <div class='ocr_carea' id='block_1_19' title="bbox 261 919 1010 958">
    <p class='ocr_par' dir='ltr' id='par_1_19' title="bbox 261 919 1010 958">
     <span class='ocr_line' id='line_1_19' title="bbox 261 919 1010 958; baseline 0.004 -11"><span class='ocrx_word' id='word_1_130' title='bbox 261 919 320 947; x_wconf 75' lang='lat' dir='ltr'><strong>lina</strong></span> <span class='ocrx_word' id='word_1_131' title='bbox 344 920 395 948; x_wconf 81' lang='lat' dir='ltr'><strong>fuit</strong></span> <span class='ocrx_word' id='word_1_132' title='bbox 420 926 577 949; x_wconf 87' lang='lat' dir='ltr'><strong>sanctorum</strong></span> <span class='ocrx_word' id='word_1_133' title='bbox 606 921 714 948; x_wconf 86' lang='lat' dir='ltr'><strong>Patrum</strong></span> <span class='ocrx_word' id='word_1_134' title='bbox 740 927 916 958; x_wconf 81' lang='lat' dir='ltr'><strong>veterumque</strong></span> <span class='ocrx_word' id='word_1_135' title='bbox 943 931 1010 958; x_wconf 89' lang='lat' dir='ltr'><strong>pene</strong></span> 
     </span>
    </p>
   </div>
   <div class='ocr_carea' id='block_1_20' title="bbox 224 965 1008 1002">
    <p class='ocr_par' dir='ltr' id='par_1_20' title="bbox 224 965 1008 1002">
     <span class='ocr_line' id='line_1_20' title="bbox 224 965 1008 1002; baseline 0.006 -11"><span class='ocrx_word' id='word_1_136' title='bbox 224 965 345 992; x_wconf 88' lang='lat' dir='ltr'><strong>omnium</strong></span> <span class='ocrx_word' id='word_1_137' title='bbox 367 974 444 993; x_wconf 88' lang='lat' dir='ltr'><strong>mens</strong></span> <span class='ocrx_word' id='word_1_138' title='bbox 468 971 495 993; x_wconf 89' lang='lat' dir='ltr'><strong>et</strong></span> <span class='ocrx_word' id='word_1_139' title='bbox 516 967 619 1001; x_wconf 90' lang='lat' dir='ltr'><strong>opinio,</strong></span> <span class='ocrx_word' id='word_1_140' title='bbox 637 967 762 1002; x_wconf 80' lang='lat' dir='ltr'><strong>Aquilam</strong></span> <span class='ocrx_word' id='word_1_141' title='bbox 787 969 822 995; x_wconf 89' lang='lat' dir='ltr'><strong>ob</strong></span> <span class='ocrx_word' id='word_1_142' title='bbox 839 968 939 995; x_wconf 81' lang='lat' dir='ltr'><strong>illatam</strong></span> <span class='ocrx_word' id='word_1_143' title='bbox 956 969 1008 996; x_wconf 86' lang='lat' dir='ltr'><strong>sibi</strong></span> 
     </span>
    </p>
   </div>
   <div class='ocr_carea' id='block_1_21' title="bbox 223 1009 1008 1048">
    <p class='ocr_par' dir='ltr' id='par_1_21' title="bbox 223 1009 1008 1048">
     <span class='ocr_line' id='line_1_21' title="bbox 223 1009 1008 1048; baseline 0.006 -11"><span class='ocrx_word' id='word_1_144' title='bbox 223 1010 258 1038; x_wconf 89' lang='lat' dir='ltr'><strong>ab</strong></span> <span class='ocrx_word' id='word_1_145' title='bbox 276 1009 404 1038; x_wconf 64' lang='lat' dir='ltr'><strong>Ecclesiae</strong></span> <span class='ocrx_word' id='word_1_146' title='bbox 420 1011 566 1047; x_wconf 72' lang='lat' dir='ltr'><strong>praefectis,</strong></span> <span class='ocrx_word' id='word_1_147' title='bbox 586 1020 668 1047; x_wconf 87' lang='lat' dir='ltr'><strong>quam</strong></span> <span class='ocrx_word' id='word_1_148' title='bbox 687 1021 769 1048; x_wconf 85' lang='lat' dir='ltr'><strong>supra</strong></span> <span class='ocrx_word' id='word_1_149' title='bbox 784 1015 1008 1047; x_wconf 82' lang='lat' dir='ltr'><strong>memoravimus,</strong></span> 
     </span>
    </p>
   </div>
   <div class='ocr_carea' id='block_1_22' title="bbox 223 1057 1009 1095">
    <p class='ocr_par' dir='ltr' id='par_1_22' title="bbox 223 1057 1009 1095">
     <span class='ocr_line' id='line_1_22' title="bbox 223 1057 1009 1095; baseline 0.006 -12"><span class='ocrx_word' id='word_1_150' title='bbox 223 1057 416 1085; x_wconf 82' lang='lat' dir='ltr'><strong>contumeliam</strong></span> <span class='ocrx_word' id='word_1_151' title='bbox 434 1058 508 1092; x_wconf 85' lang='lat' dir='ltr'><strong>(nam</strong></span> <span class='ocrx_word' id='word_1_152' title='bbox 524 1059 596 1093; x_wconf 75' lang='lat' dir='ltr'><strong>quod</strong></span> <span class='ocrx_word' id='word_1_153' title='bbox 613 1059 649 1086; x_wconf 89' lang='lat' dir='ltr'><strong>illi</strong></span> <span class='ocrx_word' id='word_1_154' title='bbox 668 1067 700 1086; x_wconf 76' lang='lat' dir='ltr'><strong>ex</strong></span> <span class='ocrx_word' id='word_1_155' title='bbox 718 1067 781 1087; x_wconf 90' lang='lat' dir='ltr'><strong>vero</strong></span> <span class='ocrx_word' id='word_1_156' title='bbox 794 1060 934 1095; x_wconf 81' lang='lat' dir='ltr'><strong>religionis</strong></span> <span class='ocrx_word' id='word_1_157' title='bbox 953 1061 1009 1095; x_wconf 91' lang='lat' dir='ltr'><strong>pie—</strong></span> 
     </span>
    </p>
   </div>
   <div class='ocr_carea' id='block_1_23' title="bbox 223 1101 1007 1142">
    <p class='ocr_par' dir='ltr' id='par_1_23' title="bbox 223 1101 1007 1142">
     <span class='ocr_line' id='line_1_23' title="bbox 223 1101 1007 1142; baseline 0.008 -14"><span class='ocrx_word' id='word_1_158' title='bbox 223 1101 342 1137; x_wconf 87' lang='lat' dir='ltr'><strong>tatisque</strong></span> <span class='ocrx_word' id='word_1_159' title='bbox 358 1103 449 1130; x_wconf 88' lang='lat' dir='ltr'><strong>studio</strong></span> <span class='ocrx_word' id='word_1_160' title='bbox 464 1104 640 1136; x_wconf 90' lang='lat' dir='ltr'><strong>admiserant,</strong></span> <span class='ocrx_word' id='word_1_161' title='bbox 664 1105 771 1140; x_wconf 76' lang='lat' dir='ltr'><strong>injuria:</strong></span> <span class='ocrx_word' id='word_1_162' title='bbox 786 1106 848 1134; x_wconf 90' lang='lat' dir='ltr'><strong>loco</strong></span> <span class='ocrx_word' id='word_1_163' title='bbox 869 1106 1007 1142; x_wconf 85' lang='lat' dir='ltr'><strong>habebat),</strong></span> 
     </span>
    </p>
   </div>
   <div class='ocr_carea' id='block_1_24' title="bbox 224 1146 1007 1185">
    <p class='ocr_par' dir='ltr' id='par_1_24' title="bbox 224 1146 1007 1185">
     <span class='ocr_line' id='line_1_24' title="bbox 224 1146 1007 1185; baseline 0.006 -12"><span class='ocrx_word' id='word_1_164' title='bbox 224 1146 360 1174; x_wconf 82' lang='lat' dir='ltr'><strong>infensum</strong></span> <span class='ocrx_word' id='word_1_165' title='bbox 373 1153 464 1182; x_wconf 86' lang='lat' dir='ltr'><strong>postea</strong></span> <span class='ocrx_word' id='word_1_166' title='bbox 476 1149 639 1177; x_wconf 73' lang='lat' dir='ltr'><strong>Christiana:</strong></span> <span class='ocrx_word' id='word_1_167' title='bbox 653 1150 775 1185; x_wconf 69' lang='lat' dir='ltr'><strong>religioni</strong></span> <span class='ocrx_word' id='word_1_168' title='bbox 789 1150 888 1184; x_wconf 83' lang='lat' dir='ltr'><strong>fuisse;</strong></span> <span class='ocrx_word' id='word_1_169' title='bbox 904 1159 936 1179; x_wconf 91' lang='lat' dir='ltr'><strong>ac</strong></span> <span class='ocrx_word' id='word_1_170' title='bbox 948 1151 1007 1178; x_wconf 89' lang='lat' dir='ltr'><strong>loca</strong></span> 
     </span>
    </p>
   </div>
   <div class='ocr_carea' id='block_1_25' title="bbox 223 1190 1005 1229">
    <p class='ocr_par' dir='ltr' id='par_1_25' title="bbox 223 1190 1005 1229">
     <span class='ocr_line' id='line_1_25' title="bbox 223 1190 1005 1229; baseline 0.009 -12"><span class='ocrx_word' id='word_1_171' title='bbox 223 1190 328 1219; x_wconf 83' lang='lat' dir='ltr'><strong>Veteris</strong></span> <span class='ocrx_word' id='word_1_172' title='bbox 341 1192 517 1226; x_wconf 84' lang='lat' dir='ltr'><strong>&#39;l‘estamenti,</strong></span> <span class='ocrx_word' id='word_1_173' title='bbox 536 1202 596 1229; x_wconf 65' lang='lat' dir='ltr'><strong>qum</strong></span> <span class='ocrx_word' id='word_1_174' title='bbox 609 1194 729 1222; x_wconf 83' lang='lat' dir='ltr'><strong>futurum</strong></span> <span class='ocrx_word' id='word_1_175' title='bbox 743 1197 845 1224; x_wconf 85' lang='lat' dir='ltr'><strong>Christi</strong></span> <span class='ocrx_word' id='word_1_176' title='bbox 862 1197 1005 1225; x_wconf 75' lang='lat' dir='ltr'><strong>adventum</strong></span> 
     </span>
    </p>
   </div>
   <div class='ocr_carea' id='block_1_26' title="bbox 222 1239 1006 1272">
    <p class='ocr_par' dir='ltr' id='par_1_26' title="bbox 222 1239 1006 1272">
     <span class='ocr_line' id='line_1_26' title="bbox 222 1239 1006 1272; baseline 0.01 -8"><span class='ocrx_word' id='word_1_177' title='bbox 222 1239 451 1272; x_wconf 65' lang='lat' dir='ltr'><strong>praanuntiabant,</strong></span> <span class='ocrx_word' id='word_1_178' title='bbox 476 1240 509 1267; x_wconf 91' lang='lat' dir='ltr'><strong>de</strong></span> <span class='ocrx_word' id='word_1_179' title='bbox 535 1241 668 1269; x_wconf 87' lang='lat' dir='ltr'><strong>industria</strong></span> <span class='ocrx_word' id='word_1_180' title='bbox 699 1242 726 1268; x_wconf 92' lang='lat' dir='ltr'><strong>in</strong></span> <span class='ocrx_word' id='word_1_181' title='bbox 754 1243 931 1272; x_wconf 88' lang='lat' dir='ltr'><strong>translatione</strong></span> <span class='ocrx_word' id='word_1_182' title='bbox 956 1252 1006 1272; x_wconf 93' lang='lat' dir='ltr'><strong>sua</strong></span> 
     </span>
    </p>
   </div>
   <div class='ocr_carea' id='block_1_27' title="bbox 222 1283 1007 1318">
    <p class='ocr_par' dir='ltr' id='par_1_27' title="bbox 222 1283 1007 1318">
     <span class='ocr_line' id='line_1_27' title="bbox 222 1283 1007 1318; baseline 0.01 -8"><span class='ocrx_word' id='word_1_183' title='bbox 222 1283 394 1318; x_wconf 87' lang='lat' dir='ltr'><strong>depravasse,</strong></span> <span class='ocrx_word' id='word_1_184' title='bbox 415 1290 443 1312; x_wconf 90' lang='lat' dir='ltr'><strong>et</strong></span> <span class='ocrx_word' id='word_1_185' title='bbox 464 1286 490 1312; x_wconf 91' lang='lat' dir='ltr'><strong>in</strong></span> <span class='ocrx_word' id='word_1_186' title='bbox 513 1287 596 1314; x_wconf 90' lang='lat' dir='ltr'><strong>alium</strong></span> <span class='ocrx_word' id='word_1_187' title='bbox 624 1295 734 1315; x_wconf 91' lang='lat' dir='ltr'><strong>sensum</strong></span> <span class='ocrx_word' id='word_1_188' title='bbox 758 1289 914 1317; x_wconf 78' lang='lat' dir='ltr'><strong>detersisse.</strong></span> <span class='ocrx_word' id='word_1_189' title='bbox 932 1289 1007 1318; x_wconf 89' lang='lat' dir='ltr'><strong>Licet</strong></span> 
     </span>
    </p>
   </div>
   <div class='ocr_carea' id='block_1_28' title="bbox 221 1331 1006 1371">
    <p class='ocr_par' dir='ltr' id='par_1_28' title="bbox 221 1331 1006 1371">
     <span class='ocr_line' id='line_1_28' title="bbox 221 1331 1006 1371; baseline 0.013 -17"><span class='ocrx_word' id='word_1_190' title='bbox 221 1333 311 1355; x_wconf 88' lang='lat' dir='ltr'><strong>autem</strong></span> <span class='ocrx_word' id='word_1_191' title='bbox 328 1336 360 1356; x_wconf 87' lang='lat' dir='ltr'><strong>ea</strong></span> <span class='ocrx_word' id='word_1_192' title='bbox 377 1338 438 1365; x_wconf 72' lang='lat' dir='ltr'><strong>qua:</strong></span> <span class='ocrx_word' id='word_1_193' title='bbox 453 1331 487 1358; x_wconf 87' lang='lat' dir='ltr'><strong>de</strong></span> <span class='ocrx_word' id='word_1_194' title='bbox 504 1331 712 1360; x_wconf 84' lang='lat' dir='ltr'><strong>Christianismo</strong></span> <span class='ocrx_word' id='word_1_195' title='bbox 731 1334 766 1362; x_wconf 91' lang='lat' dir='ltr'><strong>ab</strong></span> <span class='ocrx_word' id='word_1_196' title='bbox 788 1335 885 1370; x_wconf 87' lang='lat' dir='ltr'><strong>Aquila</strong></span> <span class='ocrx_word' id='word_1_197' title='bbox 900 1336 1006 1371; x_wconf 83' lang='lat' dir='ltr'><strong>ejurato</strong></span> 
     </span>
    </p>
   </div>
   <div class='ocr_carea' id='block_1_29' title="bbox 221 1372 1004 1417">
    <p class='ocr_par' dir='ltr' id='par_1_29' title="bbox 221 1372 1004 1417">
     <span class='ocr_line' id='line_1_29' title="bbox 221 1372 1004 1417; baseline 0.013 -17"><span class='ocrx_word' id='word_1_198' title='bbox 221 1373 389 1409; x_wconf 82' lang='lat' dir='ltr'><strong>Epiphanius</strong></span> <span class='ocrx_word' id='word_1_199' title='bbox 403 1377 515 1404; x_wconf 85' lang='lat' dir='ltr'><strong>tradidit</strong></span> <span class='ocrx_word' id='word_1_200' title='bbox 529 1372 583 1405; x_wconf 81' lang='lat' dir='ltr'><strong>non</strong></span> <span class='ocrx_word' id='word_1_201' title='bbox 598 1380 754 1414; x_wconf 82' lang='lat' dir='ltr'><strong>suspicione</strong></span> <span class='ocrx_word' id='word_1_202' title='bbox 767 1387 873 1414; x_wconf 86' lang='lat' dir='ltr'><strong>vacent,</strong></span> <span class='ocrx_word' id='word_1_203' title='bbox 883 1387 911 1408; x_wconf 89' lang='lat' dir='ltr'><strong>ut</strong></span> <span class='ocrx_word' id='word_1_204' title='bbox 923 1390 1004 1417; x_wconf 87' lang='lat' dir='ltr'><strong>supra</strong></span> 
     </span>
    </p>
   </div>
   <div class='ocr_carea' id='block_1_30' title="bbox 221 1420 1006 1456">
    <p class='ocr_par' dir='ltr' id='par_1_30' title="bbox 221 1420 1006 1456">
     <span class='ocr_line' id='line_1_30' title="bbox 221 1420 1006 1456; baseline 0.014 -10"><span class='ocrx_word' id='word_1_205' title='bbox 221 1420 350 1454; x_wconf 82' lang='lat' dir='ltr'><strong>diximus,</strong></span> <span class='ocrx_word' id='word_1_206' title='bbox 368 1427 486 1450; x_wconf 90' lang='lat' dir='ltr'><strong>attamen</strong></span> <span class='ocrx_word' id='word_1_207' title='bbox 504 1424 561 1451; x_wconf 83' lang='lat' dir='ltr'><strong>sive</strong></span> <span class='ocrx_word' id='word_1_208' title='bbox 579 1432 594 1452; x_wconf 91' lang='lat' dir='ltr'><strong>a</strong></span> <span class='ocrx_word' id='word_1_209' title='bbox 613 1425 776 1453; x_wconf 83' lang='lat' dir='ltr'><strong>Christianis</strong></span> <span class='ocrx_word' id='word_1_210' title='bbox 789 1428 823 1454; x_wconf 87' lang='lat' dir='ltr'><strong>ad</strong></span> <span class='ocrx_word' id='word_1_211' title='bbox 837 1427 945 1456; x_wconf 72' lang='lat' dir='ltr'><strong>Judzeos</strong></span> <span class='ocrx_word' id='word_1_212' title='bbox 959 1429 1006 1456; x_wconf 87' lang='lat' dir='ltr'><strong>de-</strong></span> 
     </span>
    </p>
   </div>
   <div class='ocr_carea' id='block_1_31' title="bbox 220 1465 1006 1507">
    <p class='ocr_par' dir='ltr' id='par_1_31' title="bbox 220 1465 1006 1507">
     <span class='ocr_line' id='line_1_31' title="bbox 220 1465 1006 1507; baseline 0.014 -15"><span class='ocrx_word' id='word_1_213' title='bbox 220 1465 325 1500; x_wconf 70' lang='lat' dir='ltr'><strong>fecerit,</strong></span> <span class='ocrx_word' id='word_1_214' title='bbox 348 1468 405 1496; x_wconf 87' lang='lat' dir='ltr'><strong>sive</strong></span> <span class='ocrx_word' id='word_1_215' title='bbox 418 1468 527 1498; x_wconf 71' lang='lat' dir='ltr'><strong>Judaaus</strong></span> <span class='ocrx_word' id='word_1_216' title='bbox 541 1470 575 1497; x_wconf 88' lang='lat' dir='ltr'><strong>ab</strong></span> <span class='ocrx_word' id='word_1_217' title='bbox 591 1476 687 1499; x_wconf 86' lang='lat' dir='ltr'><strong>exortu</strong></span> <span class='ocrx_word' id='word_1_218' title='bbox 710 1472 802 1507; x_wconf 83' lang='lat' dir='ltr'><strong>fuerit,</strong></span> <span class='ocrx_word' id='word_1_219' title='bbox 819 1474 854 1501; x_wconf 88' lang='lat' dir='ltr'><strong>ob</strong></span> <span class='ocrx_word' id='word_1_220' title='bbox 876 1475 1006 1503; x_wconf 80' lang='lat' dir='ltr'><strong>Christia—</strong></span> 
     </span>
    </p>
   </div>
   <div class='ocr_carea' id='block_1_32' title="bbox 220 1512 1003 1558">
    <p class='ocr_par' dir='ltr' id='par_1_32' title="bbox 220 1512 1003 1558">
     <span class='ocr_line' id='line_1_32' title="bbox 220 1512 1003 1558; baseline 0.014 -19"><span class='ocrx_word' id='word_1_221' title='bbox 220 1512 301 1540; x_wconf 67' lang='lat' dir='ltr'><strong>niimi</strong></span> <span class='ocrx_word' id='word_1_222' title='bbox 327 1514 419 1542; x_wconf 94' lang='lat' dir='ltr'><strong>odium</strong></span> <span class='ocrx_word' id='word_1_223' title='bbox 434 1516 524 1551; x_wconf 86' lang='lat' dir='ltr'><strong>aliqua</strong></span> <span class='ocrx_word' id='word_1_224' title='bbox 549 1518 696 1553; x_wconf 79' lang='lat' dir='ltr'><strong>Scriptura:</strong></span> <span class='ocrx_word' id='word_1_225' title='bbox 720 1520 779 1547; x_wconf 86' lang='lat' dir='ltr'><strong>loca</strong></span> <span class='ocrx_word' id='word_1_226' title='bbox 792 1520 940 1549; x_wconf 88' lang='lat' dir='ltr'><strong>detorsisse</strong></span> <span class='ocrx_word' id='word_1_227' title='bbox 953 1530 1003 1558; x_wconf 91' lang='lat' dir='ltr'><strong>pu-</strong></span> 
     </span>
    </p>
   </div>
   <div class='ocr_carea' id='block_1_33' title="bbox 218 1560 1004 1602">
    <p class='ocr_par' dir='ltr' id='par_1_33' title="bbox 218 1560 1004 1602">
     <span class='ocr_line' id='line_1_33' title="bbox 218 1560 1004 1602; baseline 0.014 -16"><span class='ocrx_word' id='word_1_228' title='bbox 218 1560 337 1588; x_wconf 87' lang='lat' dir='ltr'><strong>tabatur.</strong></span> <span class='ocrx_word' id='word_1_229' title='bbox 358 1561 403 1589; x_wconf 91' lang='lat' dir='ltr'><strong>Sic</strong></span> <span class='ocrx_word' id='word_1_230' title='bbox 433 1563 567 1596; x_wconf 83' lang='lat' dir='ltr'><strong>iremeus,</strong></span> <span class='ocrx_word' id='word_1_231' title='bbox 598 1565 747 1598; x_wconf 85' lang='lat' dir='ltr'><strong>Eusebius,</strong></span> <span class='ocrx_word' id='word_1_232' title='bbox 771 1566 954 1602; x_wconf 88' lang='lat' dir='ltr'><strong>Epiphanius,</strong></span> <span class='ocrx_word' id='word_1_233' title='bbox 977 1575 1004 1598; x_wconf 92' lang='lat' dir='ltr'><strong>et</strong></span> 
     </span>
    </p>
   </div>
   <div class='ocr_carea' id='block_1_34' title="bbox 219 1607 1003 1648">
    <p class='ocr_par' dir='ltr' id='par_1_34' title="bbox 219 1607 1003 1648">
     <span class='ocr_line' id='line_1_34' title="bbox 219 1607 1003 1648; baseline 0.014 -15"><span class='ocrx_word' id='word_1_234' title='bbox 219 1607 366 1642; x_wconf 84' lang='lat' dir='ltr'><strong>aliquando</strong></span> <span class='ocrx_word' id='word_1_235' title='bbox 380 1608 577 1646; x_wconf 83' lang='lat' dir='ltr'><strong>Hieronymus;</strong></span> <span class='ocrx_word' id='word_1_236' title='bbox 595 1612 634 1640; x_wconf 89' lang='lat' dir='ltr'><strong>sic</strong></span> <span class='ocrx_word' id='word_1_237' title='bbox 648 1613 729 1640; x_wconf 89' lang='lat' dir='ltr'><strong>etiam</strong></span> <span class='ocrx_word' id='word_1_238' title='bbox 743 1613 915 1648; x_wconf 89' lang='lat' dir='ltr'><strong>Philastrius,</strong></span> <span class='ocrx_word' id='word_1_239' title='bbox 931 1617 1003 1644; x_wconf 84' lang='lat' dir='ltr'><strong>Ana-</strong></span> 
     </span>
    </p>
   </div>
   <div class='ocr_carea' id='block_1_35' title="bbox 218 1653 1001 1698">
    <p class='ocr_par' dir='ltr' id='par_1_35' title="bbox 218 1653 1001 1698">
     <span class='ocr_line' id='line_1_35' title="bbox 218 1653 1001 1698; baseline 0.013 -19"><span class='ocrx_word' id='word_1_240' title='bbox 218 1653 320 1681; x_wconf 88' lang='lat' dir='ltr'><strong>stasius</strong></span> <span class='ocrx_word' id='word_1_241' title='bbox 337 1653 452 1689; x_wconf 89' lang='lat' dir='ltr'><strong>Sinaita,</strong></span> <span class='ocrx_word' id='word_1_242' title='bbox 465 1656 566 1691; x_wconf 86' lang='lat' dir='ltr'><strong>aliique</strong></span> <span class='ocrx_word' id='word_1_243' title='bbox 582 1663 735 1693; x_wconf 80' lang='lat' dir='ltr'><strong>senserunt.</strong></span> <span class='ocrx_word' id='word_1_244' title='bbox 754 1658 851 1687; x_wconf 79' lang='lat' dir='ltr'><strong>Verum</strong></span> <span class='ocrx_word' id='word_1_245' title='bbox 867 1660 1001 1698; x_wconf 86' lang='lat' dir='ltr'><strong>Hierony-</strong></span> 
     </span>
    </p>
   </div>
   <div class='ocr_carea' id='block_1_36' title="bbox 219 1700 1000 1740">
    <p class='ocr_par' dir='ltr' id='par_1_36' title="bbox 219 1700 1000 1740">
     <span class='ocr_line' id='line_1_36' title="bbox 219 1700 1000 1740; baseline 0.013 -15"><span class='ocrx_word' id='word_1_246' title='bbox 219 1706 291 1733; x_wconf 88' lang='lat' dir='ltr'><strong>mus,</strong></span> <span class='ocrx_word' id='word_1_247' title='bbox 306 1700 353 1735; x_wconf 93' lang='lat' dir='ltr'><strong>qui</strong></span> <span class='ocrx_word' id='word_1_248' title='bbox 370 1709 462 1736; x_wconf 91' lang='lat' dir='ltr'><strong>parem</strong></span> <span class='ocrx_word' id='word_1_249' title='bbox 474 1702 507 1730; x_wconf 92' lang='lat' dir='ltr'><strong>de</strong></span> <span class='ocrx_word' id='word_1_250' title='bbox 520 1703 618 1738; x_wconf 86' lang='lat' dir='ltr'><strong>Aquila</strong></span> <span class='ocrx_word' id='word_1_251' title='bbox 634 1705 796 1732; x_wconf 90' lang='lat' dir='ltr'><strong>sententiam</strong></span> <span class='ocrx_word' id='word_1_252' title='bbox 812 1706 876 1734; x_wconf 90' lang='lat' dir='ltr'><strong>alibi</strong></span> <span class='ocrx_word' id='word_1_253' title='bbox 892 1707 1000 1740; x_wconf 88' lang='lat' dir='ltr'><strong>tulerat,</strong></span> 
     </span>
    </p>
   </div>
   <div class='ocr_carea' id='block_1_37' title="bbox 218 1745 1002 1785">
    <p class='ocr_par' dir='ltr' id='par_1_37' title="bbox 218 1745 1002 1785">
     <span class='ocr_line' id='line_1_37' title="bbox 218 1745 1002 1785; baseline 0.011 -13"><span class='ocrx_word' id='word_1_254' title='bbox 218 1745 245 1772; x_wconf 92' lang='lat' dir='ltr'><strong>in</strong></span> <span class='ocrx_word' id='word_1_255' title='bbox 257 1747 371 1781; x_wconf 84' lang='lat' dir='ltr'><strong>epistola</strong></span> <span class='ocrx_word' id='word_1_256' title='bbox 387 1748 504 1783; x_wconf 89' lang='lat' dir='ltr'><strong>quadam</strong></span> <span class='ocrx_word' id='word_1_257' title='bbox 520 1750 553 1776; x_wconf 91' lang='lat' dir='ltr'><strong>ad</strong></span> <span class='ocrx_word' id='word_1_258' title='bbox 571 1749 718 1778; x_wconf 84' lang='lat' dir='ltr'><strong>Damasum</strong></span> <span class='ocrx_word' id='word_1_259' title='bbox 735 1751 783 1785; x_wconf 89' lang='lat' dir='ltr'><strong>ait,</strong></span> <span class='ocrx_word' id='word_1_260' title='bbox 795 1760 858 1780; x_wconf 90' lang='lat' dir='ltr'><strong>eum</strong></span> <span class='ocrx_word' id='word_1_261' title='bbox 871 1761 925 1780; x_wconf 92' lang='lat' dir='ltr'><strong>non</strong></span> <span class='ocrx_word' id='word_1_262' title='bbox 940 1762 1002 1781; x_wconf 87' lang='lat' dir='ltr'><strong>con-</strong></span> 
     </span>
    </p>
   </div>
   <div class='ocr_carea' id='block_1_38' title="bbox 218 1792 1000 1830">
    <p class='ocr_par' dir='ltr' id='par_1_38' title="bbox 218 1792 1000 1830">
     <span class='ocr_line' id='line_1_38' title="bbox 218 1792 1000 1830; baseline 0.014 -13"><span class='ocrx_word' id='word_1_263' title='bbox 218 1792 337 1824; x_wconf 84' lang='lat' dir='ltr'><strong>tentiose,</strong></span> <span class='ocrx_word' id='word_1_264' title='bbox 352 1799 382 1821; x_wconf 92' lang='lat' dir='ltr'><strong>ut</strong></span> <span class='ocrx_word' id='word_1_265' title='bbox 406 1794 452 1821; x_wconf 83' lang='lat' dir='ltr'><strong>alii</strong></span> <span class='ocrx_word' id='word_1_266' title='bbox 474 1795 688 1830; x_wconf 87' lang='lat' dir='ltr'><strong>arbitrabantur,</strong></span> <span class='ocrx_word' id='word_1_267' title='bbox 707 1798 753 1825; x_wconf 91' lang='lat' dir='ltr'><strong>sed</strong></span> <span class='ocrx_word' id='word_1_268' title='bbox 777 1799 893 1827; x_wconf 73' lang='lat' dir='ltr'><strong>studiose</strong></span> <span class='ocrx_word' id='word_1_269' title='bbox 916 1801 1000 1828; x_wconf 88' lang='lat' dir='ltr'><strong>inter-</strong></span> 
     </span>
    </p>
   </div>
   <div class='ocr_carea' id='block_1_39' title="bbox 217 1840 1002 1882">
    <p class='ocr_par' dir='ltr' id='par_1_39' title="bbox 217 1840 1002 1882">
     <span class='ocr_line' id='line_1_39' title="bbox 217 1840 1002 1882; baseline 0.013 -18"><span class='ocrx_word' id='word_1_270' title='bbox 217 1841 352 1872; x_wconf 88' lang='lat' dir='ltr'><strong>pretatum</strong></span> <span class='ocrx_word' id='word_1_271' title='bbox 368 1847 438 1867; x_wconf 87' lang='lat' dir='ltr'><strong>esse.</strong></span> <span class='ocrx_word' id='word_1_272' title='bbox 461 1840 517 1882; x_wconf 78' lang='lat' dir='ltr'><strong>ltpo</strong></span> <span class='ocrx_word' id='word_1_273' title='bbox 534 1841 736 1871; x_wconf 73' lang='lat' dir='ltr'><strong>Commentariis</strong></span> <span class='ocrx_word' id='word_1_274' title='bbox 754 1844 780 1871; x_wconf 86' lang='lat' dir='ltr'><strong>in</strong></span> <span class='ocrx_word' id='word_1_275' title='bbox 801 1844 928 1873; x_wconf 73' lang='lat' dir='ltr'><strong>Habet-uc</strong></span> <span class='ocrx_word' id='word_1_276' title='bbox 943 1846 1002 1874; x_wconf 93' lang='lat' dir='ltr'><strong>lau-</strong></span> 
     </span>
    </p>
   </div>
   <div class='ocr_carea' id='block_1_40' title="bbox 216 1884 1001 1925">
    <p class='ocr_par' dir='ltr' id='par_1_40' title="bbox 216 1884 1001 1925">
     <span class='ocr_line' id='line_1_40' title="bbox 216 1884 1001 1925; baseline 0.011 -14"><span class='ocrx_word' id='word_1_277' title='bbox 216 1884 263 1912; x_wconf 87' lang='lat' dir='ltr'><strong>dat</strong></span> <span class='ocrx_word' id='word_1_278' title='bbox 280 1885 367 1918; x_wconf 89' lang='lat' dir='ltr'><strong>illum,</strong></span> <span class='ocrx_word' id='word_1_279' title='bbox 383 1887 455 1921; x_wconf 88' lang='lat' dir='ltr'><strong>quod</strong></span> <span class='ocrx_word' id='word_1_280' title='bbox 472 1887 535 1921; x_wconf 47' lang='lat' dir='ltr'><strong>hac,</strong></span> <span class='ocrx_word' id='word_1_281' title='bbox 545 1889 639 1922; x_wconf 84' lang='lat' dir='ltr'><strong>verba,</strong></span> <span class='ocrx_word' id='word_1_282' title='bbox 661 1889 788 1925; x_wconf 76' lang='lat' dir='ltr'><strong>Egressus</strong></span> <span class='ocrx_word' id='word_1_283' title='bbox 805 1900 831 1918; x_wconf 82' lang='lat' dir='ltr'><strong>es</strong></span> <span class='ocrx_word' id='word_1_284' title='bbox 848 1893 876 1919; x_wconf 86' lang='lat' dir='ltr'><strong>in</strong></span> <span class='ocrx_word' id='word_1_285' title='bbox 890 1893 1001 1920; x_wconf 80' lang='lat' dir='ltr'><strong>salutem</strong></span> 
     </span>
    </p>
   </div>
   <div class='ocr_carea' id='block_1_41' title="bbox 215 1930 1000 1972">
    <p class='ocr_par' dir='ltr' id='par_1_41' title="bbox 215 1930 1000 1972">
     <span class='ocr_line' id='line_1_41' title="bbox 215 1930 1000 1972; baseline 0.014 -16"><span class='ocrx_word' id='word_1_286' title='bbox 215 1930 306 1964; x_wconf 84' lang='lat' dir='ltr'><strong>populi</strong></span> <span class='ocrx_word' id='word_1_287' title='bbox 327 1932 375 1965; x_wconf 86' lang='lat' dir='ltr'><strong>tui,</strong></span> <span class='ocrx_word' id='word_1_288' title='bbox 400 1933 428 1959; x_wconf 86' lang='lat' dir='ltr'><strong>in</strong></span> <span class='ocrx_word' id='word_1_289' title='bbox 449 1934 561 1961; x_wconf 75' lang='lat' dir='ltr'><strong>salutem</strong></span> <span class='ocrx_word' id='word_1_290' title='bbox 583 1943 643 1962; x_wconf 75' lang='lat' dir='ltr'><strong>citm</strong></span> <span class='ocrx_word' id='word_1_291' title='bbox 656 1935 760 1964; x_wconf 81' lang='lat' dir='ltr'><strong>Christo</strong></span> <span class='ocrx_word' id='word_1_292' title='bbox 778 1942 833 1972; x_wconf 87' lang='lat' dir='ltr'><strong>tuo,</strong></span> <span class='ocrx_word' id='word_1_293' title='bbox 849 1939 1000 1966; x_wconf 90' lang='lat' dir='ltr'><strong>secundum</strong></span> 
     </span>
    </p>
   </div>
   <div class='ocr_carea' id='block_1_42' title="bbox 214 1976 999 2017">
    <p class='ocr_par' dir='ltr' id='par_1_42' title="bbox 214 1976 999 2017">
     <span class='ocr_line' id='line_1_42' title="bbox 214 1976 999 2017; baseline 0.011 -13"><span class='ocrx_word' id='word_1_294' title='bbox 214 1976 430 2006; x_wconf 88' lang='lat' dir='ltr'><strong>Christianorum</strong></span> <span class='ocrx_word' id='word_1_295' title='bbox 458 1985 576 2008; x_wconf 88' lang='lat' dir='ltr'><strong>mentem</strong></span> <span class='ocrx_word' id='word_1_296' title='bbox 604 1983 790 2017; x_wconf 82' lang='lat' dir='ltr'><strong>transtulerit;</strong></span> <span class='ocrx_word' id='word_1_297' title='bbox 815 1992 879 2012; x_wconf 91' lang='lat' dir='ltr'><strong>cum</strong></span> <span class='ocrx_word' id='word_1_298' title='bbox 905 1991 999 2013; x_wconf 84' lang='lat' dir='ltr'><strong>contra</strong></span> 
     </span>
    </p>
   </div>
   <div class='ocr_carea' id='block_1_43' title="bbox 216 2022 998 2062">
    <p class='ocr_par' dir='ltr' id='par_1_43' title="bbox 216 2022 998 2062">
     <span class='ocr_line' id='line_1_43' title="bbox 216 2022 998 2062; baseline 0.012 -12"><span class='ocrx_word' id='word_1_299' title='bbox 216 2022 395 2059; x_wconf 86' lang='lat' dir='ltr'><strong>Symmachus</strong></span> <span class='ocrx_word' id='word_1_300' title='bbox 406 2031 433 2053; x_wconf 90' lang='lat' dir='ltr'><strong>et</strong></span> <span class='ocrx_word' id='word_1_301' title='bbox 447 2025 608 2060; x_wconf 88' lang='lat' dir='ltr'><strong>Theodotio,</strong></span> <span class='ocrx_word' id='word_1_302' title='bbox 623 2028 771 2057; x_wconf 89' lang='lat' dir='ltr'><strong>Christiani</strong></span> <span class='ocrx_word' id='word_1_303' title='bbox 787 2030 859 2062; x_wconf 89' lang='lat' dir='ltr'><strong>licet,</strong></span> <span class='ocrx_word' id='word_1_304' title='bbox 874 2031 900 2058; x_wconf 95' lang='lat' dir='ltr'><strong>in</strong></span> <span class='ocrx_word' id='word_1_305' title='bbox 915 2031 998 2059; x_wconf 86' lang='lat' dir='ltr'><strong>alium</strong></span> 
     </span>
    </p>
   </div>
   <div class='ocr_carea' id='block_1_44' title="bbox 214 2072 999 2111">
    <p class='ocr_par' dir='ltr' id='par_1_44' title="bbox 214 2072 999 2111">
     <span class='ocr_line' id='line_1_44' title="bbox 214 2072 999 2111; baseline 0.01 -14"><span class='ocrx_word' id='word_1_306' title='bbox 214 2078 325 2098; x_wconf 86' lang='lat' dir='ltr'><strong>sensum</strong></span> <span class='ocrx_word' id='word_1_307' title='bbox 341 2072 513 2100; x_wconf 86' lang='lat' dir='ltr'><strong>declinarint.</strong></span> <span class='ocrx_word' id='word_1_308' title='bbox 531 2073 563 2100; x_wconf 84' lang='lat' dir='ltr'><strong>Et</strong></span> <span class='ocrx_word' id='word_1_309' title='bbox 583 2075 646 2102; x_wconf 86' lang='lat' dir='ltr'><strong>alibi</strong></span> <span class='ocrx_word' id='word_1_310' title='bbox 663 2083 773 2111; x_wconf 90' lang='lat' dir='ltr'><strong>quoque</strong></span> <span class='ocrx_word' id='word_1_311' title='bbox 787 2076 847 2111; x_wconf 77' lang='lat' dir='ltr'><strong>ejus</strong></span> <span class='ocrx_word' id='word_1_312' title='bbox 863 2077 999 2106; x_wconf 84' lang='lat' dir='ltr'><strong>defensio-</strong></span> 
     </span>
    </p>
   </div>
   <div class='ocr_carea' id='block_1_45' title="bbox 215 2118 997 2159">
    <p class='ocr_par' dir='ltr' id='par_1_45' title="bbox 215 2118 997 2159">
     <span class='ocr_line' id='line_1_45' title="bbox 215 2118 997 2159; baseline 0.012 -18"><span class='ocrx_word' id='word_1_313' title='bbox 215 2123 275 2142; x_wconf 88' lang='lat' dir='ltr'><strong>nem</strong></span> <span class='ocrx_word' id='word_1_314' title='bbox 295 2118 434 2152; x_wconf 88' lang='lat' dir='ltr'><strong>suscipere</strong></span> <span class='ocrx_word' id='word_1_315' title='bbox 458 2119 574 2146; x_wconf 91' lang='lat' dir='ltr'><strong>videtur.</strong></span> <span class='ocrx_word' id='word_1_316' title='bbox 589 2119 679 2152; x_wconf 87' lang='lat' dir='ltr'><strong>Quare</strong></span> <span class='ocrx_word' id='word_1_317' title='bbox 696 2121 846 2155; x_wconf 87' lang='lat' dir='ltr'><strong>putaverim</strong></span> <span class='ocrx_word' id='word_1_318' title='bbox 863 2121 997 2159; x_wconf 79' lang='lat' dir='ltr'><strong>Hierony—</strong></span> 
     </span>
    </p>
   </div>
   <div class='ocr_carea' id='block_1_46' title="bbox 1066 181 1851 219">
    <p class='ocr_par' dir='ltr' id='par_1_46' title="bbox 1066 181 1851 219">
     <span class='ocr_line' id='line_1_46' title="bbox 1066 181 1851 219; baseline 0.006 -12"><span class='ocrx_word' id='word_1_319' title='bbox 1066 181 1280 216; x_wconf 86' lang='lat' dir='ltr'><strong>prehendunlur,</strong></span> <span class='ocrx_word' id='word_1_320' title='bbox 1302 183 1345 210; x_wconf 93' lang='lat' dir='ltr'><strong>hic</strong></span> <span class='ocrx_word' id='word_1_321' title='bbox 1363 183 1502 217; x_wconf 80' lang='lat' dir='ltr'><strong>proferre;</strong></span> <span class='ocrx_word' id='word_1_322' title='bbox 1519 188 1549 211; x_wconf 88' lang='lat' dir='ltr'><strong>ut</strong></span> <span class='ocrx_word' id='word_1_323' title='bbox 1564 184 1725 219; x_wconf 73' lang='lat' dir='ltr'><strong>exquiratur</strong></span> <span class='ocrx_word' id='word_1_324' title='bbox 1742 192 1805 212; x_wconf 79' lang='lat' dir='ltr'><strong>nun:</strong></span> <span class='ocrx_word' id='word_1_325' title='bbox 1821 192 1851 212; x_wconf 84' lang='lat' dir='ltr'><strong>re</strong></span> 
     </span>
    </p>
   </div>
   <div class='ocr_carea' id='block_1_47' title="bbox 1064 227 1851 262">
    <p class='ocr_par' dir='ltr' id='par_1_47' title="bbox 1064 227 1851 262">
     <span class='ocr_line' id='line_1_47' title="bbox 1064 227 1851 262; baseline 0.005 -9"><span class='ocrx_word' id='word_1_326' title='bbox 1064 234 1127 254; x_wconf 85' lang='lat' dir='ltr'><strong>vera</strong></span> <span class='ocrx_word' id='word_1_327' title='bbox 1143 227 1240 262; x_wconf 85' lang='lat' dir='ltr'><strong>Aquila</strong></span> <span class='ocrx_word' id='word_1_328' title='bbox 1254 228 1287 255; x_wconf 92' lang='lat' dir='ltr'><strong>de</strong></span> <span class='ocrx_word' id='word_1_329' title='bbox 1302 228 1436 258; x_wconf 83' lang='lat' dir='ltr'><strong>industria</strong></span> <span class='ocrx_word' id='word_1_330' title='bbox 1450 230 1508 258; x_wconf 67' lang='lat' dir='ltr'><strong>haec</strong></span> <span class='ocrx_word' id='word_1_331' title='bbox 1521 231 1555 257; x_wconf 88' lang='lat' dir='ltr'><strong>ad</strong></span> <span class='ocrx_word' id='word_1_332' title='bbox 1570 229 1650 257; x_wconf 90' lang='lat' dir='ltr'><strong>aliam</strong></span> <span class='ocrx_word' id='word_1_333' title='bbox 1668 235 1784 257; x_wconf 90' lang='lat' dir='ltr'><strong>mentem</strong></span> <span class='ocrx_word' id='word_1_334' title='bbox 1800 230 1851 257; x_wconf 83' lang='lat' dir='ltr'><strong>de-</strong></span> 
     </span>
    </p>
   </div>
   <div class='ocr_carea' id='block_1_48' title="bbox 1064 273 1849 311">
    <p class='ocr_par' dir='ltr' id='par_1_48' title="bbox 1064 273 1849 311">
     <span class='ocr_line' id='line_1_48' title="bbox 1064 273 1849 311; baseline 0.005 -12"><span class='ocrx_word' id='word_1_335' title='bbox 1064 273 1184 300; x_wconf 90' lang='lat' dir='ltr'><strong>torserit.</strong></span> <span class='ocrx_word' id='word_1_336' title='bbox 1197 273 1248 306; x_wconf 86' lang='lat' dir='ltr'><strong>Qui</strong></span> <span class='ocrx_word' id='word_1_337' title='bbox 1262 275 1336 308; x_wconf 90' lang='lat' dir='ltr'><strong>prior</strong></span> <span class='ocrx_word' id='word_1_338' title='bbox 1347 275 1471 310; x_wconf 86' lang='lat' dir='ltr'><strong>Aquilam</strong></span> <span class='ocrx_word' id='word_1_339' title='bbox 1487 276 1622 311; x_wconf 82' lang='lat' dir='ltr'><strong>simulque</strong></span> <span class='ocrx_word' id='word_1_340' title='bbox 1634 275 1849 303; x_wconf 81' lang='lat' dir='ltr'><strong>Theodolionem</strong></span> 
     </span>
    </p>
   </div>
   <div class='ocr_carea' id='block_1_49' title="bbox 1063 319 1848 357">
    <p class='ocr_par' dir='ltr' id='par_1_49' title="bbox 1063 319 1848 357">
     <span class='ocr_line' id='line_1_49' title="bbox 1063 319 1848 357; baseline 0.004 -12"><span class='ocrx_word' id='word_1_341' title='bbox 1063 319 1234 352; x_wconf 87' lang='lat' dir='ltr'><strong>criminatur,</strong></span> <span class='ocrx_word' id='word_1_342' title='bbox 1248 325 1289 347; x_wconf 88' lang='lat' dir='ltr'><strong>est</strong></span> <span class='ocrx_word' id='word_1_343' title='bbox 1310 320 1427 349; x_wconf 61' lang='lat' dir='ltr'><strong>lrenaus</strong></span> <span class='ocrx_word' id='word_1_344' title='bbox 1447 321 1494 349; x_wconf 88' lang='lat' dir='ltr'><strong>lib.</strong></span> <span class='ocrx_word' id='word_1_345' title='bbox 1512 330 1554 355; x_wconf 89' lang='grc' dir='ltr'>ιιι,</span> <span class='ocrx_word' id='word_1_346' title='bbox 1570 330 1630 357; x_wconf 87' lang='lat' dir='ltr'><strong>cap.</strong></span> <span class='ocrx_word' id='word_1_347' title='bbox 1655 321 1700 353; x_wconf 59' lang='lat'><strong>24,</strong></span> <span class='ocrx_word' id='word_1_348' title='bbox 1716 322 1760 349; x_wconf 90' lang='lat' dir='ltr'><strong>ubi</strong></span> <span class='ocrx_word' id='word_1_349' title='bbox 1783 323 1823 349; x_wconf 91' lang='lat' dir='ltr'><strong>ait</strong></span> <span class='ocrx_word' id='word_1_350' title='bbox 1842 332 1848 348; x_wconf 94' lang='lat'>:</span> 
     </span>
    </p>
   </div>
   <div class='ocr_carea' id='block_1_50' title="bbox 1065 365 1876 403">
    <p class='ocr_par' dir='ltr' id='par_1_50' title="bbox 1065 365 1876 403">
     <span class='ocr_line' id='line_1_50' title="bbox 1065 365 1876 403; baseline 0.004 -11"><span class='ocrx_word' id='word_1_351' title='bbox 1065 365 1125 392; x_wconf 82' lang='lat' dir='ltr'><strong>Non</strong></span> <span class='ocrx_word' id='word_1_352' title='bbox 1147 375 1205 393; x_wconf 82' lang='lat' dir='ltr'><strong>rera</strong></span> <span class='ocrx_word' id='word_1_353' title='bbox 1226 372 1264 393; x_wconf 83' lang='lat' dir='ltr'><strong>est</strong></span> <span class='ocrx_word' id='word_1_354' title='bbox 1287 368 1479 403; x_wconf 82' lang='lat' dir='ltr'><strong>interpretatio,</strong></span> <span class='ocrx_word' id='word_1_355' title='bbox 1503 376 1566 396; x_wconf 88' lang='lat' dir='ltr'><strong>ecce</strong></span> <span class='ocrx_word' id='word_1_356' title='bbox 1589 368 1800 401; x_wconf 80' lang='lat' dir='ltr'><strong>adolescentula,</strong></span> <span class='ocrx_word' id='word_1_357' title='bbox 1820 374 1849 395; x_wconf 88' lang='lat' dir='ltr'><strong>ut</strong></span> <span class='ocrx_word' id='word_1_358' title='bbox 1870 373 1876 380; x_wconf 94' lang='lat'>&#39;</span> 
     </span>
    </p>
   </div>
   <div class='ocr_carea' id='block_1_51' title="bbox 1065 411 1849 448">
    <p class='ocr_par' dir='ltr' id='par_1_51' title="bbox 1065 411 1849 448">
     <span class='ocr_line' id='line_1_51' title="bbox 1065 411 1849 448; baseline 0.004 -11"><span class='ocrx_word' id='word_1_359' title='bbox 1065 411 1224 438; x_wconf 79' lang='lat' dir='ltr'><strong>Theodotion</strong></span> <span class='ocrx_word' id='word_1_360' title='bbox 1243 412 1370 447; x_wconf 78' lang='lat' dir='ltr'><strong>Ephesius</strong></span> <span class='ocrx_word' id='word_1_361' title='bbox 1382 418 1405 440; x_wconf 78' lang='lat' dir='ltr'><strong>et</strong></span> <span class='ocrx_word' id='word_1_362' title='bbox 1420 413 1517 448; x_wconf 80' lang='lat' dir='ltr'><strong>Aquila</strong></span> <span class='ocrx_word' id='word_1_363' title='bbox 1539 413 1665 441; x_wconf 83' lang='lat' dir='ltr'><strong>Ponticus</strong></span> <span class='ocrx_word' id='word_1_364' title='bbox 1681 418 1740 441; x_wconf 83' lang='lat' dir='ltr'><strong>sunt</strong></span> <span class='ocrx_word' id='word_1_365' title='bbox 1762 414 1849 440; x_wconf 83' lang='lat' dir='ltr'><strong>inter-</strong></span> 
     </span>
    </p>
   </div>
   <div class='ocr_carea' id='block_1_52' title="bbox 1061 457 1849 494">
    <p class='ocr_par' dir='ltr' id='par_1_52' title="bbox 1061 457 1849 494">
     <span class='ocr_line' id='line_1_52' title="bbox 1061 457 1849 494; baseline 0.004 -11"><span class='ocrx_word' id='word_1_366' title='bbox 1061 458 1170 491; x_wconf 83' lang='lat' dir='ltr'><strong>pretati.</strong></span> <span class='ocrx_word' id='word_1_367' title='bbox 1187 457 1257 484; x_wconf 82' lang='lat' dir='ltr'><strong>Hinc</strong></span> <span class='ocrx_word' id='word_1_368' title='bbox 1275 457 1395 486; x_wconf 73' lang='lat' dir='ltr'><strong>Ebionwi</strong></span> <span class='ocrx_word' id='word_1_369' title='bbox 1407 467 1439 486; x_wconf 75' lang='lat' dir='ltr'><strong>ea:</strong></span> <span class='ocrx_word' id='word_1_370' title='bbox 1460 458 1556 494; x_wconf 76' lang='lat' dir='ltr'><strong>Ioseph</strong></span> <span class='ocrx_word' id='word_1_371' title='bbox 1572 465 1664 486; x_wconf 87' lang='lat' dir='ltr'><strong>natum</strong></span> <span class='ocrx_word' id='word_1_372' title='bbox 1681 461 1766 486; x_wconf 87' lang='lat' dir='ltr'><strong>aiunt.</strong></span> <span class='ocrx_word' id='word_1_373' title='bbox 1782 459 1849 494; x_wconf 80' lang='lat' dir='ltr'><strong>Agi-</strong></span> 
     </span>
    </p>
   </div>
   <div class='ocr_carea' id='block_1_53' title="bbox 1062 503 1850 541">
    <p class='ocr_par' dir='ltr' id='par_1_53' title="bbox 1062 503 1850 541">
     <span class='ocr_line' id='line_1_53' title="bbox 1062 503 1850 541; baseline 0.004 -12"><span class='ocrx_word' id='word_1_374' title='bbox 1062 507 1105 530; x_wconf 92' lang='lat' dir='ltr'><strong>tur</strong></span> <span class='ocrx_word' id='word_1_375' title='bbox 1125 503 1169 530; x_wconf 90' lang='lat' dir='ltr'><strong>bic</strong></span> <span class='ocrx_word' id='word_1_376' title='bbox 1193 503 1226 530; x_wconf 88' lang='lat' dir='ltr'><strong>de</strong></span> <span class='ocrx_word' id='word_1_377' title='bbox 1250 503 1353 532; x_wconf 73' lang='lat' dir='ltr'><strong>llesaia:</strong></span> <span class='ocrx_word' id='word_1_378' title='bbox 1371 505 1431 533; x_wconf 89' lang='lat' dir='ltr'><strong>loco</strong></span> <span class='ocrx_word' id='word_1_379' title='bbox 1446 513 1496 539; x_wconf 82' lang='lat' dir='ltr'><strong>vn,</strong></span> <span class='ocrx_word' id='word_1_380' title='bbox 1513 505 1546 532; x_wconf 75' lang='grc' dir='ltr'>Η</span> <span class='ocrx_word' id='word_1_381' title='bbox 1563 515 1569 532; x_wconf 78' lang='lat'><strong>2</strong></span> <span class='ocrx_word' id='word_1_382' title='bbox 1585 505 1652 532; x_wconf 80' lang='lat' dir='ltr'><strong>Ecce</strong></span> <span class='ocrx_word' id='word_1_383' title='bbox 1665 508 1737 541; x_wconf 72' lang='lat' dir='ltr'><strong>virgo</strong></span> <span class='ocrx_word' id='word_1_384' title='bbox 1758 507 1850 533; x_wconf 81' lang='lat' dir='ltr'><strong>conci-</strong></span> 
     </span>
    </p>
   </div>
   <div class='ocr_carea' id='block_1_54' title="bbox 1059 549 1849 587">
    <p class='ocr_par' dir='ltr' id='par_1_54' title="bbox 1059 549 1849 587">
     <span class='ocr_line' id='line_1_54' title="bbox 1059 549 1849 587; baseline 0.005 -12"><span class='ocrx_word' id='word_1_385' title='bbox 1059 549 1112 583; x_wconf 84' lang='lat' dir='ltr'><strong>piet</strong></span> <span class='ocrx_word' id='word_1_386' title='bbox 1123 554 1147 575; x_wconf 88' lang='lat' dir='ltr'><strong>et</strong></span> <span class='ocrx_word' id='word_1_387' title='bbox 1159 549 1244 584; x_wconf 87' lang='lat' dir='ltr'><strong>pariet</strong></span> <span class='ocrx_word' id='word_1_388' title='bbox 1253 549 1351 584; x_wconf 81' lang='lat' dir='ltr'><strong>ﬁlium.</strong></span> <span class='ocrx_word' id='word_1_389' title='bbox 1367 550 1408 578; x_wconf 85' lang='lat' dir='ltr'><strong>An</strong></span> <span class='ocrx_word' id='word_1_390' title='bbox 1421 556 1511 579; x_wconf 90' lang='lat' dir='ltr'><strong>autem</strong></span> <span class='ocrx_word' id='word_1_391' title='bbox 1527 556 1556 579; x_wconf 93' lang='lat' dir='ltr'><strong>ut</strong></span> <span class='ocrx_word' id='word_1_392' title='bbox 1567 551 1655 579; x_wconf 90' lang='lat' dir='ltr'><strong>locum</strong></span> <span class='ocrx_word' id='word_1_393' title='bbox 1673 552 1849 587; x_wconf 85' lang='lat' dir='ltr'><strong>detorqueret</strong></span> 
     </span>
    </p>
   </div>
   <div class='ocr_carea' id='block_1_55' title="bbox 1060 595 1846 631">
    <p class='ocr_par' dir='ltr' id='par_1_55' title="bbox 1060 595 1846 631">
     <span class='ocr_line' id='line_1_55' title="bbox 1060 595 1846 631; baseline 0.005 -10"><span class='ocrx_word' id='word_1_394' title='bbox 1060 595 1170 630; x_wconf 79' lang='lat' dir='ltr'><strong>Aquila,</strong></span> <span class='ocrx_word' id='word_1_395' title='bbox 1185 595 1225 623; x_wconf 87' lang='lat' dir='ltr'><strong>sic</strong></span> <span class='ocrx_word' id='word_1_396' title='bbox 1242 596 1395 624; x_wconf 89' lang='lat' dir='ltr'><strong>versionem</strong></span> <span class='ocrx_word' id='word_1_397' title='bbox 1414 605 1492 625; x_wconf 89' lang='lat' dir='ltr'><strong>suam</strong></span> <span class='ocrx_word' id='word_1_398' title='bbox 1511 598 1726 631; x_wconf 88' lang='lat' dir='ltr'><strong>concinnaverit,</strong></span> <span class='ocrx_word' id='word_1_399' title='bbox 1741 598 1846 626; x_wconf 88' lang='lat' dir='ltr'><strong>nescio.</strong></span> 
     </span>
    </p>
   </div>
   <div class='ocr_carea' id='block_1_56' title="bbox 1062 639 1848 680">
    <p class='ocr_par' dir='ltr' id='par_1_56' title="bbox 1062 639 1848 680">
     <span class='ocr_line' id='line_1_56' title="bbox 1062 639 1848 680; baseline 0.005 -13"><span class='ocrx_word' id='word_1_400' title='bbox 1062 639 1213 669; x_wconf 81' lang='lat' dir='ltr'><strong>Verisimile</strong></span> <span class='ocrx_word' id='word_1_401' title='bbox 1228 647 1317 670; x_wconf 88' lang='lat' dir='ltr'><strong>tamen</strong></span> <span class='ocrx_word' id='word_1_402' title='bbox 1330 648 1371 671; x_wconf 91' lang='lat' dir='ltr'><strong>est</strong></span> <span class='ocrx_word' id='word_1_403' title='bbox 1385 651 1447 671; x_wconf 92' lang='lat' dir='ltr'><strong>eum</strong></span> <span class='ocrx_word' id='word_1_404' title='bbox 1460 652 1475 671; x_wconf 91' lang='lat' dir='ltr'><strong>a</strong></span> <span class='ocrx_word' id='word_1_405' title='bbox 1492 652 1558 672; x_wconf 81' lang='lat' dir='ltr'><strong>voce</strong></span> <span class='ocrx_word' id='word_1_406' title='bbox 1572 644 1706 680; x_wconf 82' lang='grc' dir='ltr'><strong>παρθένος</strong></span> <span class='ocrx_word' id='word_1_407' title='bbox 1720 644 1848 672; x_wconf 88' lang='lat' dir='ltr'><strong>consulto</strong></span> 
     </span>
    </p>
   </div>
   <div class='ocr_carea' id='block_1_57' title="bbox 1060 687 1847 726">
    <p class='ocr_par' dir='ltr' id='par_1_57' title="bbox 1060 687 1847 726">
     <span class='ocr_line' id='line_1_57' title="bbox 1060 687 1847 726; baseline 0.004 -12"><span class='ocrx_word' id='word_1_408' title='bbox 1060 687 1222 722; x_wconf 86' lang='lat' dir='ltr'><strong>declinasse,</strong></span> <span class='ocrx_word' id='word_1_409' title='bbox 1244 690 1308 724; x_wconf 89' lang='lat' dir='ltr'><strong>quia</strong></span> <span class='ocrx_word' id='word_1_410' title='bbox 1333 690 1383 718; x_wconf 89' lang='lat' dir='ltr'><strong>hac</strong></span> <span class='ocrx_word' id='word_1_411' title='bbox 1407 690 1524 718; x_wconf 79' lang='lat' dir='ltr'><strong>maxime</strong></span> <span class='ocrx_word' id='word_1_412' title='bbox 1539 691 1679 726; x_wconf 86' lang='lat' dir='ltr'><strong>prophetia</strong></span> <span class='ocrx_word' id='word_1_413' title='bbox 1700 691 1847 718; x_wconf 87' lang='lat' dir='ltr'><strong>utebantur</strong></span> 
     </span>
    </p>
   </div>
   <div class='ocr_carea' id='block_1_58' title="bbox 1060 733 1849 770">
    <p class='ocr_par' dir='ltr' id='par_1_58' title="bbox 1060 733 1849 770">
     <span class='ocr_line' id='line_1_58' title="bbox 1060 733 1849 770; baseline 0.004 -10"><span class='ocrx_word' id='word_1_414' title='bbox 1060 733 1207 762; x_wconf 86' lang='lat' dir='ltr'><strong>Christiani</strong></span> <span class='ocrx_word' id='word_1_415' title='bbox 1221 743 1270 770; x_wconf 89' lang='lat' dir='ltr'><strong>pro</strong></span> <span class='ocrx_word' id='word_1_416' title='bbox 1281 743 1330 763; x_wconf 91' lang='lat' dir='ltr'><strong>sua</strong></span> <span class='ocrx_word' id='word_1_417' title='bbox 1347 736 1445 763; x_wconf 92' lang='lat' dir='ltr'><strong>tuenda</strong></span> <span class='ocrx_word' id='word_1_418' title='bbox 1461 737 1522 764; x_wconf 77' lang='lat' dir='ltr'><strong>title.</strong></span> <span class='ocrx_word' id='word_1_419' title='bbox 1536 737 1594 764; x_wconf 89' lang='lat' dir='ltr'><strong>lmo</strong></span> <span class='ocrx_word' id='word_1_420' title='bbox 1607 745 1656 764; x_wconf 86' lang='lat' dir='ltr'><strong>nec</strong></span> <span class='ocrx_word' id='word_1_421' title='bbox 1671 745 1764 764; x_wconf 86' lang='lat' dir='ltr'><strong>vocem</strong></span> <span class='ocrx_word' id='word_1_422' title='bbox 1776 736 1849 763; x_wconf 80' lang='grc' dir='ltr'><strong>ἀπό-</strong></span> 
     </span>
    </p>
   </div>
   <div class='ocr_carea' id='block_1_59' title="bbox 1063 775 1849 818">
    <p class='ocr_par' dir='ltr' id='par_1_59' title="bbox 1063 775 1849 818">
     <span class='ocr_line' id='line_1_59' title="bbox 1063 775 1849 818; baseline 0.006 -12"><span class='ocrx_word' id='word_1_423' title='bbox 1063 789 1176 816; x_wconf 72' lang='grc' dir='ltr'><strong>κρυφος,</strong></span> <span class='ocrx_word' id='word_1_424' title='bbox 1191 782 1357 814; x_wconf 81' lang='lat' dir='ltr'><strong>abscondita,</strong></span> <span class='ocrx_word' id='word_1_425' title='bbox 1374 790 1457 818; x_wconf 89' lang='lat' dir='ltr'><strong>quam</strong></span> <span class='ocrx_word' id='word_1_426' title='bbox 1474 783 1537 810; x_wconf 88' lang='lat' dir='ltr'><strong>alibi</strong></span> <span class='ocrx_word' id='word_1_427' title='bbox 1553 791 1603 818; x_wconf 90' lang='lat' dir='ltr'><strong>pro</strong></span> <span class='ocrx_word' id='word_1_428' title='bbox 1620 782 1751 810; x_wconf 83' lang='lat' dir='ltr'><strong>Hebraica</strong></span> <span class='ocrx_word' id='word_1_429' title='bbox 1765 775 1849 815; x_wconf 60' lang='grc' dir='ltr'><strong>πώς</strong></span> 
     </span>
    </p>
   </div>
   <div class='ocr_carea' id='block_1_60' title="bbox 1060 827 1843 863">
    <p class='ocr_par' dir='ltr' id='par_1_60' title="bbox 1060 827 1843 863">
     <span class='ocr_line' id='line_1_60' title="bbox 1060 827 1843 863; baseline 0.001 -10"><span class='ocrx_word' id='word_1_430' title='bbox 1060 827 1235 861; x_wconf 80' lang='lat' dir='ltr'><strong>exprimenda</strong></span> <span class='ocrx_word' id='word_1_431' title='bbox 1265 828 1385 861; x_wconf 87' lang='lat' dir='ltr'><strong>adhibet,</strong></span> <span class='ocrx_word' id='word_1_432' title='bbox 1410 829 1455 857; x_wconf 86' lang='lat' dir='ltr'><strong>hic</strong></span> <span class='ocrx_word' id='word_1_433' title='bbox 1484 837 1618 863; x_wconf 86' lang='lat' dir='ltr'><strong>usurpare</strong></span> <span class='ocrx_word' id='word_1_434' title='bbox 1645 829 1748 861; x_wconf 87' lang='lat' dir='ltr'><strong>voluit;</strong></span> <span class='ocrx_word' id='word_1_435' title='bbox 1775 829 1843 863; x_wconf 90' lang='lat' dir='ltr'><strong>quia</strong></span> 
     </span>
    </p>
   </div>
   <div class='ocr_carea' id='block_1_61' title="bbox 1061 871 1844 910">
    <p class='ocr_par' dir='ltr' id='par_1_61' title="bbox 1061 871 1844 910">
     <span class='ocr_line' id='line_1_61' title="bbox 1061 871 1844 910; baseline 0.005 -12"><span class='ocrx_word' id='word_1_436' title='bbox 1061 871 1130 899; x_wconf 83' lang='lat' dir='ltr'><strong>forte</strong></span> <span class='ocrx_word' id='word_1_437' title='bbox 1162 872 1219 900; x_wconf 74' lang='lat' dir='ltr'><strong>hrec</strong></span> <span class='ocrx_word' id='word_1_438' title='bbox 1247 873 1434 908; x_wconf 87' lang='lat' dir='ltr'><strong>interpretatio</strong></span> <span class='ocrx_word' id='word_1_439' title='bbox 1459 875 1597 910; x_wconf 89' lang='lat' dir='ltr'><strong>puellam,</strong></span> <span class='ocrx_word' id='word_1_440' title='bbox 1629 882 1690 910; x_wconf 52' lang='lat' dir='ltr'><strong>quae.</strong></span> <span class='ocrx_word' id='word_1_441' title='bbox 1719 875 1844 902; x_wconf 90' lang='lat' dir='ltr'><strong>virorum</strong></span> 
     </span>
    </p>
   </div>
   <div class='ocr_carea' id='block_1_62' title="bbox 1060 919 1846 957">
    <p class='ocr_par' dir='ltr' id='par_1_62' title="bbox 1060 919 1846 957">
     <span class='ocr_line' id='line_1_62' title="bbox 1060 919 1846 957; baseline 0.005 -12"><span class='ocrx_word' id='word_1_442' title='bbox 1060 919 1180 953; x_wconf 84' lang='lat' dir='ltr'><strong>aspectui</strong></span> <span class='ocrx_word' id='word_1_443' title='bbox 1210 920 1316 947; x_wconf 87' lang='lat' dir='ltr'><strong>occulta</strong></span> <span class='ocrx_word' id='word_1_444' title='bbox 1343 926 1493 955; x_wconf 88' lang='lat' dir='ltr'><strong>manserat,</strong></span> <span class='ocrx_word' id='word_1_445' title='bbox 1519 926 1600 956; x_wconf 87' lang='lat' dir='ltr'><strong>atque</strong></span> <span class='ocrx_word' id='word_1_446' title='bbox 1625 921 1685 948; x_wconf 89' lang='lat' dir='ltr'><strong>ideo</strong></span> <span class='ocrx_word' id='word_1_447' title='bbox 1710 921 1846 957; x_wconf 79' lang='lat' dir='ltr'><strong>virginem</strong></span> 
     </span>
    </p>
   </div>
   <div class='ocr_carea' id='block_1_63' title="bbox 1059 965 1236 999">
    <p class='ocr_par' dir='ltr' id='par_1_63' title="bbox 1059 965 1236 999">
     <span class='ocr_line' id='line_1_63' title="bbox 1059 965 1236 999; baseline 0.017 -9"><span class='ocrx_word' id='word_1_448' title='bbox 1059 965 1236 999; x_wconf 85' lang='lat' dir='ltr'><strong>exprimebat.</strong></span> 
     </span>
    </p>
   </div>
   <div class='ocr_carea' id='block_1_64' title="bbox 1094 1010 1845 1049">
    <p class='ocr_par' dir='ltr' id='par_1_64' title="bbox 1094 1010 1845 1049">
     <span class='ocr_line' id='line_1_64' title="bbox 1094 1010 1845 1049; baseline 0.007 -12"><span class='ocrx_word' id='word_1_449' title='bbox 1094 1010 1228 1039; x_wconf 87' lang='lat' dir='ltr'><strong>Eusebius</strong></span> <span class='ocrx_word' id='word_1_450' title='bbox 1251 1012 1428 1040; x_wconf 66' lang='lat' dir='ltr'><strong>Caesariensis</strong></span> <span class='ocrx_word' id='word_1_451' title='bbox 1452 1012 1600 1040; x_wconf 85' lang='lat' dir='ltr'><strong>Comment.</strong></span> <span class='ocrx_word' id='word_1_452' title='bbox 1624 1014 1651 1040; x_wconf 86' lang='lat' dir='ltr'><strong>in</strong></span> <span class='ocrx_word' id='word_1_453' title='bbox 1676 1014 1772 1049; x_wconf 82' lang='lat' dir='ltr'><strong>psalm.</strong></span> <span class='ocrx_word' id='word_1_454' title='bbox 1797 1022 1845 1047; x_wconf 84' lang='lat' dir='ltr'><strong>xc,</strong></span> 
     </span>
    </p>
   </div>
   <div class='ocr_carea' id='block_1_65' title="bbox 1059 1057 1846 1094">
    <p class='ocr_par' dir='ltr' id='par_1_65' title="bbox 1059 1057 1846 1094">
     <span class='ocr_line' id='line_1_65' title="bbox 1059 1057 1846 1094; baseline 0.004 -9"><span class='ocrx_word' id='word_1_455' title='bbox 1059 1058 1085 1091; x_wconf 69' lang='lat'><strong>)7.</strong></span> <span class='ocrx_word' id='word_1_456' title='bbox 1101 1058 1128 1091; x_wconf 89' lang='grc'><strong>9,</strong></span> <span class='ocrx_word' id='word_1_457' title='bbox 1148 1057 1273 1092; x_wconf 82' lang='lat' dir='ltr'><strong>Aquilam</strong></span> <span class='ocrx_word' id='word_1_458' title='bbox 1290 1063 1316 1086; x_wconf 89' lang='lat' dir='ltr'><strong>et</strong></span> <span class='ocrx_word' id='word_1_459' title='bbox 1331 1059 1523 1094; x_wconf 75' lang='lat' dir='ltr'><strong>Symmachum</strong></span> <span class='ocrx_word' id='word_1_460' title='bbox 1540 1059 1638 1094; x_wconf 87' lang='lat' dir='ltr'><strong>carpit,</strong></span> <span class='ocrx_word' id='word_1_461' title='bbox 1653 1060 1725 1094; x_wconf 90' lang='lat' dir='ltr'><strong>quod</strong></span> <span class='ocrx_word' id='word_1_462' title='bbox 1741 1060 1846 1088; x_wconf 85' lang='lat' dir='ltr'><strong>doctri-</strong></span> 
     </span>
    </p>
   </div>
   <div class='ocr_carea' id='block_1_66' title="bbox 1058 1104 1846 1138">
    <p class='ocr_par' dir='ltr' id='par_1_66' title="bbox 1058 1104 1846 1138">
     <span class='ocr_line' id='line_1_66' title="bbox 1058 1104 1846 1138; baseline 0.005 -8"><span class='ocrx_word' id='word_1_463' title='bbox 1058 1111 1122 1131; x_wconf 89' lang='lat' dir='ltr'><strong>nam</strong></span> <span class='ocrx_word' id='word_1_464' title='bbox 1138 1104 1171 1131; x_wconf 90' lang='lat' dir='ltr'><strong>de</strong></span> <span class='ocrx_word' id='word_1_465' title='bbox 1186 1104 1327 1132; x_wconf 86' lang='lat' dir='ltr'><strong>Altissimo</strong></span> <span class='ocrx_word' id='word_1_466' title='bbox 1347 1109 1375 1133; x_wconf 88' lang='lat' dir='ltr'><strong>et</strong></span> <span class='ocrx_word' id='word_1_467' title='bbox 1390 1105 1423 1132; x_wconf 87' lang='lat' dir='ltr'><strong>de</strong></span> <span class='ocrx_word' id='word_1_468' title='bbox 1436 1105 1562 1138; x_wconf 86' lang='lat' dir='ltr'><strong>Domino,</strong></span> <span class='ocrx_word' id='word_1_469' title='bbox 1577 1107 1603 1133; x_wconf 93' lang='lat' dir='ltr'><strong>id</strong></span> <span class='ocrx_word' id='word_1_470' title='bbox 1616 1111 1657 1134; x_wconf 88' lang='lat' dir='ltr'><strong>est</strong></span> <span class='ocrx_word' id='word_1_471' title='bbox 1671 1106 1704 1134; x_wconf 92' lang='lat' dir='ltr'><strong>de</strong></span> <span class='ocrx_word' id='word_1_472' title='bbox 1717 1106 1800 1134; x_wconf 81' lang='lat' dir='ltr'><strong>Patre</strong></span> <span class='ocrx_word' id='word_1_473' title='bbox 1817 1111 1846 1136; x_wconf 79' lang='lat' dir='ltr'><strong>et</strong></span> 
     </span>
    </p>
   </div>
   <div class='ocr_carea' id='block_1_67' title="bbox 1059 1150 1845 1189">
    <p class='ocr_par' dir='ltr' id='par_1_67' title="bbox 1059 1150 1845 1189">
     <span class='ocr_line' id='line_1_67' title="bbox 1059 1150 1845 1189; baseline 0.006 -12"><span class='ocrx_word' id='word_1_474' title='bbox 1059 1150 1136 1184; x_wconf 83' lang='lat' dir='ltr'><strong>Filio,</strong></span> <span class='ocrx_word' id='word_1_475' title='bbox 1146 1157 1302 1187; x_wconf 86' lang='lat' dir='ltr'><strong>suspectam</strong></span> <span class='ocrx_word' id='word_1_476' title='bbox 1316 1152 1457 1186; x_wconf 87' lang='lat' dir='ltr'><strong>habentes,</strong></span> <span class='ocrx_word' id='word_1_477' title='bbox 1467 1152 1684 1189; x_wconf 74' lang='grc' dir='ltr'><strong>ῐουδαῖκὼτερον,</strong></span> <span class='ocrx_word' id='word_1_478' title='bbox 1693 1154 1750 1181; x_wconf 89' lang='lat' dir='ltr'><strong>sive</strong></span> <span class='ocrx_word' id='word_1_479' title='bbox 1760 1155 1845 1182; x_wconf 90' lang='lat' dir='ltr'><strong>modo</strong></span> 
     </span>
    </p>
   </div>
   <div class='ocr_carea' id='block_1_68' title="bbox 1058 1196 1844 1227">
    <p class='ocr_par' dir='ltr' id='par_1_68' title="bbox 1058 1196 1844 1227">
     <span class='ocr_line' id='line_1_68' title="bbox 1058 1196 1844 1227; baseline 0.005 -4"><span class='ocrx_word' id='word_1_480' title='bbox 1058 1196 1091 1224; x_wconf 88' lang='lat' dir='ltr'><strong>ad</strong></span> <span class='ocrx_word' id='word_1_481' title='bbox 1111 1196 1251 1224; x_wconf 82' lang='lat' dir='ltr'><strong>Judaicam</strong></span> <span class='ocrx_word' id='word_1_482' title='bbox 1275 1198 1438 1225; x_wconf 87' lang='lat' dir='ltr'><strong>sententiam</strong></span> <span class='ocrx_word' id='word_1_483' title='bbox 1463 1199 1609 1226; x_wconf 87' lang='lat' dir='ltr'><strong>accedente</strong></span> <span class='ocrx_word' id='word_1_484' title='bbox 1631 1200 1688 1226; x_wconf 57' lang='lat' dir='ltr'><strong>haec</strong></span> <span class='ocrx_word' id='word_1_485' title='bbox 1709 1198 1844 1227; x_wconf 75' lang='lat' dir='ltr'><strong>liebraita</strong></span> 
     </span>
    </p>
   </div>
   <div class='ocr_carea' id='block_1_69' title="bbox 1057 1235 1845 1285">
    <p class='ocr_par' dir='ltr' id='par_1_69' title="bbox 1057 1235 1845 1285">
     <span class='ocr_line' id='line_1_69' title="bbox 1057 1235 1845 1285; baseline 0.005 -16"><span class='ocrx_word' id='word_1_486' title='bbox 1057 1242 1138 1269; x_wconf 88' lang='lat' dir='ltr'><strong>verba</strong></span> <span class='ocrx_word' id='word_1_487' title='bbox 1149 1247 1237 1283; x_wconf 61' lang='lat'><strong>1:117:</strong></span> <span class='ocrx_word' id='word_1_488' title='bbox 1253 1247 1324 1272; x_wconf 71' lang='lat' dir='ltr'><strong>rma</strong></span> <span class='ocrx_word' id='word_1_489' title='bbox 1335 1235 1403 1285; x_wconf 52' lang='grc' dir='ltr'><strong>ἶνιν]</strong></span> <span class='ocrx_word' id='word_1_490' title='bbox 1417 1247 1491 1274; x_wconf 62' lang='grc' dir='ltr'><strong>ἘΙ-ΒΞ</strong></span> <span class='ocrx_word' id='word_1_491' title='bbox 1503 1248 1561 1273; x_wconf 71' lang='lat' dir='ltr'><strong>mm</strong></span> <span class='ocrx_word' id='word_1_492' title='bbox 1577 1249 1681 1274; x_wconf 67' lang='lat' dir='ltr'><strong>ms“:</strong></span> <span class='ocrx_word' id='word_1_493' title='bbox 1698 1244 1737 1271; x_wconf 85' lang='lat' dir='ltr'><strong>sic</strong></span> <span class='ocrx_word' id='word_1_494' title='bbox 1751 1249 1845 1280; x_wconf 81' lang='lat' dir='ltr'><strong>trans-</strong></span> 
     </span>
    </p>
   </div>
   <div class='ocr_carea' id='block_1_70' title="bbox 1057 1288 1843 1327">
    <p class='ocr_par' dir='ltr' id='par_1_70' title="bbox 1057 1288 1843 1327">
     <span class='ocr_line' id='line_1_70' title="bbox 1057 1288 1843 1327; baseline 0.004 -12"><span class='ocrx_word' id='word_1_495' title='bbox 1057 1288 1178 1321; x_wconf 84' lang='lat' dir='ltr'><strong>tulerint,</strong></span> <span class='ocrx_word' id='word_1_496' title='bbox 1209 1290 1306 1324; x_wconf 84' lang='lat' dir='ltr'><strong>Aquila</strong></span> <span class='ocrx_word' id='word_1_497' title='bbox 1320 1298 1427 1325; x_wconf 84' lang='lat' dir='ltr'><strong>nempe,</strong></span> <span class='ocrx_word' id='word_1_498' title='bbox 1443 1291 1504 1316; x_wconf 72' lang='grc' dir='ltr'><strong>’Ὁτι</strong></span> <span class='ocrx_word' id='word_1_499' title='bbox 1516 1291 1558 1323; x_wconf 69' lang='grc' dir='ltr'><strong>σὺ,</strong></span> <span class='ocrx_word' id='word_1_500' title='bbox 1574 1291 1670 1327; x_wconf 72' lang='grc' dir='ltr'><strong>Κύριε,</strong></span> <span class='ocrx_word' id='word_1_501' title='bbox 1688 1291 1764 1323; x_wconf 81' lang='grc' dir='ltr'>ἐλπίς</span> <span class='ocrx_word' id='word_1_502' title='bbox 1777 1300 1843 1327; x_wconf 84' lang='grc' dir='ltr'><strong>μου,</strong></span> 
     </span>
    </p>
   </div>
   <div class='ocr_carea' id='block_1_71' title="bbox 1058 1335 1845 1372">
    <p class='ocr_par' dir='ltr' id='par_1_71' title="bbox 1058 1335 1845 1372">
     <span class='ocr_line' id='line_1_71' title="bbox 1058 1335 1845 1372; baseline 0.003 -11"><span class='ocrx_word' id='word_1_503' title='bbox 1058 1335 1167 1371; x_wconf 63' lang='grc' dir='ltr'><strong>ὕψιστον</strong></span> <span class='ocrx_word' id='word_1_504' title='bbox 1183 1335 1268 1371; x_wconf 78' lang='grc' dir='ltr'>ἔθηκα</span> <span class='ocrx_word' id='word_1_505' title='bbox 1283 1336 1491 1372; x_wconf 80' lang='grc' dir='ltr'><strong>κατοικητήριόν</strong></span> <span class='ocrx_word' id='word_1_506' title='bbox 1508 1345 1554 1363; x_wconf 85' lang='grc' dir='ltr'><strong>σου</strong></span> <span class='ocrx_word' id='word_1_507' title='bbox 1565 1345 1572 1352; x_wconf 80' lang='lat'>&#39;</span> <span class='ocrx_word' id='word_1_508' title='bbox 1585 1336 1717 1369; x_wconf 85' lang='lat' dir='ltr'><strong>Quoniam</strong></span> <span class='ocrx_word' id='word_1_509' title='bbox 1734 1342 1773 1370; x_wconf 90' lang='lat' dir='ltr'><strong>tu,</strong></span> <span class='ocrx_word' id='word_1_510' title='bbox 1786 1336 1845 1363; x_wconf 53' lang='lat' dir='ltr'><strong>Do»</strong></span> 
     </span>
    </p>
   </div>
   <div class='ocr_carea' id='block_1_72' title="bbox 1058 1382 1843 1418">
    <p class='ocr_par' dir='ltr' id='par_1_72' title="bbox 1058 1382 1843 1418">
     <span class='ocr_line' id='line_1_72' title="bbox 1058 1382 1843 1418; baseline 0.001 -10"><span class='ocrx_word' id='word_1_511' title='bbox 1058 1382 1136 1414; x_wconf 86' lang='lat' dir='ltr'><strong>mine,</strong></span> <span class='ocrx_word' id='word_1_512' title='bbox 1146 1390 1202 1416; x_wconf 84' lang='lat' dir='ltr'><strong>spes</strong></span> <span class='ocrx_word' id='word_1_513' title='bbox 1214 1391 1282 1416; x_wconf 85' lang='lat' dir='ltr'><strong>mea,</strong></span> <span class='ocrx_word' id='word_1_514' title='bbox 1295 1382 1455 1409; x_wconf 83' lang='lat' dir='ltr'><strong>altissimum</strong></span> <span class='ocrx_word' id='word_1_515' title='bbox 1470 1383 1545 1418; x_wconf 86' lang='lat' dir='ltr'><strong>posui</strong></span> <span class='ocrx_word' id='word_1_516' title='bbox 1558 1383 1739 1410; x_wconf 80' lang='lat' dir='ltr'><strong>habitaculum</strong></span> <span class='ocrx_word' id='word_1_517' title='bbox 1753 1387 1843 1416; x_wconf 76' lang='lat' dir='ltr'><strong>tuum,-</strong></span> 
     </span>
    </p>
   </div>
   <div class='ocr_carea' id='block_1_73' title="bbox 1058 1427 1843 1465">
    <p class='ocr_par' dir='ltr' id='par_1_73' title="bbox 1058 1427 1843 1465">
     <span class='ocr_line' id='line_1_73' title="bbox 1058 1427 1843 1465; baseline 0.003 -11"><span class='ocrx_word' id='word_1_518' title='bbox 1058 1427 1238 1462; x_wconf 78' lang='lat' dir='ltr'><strong>Symmachus</strong></span> <span class='ocrx_word' id='word_1_519' title='bbox 1250 1436 1324 1461; x_wconf 85' lang='lat' dir='ltr'><strong>vero,</strong></span> <span class='ocrx_word' id='word_1_520' title='bbox 1338 1429 1374 1455; x_wconf 77' lang='grc' dir='ltr'><strong>Σὺ</strong></span> <span class='ocrx_word' id='word_1_521' title='bbox 1386 1429 1450 1464; x_wconf 76' lang='grc' dir='ltr'><strong>γὰρ,</strong></span> <span class='ocrx_word' id='word_1_522' title='bbox 1463 1429 1522 1462; x_wconf 78' lang='grc' dir='ltr'><strong>Θεὲ,</strong></span> <span class='ocrx_word' id='word_1_523' title='bbox 1534 1429 1635 1463; x_wconf 56' lang='grc' dir='ltr'><strong>ἁρμοδία.</strong></span> <span class='ocrx_word' id='word_1_524' title='bbox 1649 1438 1711 1465; x_wconf 83' lang='grc' dir='ltr'><strong>μου.</strong></span> <span class='ocrx_word' id='word_1_525' title='bbox 1722 1429 1843 1464; x_wconf 55' lang='lat' dir='ltr'><strong>otiis-np;</strong></span> 
     </span>
    </p>
   </div>
   <div class='ocr_carea' id='block_1_74' title="bbox 1056 1471 1843 1509">
    <p class='ocr_par' dir='ltr' id='par_1_74' title="bbox 1056 1471 1843 1509">
     <span class='ocr_line' id='line_1_74' title="bbox 1056 1471 1843 1509; baseline 0.005 -12"><span class='ocrx_word' id='word_1_526' title='bbox 1056 1471 1117 1498; x_wconf 77' lang='grc' dir='ltr'><strong>ἔθου</strong></span> <span class='ocrx_word' id='word_1_527' title='bbox 1143 1472 1192 1507; x_wconf 82' lang='grc' dir='ltr'><strong>τὴν</strong></span> <span class='ocrx_word' id='word_1_528' title='bbox 1212 1472 1369 1508; x_wconf 83' lang='grc' dir='ltr'><strong>κατοίκησίν</strong></span> <span class='ocrx_word' id='word_1_529' title='bbox 1395 1471 1458 1499; x_wconf 75' lang='lat' dir='ltr'><strong>cou&#39;</strong></span> <span class='ocrx_word' id='word_1_530' title='bbox 1482 1473 1521 1500; x_wconf 86' lang='lat' dir='ltr'><strong>Tu</strong></span> <span class='ocrx_word' id='word_1_531' title='bbox 1544 1474 1624 1508; x_wconf 86' lang='lat' dir='ltr'><strong>enim,</strong></span> <span class='ocrx_word' id='word_1_532' title='bbox 1646 1474 1725 1506; x_wconf 81' lang='lat' dir='ltr'><strong>Deus,</strong></span> <span class='ocrx_word' id='word_1_533' title='bbox 1740 1474 1843 1509; x_wconf 72' lang='lat' dir='ltr'><strong>ﬁdat-ia</strong></span> 
     </span>
    </p>
   </div>
   <div class='ocr_carea' id='block_1_75' title="bbox 1055 1517 1843 1553">
    <p class='ocr_par' dir='ltr' id='par_1_75' title="bbox 1055 1517 1843 1553">
     <span class='ocr_line' id='line_1_75' title="bbox 1055 1517 1843 1553; baseline 0.006 -10"><span class='ocrx_word' id='word_1_534' title='bbox 1055 1524 1122 1550; x_wconf 86' lang='lat' dir='ltr'><strong>mea,</strong></span> <span class='ocrx_word' id='word_1_535' title='bbox 1143 1517 1302 1545; x_wconf 81' lang='lat' dir='ltr'><strong>altissimam</strong></span> <span class='ocrx_word' id='word_1_536' title='bbox 1320 1519 1432 1552; x_wconf 85' lang='lat' dir='ltr'><strong>posuisti</strong></span> <span class='ocrx_word' id='word_1_537' title='bbox 1452 1519 1640 1547; x_wconf 76' lang='lat' dir='ltr'><strong>habitationem</strong></span> <span class='ocrx_word' id='word_1_538' title='bbox 1666 1525 1747 1548; x_wconf 87' lang='lat' dir='ltr'><strong>tuam.</strong></span> <span class='ocrx_word' id='word_1_539' title='bbox 1767 1520 1843 1553; x_wconf 85' lang='lat' dir='ltr'><strong>Quid</strong></span> 
     </span>
    </p>
   </div>
   <div class='ocr_carea' id='block_1_76' title="bbox 1053 1562 1843 1600">
    <p class='ocr_par' dir='ltr' id='par_1_76' title="bbox 1053 1562 1843 1600">
     <span class='ocr_line' id='line_1_76' title="bbox 1053 1562 1843 1600; baseline 0.006 -11"><span class='ocrx_word' id='word_1_540' title='bbox 1053 1562 1215 1592; x_wconf 85' lang='lat' dir='ltr'><strong>Christianis</strong></span> <span class='ocrx_word' id='word_1_541' title='bbox 1239 1564 1358 1592; x_wconf 79' lang='lat' dir='ltr'><strong>oﬂiciant</strong></span> <span class='ocrx_word' id='word_1_542' title='bbox 1383 1565 1539 1600; x_wconf 75' lang='lat' dir='ltr'><strong>huiusmodi</strong></span> <span class='ocrx_word' id='word_1_543' title='bbox 1566 1566 1767 1599; x_wconf 87' lang='lat' dir='ltr'><strong>translationes,</strong></span> <span class='ocrx_word' id='word_1_544' title='bbox 1784 1575 1843 1594; x_wconf 88' lang='lat' dir='ltr'><strong>non</strong></span> 
     </span>
    </p>
   </div>
   <div class='ocr_carea' id='block_1_77' title="bbox 1053 1610 1844 1646">
    <p class='ocr_par' dir='ltr' id='par_1_77' title="bbox 1053 1610 1844 1646">
     <span class='ocr_line' id='line_1_77' title="bbox 1053 1610 1844 1646; baseline 0.006 -10"><span class='ocrx_word' id='word_1_545' title='bbox 1053 1610 1120 1637; x_wconf 91' lang='lat' dir='ltr'><strong>satis</strong></span> <span class='ocrx_word' id='word_1_546' title='bbox 1135 1611 1278 1645; x_wconf 88' lang='lat' dir='ltr'><strong>perspicio.</strong></span> <span class='ocrx_word' id='word_1_547' title='bbox 1297 1611 1332 1638; x_wconf 82' lang='lat' dir='ltr'><strong>At</strong></span> <span class='ocrx_word' id='word_1_548' title='bbox 1348 1611 1483 1640; x_wconf 90' lang='lat' dir='ltr'><strong>Eusebius</strong></span> <span class='ocrx_word' id='word_1_549' title='bbox 1506 1612 1564 1640; x_wconf 88' lang='lat' dir='ltr'><strong>vult</strong></span> <span class='ocrx_word' id='word_1_550' title='bbox 1577 1613 1634 1640; x_wconf 74' lang='lat' dir='ltr'><strong>lucc</strong></span> <span class='ocrx_word' id='word_1_551' title='bbox 1647 1613 1726 1640; x_wconf 87' lang='lat' dir='ltr'><strong>verba</strong></span> <span class='ocrx_word' id='word_1_552' title='bbox 1743 1622 1749 1640; x_wconf 87' lang='lat'>:</span> <span class='ocrx_word' id='word_1_553' title='bbox 1766 1613 1844 1646; x_wconf 85' lang='lat' dir='ltr'><strong>Quo-</strong></span> 
     </span>
    </p>
   </div>
   <div class='ocr_carea' id='block_1_78' title="bbox 1053 1656 1841 1695">
    <p class='ocr_par' dir='ltr' id='par_1_78' title="bbox 1053 1656 1841 1695">
     <span class='ocr_line' id='line_1_78' title="bbox 1053 1656 1841 1695; baseline 0.006 -13"><span class='ocrx_word' id='word_1_554' title='bbox 1053 1656 1124 1682; x_wconf 86' lang='lat' dir='ltr'><strong>niam</strong></span> <span class='ocrx_word' id='word_1_555' title='bbox 1141 1662 1180 1689; x_wconf 90' lang='lat' dir='ltr'><strong>tu,</strong></span> <span class='ocrx_word' id='word_1_556' title='bbox 1198 1657 1319 1691; x_wconf 80' lang='lat' dir='ltr'><strong>Domine,</strong></span> <span class='ocrx_word' id='word_1_557' title='bbox 1335 1666 1392 1693; x_wconf 77' lang='lat' dir='ltr'><strong>spes</strong></span> <span class='ocrx_word' id='word_1_558' title='bbox 1406 1667 1474 1691; x_wconf 85' lang='lat' dir='ltr'><strong>mea,</strong></span> <span class='ocrx_word' id='word_1_559' title='bbox 1490 1659 1648 1686; x_wconf 84' lang='lat' dir='ltr'><strong>altissimum</strong></span> <span class='ocrx_word' id='word_1_560' title='bbox 1667 1661 1782 1695; x_wconf 81' lang='lat' dir='ltr'><strong>posuisti</strong></span> <span class='ocrx_word' id='word_1_561' title='bbox 1799 1670 1841 1688; x_wconf 86' lang='lat' dir='ltr'><strong>re-</strong></span> 
     </span>
    </p>
   </div>
   <div class='ocr_carea' id='block_1_79' title="bbox 1053 1703 1844 1740">
    <p class='ocr_par' dir='ltr' id='par_1_79' title="bbox 1053 1703 1844 1740">
     <span class='ocr_line' id='line_1_79' title="bbox 1053 1703 1844 1740; baseline 0.008 -13"><span class='ocrx_word' id='word_1_562' title='bbox 1053 1703 1155 1737; x_wconf 80' lang='lat' dir='ltr'><strong>fugium</strong></span> <span class='ocrx_word' id='word_1_563' title='bbox 1171 1709 1255 1736; x_wconf 89' lang='lat' dir='ltr'><strong>tuum,</strong></span> <span class='ocrx_word' id='word_1_564' title='bbox 1272 1710 1301 1732; x_wconf 92' lang='lat' dir='ltr'><strong>ut</strong></span> <span class='ocrx_word' id='word_1_565' title='bbox 1316 1705 1344 1731; x_wconf 92' lang='lat' dir='ltr'><strong>in</strong></span> <span class='ocrx_word' id='word_1_566' title='bbox 1365 1704 1436 1731; x_wconf 71' lang='lat' dir='ltr'><strong>LXX</strong></span> <span class='ocrx_word' id='word_1_567' title='bbox 1453 1705 1588 1740; x_wconf 82' lang='lat' dir='ltr'><strong>leguntur,</strong></span> <span class='ocrx_word' id='word_1_568' title='bbox 1606 1707 1645 1733; x_wconf 89' lang='lat' dir='ltr'><strong>sic</strong></span> <span class='ocrx_word' id='word_1_569' title='bbox 1665 1706 1844 1740; x_wconf 79' lang='lat' dir='ltr'><strong>intelligenda</strong></span> 
     </span>
    </p>
   </div>
   <div class='ocr_carea' id='block_1_80' title="bbox 1053 1750 1842 1786">
    <p class='ocr_par' dir='ltr' id='par_1_80' title="bbox 1053 1750 1842 1786">
     <span class='ocr_line' id='line_1_80' title="bbox 1053 1750 1842 1786; baseline 0.005 -11"><span class='ocrx_word' id='word_1_570' title='bbox 1053 1756 1123 1782; x_wconf 81' lang='lat' dir='ltr'><strong>esse,</strong></span> <span class='ocrx_word' id='word_1_571' title='bbox 1141 1755 1169 1776; x_wconf 91' lang='lat' dir='ltr'><strong>ut</strong></span> <span class='ocrx_word' id='word_1_572' title='bbox 1191 1750 1267 1784; x_wconf 88' lang='lat' dir='ltr'><strong>illud,</strong></span> <span class='ocrx_word' id='word_1_573' title='bbox 1284 1750 1405 1784; x_wconf 83' lang='lat' dir='ltr'><strong>Domine,</strong></span> <span class='ocrx_word' id='word_1_574' title='bbox 1422 1751 1556 1786; x_wconf 74' lang='lat' dir='ltr'><strong>significet</strong></span> <span class='ocrx_word' id='word_1_575' title='bbox 1578 1751 1692 1784; x_wconf 80' lang='lat' dir='ltr'><strong>Filium;</strong></span> <span class='ocrx_word' id='word_1_576' title='bbox 1711 1756 1738 1778; x_wconf 88' lang='lat' dir='ltr'><strong>et</strong></span> <span class='ocrx_word' id='word_1_577' title='bbox 1759 1752 1842 1786; x_wconf 90' lang='lat' dir='ltr'><strong>illud,</strong></span> 
     </span>
    </p>
   </div>
   <div class='ocr_carea' id='block_1_81' title="bbox 1053 1794 1841 1834">
    <p class='ocr_par' dir='ltr' id='par_1_81' title="bbox 1053 1794 1841 1834">
     <span class='ocr_line' id='line_1_81' title="bbox 1053 1794 1841 1834; baseline 0.006 -13"><span class='ocrx_word' id='word_1_578' title='bbox 1053 1794 1230 1829; x_wconf 83' lang='lat' dir='ltr'><strong>altissimum,</strong></span> <span class='ocrx_word' id='word_1_579' title='bbox 1255 1805 1335 1832; x_wconf 86' lang='lat' dir='ltr'><strong>quem</strong></span> <span class='ocrx_word' id='word_1_580' title='bbox 1361 1805 1411 1832; x_wconf 92' lang='lat' dir='ltr'><strong>pro</strong></span> <span class='ocrx_word' id='word_1_581' title='bbox 1435 1797 1540 1834; x_wconf 77' lang='lat' dir='ltr'><strong>refugio</strong></span> <span class='ocrx_word' id='word_1_582' title='bbox 1560 1806 1611 1826; x_wconf 91' lang='lat' dir='ltr'><strong>suo</strong></span> <span class='ocrx_word' id='word_1_583' title='bbox 1635 1799 1710 1834; x_wconf 87' lang='lat' dir='ltr'><strong>ponit</strong></span> <span class='ocrx_word' id='word_1_584' title='bbox 1735 1798 1841 1832; x_wconf 87' lang='lat' dir='ltr'><strong>Filius,</strong></span> 
     </span>
    </p>
   </div>
   <div class='ocr_carea' id='block_1_82' title="bbox 1053 1842 1843 1881">
    <p class='ocr_par' dir='ltr' id='par_1_82' title="bbox 1053 1842 1843 1881">
     <span class='ocr_line' id='line_1_82' title="bbox 1053 1842 1843 1881; baseline 0.005 -12"><span class='ocrx_word' id='word_1_585' title='bbox 1053 1842 1184 1877; x_wconf 76' lang='lat' dir='ltr'><strong>signiticet</strong></span> <span class='ocrx_word' id='word_1_586' title='bbox 1202 1842 1307 1871; x_wconf 81' lang='lat' dir='ltr'><strong>Patrem</strong></span> <span class='ocrx_word' id='word_1_587' title='bbox 1328 1853 1334 1870; x_wconf 92' lang='lat'>:</span> <span class='ocrx_word' id='word_1_588' title='bbox 1352 1852 1405 1879; x_wconf 91' lang='lat' dir='ltr'><strong>qua</strong></span> <span class='ocrx_word' id='word_1_589' title='bbox 1428 1845 1490 1872; x_wconf 87' lang='lat' dir='ltr'><strong>data</strong></span> <span class='ocrx_word' id='word_1_590' title='bbox 1511 1844 1730 1879; x_wconf 89' lang='lat' dir='ltr'><strong>interpretatione</strong></span> <span class='ocrx_word' id='word_1_591' title='bbox 1749 1845 1843 1881; x_wconf 81' lang='lat' dir='ltr'><strong>magis</strong></span> 
     </span>
    </p>
   </div>
   <div class='ocr_carea' id='block_1_83' title="bbox 1051 1888 1843 1926">
    <p class='ocr_par' dir='ltr' id='par_1_83' title="bbox 1051 1888 1843 1926">
     <span class='ocr_line' id='line_1_83' title="bbox 1051 1888 1843 1926; baseline 0.005 -12"><span class='ocrx_word' id='word_1_592' title='bbox 1051 1888 1206 1916; x_wconf 87' lang='lat' dir='ltr'><strong>Arianismo</strong></span> <span class='ocrx_word' id='word_1_593' title='bbox 1230 1888 1319 1917; x_wconf 81' lang='lat' dir='ltr'><strong>favere</strong></span> <span class='ocrx_word' id='word_1_594' title='bbox 1342 1890 1448 1917; x_wconf 90' lang='lat' dir='ltr'><strong>videtur</strong></span> <span class='ocrx_word' id='word_1_595' title='bbox 1469 1889 1613 1923; x_wconf 86' lang='lat' dir='ltr'><strong>Eusebius,</strong></span> <span class='ocrx_word' id='word_1_596' title='bbox 1634 1890 1712 1925; x_wconf 88' lang='lat' dir='ltr'><strong>cujus</strong></span> <span class='ocrx_word' id='word_1_597' title='bbox 1736 1898 1843 1926; x_wconf 84' lang='lat' dir='ltr'><strong>scopus</strong></span> 
     </span>
    </p>
   </div>
   <div class='ocr_carea' id='block_1_84' title="bbox 1050 1933 1844 1971">
    <p class='ocr_par' dir='ltr' id='par_1_84' title="bbox 1050 1933 1844 1971">
     <span class='ocr_line' id='line_1_84' title="bbox 1050 1933 1844 1971; baseline 0.006 -11"><span class='ocrx_word' id='word_1_598' title='bbox 1050 1938 1092 1961; x_wconf 86' lang='lat' dir='ltr'><strong>est</strong></span> <span class='ocrx_word' id='word_1_599' title='bbox 1109 1933 1192 1961; x_wconf 80' lang='lat' dir='ltr'><strong>Deum</strong></span> <span class='ocrx_word' id='word_1_600' title='bbox 1214 1934 1311 1962; x_wconf 85' lang='lat' dir='ltr'><strong>Filium</strong></span> <span class='ocrx_word' id='word_1_601' title='bbox 1337 1936 1417 1971; x_wconf 74' lang='lat' dir='ltr'><strong>longe</strong></span> <span class='ocrx_word' id='word_1_602' title='bbox 1443 1935 1576 1963; x_wconf 86' lang='lat' dir='ltr'><strong>minorem</strong></span> <span class='ocrx_word' id='word_1_603' title='bbox 1602 1935 1657 1962; x_wconf 86' lang='lat' dir='ltr'><strong>Deo</strong></span> <span class='ocrx_word' id='word_1_604' title='bbox 1677 1935 1758 1964; x_wconf 89' lang='lat' dir='ltr'><strong>Patre</strong></span> <span class='ocrx_word' id='word_1_605' title='bbox 1781 1941 1844 1965; x_wconf 78' lang='lat' dir='ltr'><strong>sta-</strong></span> 
     </span>
    </p>
   </div>
   <div class='ocr_carea' id='block_1_85' title="bbox 1052 1981 1751 2018">
    <p class='ocr_par' dir='ltr' id='par_1_85' title="bbox 1052 1981 1751 2018">
     <span class='ocr_line' id='line_1_85' title="bbox 1052 1981 1751 2018; baseline 0.004 -12"><span class='ocrx_word' id='word_1_606' title='bbox 1052 1984 1137 2011; x_wconf 86' lang='lat' dir='ltr'><strong>tuere,</strong></span> <span class='ocrx_word' id='word_1_607' title='bbox 1152 1989 1232 2015; x_wconf 82' lang='lat' dir='ltr'><strong>quant</strong></span> <span class='ocrx_word' id='word_1_608' title='bbox 1248 1982 1344 2016; x_wconf 89' lang='lat' dir='ltr'><strong>Aquila</strong></span> <span class='ocrx_word' id='word_1_609' title='bbox 1363 1987 1390 2009; x_wconf 89' lang='lat' dir='ltr'><strong>et</strong></span> <span class='ocrx_word' id='word_1_610' title='bbox 1405 1982 1586 2018; x_wconf 75' lang='lat' dir='ltr'><strong>Symmachus</strong></span> <span class='ocrx_word' id='word_1_611' title='bbox 1599 1981 1751 2010; x_wconf 82' lang='lat' dir='ltr'><strong>Judaismo.</strong></span> 
     </span>
    </p>
   </div>
   <div class='ocr_carea' id='block_1_86' title="bbox 1087 2024 1843 2061">
    <p class='ocr_par' dir='ltr' id='par_1_86' title="bbox 1087 2024 1843 2061">
     <span class='ocr_line' id='line_1_86' title="bbox 1087 2024 1843 2061; baseline 0.004 -10"><span class='ocrx_word' id='word_1_612' title='bbox 1087 2024 1267 2060; x_wconf 74' lang='lat' dir='ltr'><strong>Hieronymus</strong></span> <span class='ocrx_word' id='word_1_613' title='bbox 1290 2027 1316 2053; x_wconf 93' lang='lat' dir='ltr'><strong>in</strong></span> <span class='ocrx_word' id='word_1_614' title='bbox 1340 2026 1464 2054; x_wconf 87' lang='lat' dir='ltr'><strong>llesaiam</strong></span> <span class='ocrx_word' id='word_1_615' title='bbox 1492 2034 1551 2061; x_wconf 87' lang='lat' dir='ltr'><strong>cap.</strong></span> <span class='ocrx_word' id='word_1_616' title='bbox 1577 2034 1650 2059; x_wconf 81' lang='lat' dir='ltr'><strong>xux,</strong></span> <span class='ocrx_word' id='word_1_617' title='bbox 1676 2026 1702 2059; x_wconf 83' lang='lat'><strong>5,</strong></span> <span class='ocrx_word' id='word_1_618' title='bbox 1727 2027 1754 2053; x_wconf 95' lang='lat' dir='ltr'><strong>in</strong></span> <span class='ocrx_word' id='word_1_619' title='bbox 1778 2027 1843 2054; x_wconf 65' lang='lat' dir='ltr'><strong>haec</strong></span> 
     </span>
    </p>
   </div>
   <div class='ocr_carea' id='block_1_87' title="bbox 1050 2063 1842 2112">
    <p class='ocr_par' dir='ltr' id='par_1_87' title="bbox 1050 2063 1842 2112">
     <span class='ocr_line' id='line_1_87' title="bbox 1050 2063 1842 2112; baseline 0.003 -14"><span class='ocrx_word' id='word_1_620' title='bbox 1050 2070 1132 2098; x_wconf 84' lang='lat' dir='ltr'><strong>verba</strong></span> <span class='ocrx_word' id='word_1_621' title='bbox 1148 2074 1216 2112; x_wconf 65' lang='lat' dir='ltr'><strong>PIDN’</strong></span> <span class='ocrx_word' id='word_1_622' title='bbox 1231 2063 1267 2100; x_wconf 58' lang='lat' dir='ltr'><strong>NL)</strong></span> <span class='ocrx_word' id='word_1_623' title='bbox 1280 2063 1394 2105; x_wconf 58' lang='grc' dir='ltr'><strong>ὃκηιυνπ,</strong></span> <span class='ocrx_word' id='word_1_624' title='bbox 1411 2071 1455 2098; x_wconf 91' lang='lat' dir='ltr'><strong>ubi</strong></span> <span class='ocrx_word' id='word_1_625' title='bbox 1477 2072 1573 2106; x_wconf 88' lang='lat' dir='ltr'><strong>Aquila</strong></span> <span class='ocrx_word' id='word_1_626' title='bbox 1589 2071 1677 2104; x_wconf 82' lang='lat' dir='ltr'><strong>vertit,</strong></span> <span class='ocrx_word' id='word_1_627' title='bbox 1694 2071 1728 2099; x_wconf 84' lang='lat' dir='ltr'><strong>Et</strong></span> <span class='ocrx_word' id='word_1_628' title='bbox 1749 2071 1842 2100; x_wconf 84' lang='lat' dir='ltr'><strong>Israel</strong></span> 
     </span>
    </p>
   </div>
   <div class='ocr_carea' id='block_1_88' title="bbox 1050 2117 1842 2153">
    <p class='ocr_par' dir='ltr' id='par_1_88' title="bbox 1050 2117 1842 2153">
     <span class='ocr_line' id='line_1_88' title="bbox 1050 2117 1842 2153; baseline 0.001 -8"><span class='ocrx_word' id='word_1_629' title='bbox 1050 2119 1074 2145; x_wconf 86' lang='lat' dir='ltr'><strong>ei</strong></span> <span class='ocrx_word' id='word_1_630' title='bbox 1084 2117 1295 2153; x_wconf 81' lang='lat' dir='ltr'><strong>congregabitur,</strong></span> <span class='ocrx_word' id='word_1_631' title='bbox 1312 2118 1367 2146; x_wconf 60' lang='lat' dir='ltr'><strong>haec</strong></span> <span class='ocrx_word' id='word_1_632' title='bbox 1381 2119 1502 2146; x_wconf 90' lang='lat' dir='ltr'><strong>adnotat.</strong></span> <span class='ocrx_word' id='word_1_633' title='bbox 1520 2119 1558 2145; x_wconf 86' lang='lat' dir='ltr'><strong>De</strong></span> <span class='ocrx_word' id='word_1_634' title='bbox 1570 2119 1666 2153; x_wconf 79' lang='lat' dir='ltr'><strong>Aquila</strong></span> <span class='ocrx_word' id='word_1_635' title='bbox 1680 2123 1768 2145; x_wconf 87' lang='lat' dir='ltr'><strong>autem</strong></span> <span class='ocrx_word' id='word_1_636' title='bbox 1784 2128 1842 2146; x_wconf 80' lang='lat' dir='ltr'><strong>non</strong></span> 
     </span>
    </p>
   </div>
   <div class='ocr_carea' id='block_1_89' title="bbox 214 2162 1842 2202">
    <p class='ocr_par' dir='ltr' id='par_1_89' title="bbox 214 2162 1842 2202">
     <span class='ocr_line' id='line_1_89' title="bbox 214 2162 1842 2202; baseline 0.004 -16"><span class='ocrx_word' id='word_1_637' title='bbox 214 2168 301 2193; x_wconf 89' lang='lat' dir='ltr'><strong>mum,</strong></span> <span class='ocrx_word' id='word_1_638' title='bbox 325 2162 351 2188; x_wconf 93' lang='lat' dir='ltr'><strong>in</strong></span> <span class='ocrx_word' id='word_1_639' title='bbox 369 2163 429 2191; x_wconf 81' lang='lat' dir='ltr'><strong>aliis</strong></span> <span class='ocrx_word' id='word_1_640' title='bbox 447 2164 514 2192; x_wconf 84' lang='lat' dir='ltr'><strong>locis</strong></span> <span class='ocrx_word' id='word_1_641' title='bbox 532 2165 577 2192; x_wconf 87' lang='lat' dir='ltr'><strong>ubi</strong></span> <span class='ocrx_word' id='word_1_642' title='bbox 593 2165 717 2201; x_wconf 80' lang='lat' dir='ltr'><strong>Aquilam</strong></span> <span class='ocrx_word' id='word_1_643' title='bbox 734 2168 812 2201; x_wconf 69' lang='lat' dir='ltr'><strong>quasi</strong></span> <span class='ocrx_word' id='word_1_644' title='bbox 834 2168 998 2197; x_wconf 58' lang='lat' dir='ltr'><strong>Christianis</strong></span> <span class='ocrx_word' id='word_1_645' title='bbox 1013 2175 1036 2202; x_wconf 73' lang='grc' dir='ltr'>ι)</span> <span class='ocrx_word' id='word_1_646' title='bbox 1051 2165 1141 2198; x_wconf 87' lang='lat' dir='ltr'><strong>miror,</strong></span> <span class='ocrx_word' id='word_1_647' title='bbox 1158 2165 1226 2199; x_wconf 86' lang='lat' dir='ltr'><strong>quod</strong></span> <span class='ocrx_word' id='word_1_648' title='bbox 1241 2165 1316 2191; x_wconf 79' lang='lat' dir='ltr'><strong>homo</strong></span> <span class='ocrx_word' id='word_1_649' title='bbox 1333 2165 1527 2192; x_wconf 82' lang='lat' dir='ltr'><strong>eruditissimus</strong></span> <span class='ocrx_word' id='word_1_650' title='bbox 1546 2165 1644 2199; x_wconf 75' lang='lat' dir='ltr'><strong>lingua:</strong></span> <span class='ocrx_word' id='word_1_651' title='bbox 1658 2164 1795 2192; x_wconf 71' lang='lat' dir='ltr'><strong>Heln-mra:</strong></span> <span class='ocrx_word' id='word_1_652' title='bbox 1810 2167 1842 2192; x_wconf 88' lang='lat' dir='ltr'><strong>in</strong></span> 
     </span>
    </p>
   </div>
   <div class='ocr_carea' id='block_1_90' title="bbox 214 2206 997 2250">
    <p class='ocr_par' dir='ltr' id='par_1_90' title="bbox 214 2206 997 2250">
     <span class='ocr_line' id='line_1_90' title="bbox 214 2206 997 2250; baseline 0.013 -18"><span class='ocrx_word' id='word_1_653' title='bbox 214 2206 350 2233; x_wconf 81' lang='lat' dir='ltr'><strong>infensum</strong></span> <span class='ocrx_word' id='word_1_654' title='bbox 379 2216 492 2243; x_wconf 79' lang='lat' dir='ltr'><strong>carpere</strong></span> <span class='ocrx_word' id='word_1_655' title='bbox 506 2211 623 2242; x_wconf 87' lang='lat' dir='ltr'><strong>videtur,</strong></span> <span class='ocrx_word' id='word_1_656' title='bbox 641 2219 673 2238; x_wconf 75' lang='lat' dir='ltr'><strong>ex</strong></span> <span class='ocrx_word' id='word_1_657' title='bbox 699 2213 801 2248; x_wconf 81' lang='lat' dir='ltr'><strong>vulgari</strong></span> <span class='ocrx_word' id='word_1_658' title='bbox 819 2213 934 2241; x_wconf 89' lang='lat' dir='ltr'><strong>aliorum</strong></span> <span class='ocrx_word' id='word_1_659' title='bbox 951 2216 997 2250; x_wconf 91' lang='lat' dir='ltr'><strong>qui</strong></span> 
     </span>
    </p>
   </div>
   <div class='ocr_carea' id='block_1_91' title="bbox 213 2257 999 2296">
    <p class='ocr_par' dir='ltr' id='par_1_91' title="bbox 213 2257 999 2296">
     <span class='ocr_line' id='line_1_91' title="bbox 213 2257 999 2296; baseline 0.014 -18"><span class='ocrx_word' id='word_1_660' title='bbox 213 2258 410 2286; x_wconf 73' lang='lat' dir='ltr'><strong>praecesserant</strong></span> <span class='ocrx_word' id='word_1_661' title='bbox 438 2257 571 2284; x_wconf 89' lang='lat' dir='ltr'><strong>sententia</strong></span> <span class='ocrx_word' id='word_1_662' title='bbox 601 2257 722 2285; x_wconf 90' lang='lat' dir='ltr'><strong>locutum</strong></span> <span class='ocrx_word' id='word_1_663' title='bbox 750 2268 826 2293; x_wconf 89' lang='lat' dir='ltr'><strong>esse;</strong></span> <span class='ocrx_word' id='word_1_664' title='bbox 854 2261 999 2296; x_wconf 88' lang='lat' dir='ltr'><strong>ipsumque</strong></span> 
     </span>
    </p>
   </div>
   <div class='ocr_carea' id='block_1_92' title="bbox 214 2300 999 2340">
    <p class='ocr_par' dir='ltr' id='par_1_92' title="bbox 214 2300 999 2340">
     <span class='ocr_line' id='line_1_92' title="bbox 214 2300 999 2340; baseline 0.014 -16"><span class='ocrx_word' id='word_1_665' title='bbox 214 2303 314 2331; x_wconf 81' lang='lat' dir='ltr'><strong>tamen,</strong></span> <span class='ocrx_word' id='word_1_666' title='bbox 330 2300 375 2334; x_wconf 94' lang='lat' dir='ltr'><strong>qui</strong></span> <span class='ocrx_word' id='word_1_667' title='bbox 390 2300 452 2335; x_wconf 90' lang='lat' dir='ltr'><strong>plus</strong></span> <span class='ocrx_word' id='word_1_668' title='bbox 468 2309 550 2336; x_wconf 87' lang='lat' dir='ltr'><strong>quam</strong></span> <span class='ocrx_word' id='word_1_669' title='bbox 569 2304 658 2330; x_wconf 65' lang='lat' dir='ltr'><strong>caeteri</strong></span> <span class='ocrx_word' id='word_1_670' title='bbox 671 2312 767 2332; x_wconf 90' lang='lat' dir='ltr'><strong>omnes</strong></span> <span class='ocrx_word' id='word_1_671' title='bbox 781 2305 885 2340; x_wconf 70' lang='lat' dir='ltr'><strong>Aquilae</strong></span> <span class='ocrx_word' id='word_1_672' title='bbox 901 2308 999 2335; x_wconf 87' lang='lat' dir='ltr'><strong>versio-</strong></span> 
     </span>
    </p>
   </div>
   <div class='ocr_carea' id='block_1_93' title="bbox 213 2348 997 2388">
    <p class='ocr_par' dir='ltr' id='par_1_93' title="bbox 213 2348 997 2388">
     <span class='ocr_line' id='line_1_93' title="bbox 213 2348 997 2388; baseline 0.013 -17"><span class='ocrx_word' id='word_1_673' title='bbox 213 2353 275 2372; x_wconf 89' lang='lat' dir='ltr'><strong>nem</strong></span> <span class='ocrx_word' id='word_1_674' title='bbox 299 2350 472 2380; x_wconf 86' lang='lat' dir='ltr'><strong>tractaverat,</strong></span> <span class='ocrx_word' id='word_1_675' title='bbox 489 2348 541 2376; x_wconf 88' lang='lat' dir='ltr'><strong>alia</strong></span> <span class='ocrx_word' id='word_1_676' title='bbox 563 2350 690 2384; x_wconf 89' lang='lat' dir='ltr'><strong>opinione</strong></span> <span class='ocrx_word' id='word_1_677' title='bbox 715 2351 809 2379; x_wconf 80' lang='lat' dir='ltr'><strong>fuisse.</strong></span> <span class='ocrx_word' id='word_1_678' title='bbox 835 2353 940 2388; x_wconf 74' lang='lat' dir='ltr'><strong>Aquila,</strong></span> <span class='ocrx_word' id='word_1_679' title='bbox 958 2355 997 2381; x_wconf 90' lang='lat' dir='ltr'><strong>in-</strong></span> 
     </span>
    </p>
   </div>
   <div class='ocr_carea' id='block_1_94' title="bbox 213 2391 995 2432">
    <p class='ocr_par' dir='ltr' id='par_1_94' title="bbox 213 2391 995 2432">
     <span class='ocr_line' id='line_1_94' title="bbox 213 2391 995 2432; baseline 0.013 -15"><span class='ocrx_word' id='word_1_680' title='bbox 213 2391 273 2425; x_wconf 90' lang='lat' dir='ltr'><strong>quit</strong></span> <span class='ocrx_word' id='word_1_681' title='bbox 287 2391 312 2418; x_wconf 92' lang='lat' dir='ltr'><strong>in</strong></span> <span class='ocrx_word' id='word_1_682' title='bbox 328 2393 441 2426; x_wconf 83' lang='lat' dir='ltr'><strong>epistola</strong></span> <span class='ocrx_word' id='word_1_683' title='bbox 456 2394 489 2421; x_wconf 89' lang='lat' dir='ltr'><strong>ad</strong></span> <span class='ocrx_word' id='word_1_684' title='bbox 505 2394 664 2430; x_wconf 87' lang='lat' dir='ltr'><strong>Damasum,</strong></span> <span class='ocrx_word' id='word_1_685' title='bbox 676 2398 720 2432; x_wconf 84' lang='lat' dir='ltr'><strong>qui</strong></span> <span class='ocrx_word' id='word_1_686' title='bbox 733 2406 784 2425; x_wconf 89' lang='lat' dir='ltr'><strong>non</strong></span> <span class='ocrx_word' id='word_1_687' title='bbox 796 2401 995 2432; x_wconf 82' lang='lat' dir='ltr'><strong>contentiosius,</strong></span> 
     </span>
    </p>
   </div>
   <div class='ocr_carea' id='block_1_95' title="bbox 211 2438 996 2480">
    <p class='ocr_par' dir='ltr' id='par_1_95' title="bbox 211 2438 996 2480">
     <span class='ocr_line' id='line_1_95' title="bbox 211 2438 996 2480; baseline 0.014 -18"><span class='ocrx_word' id='word_1_688' title='bbox 211 2441 241 2463; x_wconf 82' lang='lat' dir='ltr'><strong>ut</strong></span> <span class='ocrx_word' id='word_1_689' title='bbox 256 2438 364 2472; x_wconf 85' lang='lat' dir='ltr'><strong>quidam</strong></span> <span class='ocrx_word' id='word_1_690' title='bbox 381 2445 485 2473; x_wconf 86' lang='lat' dir='ltr'><strong>putant,</strong></span> <span class='ocrx_word' id='word_1_691' title='bbox 500 2441 544 2468; x_wconf 88' lang='lat' dir='ltr'><strong>sed</strong></span> <span class='ocrx_word' id='word_1_692' title='bbox 561 2443 705 2470; x_wconf 85' lang='lat' dir='ltr'><strong>studiosius</strong></span> <span class='ocrx_word' id='word_1_693' title='bbox 720 2444 822 2471; x_wconf 80' lang='lat' dir='ltr'><strong>verbum</strong></span> <span class='ocrx_word' id='word_1_694' title='bbox 840 2446 996 2480; x_wconf 79' lang='lat' dir='ltr'><strong>interpreta-</strong></span> 
     </span>
    </p>
   </div>
   <div class='ocr_carea' id='block_1_96' title="bbox 213 2483 996 2523">
    <p class='ocr_par' dir='ltr' id='par_1_96' title="bbox 213 2483 996 2523">
     <span class='ocr_line' id='line_1_96' title="bbox 213 2483 996 2523; baseline 0.014 -15"><span class='ocrx_word' id='word_1_695' title='bbox 213 2487 257 2509; x_wconf 84' lang='lat' dir='ltr'><strong>tur</strong></span> <span class='ocrx_word' id='word_1_696' title='bbox 268 2483 303 2510; x_wconf 80' lang='lat' dir='ltr'><strong>ad</strong></span> <span class='ocrx_word' id='word_1_697' title='bbox 322 2484 436 2512; x_wconf 80' lang='lat' dir='ltr'><strong>verbum.</strong></span> <span class='ocrx_word' id='word_1_698' title='bbox 456 2485 526 2514; x_wconf 88' lang='lat' dir='ltr'><strong>Etin</strong></span> <span class='ocrx_word' id='word_1_699' title='bbox 548 2488 662 2523; x_wconf 84' lang='lat' dir='ltr'><strong>epistola</strong></span> <span class='ocrx_word' id='word_1_700' title='bbox 677 2490 710 2516; x_wconf 91' lang='lat' dir='ltr'><strong>ad</strong></span> <span class='ocrx_word' id='word_1_701' title='bbox 728 2490 882 2519; x_wconf 86' lang='lat' dir='ltr'><strong>Marcellam</strong></span> <span class='ocrx_word' id='word_1_702' title='bbox 908 2502 914 2519; x_wconf 89' lang='lat'>:</span> <span class='ocrx_word' id='word_1_703' title='bbox 934 2492 996 2519; x_wconf 79' lang='lat' dir='ltr'><strong>lam</strong></span> 
     </span>
    </p>
   </div>
   <div class='ocr_carea' id='block_1_97' title="bbox 211 2529 997 2574">
    <p class='ocr_par' dir='ltr' id='par_1_97' title="bbox 211 2529 997 2574">
     <span class='ocr_line' id='line_1_97' title="bbox 211 2529 997 2574; baseline 0.015 -20"><span class='ocrx_word' id='word_1_704' title='bbox 211 2529 312 2563; x_wconf 83' lang='lat' dir='ltr'><strong>pridem</strong></span> <span class='ocrx_word' id='word_1_705' title='bbox 320 2538 378 2557; x_wconf 85' lang='lat' dir='ltr'><strong>cum</strong></span> <span class='ocrx_word' id='word_1_706' title='bbox 387 2531 560 2560; x_wconf 75' lang='lat' dir='ltr'><strong>voluminibus</strong></span> <span class='ocrx_word' id='word_1_707' title='bbox 569 2533 740 2563; x_wconf 71' lang='lat' dir='ltr'><strong>Hebraeorum</strong></span> <span class='ocrx_word' id='word_1_708' title='bbox 747 2537 997 2574; x_wconf 72' lang='lat' dir='ltr'><strong>editionemAquilaz</strong></span> 
     </span>
    </p>
   </div>
   <div class='ocr_carea' id='block_1_98' title="bbox 211 2574 997 2621">
    <p class='ocr_par' dir='ltr' id='par_1_98' title="bbox 211 2574 997 2621">
     <span class='ocr_line' id='line_1_98' title="bbox 211 2574 997 2621; baseline 0.017 -21"><span class='ocrx_word' id='word_1_709' title='bbox 211 2574 328 2609; x_wconf 78' lang='lat' dir='ltr'><strong>confero,</strong></span> <span class='ocrx_word' id='word_1_710' title='bbox 351 2585 383 2603; x_wconf 83' lang='lat' dir='ltr'><strong>ne</strong></span> <span class='ocrx_word' id='word_1_711' title='bbox 406 2579 472 2612; x_wconf 80' lang='lat' dir='ltr'><strong>quid</strong></span> <span class='ocrx_word' id='word_1_712' title='bbox 491 2585 596 2614; x_wconf 88' lang='lat' dir='ltr'><strong>propter</strong></span> <span class='ocrx_word' id='word_1_713' title='bbox 618 2582 707 2608; x_wconf 86' lang='lat' dir='ltr'><strong>odium</strong></span> <span class='ocrx_word' id='word_1_714' title='bbox 731 2583 831 2611; x_wconf 83' lang='lat' dir='ltr'><strong>Christi</strong></span> <span class='ocrx_word' id='word_1_715' title='bbox 856 2584 997 2621; x_wconf 84' lang='lat' dir='ltr'><strong>Synagoga</strong></span> 
     </span>
    </p>
   </div>
   <div class='ocr_carea' id='block_1_99' title="bbox 210 2622 997 2664">
    <p class='ocr_par' dir='ltr' id='par_1_99' title="bbox 210 2622 997 2664">
     <span class='ocr_line' id='line_1_99' title="bbox 210 2622 997 2664; baseline 0.014 -17"><span class='ocrx_word' id='word_1_716' title='bbox 210 2622 372 2653; x_wconf 82' lang='lat' dir='ltr'><strong>mutaverit;</strong></span> <span class='ocrx_word' id='word_1_717' title='bbox 386 2628 421 2655; x_wconf 72' lang='lat' dir='ltr'><strong>et,</strong></span> <span class='ocrx_word' id='word_1_718' title='bbox 437 2629 465 2650; x_wconf 87' lang='lat' dir='ltr'><strong>ut</strong></span> <span class='ocrx_word' id='word_1_719' title='bbox 482 2626 575 2653; x_wconf 72' lang='lat' dir='ltr'><strong>amitte</strong></span> <span class='ocrx_word' id='word_1_720' title='bbox 591 2628 670 2653; x_wconf 85' lang='lat' dir='ltr'><strong>menti</strong></span> <span class='ocrx_word' id='word_1_721' title='bbox 691 2628 788 2662; x_wconf 83' lang='lat' dir='ltr'><strong>fatear,</strong></span> <span class='ocrx_word' id='word_1_722' title='bbox 809 2638 868 2664; x_wconf 79' lang='lat' dir='ltr'><strong>qua:</strong></span> <span class='ocrx_word' id='word_1_723' title='bbox 888 2631 923 2656; x_wconf 84' lang='lat' dir='ltr'><strong>ad</strong></span> <span class='ocrx_word' id='word_1_724' title='bbox 949 2641 997 2657; x_wconf 78' lang='lat' dir='ltr'><strong>no—</strong></span> 
     </span>
    </p>
   </div>
   <div class='ocr_carea' id='block_1_100' title="bbox 209 2668 942 2712">
    <p class='ocr_par' dir='ltr' id='par_1_100' title="bbox 209 2668 942 2712">
     <span class='ocr_line' id='line_1_100' title="bbox 209 2668 942 2712; baseline 0.016 -20"><span class='ocrx_word' id='word_1_725' title='bbox 209 2674 291 2693; x_wconf 68' lang='lat' dir='ltr'><strong>stram</strong></span> <span class='ocrx_word' id='word_1_726' title='bbox 304 2668 382 2703; x_wconf 79' lang='lat' dir='ltr'><strong>ﬁdem</strong></span> <span class='ocrx_word' id='word_1_727' title='bbox 393 2671 539 2704; x_wconf 81' lang='lat' dir='ltr'><strong>pertineant</strong></span> <span class='ocrx_word' id='word_1_728' title='bbox 560 2673 733 2700; x_wconf 82' lang='lat' dir='ltr'><strong>roborandam</strong></span> <span class='ocrx_word' id='word_1_729' title='bbox 745 2675 821 2709; x_wconf 87' lang='lat' dir='ltr'><strong>plura</strong></span> <span class='ocrx_word' id='word_1_730' title='bbox 835 2678 942 2712; x_wconf 85' lang='lat' dir='ltr'><strong>reperio.</strong></span> 
     </span>
    </p>
   </div>
   <div class='ocr_carea' id='block_1_101' title="bbox 211 2712 996 2757">
    <p class='ocr_par' dir='ltr' id='par_1_101' title="bbox 211 2712 996 2757">
     <span class='ocr_line' id='line_1_101' title="bbox 211 2712 996 2757; baseline 0.017 -18"><span class='ocrx_word' id='word_1_731' title='bbox 211 2712 242 2740; x_wconf 68' lang='grc' dir='ltr'><strong>ν.</strong></span> <span class='ocrx_word' id='word_1_732' title='bbox 262 2714 455 2757; x_wconf 33' lang='lat' dir='ltr'><strong>Expendit-tutu</strong></span> <span class='ocrx_word' id='word_1_733' title='bbox 478 2718 594 2757; x_wconf 71' lang='lat' dir='ltr'><strong>locaubi</strong></span> <span class='ocrx_word' id='word_1_734' title='bbox 609 2720 717 2755; x_wconf 76' lang='lat' dir='ltr'><strong>Aquila,</strong></span> <span class='ocrx_word' id='word_1_735' title='bbox 729 2723 806 2757; x_wconf 80' lang='lat' dir='ltr'><strong>quasi</strong></span> <span class='ocrx_word' id='word_1_736' title='bbox 819 2723 849 2750; x_wconf 87' lang='lat' dir='ltr'><strong>ob</strong></span> <span class='ocrx_word' id='word_1_737' title='bbox 865 2724 996 2752; x_wconf 79' lang='lat' dir='ltr'><strong>Christia-</strong></span> 
     </span>
    </p>
   </div>
   <div class='ocr_carea' id='block_1_102' title="bbox 246 2752 958 2791">
    <p class='ocr_par' dir='ltr' id='par_1_102' title="bbox 246 2752 958 2791">
     <span class='ocr_line' id='line_1_102' title="bbox 246 2752 958 2791; baseline 0.015 -16"><span class='ocrx_word' id='word_1_738' title='bbox 246 2752 431 2778; x_wconf 69' lang='lat' dir='ltr'><strong>nismi&#39;odium</strong></span> <span class='ocrx_word' id='word_1_739' title='bbox 449 2753 517 2780; x_wconf 91' lang='lat' dir='ltr'><strong>male</strong></span> <span class='ocrx_word' id='word_1_740' title='bbox 533 2752 741 2789; x_wconf 45' lang='lat' dir='ltr'><strong>interpretatus,-</strong></span> <span class='ocrx_word' id='word_1_741' title='bbox 751 2758 958 2791; x_wconf 82' lang='lat' dir='ltr'><strong>reprehenditur.</strong></span> 
     </span>
    </p>
   </div>
   <div class='ocr_carea' id='block_1_103' title="bbox 246 2794 994 2840">
    <p class='ocr_par' dir='ltr' id='par_1_103' title="bbox 246 2794 994 2840">
     <span class='ocr_line' id='line_1_103' title="bbox 246 2794 994 2840; baseline 0.016 -19"><span class='ocrx_word' id='word_1_742' title='bbox 246 2794 266 2821; x_wconf 77' lang='grc' dir='ltr'>Ε</span> <span class='ocrx_word' id='word_1_743' title='bbox 278 2804 306 2823; x_wconf 92' lang='lat' dir='ltr'><strong>rc</strong></span> <span class='ocrx_word' id='word_1_744' title='bbox 319 2802 408 2826; x_wconf 85' lang='lat' dir='ltr'><strong>autem</strong></span> <span class='ocrx_word' id='word_1_745' title='bbox 421 2798 569 2828; x_wconf 83' lang='lat' dir='ltr'><strong>lucritloca</strong></span> <span class='ocrx_word' id='word_1_746' title='bbox 580 2801 624 2829; x_wconf 88' lang='lat' dir='ltr'><strong>illa</strong></span> <span class='ocrx_word' id='word_1_747' title='bbox 636 2802 871 2838; x_wconf 82' lang='lat' dir='ltr'><strong>interpretationis</strong></span> <span class='ocrx_word' id='word_1_748' title='bbox 880 2804 994 2840; x_wconf 65' lang='lat' dir='ltr'><strong>Aquilae,</strong></span> 
     </span>
    </p>
   </div>
   <div class='ocr_carea' id='block_1_104' title="bbox 1051 2211 1841 2246">
    <p class='ocr_par' dir='ltr' id='par_1_104' title="bbox 1051 2211 1841 2246">
     <span class='ocr_line' id='line_1_104' title="bbox 1051 2211 1841 2246; baseline 0.003 -9"><span class='ocrx_word' id='word_1_749' title='bbox 1051 2211 1098 2237; x_wconf 83' lang='lat' dir='ltr'><strong>hoc</strong></span> <span class='ocrx_word' id='word_1_750' title='bbox 1110 2211 1165 2237; x_wconf 83' lang='lat' dir='ltr'><strong>loco</strong></span> <span class='ocrx_word' id='word_1_751' title='bbox 1182 2216 1228 2237; x_wconf 83' lang='lat' dir='ltr'><strong>aut</strong></span> <span class='ocrx_word' id='word_1_752' title='bbox 1239 2211 1373 2238; x_wconf 83' lang='lat' dir='ltr'><strong>simularit</strong></span> <span class='ocrx_word' id='word_1_753' title='bbox 1389 2211 1561 2246; x_wconf 81' lang='lat' dir='ltr'><strong>imperitiam,</strong></span> <span class='ocrx_word' id='word_1_754' title='bbox 1576 2216 1622 2238; x_wconf 87' lang='lat' dir='ltr'><strong>aut</strong></span> <span class='ocrx_word' id='word_1_755' title='bbox 1635 2211 1805 2238; x_wconf 76' lang='lat' dir='ltr'><strong>Pharisworu</strong></span> <span class='ocrx_word' id='word_1_756' title='bbox 1812 2221 1841 2239; x_wconf 80' lang='lat' dir='ltr'><strong>nt</strong></span> 
     </span>
    </p>
   </div>
   <div class='ocr_carea' id='block_1_105' title="bbox 1049 2256 1841 2292">
    <p class='ocr_par' dir='ltr' id='par_1_105' title="bbox 1049 2256 1841 2292">
     <span class='ocr_line' id='line_1_105' title="bbox 1049 2256 1841 2292; baseline 0 -9"><span class='ocrx_word' id='word_1_757' title='bbox 1049 2265 1169 2292; x_wconf 79' lang='lat' dir='ltr'><strong>perversa</strong></span> <span class='ocrx_word' id='word_1_758' title='bbox 1183 2257 1396 2290; x_wconf 74' lang='lat' dir='ltr'><strong>interpretatione</strong></span> <span class='ocrx_word' id='word_1_759' title='bbox 1411 2256 1531 2291; x_wconf 81' lang='lat' dir='ltr'><strong>deceptus</strong></span> <span class='ocrx_word' id='word_1_760' title='bbox 1546 2261 1591 2288; x_wconf 82' lang='lat' dir='ltr'><strong>stt,</strong></span> <span class='ocrx_word' id='word_1_761' title='bbox 1604 2257 1648 2292; x_wconf 89' lang='lat' dir='ltr'><strong>qui</strong></span> <span class='ocrx_word' id='word_1_762' title='bbox 1665 2258 1841 2291; x_wconf 80' lang='lat' dir='ltr'><strong>interpretari</strong></span> 
     </span>
    </p>
   </div>
   <div class='ocr_carea' id='block_1_106' title="bbox 1049 2302 1840 2337">
    <p class='ocr_par' dir='ltr' id='par_1_106' title="bbox 1049 2302 1840 2337">
     <span class='ocr_line' id='line_1_106' title="bbox 1049 2302 1840 2337; baseline 0.001 -9"><span class='ocrx_word' id='word_1_763' title='bbox 1049 2303 1141 2335; x_wconf 70' lang='lat' dir='ltr'><strong>noluit,</strong></span> <span class='ocrx_word' id='word_1_764' title='bbox 1154 2307 1180 2329; x_wconf 90' lang='lat' dir='ltr'><strong>et</strong></span> <span class='ocrx_word' id='word_1_765' title='bbox 1197 2302 1279 2329; x_wconf 82' lang='lat' dir='ltr'><strong>Israel</strong></span> <span class='ocrx_word' id='word_1_766' title='bbox 1293 2303 1316 2329; x_wconf 90' lang='lat' dir='ltr'><strong>ei</strong></span> <span class='ocrx_word' id='word_1_767' title='bbox 1332 2302 1549 2337; x_wconf 78' lang='lat' dir='ltr'><strong>congregabitur,</strong></span> <span class='ocrx_word' id='word_1_768' title='bbox 1565 2302 1612 2328; x_wconf 87' lang='lat' dir='ltr'><strong>hoc</strong></span> <span class='ocrx_word' id='word_1_769' title='bbox 1624 2307 1673 2334; x_wconf 85' lang='lat' dir='ltr'><strong>est,</strong></span> <span class='ocrx_word' id='word_1_770' title='bbox 1689 2302 1740 2329; x_wconf 81' lang='lat' dir='ltr'><strong>Deo</strong></span> <span class='ocrx_word' id='word_1_771' title='bbox 1752 2310 1760 2329; x_wconf 92' lang='lat'><strong><em>:</em></strong></span> <span class='ocrx_word' id='word_1_772' title='bbox 1773 2311 1840 2329; x_wconf 83' lang='lat' dir='ltr'><strong>cum</strong></span> 
     </span>
    </p>
   </div>
   <div class='ocr_carea' id='block_1_107' title="bbox 1049 2347 1840 2383">
    <p class='ocr_par' dir='ltr' id='par_1_107' title="bbox 1049 2347 1840 2383">
     <span class='ocr_line' id='line_1_107' title="bbox 1049 2347 1840 2383; baseline -0.001 -7"><span class='ocrx_word' id='word_1_773' title='bbox 1049 2350 1152 2376; x_wconf 63' lang='lat' dir='ltr'><strong>vrrbum</strong></span> <span class='ocrx_word' id='word_1_774' title='bbox 1170 2348 1330 2375; x_wconf 72' lang='lat' dir='ltr'><strong>IIem-uicum</strong></span> <span class='ocrx_word' id='word_1_775' title='bbox 1346 2355 1389 2380; x_wconf 75' lang='grc' dir='ltr'><strong>ιο,</strong></span> <span class='ocrx_word' id='word_1_776' title='bbox 1403 2348 1430 2374; x_wconf 83' lang='lat' dir='ltr'><strong>in</strong></span> <span class='ocrx_word' id='word_1_777' title='bbox 1447 2348 1494 2374; x_wconf 85' lang='lat' dir='ltr'><strong>hoc</strong></span> <span class='ocrx_word' id='word_1_778' title='bbox 1509 2348 1565 2374; x_wconf 83' lang='lat' dir='ltr'><strong>loco</strong></span> <span class='ocrx_word' id='word_1_779' title='bbox 1582 2356 1632 2373; x_wconf 87' lang='lat' dir='ltr'><strong>non</strong></span> <span class='ocrx_word' id='word_1_780' title='bbox 1643 2347 1776 2374; x_wconf 73' lang='lat' dir='ltr'><strong>scribatur</strong></span> <span class='ocrx_word' id='word_1_781' title='bbox 1787 2356 1840 2383; x_wconf 84' lang='lat' dir='ltr'><strong>per</strong></span> 
     </span>
    </p>
   </div>
   <div class='ocr_carea' id='block_1_108' title="bbox 1049 2393 1839 2429">
    <p class='ocr_par' dir='ltr' id='par_1_108' title="bbox 1049 2393 1839 2429">
     <span class='ocr_line' id='line_1_108' title="bbox 1049 2393 1839 2429; baseline -0.001 -7"><span class='ocrx_word' id='word_1_782' title='bbox 1049 2403 1135 2422; x_wconf 73' lang='lat' dir='ltr'><strong>LAMED</strong></span> <span class='ocrx_word' id='word_1_783' title='bbox 1151 2401 1173 2421; x_wconf 80' lang='lat' dir='ltr'><strong>et</strong></span> <span class='ocrx_word' id='word_1_784' title='bbox 1196 2402 1258 2428; x_wconf 65' lang='lat' dir='ltr'><strong>van,</strong></span> <span class='ocrx_word' id='word_1_785' title='bbox 1273 2394 1342 2429; x_wconf 88' lang='lat' dir='ltr'><strong>quod</strong></span> <span class='ocrx_word' id='word_1_786' title='bbox 1363 2394 1385 2421; x_wconf 89' lang='lat' dir='ltr'><strong>si</strong></span> <span class='ocrx_word' id='word_1_787' title='bbox 1405 2398 1481 2426; x_wconf 85' lang='lat' dir='ltr'><strong>esset,</strong></span> <span class='ocrx_word' id='word_1_788' title='bbox 1495 2394 1656 2428; x_wconf 79' lang='lat' dir='ltr'><strong>signiﬁcaret</strong></span> <span class='ocrx_word' id='word_1_789' title='bbox 1679 2394 1702 2420; x_wconf 91' lang='lat' dir='ltr'><strong>ei</strong></span> <span class='ocrx_word' id='word_1_790' title='bbox 1718 2393 1756 2420; x_wconf 74' lang='grc' dir='ltr'><strong>νει</strong></span> <span class='ocrx_word' id='word_1_791' title='bbox 1772 2394 1813 2421; x_wconf 87' lang='lat' dir='ltr'><strong>illi</strong></span> <span class='ocrx_word' id='word_1_792' title='bbox 1829 2403 1839 2429; x_wconf 87' lang='lat'><strong>;</strong></span> 
     </span>
    </p>
   </div>
   <div class='ocr_carea' id='block_1_109' title="bbox 1048 2438 1841 2476">
    <p class='ocr_par' dir='ltr' id='par_1_109' title="bbox 1048 2438 1841 2476">
     <span class='ocr_line' id='line_1_109' title="bbox 1048 2438 1841 2476; baseline -0.004 -8"><span class='ocrx_word' id='word_1_793' title='bbox 1048 2442 1092 2468; x_wconf 83' lang='lat' dir='ltr'><strong>sed</strong></span> <span class='ocrx_word' id='word_1_794' title='bbox 1111 2449 1156 2476; x_wconf 80' lang='lat' dir='ltr'><strong>per</strong></span> <span class='ocrx_word' id='word_1_795' title='bbox 1168 2449 1254 2467; x_wconf 75' lang='grc' dir='ltr'>ιΑιιΕι)</span> <span class='ocrx_word' id='word_1_796' title='bbox 1272 2448 1367 2472; x_wconf 66' lang='lat' dir='ltr'><strong>suam,</strong></span> <span class='ocrx_word' id='word_1_797' title='bbox 1383 2444 1451 2474; x_wconf 79' lang='lat' dir='ltr'><strong>quod</strong></span> <span class='ocrx_word' id='word_1_798' title='bbox 1471 2440 1574 2474; x_wconf 82' lang='lat' dir='ltr'><strong>proprie</strong></span> <span class='ocrx_word' id='word_1_799' title='bbox 1590 2443 1666 2466; x_wconf 87' lang='lat' dir='ltr'><strong>sonat</strong></span> <span class='ocrx_word' id='word_1_800' title='bbox 1682 2447 1746 2465; x_wconf 86' lang='lat' dir='ltr'><strong>non.</strong></span> <span class='ocrx_word' id='word_1_801' title='bbox 1768 2438 1841 2468; x_wconf 61' lang='lat' dir='ltr'><strong>Haec</strong></span> 
     </span>
    </p>
   </div>
   <div class='ocr_carea' id='block_1_110' title="bbox 1048 2483 1841 2520">
    <p class='ocr_par' dir='ltr' id='par_1_110' title="bbox 1048 2483 1841 2520">
     <span class='ocr_line' id='line_1_110' title="bbox 1048 2483 1841 2520; baseline 0.001 -9"><span class='ocrx_word' id='word_1_802' title='bbox 1048 2493 1130 2520; x_wconf 92' lang='lat' dir='ltr'><strong>porro</strong></span> <span class='ocrx_word' id='word_1_803' title='bbox 1144 2485 1262 2511; x_wconf 86' lang='lat' dir='ltr'><strong>varietas</strong></span> <span class='ocrx_word' id='word_1_804' title='bbox 1277 2484 1530 2518; x_wconf 87' lang='lat' dir='ltr'><strong>interpretationum</strong></span> <span class='ocrx_word' id='word_1_805' title='bbox 1549 2492 1579 2511; x_wconf 80' lang='lat' dir='ltr'><strong>ex</strong></span> <span class='ocrx_word' id='word_1_806' title='bbox 1595 2485 1725 2511; x_wconf 85' lang='lat' dir='ltr'><strong>varietate</strong></span> <span class='ocrx_word' id='word_1_807' title='bbox 1737 2483 1841 2512; x_wconf 76' lang='lat' dir='ltr'><strong>lectio-</strong></span> 
     </span>
    </p>
   </div>
   <div class='ocr_carea' id='block_1_111' title="bbox 1047 2530 1838 2566">
    <p class='ocr_par' dir='ltr' id='par_1_111' title="bbox 1047 2530 1838 2566">
     <span class='ocr_line' id='line_1_111' title="bbox 1047 2530 1838 2566; baseline 0.001 -7"><span class='ocrx_word' id='word_1_808' title='bbox 1047 2540 1111 2559; x_wconf 88' lang='lat' dir='ltr'><strong>num</strong></span> <span class='ocrx_word' id='word_1_809' title='bbox 1127 2532 1198 2559; x_wconf 91' lang='lat' dir='ltr'><strong>haud</strong></span> <span class='ocrx_word' id='word_1_810' title='bbox 1213 2531 1293 2559; x_wconf 89' lang='lat' dir='ltr'><strong>dubie</strong></span> <span class='ocrx_word' id='word_1_811' title='bbox 1304 2530 1424 2566; x_wconf 77' lang='lat' dir='ltr'><strong>proiecta</strong></span> <span class='ocrx_word' id='word_1_812' title='bbox 1442 2535 1502 2557; x_wconf 88' lang='lat' dir='ltr'><strong>est:</strong></span> <span class='ocrx_word' id='word_1_813' title='bbox 1519 2539 1580 2558; x_wconf 85' lang='lat' dir='ltr'><strong>nam</strong></span> <span class='ocrx_word' id='word_1_814' title='bbox 1598 2531 1651 2558; x_wconf 87' lang='lat' dir='ltr'><strong>alia</strong></span> <span class='ocrx_word' id='word_1_815' title='bbox 1665 2530 1838 2565; x_wconf 76' lang='lat' dir='ltr'><strong>exemplaria</strong></span> 
     </span>
    </p>
   </div>
   <div class='ocr_carea' id='block_1_112' title="bbox 1047 2567 1840 2609">
    <p class='ocr_par' dir='ltr' id='par_1_112' title="bbox 1047 2567 1840 2609">
     <span class='ocr_line' id='line_1_112' title="bbox 1047 2567 1840 2609; baseline -0.001 -5"><span class='ocrx_word' id='word_1_816' title='bbox 1047 2569 1092 2609; x_wconf 53' lang='grc' dir='ltr'><strong>κθ,</strong></span> <span class='ocrx_word' id='word_1_817' title='bbox 1104 2581 1130 2604; x_wconf 88' lang='lat' dir='ltr'><strong>et</strong></span> <span class='ocrx_word' id='word_1_818' title='bbox 1145 2577 1196 2603; x_wconf 88' lang='lat' dir='ltr'><strong>alia</strong></span> <span class='ocrx_word' id='word_1_819' title='bbox 1217 2567 1243 2606; x_wconf 62' lang='lat'><strong>15</strong></span> <span class='ocrx_word' id='word_1_820' title='bbox 1259 2576 1403 2606; x_wconf 81' lang='lat' dir='ltr'><strong>habebant,</strong></span> <span class='ocrx_word' id='word_1_821' title='bbox 1422 2575 1555 2609; x_wconf 84' lang='lat' dir='ltr'><strong>hodieque</strong></span> <span class='ocrx_word' id='word_1_822' title='bbox 1573 2575 1599 2602; x_wconf 93' lang='lat' dir='ltr'><strong>in</strong></span> <span class='ocrx_word' id='word_1_823' title='bbox 1613 2575 1706 2602; x_wconf 83' lang='lat' dir='ltr'><strong>Bibliis</strong></span> <span class='ocrx_word' id='word_1_824' title='bbox 1724 2575 1840 2603; x_wconf 82' lang='lat' dir='ltr'><strong>Masso—-</strong></span> 
     </span>
    </p>
   </div>
   <div class='ocr_carea' id='block_1_113' title="bbox 1048 2612 1839 2664">
    <p class='ocr_par' dir='ltr' id='par_1_113' title="bbox 1048 2612 1839 2664">
     <span class='ocr_line' id='line_1_113' title="bbox 1048 2612 1839 2664; baseline 0.001 -15"><span class='ocrx_word' id='word_1_825' title='bbox 1048 2623 1139 2650; x_wconf 86' lang='lat' dir='ltr'><strong>reticis</strong></span> <span class='ocrx_word' id='word_1_826' title='bbox 1156 2622 1252 2657; x_wconf 81' lang='lat' dir='ltr'><strong>legitur</strong></span> <span class='ocrx_word' id='word_1_827' title='bbox 1260 2613 1297 2650; x_wconf 56' lang='grc' dir='ltr'><strong>κθ</strong></span> <span class='ocrx_word' id='word_1_828' title='bbox 1307 2625 1333 2648; x_wconf 91' lang='lat' dir='ltr'><strong>et</strong></span> <span class='ocrx_word' id='word_1_829' title='bbox 1345 2621 1370 2647; x_wconf 93' lang='lat' dir='ltr'><strong>in</strong></span> <span class='ocrx_word' id='word_1_830' title='bbox 1385 2620 1506 2655; x_wconf 75' lang='lat' dir='ltr'><strong>margine</strong></span> <span class='ocrx_word' id='word_1_831' title='bbox 1518 2623 1568 2664; x_wconf 61' lang='grc' dir='ltr'><strong>τηρ</strong></span> <span class='ocrx_word' id='word_1_832' title='bbox 1575 2612 1611 2650; x_wconf 59' lang='grc' dir='ltr'><strong>πθ.</strong></span> <span class='ocrx_word' id='word_1_833' title='bbox 1623 2620 1677 2648; x_wconf 80' lang='lat' dir='ltr'><strong>Nec</strong></span> <span class='ocrx_word' id='word_1_834' title='bbox 1689 2620 1839 2655; x_wconf 90' lang='lat' dir='ltr'><strong>quidpiam</strong></span> 
     </span>
    </p>
   </div>
   <div class='ocr_carea' id='block_1_114' title="bbox 1048 2665 1838 2702">
    <p class='ocr_par' dir='ltr' id='par_1_114' title="bbox 1048 2665 1838 2702">
     <span class='ocr_line' id='line_1_114' title="bbox 1048 2665 1838 2702; baseline 0.003 -8"><span class='ocrx_word' id='word_1_835' title='bbox 1048 2668 1111 2695; x_wconf 89' lang='lat' dir='ltr'><strong>hinc</strong></span> <span class='ocrx_word' id='word_1_836' title='bbox 1125 2668 1151 2694; x_wconf 92' lang='lat' dir='ltr'><strong>in</strong></span> <span class='ocrx_word' id='word_1_837' title='bbox 1165 2668 1277 2702; x_wconf 78' lang='lat' dir='ltr'><strong>gratiam</strong></span> <span class='ocrx_word' id='word_1_838' title='bbox 1292 2665 1448 2693; x_wconf 69' lang='lat' dir='ltr'><strong>Judzeorum</strong></span> <span class='ocrx_word' id='word_1_839' title='bbox 1466 2666 1556 2701; x_wconf 77' lang='lat' dir='ltr'><strong>colligi</strong></span> <span class='ocrx_word' id='word_1_840' title='bbox 1574 2671 1671 2702; x_wconf 80' lang='lat' dir='ltr'><strong>potest,</strong></span> <span class='ocrx_word' id='word_1_841' title='bbox 1687 2667 1759 2702; x_wconf 85' lang='lat' dir='ltr'><strong>quod</strong></span> <span class='ocrx_word' id='word_1_842' title='bbox 1774 2675 1838 2696; x_wconf 86' lang='lat' dir='ltr'><strong>non</strong></span> 
     </span>
    </p>
   </div>
   <div class='ocr_carea' id='block_1_115' title="bbox 1048 2713 1669 2747">
    <p class='ocr_par' dir='ltr' id='par_1_115' title="bbox 1048 2713 1669 2747">
     <span class='ocr_line' id='line_1_115' title="bbox 1048 2713 1669 2747; baseline 0 -6"><span class='ocrx_word' id='word_1_843' title='bbox 1048 2714 1074 2741; x_wconf 93' lang='lat' dir='ltr'><strong>in</strong></span> <span class='ocrx_word' id='word_1_844' title='bbox 1096 2714 1157 2741; x_wconf 88' lang='lat' dir='ltr'><strong>aliis</strong></span> <span class='ocrx_word' id='word_1_845' title='bbox 1171 2713 1317 2747; x_wconf 71' lang='lat' dir='ltr'><strong>Scriptura:</strong></span> <span class='ocrx_word' id='word_1_846' title='bbox 1334 2713 1400 2740; x_wconf 88' lang='lat' dir='ltr'><strong>locis</strong></span> <span class='ocrx_word' id='word_1_847' title='bbox 1415 2713 1515 2740; x_wconf 89' lang='lat' dir='ltr'><strong>centies</strong></span> <span class='ocrx_word' id='word_1_848' title='bbox 1529 2713 1669 2741; x_wconf 86' lang='lat' dir='ltr'><strong>habeatur.</strong></span> 
     </span>
    </p>
   </div>
   <div class='ocr_carea' id='block_1_116' title="bbox 1082 2758 1841 2794">
    <p class='ocr_par' dir='ltr' id='par_1_116' title="bbox 1082 2758 1841 2794">
     <span class='ocr_line' id='line_1_116' title="bbox 1082 2758 1841 2794; baseline 0.001 -8"><span class='ocrx_word' id='word_1_849' title='bbox 1082 2759 1244 2787; x_wconf 86' lang='lat' dir='ltr'><strong>Philastrius</strong></span> <span class='ocrx_word' id='word_1_850' title='bbox 1262 2758 1412 2786; x_wconf 79' lang='lat' dir='ltr'><strong>Brixiensis</strong></span> <span class='ocrx_word' id='word_1_851' title='bbox 1432 2759 1468 2786; x_wconf 89' lang='lat' dir='ltr'><strong>De</strong></span> <span class='ocrx_word' id='word_1_852' title='bbox 1484 2759 1637 2791; x_wconf 75' lang='lat' dir='ltr'><strong>hazresibus,</strong></span> <span class='ocrx_word' id='word_1_853' title='bbox 1653 2759 1780 2794; x_wconf 78' lang='lat' dir='ltr'><strong>Aquilam</strong></span> <span class='ocrx_word' id='word_1_854' title='bbox 1803 2759 1841 2789; x_wconf 87' lang='lat' dir='ltr'><strong>in</strong></span> 
     </span>
    </p>
   </div>
   <div class='ocr_carea' id='block_1_117' title="bbox 1047 2804 1842 2840">
    <p class='ocr_par' dir='ltr' id='par_1_117' title="bbox 1047 2804 1842 2840">
     <span class='ocr_line' id='line_1_117' title="bbox 1047 2804 1842 2840; baseline 0.001 -6"><span class='ocrx_word' id='word_1_855' title='bbox 1047 2806 1148 2834; x_wconf 77' lang='lat' dir='ltr'><strong>crimen</strong></span> <span class='ocrx_word' id='word_1_856' title='bbox 1170 2809 1258 2839; x_wconf 88' lang='lat' dir='ltr'><strong>vocat,</strong></span> <span class='ocrx_word' id='word_1_857' title='bbox 1271 2805 1343 2840; x_wconf 85' lang='lat' dir='ltr'><strong>quod</strong></span> <span class='ocrx_word' id='word_1_858' title='bbox 1364 2805 1469 2840; x_wconf 80' lang='lat' dir='ltr'><strong>psalmo</strong></span> <span class='ocrx_word' id='word_1_859' title='bbox 1484 2814 1513 2839; x_wconf 78' lang='grc' dir='ltr'>ιι,</span> <span class='ocrx_word' id='word_1_860' title='bbox 1528 2814 1553 2832; x_wconf 87' lang='lat' dir='ltr'><strong>v.</strong></span> <span class='ocrx_word' id='word_1_861' title='bbox 1571 2805 1598 2838; x_wconf 73' lang='lat'><strong>2,</strong></span> <span class='ocrx_word' id='word_1_862' title='bbox 1619 2806 1664 2833; x_wconf 91' lang='lat' dir='ltr'><strong>ubi</strong></span> <span class='ocrx_word' id='word_1_863' title='bbox 1681 2804 1751 2833; x_wconf 75' lang='lat' dir='ltr'><strong>LXX</strong></span> <span class='ocrx_word' id='word_1_864' title='bbox 1769 2813 1842 2835; x_wconf 65' lang='grc' dir='ltr'><strong>νεῖ-υ</strong></span> 
     </span>
    </p>
   </div>
  </div>
