1902 3049
217 78 248 107 ’11
888 75 1150 104 ΡΒΑΕΕΙΜΙΝΛΒΙΑ
1815 75 1853 102 73

221 137 403 169 serebantur,
426 134 573 170 aliquando
600 134 633 161 ad
651 142 748 162 sensus
774 134 957 169 integritatem
983 138 1005 161 et

1071 137 1114 160 ata
1127 153 1135 166 ,
1153 133 1265 160 alteram
1283 132 1419 168 adjecerat
1441 133 1480 160 sic
1499 140 1529 160 οι-
1548 134 1676 167 ἐνεγκατε
1700 133 1738 169 τῷ
1754 135 1853 169 Κυρίῳ

219 182 415 212 accuratiorem
431 181 640 215 explicationem
663 184 816 215 opportuna
838 185 937 210 erant;
961 179 1009 206 sed

219 235 249 257 ut
261 228 408 265 plurimum
428 227 544 258 inutilia,
559 231 585 254 et
599 226 684 253 nimia
710 226 923 261 scrupulositate
941 233 1008 253 con-

219 275 374 305 sarcinata,
402 273 439 300 ita
468 277 498 299 ut
522 272 585 307 plus
612 271 750 298 ollieerent
769 279 851 306 quam
869 272 1006 307 juvarent.

217 319 371 347 llcbraismi
387 318 487 353 quippe
499 325 594 345 omnes
607 325 687 352 quos,
703 321 795 352 utpote
811 325 826 344 a
841 317 934 345 Gra‘ca
954 319 1008 346 lin-

215 374 266 402 gua
285 369 313 393 et
330 365 449 392 dictione
469 371 582 399 prorsus
597 363 788 396 abhorrentes,
801 363 926 392 consulto
940 370 1009 397 prae-

214 411 392 439 termiseraut
404 409 475 437 LXX
489 409 651 444 lnterprctes
665 430 672 441 ,
691 409 794 444 ubique
818 409 1009 444 exprimeban~

214 463 259 485 tur
275 465 282 482 :
299 464 360 492 qua:
374 461 505 491 quantam
528 455 703 490 κακοφωνίαν
731 455 844 483 editioni
868 455 1009 490 hexaplari

214 502 359 536 inferrent,
373 502 424 529 hoc
439 501 562 536 exemplo
577 501 740 529 declaratur.
762 500 861 528 Jerem.
881 509 946 528 xuu
959 521 966 532 ,
980 500 1007 535 6,

215 549 247 582 Χ
268 548 316 574 σὺν
337 546 413 581 ζτὰς
439 547 571 580 γυναῖκας
585 565 592 578 ,
615 545 663 572 καὶ
685 546 718 580 Β(
741 545 789 572 σὺν
813 545 824 579 ζ
852 544 887 571 τὰ
906 545 1006 580 νήπια,

215 593 262 619 καὶ
290 594 324 627 >κ
349 592 428 626 sitv:
453 591 503 623 τὰς
524 591 613 627 ψυχὰς
628 613 634 624 ,
667 592 710 618 ubi
737 590 900 619 llebraicum
928 592 1009 618 habet

216 633 520 669 tamn-Erum
538 643 673 680 span-nm
696 641 868 667 mann-ns:
887 637 922 664 ibi
944 637 1009 664 illud

217 684 266 710 σὺν
281 683 314 710 ad
332 683 537 718 exprimendam
557 683 718 717 particulam
739 688 791 714 ns,
817 687 909 709 notam
927 690 1009 710 accu-

216 729 295 756 sativi
311 737 392 756 casus
407 728 478 762 apud
495 727 633 761 Hebraeos,
649 736 682 755 ex
696 727 801 762 Aquila:
811 728 930 755 editione
946 736 1007 756 cum

217 775 349 803 asterisco
369 775 498 802 inseritur
512 783 518 800 :
534 775 612 809 quasi
627 782 691 801 vero
713 774 735 802 si
751 774 882 802 articulus
895 780 936 804 nat
950 782 1008 801 oms

216 821 282 847 nino
294 820 487 855 exprimendus
501 824 570 850 erat.
588 828 641 847 non
659 824 701 847 sat
712 824 774 854 apte
788 820 948 847 redderetur
962 828 1009 855 per

217 866 349 894 articulos
366 866 475 893 Graecos
491 865 541 897 τὰς
555 870 581 893 ct
596 866 640 892 τά.
664 865 827 899 llujnsmodi
845 873 1010 900 supervaca-

216 921 296 940 neam
319 913 486 948 diligentiam
502 933 509 945 ,
531 917 578 940 aut
596 918 624 939 nt
646 912 743 939 melius
762 912 869 939 dicatur
892 911 1010 947 κακοζη-

215 959 287 992 Mdv,
302 959 454 986 sexcenties
470 959 640 986 observabis.
657 958 703 986 Sic
719 963 746 985 et
761 958 849 985 Levit.
870 966 899 991 ιι,
916 959 947 988 2.
963 958 1010 985 καὶ

215 1005 385 1042 δραξάμενος
407 1005 497 1041 πλήρη
519 1006 568 1041 τὴν
588 1005 676 1041 δράκα
695 1006 728 1039 ῖι(
750 1004 831 1032 αὐτοῦ
850 1005 860 1039 ζ
884 1004 939 1032 ἀπὸ
960 1004 1010 1040 ’τῆς

217 1051 384 1086 σεμιδάλεως
405 1053 438 1085 Β(
462 1051 547 1086 αὐτῆς
566 1051 577 1085 ζ
604 1052 651 1078 σὺν
679 1051 718 1086 τῷ
735 1051 817 1085 ἐλαίῳ
839 1052 872 1086 >κ
895 1051 979 1086 αὐτῆς
997 1051 1008 1085 ξ

217 1096 264 1123 ubi
276 1096 468 1131 pronominum
479 1097 550 1123 illatn
565 1097 765 1132 repetitionem,
777 1105 859 1131 quam
873 1097 1010 1124 Ilebraica!

216 1141 317 1176 linguae
338 1142 493 1176 propriam,
517 1145 547 1168 ut
563 1141 741 1177 inelegantem
766 1142 946 1176 inutilemque
966 1149 1009 1168 re-

216 1191 348 1221 spuerant
363 1185 432 1213 LXX
445 1187 608 1222 lnterpretes
620 1208 626 1220 ,
645 1195 708 1214 cum
725 1187 866 1215 asteriscis
890 1188 1010 1215 restituit

215 1231 358 1268 Origenes.
376 1231 520 1260 lnuumera
543 1233 587 1260 bis
612 1233 713 1260 similia
731 1233 757 1260 in
773 1233 891 1261 decursu
917 1234 1009 1269 operis

215 1278 299 1313 hujus
311 1277 512 1305 animadvertet
527 1279 651 1306 eruditus
665 1279 762 1307 lector.

249 1324 309 1351 Alia
321 1331 432 1359 quoque
446 1324 531 1351 multa
546 1324 573 1351 in
590 1325 717 1352 versione
737 1332 789 1352 sua
812 1325 1010 1359 pratermiscre

215 1366 298 1400 LXX,
317 1375 388 1402 quaé,
405 1367 469 1394 licet
479 1368 616 1395 enuntiari
631 1373 752 1403 possent,
766 1369 835 1396 nihil
849 1370 883 1396 ad
898 1377 1009 1397 sensum

215 1417 278 1447 apte
290 1413 499 1447 exprimendum
521 1413 664 1447 juvabant.
692 1413 738 1441 Sic
763 1414 820 1442 Jer.
847 1423 873 1447 ι,
891 1415 939 1446 l8,
954 1415 1010 1442 haec

1060 179 1113 205 υἱοὶ
1130 178 1198 205 Θεοῦ
1223 180 1255 212 >ξ<
1270 178 1398 213 ἐνέγκατε
1418 178 1457 213 τῷ
1479 178 1575 214 Κυρίῳ
1596 178 1670 210 υἱοὺς
1694 178 1796 214 κριῶν·
1824 179 1853 205 id

1060 230 1121 252 est:
1139 231 1170 252 -:—
1189 224 1288 258 A/Tertc
1304 224 1427 257 Domino,
1442 224 1493 259 ﬁlii
1511 224 1558 251 Dei
1573 226 1606 258 )3(
1622 224 1714 259 afferte
1737 225 1853 252 Domino

1059 271 1130 305 ﬁlios
1159 271 1293 297 arietum:
1319 279 1379 305 qua:
1397 271 1483 297 amba:
1498 271 1523 297 in
1540 270 1609 297 LXX
1626 275 1653 297 et
1678 270 1703 297 in
1725 271 1853 298 versione

1060 316 1158 344 Latina
1172 320 1373 344 remanserunt.
1395 316 1440 343 Sic
1456 321 1482 343 et
1495 315 1583 343 llcsai.
1605 323 1650 347 xv,
1663 316 1690 348 5,
1710 320 1854 345 rerum:

1059 362 1104 393 A.,
1121 363 1162 393 Σ..
1178 361 1222 394 Θ.,
1242 362 1287 388 καὶ
1301 363 1329 388 ἐν
1341 363 1400 393 ταῖς
1414 361 1556 393 πλατείαις
1576 361 1671 395 αὐτῆς.
1689 363 1716 387 0⁸
1727 381 1734 393 ,
1752 361 1800 388 καὶ
1824 362 1854 388 ἐν

1059 409 1118 439 ταῖς
1133 407 1233 444 ῥύμαις
1251 408 1382 443 αὑτῆς....
1408 407 1459 435 Sed
1476 413 1590 442 utraque
1613 407 1693 435 lectio
1709 410 1743 435 ab
1765 407 1851 434 hexa-

1060 453 1130 487 plari
1144 453 1265 480 editione
1278 453 1420 488 desumpta
1438 454 1464 479 in
1478 453 1619 480 hodiernis
1636 452 1729 479 Bibliis
1744 460 1854 479 reman-

1060 499 1105 530 sit,
1122 500 1169 526 καὶ
1181 499 1210 526 ὲν
1224 501 1284 531 ταῖς
1299 499 1438 532 πλατείαις
1453 499 1549 533 αὐτῆς,
1561 499 1608 525 καὶ
1623 499 1653 524 ἐν
1668 499 1728 530 ταῖς
1749 498 1854 534 ῥύμαις

1059 545 1171 580 αὑτῆςτ
1200 546 1291 581 itaque
1318 546 1405 581 prima
1432 547 1522 573 versio
1548 545 1698 578 asterisco,
1730 545 1853 572 secunda

1059 592 1137 619 obelo
1152 593 1194 620 vel
1211 592 1301 628 potius
1321 592 1464 624 lemnisco,
1480 597 1573 619 notata
1590 592 1677 619 fuerat
1689 613 1697 625 ,
1714 591 1761 618 sed
1783 597 1855 619 noun

1060 644 1154 665 omnes
1178 646 1193 665 a
1217 638 1333 673 vulgatis
1356 637 1558 673 exemplaribus
1582 637 1752 665 exciderunt.
1784 636 1853 664 Rem

1060 684 1176 712 similem
1192 685 1253 712 vide
1266 684 1364 712 Ezeeh.
1383 685 1487 717 xxn,5,
1504 690 1530 712 et
1543 693 1622 716 χχιιι,
1641 684 1683 717 l9,
1701 683 1855 718 mttltisque

1060 730 1120 757 aliis
1136 730 1163 757 in
1180 730 1249 757 locis
1262 738 1323 765 quae
1337 730 1446 766 longum
1458 734 1531 758 esset
1542 737 1694 757 recensere.
1711 729 1812 756 Verum
1826 729 1853 756 in

1060 776 1104 803 his
1119 777 1251 812 exemplis
1274 785 1328 803 non
1346 777 1456 809 obelos,
1479 777 1525 804 sed
1545 777 1692 804 lemniscos
1715 776 1856 804 adhibitos

1024 807 1045 834 Β
1062 821 1146 849 fuisse
1161 807 1237 857 pni‘o,
1253 828 1283 849 ut
1296 822 1411 849 articulo
1429 822 1552 857 sequenti
1568 822 1707 856 probatur.

1201 867 1245 894 ιν.
1263 868 1302 895 De
1317 868 1450 895 lemniscis
1464 873 1488 894 et
1503 868 1716 903 ltypolenmiscis.

1097 913 1260 942 Lemniscus
1277 914 1369 942 Grmee
1382 914 1531 949 λημνίσκος
1554 922 1601 941 seu
1623 914 1764 949 λιμνίσκος
1784 914 1857 941 dici-

1062 965 1115 992 tur,
1129 961 1174 987 sed
1189 965 1328 994 postrema
1347 959 1425 987 lectio
1443 959 1536 987 Graeca
1553 960 1681 987 mendose
1696 969 1729 987 ex
1746 960 1857 994 vulgari

1062 1005 1106 1032 illa
1120 1006 1271 1033 mutatione
1287 1004 1333 1031 τοῦ
1348 1013 1367 1038 η
1382 1005 1408 1030 in
1427 1013 1436 1030 t
1450 1004 1560 1031 indttcta
1587 1010 1707 1039 putatur.
1731 1005 1772 1031 Ab
1790 1004 1857 1039 Epi-

1061 1051 1162 1085 phanio
1180 1055 1270 1078 autem
1292 1050 1374 1085 hujus
1395 1050 1470 1078 vocis
1493 1050 1634 1086 λιμνίσκος
1655 1055 1764 1085 etymou
1790 1051 1857 1078 inde

1061 1097 1178 1131 petitur,
1201 1095 1245 1123 διὰ
1261 1096 1291 1122 τὸ
1311 1095 1451 1131 λιμνάζειν
1473 1096 1637 1132 κλυζόμενον
1651 1097 1696 1123 τὸν
1721 1097 1803 1132 μὸτον
1823 1098 1856 1124 ὲν

1061 1145 1117 1174 τοῖς
1131 1142 1224 1174 τόποις
1240 1143 1344 1178 ὑγροῖς,
1364 1143 1389 1170 id
1403 1147 1454 1176 est,
1469 1143 1540 1178 quod
1553 1143 1616 1169 vitta
1631 1143 1686 1176 illa,
1700 1151 1781 1178 quam
1796 1152 1858 1172 me-

1061 1189 1114 1216 dici
1131 1188 1289 1216 vulneribus
1302 1190 1430 1217 curandis
1444 1193 1594 1224 apponunt,
1612 1189 1639 1216 in
1652 1189 1719 1217 locis
1732 1190 1856 1218 humidis

1060 1234 1206 1262 humornm
1222 1234 1302 1270 copia
1313 1235 1455 1263 redundet.
1470 1234 1522 1262 Sed
1537 1235 1595 1262 hazc
1611 1235 1687 1262 vocis
1699 1235 1777 1270 origo
1789 1235 1857 1270 jure

1059 1280 1199 1315 respuitur
1226 1289 1241 1308 a
1259 1281 1327 1309 viris
1346 1281 1445 1309 doctis.
1468 1280 1537 1308 Nam
1558 1281 1700 1317 λιμνίσκος
1726 1282 1855 1309 vitiatum

1060 1331 1111 1359 est,
1125 1332 1151 1354 et
1164 1327 1315 1362 λημνίσκος
1328 1328 1467 1355 scribitur.
1484 1327 1523 1354 De
1535 1327 1614 1362 cujus
1626 1327 1745 1354 nominis
1761 1333 1856 1363 ctymo

1060 1373 1125 1407 quid
1148 1373 1249 1400 sentiat
1270 1373 1312 1399 vir
1337 1373 1541 1401 eruditissimus
1566 1373 1722 1401 Bernardus
1743 1374 1855 1401 Meneta

1061 1418 1165 1452 paucis,
1179 1422 1209 1445 ut
1225 1418 1259 1445 ab
1272 1426 1304 1445 eo
1316 1418 1428 1453 accepi,
1454 1427 1613 1454 expromam
1628 1428 1634 1445 :
1659 1429 1668 1445 ‹
1691 1419 1853 1452 Athenaeus,

215 1457 347 1485 llebraica
366 1459 446 1485 verba
461 1463 548 1498 1mm
559 1465 614 1488 run
632 1463 689 1489 um
700 1459 771 1486 LXX
786 1465 933 1493 verterant,
954 1461 1007 1488 ἰδοὺ
1022 1483 1044 1513 c
1062 1472 1121 1499 pag.
1142 1465 1195 1491 200
1214 1464 1342 1492 editionis
1358 1464 1549 1500 Lugdunensis
1565 1466 1617 1499 ,,in
1636 1467 1742 1500 prolixo
1765 1466 1855 1494 Calli-

213 1503 327 1531 τέθεικά
342 1512 382 1536 σε,
399 1511 456 1530 ecce
467 1505 544 1538 posui
566 1510 601 1538 te,
618 1505 742 1540 nihilque
761 1506 794 1533 ad
809 1514 919 1534 sensum
933 1507 1007 1534 desi-

215 1549 378 1584 derabatur;
399 1549 531 1586 Origenes
547 1558 629 1584 vero,
655 1553 867 1586 prattermissam
891 1557 1008 1583 91mm—

215 1603 275 1623 cem
290 1596 459 1629 existimans,
479 1604 541 1623 cum
555 1597 688 1624 asterisco
705 1605 738 1624 ex
751 1596 917 1633 Symmacho
934 1598 1007 1626 defe-

215 1645 291 1668 ctum
308 1642 444 1676 supplevit
456 1644 488 1676 >κ
500 1642 529 1669 Σ,
546 1641 602 1675 ἐγὼ
617 1642 645 1668 δὲ
665 1642 676 1676 ζ
693 1643 772 1670 utsic
789 1645 1007 1678 exprimerentur

215 1688 309 1716 omnia
323 1687 374 1715 hoc
387 1688 468 1715 modo
485 1697 492 1715 :
510 1687 566 1723 Ego
576 1693 664 1715 autent
675 1697 731 1716 ecce
742 1690 818 1723 posui
831 1695 864 1717 te.

251 1733 352 1760 Obclos
366 1733 491 1761 similiter
507 1741 577 1769 saepe
591 1735 683 1769 posuit
698 1743 746 1770 pro
760 1736 887 1763 notandis
902 1736 936 1764 iis
948 1745 1007 1771 quas

215 1787 278 1807 cum
294 1780 320 1806 in
337 1779 469 1807 llebraico
488 1788 543 1808 nott
557 1785 716 1814 exstarent,
738 1782 766 1809 in
783 1782 930 1810 editionem
952 1784 1006 1810 τῶν

216 1826 244 1852 0'
259 1825 364 1852 invecta
381 1824 488 1852 fuerant
502 1834 509 1858 ;
525 1834 619 1852 verum
644 1827 795 1861 Stepissime
817 1835 849 1854 ea
866 1833 895 1855 ut
910 1836 1006 1864 ampu-

215 1870 297 1898 tanda
310 1870 397 1898 obelis
413 1870 527 1904 notavit,
544 1879 604 1906 quae
618 1880 633 1898 a
651 1871 724 1898 LXX
745 1871 942 1907 interpretibus
964 1874 1005 1900 vel

215 1917 346 1944 claritatis
358 1917 398 1944 vel
414 1916 554 1951 elegantia:
574 1925 657 1945 causa
675 1918 762 1952 posita
784 1919 909 1952 fuerant,
928 1928 1004 1955 quae-

213 1970 268 1997 que
282 1963 345 1990 licet
362 1963 389 1989 in
404 1961 538 1990 Hebraico
564 1963 598 1990 ad
616 1964 729 1991 verbum
747 1972 801 1992 non
816 1966 1004 2000 exprimeren-

213 2012 270 2041 tur,
286 2008 378 2035 sensui
396 2012 485 2036 tamen
499 2009 662 2036 illustrando
678 2010 822 2038 commoda
836 2015 924 2038 erant.
939 2011 1005 2045 Quae

215 2061 297 2089 porro
314 2059 445 2082 notantur
463 2055 557 2087 obelo,
578 2055 727 2090 aliquando
751 2056 896 2090 dicuntur,
918 2058 1004 2093 ἀμφι-

215 2099 311 2132 ϐόλως,
330 2100 357 2127 id
371 2106 413 2128 est
426 2101 515 2134 dubie,
533 2101 633 2135 jacere.
650 2101 696 2128 Sic
707 2102 792 2129 codex
806 2102 961 2135 Vaticanus,
977 2104 1003 2130 in

215 2145 281 2172 illud
299 2145 396 2180 psalmi
422 2154 449 2177 x,
469 2146 496 2178 4,
519 2146 597 2173 Oculi
620 2147 677 2181 ejus
697 2148 725 2174 in
751 2156 891 2183 pauperem
919 2150 1004 2184 respi-

215 2191 299 2222 ciunt,
316 2191 361 2218 ubi
377 2191 458 2223 illud,
478 2193 506 2218 in
526 2200 678 2227 pauperem,
694 2201 748 2221 non
764 2200 805 2221 est
833 2195 860 2221 in
880 2194 1005 2228 llebrazo,

217 2237 275 2264 hmc
287 2237 379 2270 habet,
396 2237 433 2264 Τὸ
448 2239 491 2271 εἰς
510 2238 564 2265 τὸν
581 2239 695 2273 πένητα
711 2240 739 2265 ὲν
754 2241 786 2275 τῇ
803 2240 886 2266 σελίδι
907 2240 961 2267 τῶν
978 2243 1006 2267 0'

215 2282 304 2310 ἔκειτο
320 2283 399 2318 μόνον
415 2284 573 2319 ἀμφιϐόλως
583 2293 589 2299 ·
604 2285 630 2312 id
639 2290 691 2318 est,
705 2285 789 2318 Illud,
806 2287 833 2313 in
848 2295 1005 2322 pauperem,

212 2328 238 2354 in
255 2328 313 2356 sola
333 2328 409 2355 LXX
431 2328 610 2364 Interpretum
633 2330 757 2357 columna
783 2331 861 2358 dubie
884 2332 1005 2366 jacebat.

215 2372 301 2400 Dnbie
319 2374 433 2407 scilicet,
449 2374 513 2409 quia
529 2375 592 2402 licet
606 2375 633 2402 in
658 2375 770 2403 Hebrazo
787 2376 912 2411 Origenis
933 2383 1006 2405 tem—

216 2426 283 2452 pore
298 2427 353 2446 non
369 2419 482 2454 jaceret,
500 2420 536 2448 ibi
554 2425 662 2448 exstare
684 2426 810 2457 potuerat
830 2423 900 2450 LXX
919 2424 1006 2451 lnter-

213 2469 323 2498 pretum
335 2472 405 2492 arvo.

251 2508 311 2536 Non
326 2511 407 2537 modo
421 2515 511 2538 autem
526 2520 558 2539 ea
573 2520 634 2547 quae
645 2520 677 2540 ex
694 2513 813 2541 editione
825 2514 878 2541 τῶν
894 2516 920 2542 0'
935 2517 1006 2543 exci-

215 2556 321 2589 derant,
330 2564 392 2583 cum
405 2557 545 2584 asteriscis
559 2558 849 2595 supplevitOrigenes;
865 2562 911 2588 sed
921 2563 1004 2590 etiam

215 2602 238 2629 si
247 2602 356 2636 quando
365 2603 448 2637 editio
456 2603 511 2630 τῶν
519 2606 546 2630 0'
556 2613 609 2632 non
622 2605 758 2633 videretur
766 2606 925 2635 Hebraicam
936 2610 1005 2636 veri-

215 2653 297 2676 tatem
304 2654 429 2676 accurate
435 2650 596 2685 exprimere,
604 2651 681 2678 obelo
689 2657 779 2680 notata
789 2654 871 2688 priori
878 2654 1003 2688 lectione,

215 2694 328 2722 alteram
339 2696 470 2723 asterisco
481 2696 615 2731 signatam
625 2705 657 2724 ex
669 2697 729 2725 aliis
738 2698 930 2734 interpretibus
940 2702 1005 2736 adji«

213 2739 311 2768 ciebat.
327 2739 372 2769 Sic
386 2741 419 2768 ad
434 2741 497 2768 illud
511 2750 552 2776 ps.
566 2751 661 2775 xxvtn,
678 2743 705 2774 l,
715 2736 786 2774 ni'm
799 2749 843 2775 ἰε
856 2738 933 2775 mqu
943 2751 1002 2777 πη,

214 2783 299 2822 pri9ri
323 2786 438 2815 lectione
455 2787 543 2823 obelo,
571 2789 627 2817 sive
646 2789 744 2817 melius
764 2790 896 2820 lemuisco
920 2792 1004 2829 jugu-

1061 1510 1122 1536 xcni
1140 1509 1237 1537 Rhodii
1253 1510 1322 1543 loco,
1339 1519 1432 1538 vocem
1446 1512 1607 1547 λιμνήσκοις
1620 1512 1717 1544 habet,
1746 1520 1807 1547 qua:
1824 1514 1856 1540 in

1061 1555 1182 1590 margine
1201 1555 1241 1583 sic
1256 1557 1436 1590 emendatur,
1457 1557 1597 1590 λινίσκοις,
1616 1563 1697 1593 atque
1721 1559 1757 1586 ita
1787 1560 1858 1595 legit

1060 1599 1220 1628 Eustathius
1233 1601 1260 1627 in
1276 1609 1384 1629 versqu
1400 1602 1453 1629 570
1468 1603 1566 1630 decimi
1590 1605 1679 1631 octavi
1696 1605 1757 1632 libri
1779 1605 1857 1633 Ilia-

1060 1645 1117 1679 dos,
1137 1646 1180 1673 ubi
1210 1646 1283 1674 lutnc
1299 1648 1387 1681 ipsum
1413 1648 1448 1675 ab
1474 1649 1604 1676 Athcnzeo
1627 1650 1737 1676 allatum
1759 1650 1855 1678 locum

1060 1692 1153 1719 refert.
1172 1692 1281 1720 lsaacus
1294 1701 1358 1720 vero
1371 1693 1551 1722 Casaubonus
1561 1695 1587 1721 in
1603 1695 1686 1727 notis,
1698 1701 1746 1722 aut
1758 1696 1859 1731 λημνί-

1061 1746 1145 1771 σκοις,
1161 1743 1208 1765 aut
1225 1739 1355 1771 λινίσκοις
1371 1739 1514 1774 legendum
1536 1748 1596 1767 esse
1612 1741 1694 1774 dicit,
1711 1742 1758 1769 sed
1781 1750 1858 1770 neu-

1059 1789 1128 1811 tram
1141 1785 1217 1811 alteri
1233 1785 1374 1812 lectionem
1386 1785 1512 1821 praeferre
1527 1787 1617 1814 audet.
1631 1787 1741 1814 Certum
1757 1793 1855 1816 autem

1059 1833 1110 1860 cst,
1126 1837 1219 1856 vocem
1243 1829 1405 1866 λημνίσκος,
1427 1839 1487 1866 qum
1504 1832 1631 1865 primitus
1651 1838 1791 1868 angustant
1807 1834 1858 1868 [a-

1058 1876 1140 1902 sciam
1156 1876 1339 1910 significabat,
1352 1886 1384 1904 ex
1398 1885 1464 1904 voce
1478 1877 1557 1912 λῆνος
1570 1898 1576 1910 ,
1593 1879 1657 1905 lana
1667 1899 1674 1912 ,
1699 1879 1856 1908 derivatum

1058 1929 1128 1955 csse,
1145 1923 1209 1959 quia
1222 1923 1257 1950 ab
1274 1923 1329 1957 ipsa
1346 1923 1450 1958 origine
1463 1923 1556 1951 faSeia:
1581 1924 1739 1959 hnjusmodi
1764 1927 1858 1954 lanea:

1058 1972 1144 1994 erant.
1160 1952 1228 1995 liinc
1244 1976 1308 1995 vero
1328 1967 1492 2003 Syracusani
1517 1969 1648 2004 singulari
1669 1970 1850 2005 formatione,

1058 2014 1118 2041 loco
1132 2013 1177 2040 τοῦ
1191 2014 1338 2048 ληνὶσκος
1351 2035 1358 2047 ,
1374 2014 1477 2042 inserto
1487 2024 1520 2050 μ,
1534 2015 1683 2050 mntem;
1698 2016 1823 2044 fecerunt
1844 2026 1854 2045 :

1057 2069 1119 2096 qua:
1142 2069 1224 2095 causa
1236 2061 1287 2088 fuit
1302 2066 1331 2087 ut
1351 2062 1409 2088 lucc
1421 2069 1472 2088 vox
1499 2069 1548 2096 pro
1574 2061 1744 2097 Syracusana
1765 2063 1859 2091 habe-

1058 2111 1142 2134 retur.
1162 2099 1322 2142 Hesychius,
1336 2107 1502 2142 λημνίσκους
1528 2107 1577 2139 τὰς
1593 2107 1687 2140 στενὰς
1710 2106 1857 2143 Συρακοὺ-

1023 2163 1045 2192 D
1059 2162 1112 2179 σιοι
1126 2153 1242 2185 ταινίας,
1258 2153 1432 2187 snbintellige
1448 2152 1569 2187 λέγουσι.
1593 2152 1662 2179 llinc
1681 2153 1714 2179 ad
1732 2153 1784 2179 alia
1809 2155 1858 2181 si—

1059 2199 1210 2234 gniﬁcanda
1235 2204 1366 2234 usurpata
1395 2206 1446 2226 vox
1466 2198 1528 2231 fuit,
1557 2206 1655 2233 nempe
1681 2205 1730 2232 pro
1752 2198 1857 2228 fasciis

1057 2246 1158 2279 quibus
1173 2252 1282 2273 coronas
1301 2245 1597 2280 circumplicabantur;
1615 2252 1665 2279 pro
1679 2245 1856 2273 lineamento

1057 2292 1202 2319 convoluto
1232 2291 1390 2318 vulneribus
1416 2291 1582 2323 inserendo;
1609 2290 1772 2323 detnumque
1796 2298 1855 2324 pro

1057 2341 1120 2364 nota
1136 2337 1279 2369 librorum,
1293 2337 1326 2364 de
1341 2344 1396 2371 qua
1408 2335 1527 2363 lsidorus
1541 2344 1547 2361 :
1562 2335 1709 2362 Limniscus
1722 2353 1729 2366 ,
1753 2334 1779 2360 id
1806 2342 1853 2363 εει

1057 2383 1159 2418 virgula
1173 2383 1242 2409 inter
1257 2383 1372 2418 geminos
1389 2387 1498 2418 punctos
1513 2382 1606 2415 jaceus
1618 2401 1625 2414 ,
1648 2380 1792 2415 apponitur
1816 2382 1852 2408 in

1056 2429 1089 2456 iis
1117 2429 1182 2455 locis
1205 2437 1263 2464 qua:
1293 2436 1377 2456 sacrm
1401 2427 1547 2462 Scriptura:
1577 2426 1730 2461 interpretes
1753 2427 1852 2454 eodem

1056 2483 1144 2509 sensu,
1167 2476 1213 2503 sed
1231 2475 1340 2502 diversis
1370 2474 1532 2502 sermonibus
1558 2474 1760 2501 transtulerunt.
1786 2473 1850 2503 llac

1057 2522 1157 2557 triplici
1172 2521 1369 2557 signiﬁcatione
1386 2529 1436 2548 vox
1462 2521 1612 2556 λημνισχος
1634 2526 1762 2555 usurpata
1779 2520 1846 2554 fuit,

1055 2576 1153 2603 nempe
1166 2568 1199 2595 ad
1214 2575 1256 2594 res
1273 2567 1464 2601 signiticandas
1479 2567 1601 2601 angustis
1618 2565 1712 2594 fasciis
1725 2567 1845 2601 similes,

1056 2620 1124 2648 quas
1142 2611 1304 2648 Syracusani
1317 2611 1482 2646 λημνίσκους
1494 2611 1638 2639 vocabant.
1656 2621 1666 2637 ι

1091 2658 1155 2685 lude
1166 2662 1278 2685 vocatus
1289 2656 1446 2689 lemniscus,
1464 2658 1521 2684 sive
1536 2657 1608 2685 linea
1625 2658 1698 2685 vitta:
1706 2665 1781 2685 more
1793 2658 1847 2685 de-

1055 2704 1126 2739 picta
1140 2711 1200 2730 eum
1213 2702 1321 2730 duobus
1335 2704 1444 2737 punctis
1457 2724 1464 2735 ,
1485 2703 1571 2731 altero
1594 2712 1727 2740 superne,
1752 2704 1845 2732 altero

1055 2749 1160 2777 inferne
1176 2748 1271 2784 positis
1286 2748 1325 2776 sic
1341 2755 1372 2775 -ι-
1389 2748 1451 2777 Ideo
1461 2755 1552 2777 autem
1573 2751 1719 2778 lemniseos
1731 2750 1765 2777 ab
1778 2749 1844 2777 Ori-

1055 2803 1122 2831 gene
1149 2798 1292 2830 usurpatos
1318 2793 1403 2824 fuisse
1419 2796 1458 2824 ait
1478 2796 1663 2833 Epiphanius,
1679 2803 1710 2824 ut
1733 2804 1796 2824 cum
1812 2797 1842 2823 in
