1902 3049
48 103 78 111 ν-

53 117 80 130 Id

49 160 168 188 editione
180 160 238 186 τῶν
256 162 285 187 0'
300 160 436 195 reperitur
454 162 550 198 aliqua
564 171 614 191 vox
630 171 683 190 non
709 165 848 191 cohaerens

50 215 137 239 neque
158 208 223 235 aliis
239 216 377 243 connexa,
397 212 450 238 hoc
467 212 548 246 signo
562 217 666 243 notata,
686 212 793 238 noveris
817 211 851 238 ah

51 261 107 281 uno
124 255 166 281 Vel
195 255 308 283 duobus
335 257 517 291 interpretum
548 258 658 292 paribus
683 259 717 285 ita
742 265 850 286 versum

51 299 136 327 fuisse
151 310 158 327 :
173 301 208 328 ab
218 309 276 328 uno
290 303 406 335 scilicet,
424 311 486 330 cum
505 312 559 331 uno
570 304 657 331 solum
670 309 768 338 puncto
779 304 849 330 linea

52 347 178 381 signatur
196 360 248 379 τ,
273 353 394 383 tuncque
427 355 539 377 vocatur
572 351 810 386 hypolemniscus;
834 357 849 377 a

52 392 161 420 duobus
179 401 245 421 vero
261 395 374 428 quando
389 401 520 430 punctum
539 397 664 431 utrinque
686 397 796 431 ponitur
810 397 850 424 sic

54 444 98 469 ψ,
112 443 141 464 et
156 443 223 465 tunc
244 437 397 468 lemniscns
414 441 524 468 dicitur.
551 441 628 474 Quod
651 445 679 468 ut
703 441 847 476 intelligas,

53 481 200 508 historiam
219 483 384 511 cellularum
401 485 512 520 triginta
529 493 576 512 sex
599 490 704 520 repetas
716 491 823 520 oportet
839 495 847 513 :

54 526 109 557 ubi,
123 526 280 560 Epiphanio
296 534 435 561 narrante,
446 531 514 557 libro
525 530 561 557 De
573 532 740 565 ponderibus,
754 531 847 558 LXXII

53 573 217 607 interpretes
233 575 303 609 bini,
320 576 377 604 sive
390 585 438 612 per
450 578 523 612 paria
538 579 684 611 distributi,
699 579 847 614 Scripturis

52 620 269 654 interpretandis
284 628 429 650 vacarunt.
454 623 510 651 Hoc
531 624 622 659 itaque
638 625 689 652 sibi
705 625 762 652 vult
783 625 847 660 Epi-

51 663 181 697 phanius,
214 665 278 692 illas
315 667 464 694 lectionum
493 669 708 704 discrepantias,
734 678 794 704 quae
817 671 844 698 in

52 706 219 741 Origeniana
239 710 359 738 editione
374 712 504 740 lemnisco
518 713 560 740 vel
583 714 784 749 hypolemniseo
807 715 845 742 si-

51 754 216 788 gnabantur,
233 763 297 783 esse
316 757 406 785 varias
421 759 628 790 translationes,
650 768 711 794 qua:
732 761 766 787 ab
789 769 844 787 uno

51 800 170 827 alterove
182 801 363 835 interpretum
381 805 437 838 pari
454 804 533 832 edita:
550 810 650 833 essent.
673 805 792 840 llujusee
804 807 840 834 rei

49 844 100 871 duo
116 847 245 879 exempla
259 847 358 880 aﬂ‘crt;
374 850 478 877 scilicet
488 858 520 877 ex
533 851 638 884 psalmo
653 859 715 881 ιιι,
734 852 775 884 15,
790 853 837 879 καὶ

49 889 133 924 πόμα
145 899 198 925 μου
212 892 358 925 ἀναγγελεῖ
368 894 416 928 τὴν
430 895 602 932 (ituros-Jqu
616 905 672 929 σου,
684 897 728 924 ubi
742 898 837 932 adjun-

48 937 171 970 gebatur,
191 939 341 973 ἀναγγελεῖ
355 941 405 972 τὰς
418 941 589 974 ﬂuuios-ova;
609 952 670 970 σου·
695 949 722 971 et
740 946 835 979 psalm.

48 987 119 1011 Lul,
140 983 183 1013 l4,
197 984 246 1010 καὶ
259 984 368 1019 ἔντιμον
384 985 414 1011 τὸ
426 986 510 1021 ὖνομά
533 996 583 1022 μου
609 988 722 1015 ἐνώπιον
744 990 835 1024 αὐτοῦ,

49 1026 103 1058 ubi,
115 1027 156 1054 ait
173 1027 354 1062 Epiphanius,
373 1031 449 1064 prius
465 1031 611 1066 legebatur,
626 1034 673 1060 καὶ
688 1033 794 1069 ἔντιμον
807 1035 837 1062 τὸ

47 1071 129 1106 ενι)μά
155 1082 208 1108 μου
240 1075 268 1100 ἐν
290 1075 440 1111 ὀφθαλμοῖς
465 1078 558 1104 αὑτοῦ.
573 1078 605 1105 Et
634 1079 728 1106 eodem
757 1080 835 1112 libro,

49 1119 139 1146 multis
156 1120 343 1155 interpositis,
359 1123 397 1149 ait
410 1123 547 1151 lemniscis
562 1125 684 1159 insigniri
695 1134 742 1153 eas
759 1135 837 1154 voces

48 1171 104 1198 qua:
129 1165 158 1191 in
183 1166 293 1200 aliquot
316 1167 412 1195 LXXII
444 1169 617 1204 interprettlm
644 1179 710 1198 voce
732 1177 835 1200 tantum

49 1217 96 1236 non
125 1218 213 1238 sensu
244 1213 363 1244 variant,
394 1218 424 1240 ut
442 1215 464 1241 si
483 1215 553 1249 quis,
572 1217 646 1243 verbi
661 1218 765 1251 gratia,
786 1225 836 1252 pro

48 1254 174 1290 ὲλάληςεν
189 1276 196 1287 ,
216 1257 313 1291 dicat,
331 1259 490 1294 ἐφθέγξατο,
506 1265 532 1287 et
544 1269 592 1295 pro
607 1260 697 1296 ἦλθεν,
713 1262 834 1298 ἐλήλυθε.

48 1301 198 1337 Epiphanio
214 1305 318 1332 similia
342 1312 435 1334 narrat
448 1307 597 1343 Hesychius
615 1308 642 1335 in
659 1310 756 1344 psalm.
785 1318 836 1342 xu,

47 1346 70 1378 ὃ,
86 1349 131 1375 ubi
144 1349 171 1376 in
182 1349 244 1377 luet:
256 1349 391 1379 llebraica
398 1353 478 1380 verba
490 1346 535 1385 ’⁸72
543 1346 597 1384 5::
606 1358 632 1383 ’3
641 1347 717 1384 mus
729 1359 834 1388 mem,

49 1394 98 1421 hac
115 1394 311 1430 interpretatio
327 1399 448 1425 occurrit
467 1399 493 1425 in
509 1399 590 1432 LXX,
607 1401 682 1436 ’ᾼςω
691 1401 729 1437 τῷ
742 1403 836 1438 Κυρίῳ

47 1441 81 1476 τῷ
94 1442 312 1478 εὐεργετήσαντι
332 1453 376 1478 με,
392 1445 438 1471 καὶ
448 1445 524 1480 ψαλῶ
539 1445 577 1480 τῷ
595 1446 706 1481 ὀνόματι
732 1448 833 1483 Κυρίου

678 106 710 134 IN
727 107 887 134 HEXAPLA
904 107 1074 136 ORIGE‘NIS.

1646 109 1679 135 τι

864 166 885 193 Α
900 163 1014 190 seorsim
1034 168 1061 191 et
1077 163 1137 190 aliis
1154 163 1314 191 inconsultis
1338 165 1600 199 interpretabantur,
1626 171 1679 193 tam

903 209 1018 238 mirabili
1030 217 1165 237 consensu
1179 210 1346 244 interpretati
1360 215 1433 242 sunt,
1447 216 1476 237 nt
1492 219 1524 238 ne
1538 212 1680 240 minimum

901 255 1008 288 quidem
1020 255 1160 282 interesset
1176 255 1352 286 discriminis,
1368 256 1401 283 ad
1416 257 1479 291 quid
1496 257 1548 284 illae
1563 263 1632 285 nota.-
1647 260 1679 285 ad

902 300 1045 326 indicanda
1056 299 1236 326 discrimina?
1253 300 1281 326 Si
1298 307 1373 331 vero,
1392 305 1421 326 ut
1443 301 1480 326 ait
1503 300 1679 335 Epiphanius.

901 345 1059 376 lemniseus,
1075 345 1119 379 qn-i
1137 344 1244 371 duobus
1256 345 1364 379 punctis
1380 350 1499 377 notatur,
1512 346 1681 381 signiﬁcabat

899 391 953 417 duo
968 390 1144 425 interpretum
1157 391 1231 424 paria
1249 398 1339 417 secum
1357 391 1500 418 convenire
1514 391 1548 417 ah
1566 391 1680 426 aliisque

899 435 1069 470 discrepare;
1093 437 1311 471 hypoletnniscns
1336 444 1417 468 vero,
1438 437 1483 470 qui
1512 445 1567 463 uno
1592 437 1678 464 solum

899 486 998 514 puncto
1011 486 1129 512 notatur,
1144 489 1228 508 unum
1241 490 1288 516 par
1308 482 1482 516 interpretum
1501 481 1534 508 ab
1549 482 1608 509 aliis
1621 489 1679 509 0m-

899 526 978 553 nibus
992 526 1098 553 diﬂ'erre
1113 535 1120 553 :
1133 526 1242 560 quando
1258 535 1289 553 ex
1302 526 1410 561 triginta
1428 535 1474 553 sex
1491 527 1610 560 paribus,
1627 528 1679 555 tria

897 572 937 598 vel
954 576 1071 606 quatuor
1084 573 1123 599 vel
1137 573 1239 601 decem.
1256 573 1296 600 vel
1314 573 1456 600 duodecim
1471 573 1512 600 vel
1525 573 1601 608 plura
1627 574 1679 600 dif-

898 618 1027 649 ferebant,
1044 627 1103 654 qn:c
1123 623 1186 646 tunc
1209 624 1271 646 nola
1285 620 1480 647 adhibebatur?
1499 619 1564 647 Nam
1586 621 1608 647 si
1624 621 1679 648 duo

896 663 1002 690 dimi-re
1013 669 1145 698 poterant,
1161 665 1220 691 sine
1233 665 1314 692 dnhio
1325 669 1447 699 poterant
1458 669 1485 691 et
1503 665 1551 691 tria
1564 669 1589 691 et
1599 665 1679 699 quin-

895 714 946 740 qnc
962 711 987 733 et
1002 707 1078 741 plura
1090 707 1254 742 discrepare.

929 751 1017 784 Quare
1034 753 1085 779 hoc
1099 773 1105 784 ,
1132 758 1224 787 utpote
1250 753 1373 780 labuloso
1387 773 1393 784 ,
1413 753 1605 781 lemuiseornm
1626 762 1677 782 usu

895 798 1005 832 rejecto,
1024 799 1094 826 alius
1108 801 1198 827 verior
1220 800 1407 835 sinceriorque
1427 801 1609 835 exquirendus
1624 806 1675 829 est.

860 837 881 863 Β
895 842 1013 870 Joannes
1030 844 1170 871 Cui-terius
1186 844 1347 872 Przelatione
1358 846 1383 871 in
1396 845 1520 880 Procopii
1539 846 1678 873 Cannaen-

889 889 985 915 tarium
998 889 1024 915 in
1039 889 1176 922 Ilesaiam,
1194 895 1270 925 putat
1287 891 1434 918 lemniseos
1452 891 1605 926 signiﬁcare
1629 893 1670 919 in-

889 939 1018 968 terpretes
1049 935 1154 970 aliquos
1189 936 1279 962 verbis
1311 937 1477 967 convenire.
1518 938 1673 973 discrepare

888 986 969 1007 sensu
985 989 991 1012 ;
1021 981 1240 1017 hypolemniscos
1256 986 1346 1008 autem
1359 1002 1365 1014 ,
1389 987 1416 1010 et
1432 983 1523 1010 verbis
1543 990 1569 1011 et
1592 993 1674 1011 sensu

887 1026 1051 1061 discrepare.
1067 1027 1118 1054 Sed
1134 1028 1158 1055 id
1173 1029 1257 1063 gratis
1274 1033 1301 1056 et
1314 1029 1374 1056 sine
1390 1030 1552 1057 auctoritate
1566 1030 1618 1057 ulla
1634 1031 1675 1058 di-

888 1071 968 1104 citur,
982 1079 1031 1099 nec
1046 1071 1157 1106 intelligi
1173 1077 1261 1107 potest
1273 1080 1328 1107 quo
1344 1079 1422 1108 pacto
1435 1073 1564 1110 Origenes
1576 1075 1672 1102 lemni-

888 1123 949 1143 scos
965 1121 990 1143 et
1002 1117 1222 1152 liypolcmniscos
1239 1118 1271 1144 ad
1286 1117 1365 1144 talem
1379 1126 1458 1145 usum
1484 1119 1670 1147 dCSllllth‘rll.

888 1163 990 1191 Masius
1007 1173 1070 1192 vero
1089 1170 1164 1200 putat
1179 1170 1242 1192 tunc
1259 1165 1397 1200 appositas
1423 1165 1508 1192 fuisse
1526 1166 1672 1194 lemniscos

887 1214 913 1235 et
928 1209 1154 1244 liypolemniscos,
1168 1217 1230 1235 cum
1246 1209 1337 1236 varias
1349 1209 1479 1236 lectiones
1500 1210 1590 1244 plures
1604 1217 1671 1244 pau-

887 1254 1008 1282 cioresve
1031 1255 1139 1282 codices
1157 1259 1319 1282 assererem.
1338 1256 1378 1281 An
1406 1262 1470 1282 vero
1486 1255 1614 1282 credibile
1629 1260 1671 1282 est

887 1300 1027 1334 Origenem
1044 1300 1119 1327 hisce
1139 1302 1210 1327 notis
1223 1300 1255 1327 ad
1278 1301 1444 1335 exemplaria
1467 1300 1520 1327 τῶν
1544 1304 1570 1328 υ¹
1594 1301 1668 1329 varia

887 1345 1034 1378 remisisse,
1051 1350 1097 1373 aut
1110 1346 1304 1380 exemplarium
1320 1346 1450 1374 leclioncs
1467 1348 1555 1375 varias
1569 1347 1595 1374 in
1610 1347 1670 1382 ipso

887 1396 960 1419 textu
981 1400 1042 1419 cum
1061 1392 1134 1420 hisce
1150 1393 1222 1420 notis
1236 1393 1406 1428 apposuisse,
1427 1401 1476 1420 nec
1496 1393 1552 1428 ipse
1571 1392 1668 1428 Orige-

887 1446 945 1470 nes,
958 1446 1008 1465 nee
1021 1439 1090 1466 alius
1101 1439 1233 1473 quispiam
1249 1439 1300 1466 hoc
1309 1447 1429 1474 unquam
1443 1439 1519 1466 dixit.
1534 1438 1667 1467 Existimo

47 1485 86 1512 τοῦ
100 1487 228 1518 frusto-.1.
248 1487 312 1515 llaec
327 1497 407 1524 porro
420 1490 511 1522 verba,
531 1490 605 1526 ’ᾼσω
624 1491 662 1526 τῷ
680 1492 774 1528 Κυρίῳ
796 1492 827 1528 τᾷ

890 1485 989 1520 igitur,
1006 1485 1231 1520 quemadmodum
1255 1486 1402 1513 asteriscus
1428 1487 1460 1514 ad
1480 1487 1579 1514 omissa
1607 1494 1668 1522 quae

46 1531 257 1568 εὐεργετήσαντι
277 1542 310 1569 με
321 1553 330 1564 .

47 1578 114 1610 mihi,
127 1584 218 1606 totum
237 1581 404 1607 versiculum
420 1580 582 1608 llehraicum
596 1583 762 1617 exprimunt,
778 1592 832 1611 ea:-

47 1630 95 1652 tera
113 1627 272 1655 redundant
284 1637 291 1661 ;
305 1636 390 1662 quare
403 1628 551 1656 Vaticanus
566 1629 649 1657 codex
672 1631 715 1658 hic
738 1636 831 1659 notat:

46 1670 78 1697 Τδ
99 1671 149 1698 καὶ
168 1672 262 1706 ψαλῶ
283 1672 324 1706 τῷ
345 1674 465 1707 ὀνόματι
485 1674 594 1707 Kvplov
617 1674 670 1701 τοῦ
687 1676 830 1709 ὑψίστου,

45 1719 88 1744 σξρκ
102 1717 193 1745 ἔκειτο
205 1719 369 1754 παρόὑδενὶ
384 1721 412 1746 ἐν
473 1721 658 1756 τετρασελίὸῳ,
675 1721 736 1747 οὔτε
752 1723 780 1748 ὲν
793 1722 830 1757 τῷ

45 1763 169 1791 Εὐσεείου
187 1765 236 1791 τοῦ
257 1765 420 1800 Παμερίλου,
443 1765 504 1792 οὗτε
521 1767 549 1792 ὲν
569 1766 607 1802 τῷ
629 1767 781 1802 Ἐϐραῖκῴ·
804 1768 829 1795 id

44 1816 97 1838 est:
112 1810 200 1842 Illud,
216 1809 336 1838 Psallam
355 1811 457 1837 nomini
469 1810 573 1838 Domini
592 1811 714 1839 altissimi
729 1832 736 1844 ,
759 1813 829 1848 apud

45 1857 165 1883 neminem
182 1857 211 1882 in
223 1856 395 1891 quadruplici
412 1858 535 1884 columna
553 1857 680 1891 jacebat;
706 1867 787 1893 neque
801 1859 828 1885 in

45 1902 149 1928 Eusebio
164 1902 318 1936 Pamphili,
334 1911 414 1937 neque
428 1903 454 1929 in
466 1903 606 1930 Hebraico.
622 1904 660 1931 lbi
674 1912 738 1931 vero
753 1909 828 1931 notat

45 1947 185 1983 Hesychius
203 1955 210 1972 :
239 1947 341 1974 Τοῦτον
364 1947 408 1973 τὸν
433 1949 522 1983 στίχον
546 1948 592 1975 δύο
613 1948 699 1983 ζυγὰς
719 1949 772 1976 τῶν
789 1950 826 1975 06'

44 1994 210 2030 ἑρμηπυτῶν
227 1991 321 2020 εἷπον·
338 1993 404 2020 διότι
416 1994 579 2029 παράκειται
604 1997 715 2030 σημεῖον
737 1995 767 2021 τὸ
783 1996 826 2023 διὰ

43 2040 82 2066 τῡῦ
99 2040 226 2075 μέλανος,
243 2039 379 2072 ὃλέγεται
397 2039 560 2074 λημνίσκος,
577 2040 620 2066 διὰ
641 2040 690 2075 μὲν
711 2041 760 2075 τῆς
783 2049 826 2067 κε-

45 2087 112 2121 ραίας
123 2088 174 2121 τῆς
191 2086 284 2121 μέσης
297 2085 424 2120 σημαίνει
438 2086 482 2112 τὸν
495 2086 595 2121 στίχον,
612 2086 655 2113 διὰ
667 2087 694 2114 δὲ
711 2086 764 2113 τῶν
779 2087 824 2113 δύο

44 2131 165 2167 στιγμῶν,
177 2131 230 2166 τῆς
252 2130 402 2161 ἐπάνωθεν,
420 2131 466 2156 καὶ
485 2130 533 2165 τῆς
548 2132 692 2162 ὑποκάτω,
710 2131 758 2164 τὰς
778 2132 823 2158 δύο

359 1534 477 1562 Cantabo
503 1536 611 1563 Domino
636 1537 681 1572 qui
709 1537 852 1572 benefecitv'

886 1531 1083 1563 inserebantur,
1100 1532 1263 1564 adnotanda,
1281 1535 1307 1560 ct
1320 1533 1414 1561 obelus
1427 1533 1460 1560 ad
1484 1540 1515 1560 ea
1541 1540 1602 1568 quae
1623 1540 1667 1560 re-

884 1578 1051 1611 dundabant,
1065 1579 1224 1612 jngulanda,
1242 1583 1271 1606 ut
1282 1579 1320 1605 ait
1337 1577 1527 1615 llieronymus,
1550 1580 1665 1615 appositi

883 1628 962 1656 sunt;
989 1625 1024 1651 ita
1047 1624 1207 1652 lemniscum
1234 1625 1384 1653 adhibitum
1399 1625 1492 1657 fuisse,
1523 1626 1568 1653 ubi
1594 1625 1664 1654 LXX

883 1670 1042 1706 interpretes
1059 1671 1200 1699 lectionem
1212 1671 1321 1706 quidem
1345 1671 1505 1700 Hebraicam
1529 1673 1664 1708 exprime:

881 1717 961 1749 bant;
978 1717 1023 1744 sed
1049 1725 1102 1744 non
1121 1717 1157 1744 ita
1182 1723 1307 1745 accurate
1326 1724 1408 1754 atque
1428 1719 1554 1746 distincte
1570 1729 1577 1746 :
1603 1728 1664 1754 qua:

881 1771 963 1790 causa
979 1767 1037 1789 erat
1054 1763 1136 1790 utilla
1150 1763 1176 1790 in
1189 1768 1260 1790 textu
1277 1764 1380 1795 relicta,
1396 1764 1480 1792 altera
1494 1773 1554 1801 qua:
1568 1765 1664 1792 melior

880 1807 1031 1840 videbatur,
1048 1815 1080 1834 ex
1098 1808 1158 1835 aliis
1169 1808 1362 1843 interpretibus
1383 1810 1484 1844 petita,
1509 1810 1573 1838 huic
1595 1811 1661 1838 sub-

878 1854 1045 1888 jungeretur.
1060 1853 1152 1888 Neque
1164 1854 1234 1880 enim
1250 1855 1400 1889 putandum
1426 1860 1484 1889 est,
1506 1856 1659 1891 Origenem.

879 1900 967 1926 virum
985 1900 1130 1926 admodum
1146 1906 1312 1932 accuratum,
1327 1901 1372 1935 qui
1386 1905 1439 1928 tam
1459 1902 1601 1937 diligenter
1618 1904 1659 1929 vel

878 1944 1013 1973 levissima
1025 1954 1084 1980 qum
1093 1946 1259 1973 addebantur
1269 1947 1409 1979 asterisco,
1419 1951 1445 1973 et
1459 1955 1519 1980 qua:
1528 1948 1659 1974 demenda

877 1996 955 2019 erant
972 1992 1050 2019 obelo
1065 1993 1185 2023 notabat,
1206 1993 1307 2019 nullam
1331 1992 1490 2027 apposuisse
1508 1998 1601 2020 notam
1626 1994 1659 2020 iis

878 2038 904 2064 in
922 2037 989 2064 locis
1003 2058 1010 2069 ,
1031 2045 1096 2064 sane
1110 2037 1315 2072 frequenlibus,
1333 2038 1378 2065 ubi
1399 2038 1491 2066 relicta
1518 2038 1601 2073 priori
1620 2039 1659 2066 leo

877 2083 966 2110 ctione
979 2091 1074 2110 novam
1095 2088 1184 2110 tamen
1199 2083 1314 2110 addebat
1328 2091 1360 2110 ex
1377 2083 1469 2118 aliquo
1480 2084 1657 2118 interpretum

875 2128 1056 2163 desumptam.
1076 2128 1205 2164 Exempla
1220 2137 1284 2156 vero
1301 2138 1361 2164 quae
1378 2129 1544 2164 Epiphanius
1568 2129 1655 2163 affert,

44 2177 114 2212 ζυγὰς
127 2178 183 2204 τῶν
201 2176 379 2213 ἑρμηνευτῶν
390 2177 508 2212 ᾐνίξατο.
523 2176 549 2203 l.l
561 2182 618 2204 est:
643 2177 718 2204 Ilunc
741 2178 821 2204 uersi-

884 2174 1020 2201 nlmodnm
1034 2175 1158 2209 perplexa
1176 2179 1249 2207 sunt,
1269 2175 1304 2202 ita
1329 2180 1358 2202 ut
1372 2175 1416 2202 vix
1434 2175 1496 2202 inde
1516 2175 1655 2210 quidpiam

44 2223 117 2250 culum
124 2225 178 2250 duo
186 2223 268 2258 paria
276 2229 351 2249 Lxut
360 2223 531 2255 interpretum
543 2227 732 2256 expresserunt,
742 2231 822 2258 quare

44 2271 178 2303 appositum
203 2274 244 2297 est
259 2277 366 2304 Signum
390 2274 538 2296 atramento
567 2269 735 2302 delineatum,
752 2269 821 2304 quod

44 2316 126 2343 din'tur
138 2316 298 2343 lemniscus.
314 2315 367 2342 Per
382 2315 495 2341 mediam
510 2315 614 2349 quidem
633 2315 727 2342 lineam
739 2315 821 2350 signi—

45 2361 93 2394 ﬁcat
112 2360 277 2389 uersiculum
296 2369 305 2388 ι
322 2368 369 2394 per
389 2360 441 2386 duo
462 2364 547 2386 autem
569 2365 682 2394 puncta,
707 2360 820 2387 alterum

44 2415 110 2441 “pro
118 2413 143 2434 et
157 2407 276 2433 alterum
289 2405 372 2440 infra,
388 2405 440 2431 duo
453 2406 623 2439 interpretum
639 2405 715 2438 paria
731 2405 820 2431 subin-

44 2452 134 2480 dicm’t.
149 2451 189 2478 Ex
206 2451 363 2486 Epiphanio
376 2451 467 2485 itaque
480 2455 506 2477 et
524 2458 556 2477 ex
582 2449 716 2485 llesychio
738 2450 819 2477 disci-

45 2506 101 2530 rnns,
112 2499 278 2526 lemniscum
293 2502 454 2531 usurpatum
467 2496 559 2529 fuisse,
573 2496 681 2530 quando
696 2496 817 2530 ejusdem

45 2543 104 2569 vocis
119 2547 167 2570 aut
182 2542 239 2569 loci
249 2541 310 2568 dum
326 2541 521 2568 translationes
540 2540 761 2575 apponebantnr,
789 2545 818 2568 ttt

45 2594 68 2613 ex
83 2588 122 2615 illa
145 2592 211 2615 nota
237 2587 473 2621 distingtlcxentur
489 2594 495 2612 :
510 2585 581 2620 quod
602 2590 690 2612 autem
707 2586 739 2612 de
768 2586 816 2612 tri«

45 2634 103 2666 ginta
116 2642 163 2661 set
178 2633 360 2667 interpretum
375 2632 486 2666 paribus
499 2636 523 2658 et
537 2631 569 2658 de
586 2631 697 2658 totidem
713 2632 817 2659 cellulis

46 2677 165 2712 adjicitur,
179 2678 215 2705 ab
230 2677 398 2714 Hieronymo
411 2682 438 2704 et
450 2684 464 2703 a
481 2676 545 2703 viris
563 2677 650 2704 doctis
677 2685 743 2711 pene
754 2686 815 2704 om-

46 2722 110 2750 nibus
120 2724 275 2758 exploditur
289 2723 373 2750 veluti
390 2727 585 2750 commentum.

70 2771 103 2796 Ad
129 2771 195 2802 haec,
225 2770 335 2798 videtur
363 2768 533 2804 Epiphanius
553 2777 645 2797 secum
671 2777 812 2805 pugnare:

47 2821 93 2841 nant
119 2816 140 2844 si
158 2816 268 2850 triginta
286 2823 334 2844 sex
365 2815 411 2841 illa
437 2814 513 2848 paria
538 2815 737 2850 interpretum,
766 2814 813 2849 qui

184 2863 321 2893 Pnaoe.
339 2862 400 2891 Gn.
419 2861 489 2891 XV.

873 2221 1007 2254 expiscari
1020 2221 1120 2248 valeas.
1134 2220 1234 2254 Quare,
1248 2221 1280 2249 iis
1295 2221 1495 2256 praetermissis,
1508 2221 1580 2248 aliud
1593 2221 1656 2249 alre-

874 2273 931 2291 ram
952 2265 1022 2292 unde
1048 2265 1138 2300 possis
1168 2266 1360 2292 lcmuiscornm
1388 2274 1479 2296 usum,
1504 2267 1653 2293 secundum

872 2317 959 2336 meam
975 2310 1083 2344 quidem
1100 2311 1431 2345 sententiam,perc’pere.
1442 2310 1542 2338 Psalm.
1560 2319 1652 2342 xxvnt.

872 2356 897 2388 ι,
909 2356 935 2382 in
956 2355 1067 2383 llebrzeo
1082 2357 1178 2391 legitur
1194 2348 1264 2386 ωιυκ
1280 2361 1322 2386 vi:
1341 2349 1417 2386 arma
1436 2362 1499 2390 72.1,
1523 2357 1567 2384 ubi
1583 2357 1652 2383 Lxx

870 2407 1016 2435 verterant,
1035 2403 1179 2437 Ἐνέγκατε
1195 2403 1234 2438 τῷ
1253 2403 1356 2439 Κυρίῳ,
1375 2404 1426 2429 uio".
1442 2403 1519 2431 Θεοῦ.
1545 2403 1651 2438 Reliqui

870 2455 933 2474 vero
949 2448 1119 2483 interpretes,
1141 2450 1285 2483 Ἐνέγκατε
1303 2449 1341 2484 τῷ
1355 2449 1450 2484 Κυρίῳ
1466 2450 1540 2481 υἱοὺς
1553 2450 1649 2486 κριῶν.

870 2491 906 2518 lbi
928 2493 1057 2527 Origenes
1084 2494 1225 2520 lectionem
1251 2494 1304 2520 τῶν
1332 2495 1358 2520 0'
1373 2495 1491 2529 reliquit,
1510 2495 1649 2530 praemissa

869 2538 991 2566 lemnisci
1006 2545 1068 2566 nota
1079 2559 1087 2572 ,
1103 2544 1129 2566 ct
1142 2540 1256 2566 aliorum
1280 2540 1529 2574 interpretationem
1553 2541 1650 2574 adjecit

868 2584 998 2611 asterisco
1013 2589 1144 2616 notatam,
1165 2585 1215 2612 hoc
1232 2591 1309 2618 pacto
1377 2587 1521 2622 Ἐνέγκατε
1539 2586 1576 2621 τῷ
1593 2587 1649 2612 Κυ-

868 2630 927 2665 ρίῳ,
940 2630 991 2656 υἱοὶ
1005 2630 1082 2656 Θεοῦ.
1096 2637 1127 2658 +
1147 2631 1288 2665 Ἐνέγκατε
1301 2632 1339 2667 τῷ
1355 2633 1448 2668 Κυρίῳ
1461 2633 1534 2664 υἱοὺς
1541 2632 1646 2668 κριῶνζ

867 2677 903 2702 ita
916 2681 944 2702 nt
962 2677 1108 2704 lemniscus
1122 2677 1229 2705 doceret
1244 2686 1302 2705 eam
1320 2686 1379 2705 esse
1396 2678 1465 2704 LXX
1482 2684 1508 2705 et
1524 2678 1646 2705 Theodo-

867 2722 948 2748 tionis
966 2722 1106 2750 lectionem
1127 2731 1133 2749 :
1148 2723 1174 2750 id
1192 2724 1263 2750 enim
1285 2724 1338 2751 duo
1358 2729 1456 2758 puncta
1471 2724 1643 2751 denotabant.

866 2766 942 2793 llune
953 2766 1037 2794 fuisse
1047 2768 1239 2795 lemniseorum
1250 2776 1328 2796 usum
1342 2769 1438 2795 suadet
1454 2776 1534 2803 supra
1548 2768 1648 2794 allatus

865 2812 991 2848 llesychii
1011 2814 1102 2848 locus,
1123 2813 1168 2841 ubi
1184 2821 1250 2841 sane
1271 2821 1331 2849 qua:
1349 2814 1481 2841 lemnisco
1503 2813 1646 2840 notabatur

1469 2859 1489 2890 3
