1902 3049
233 127 266 136 νυ

238 139 266 154 Α.)

912 124 1170 153 ΡῐίᾹΞιῐΜΙΝΑἰὶΙᾹ

1866 124 1902 150 ’ῖϋ

230 186 363 217 ciausuia.
382 187 427 213 καὶ
441 186 518 221 ψαλῶ
531 185 568 221 τῷ
583 186 692 221 ὀνόματι
714 186 816 222 Κυρίου
835 179 880 213 ’Ξόῦ
896 187 981 221 tibiam

1151 186 1300 213 ntertnistte
1323 190 1490 213 occurrunt:
1509 186 1554 213 sed
1579 186 1659 213 etiam
1687 186 1715 213 in
1747 183 1901 213 editione

231 241 285 260 non
305 233 466 260 vcrbotenus
486 232 573 259 solum
588 232 728 258 dill'erebat
742 240 757 260 a
774 233 945 267 prmcedenti,
961 232 1018 267 ᾄςω

231 278 270 314 τῷ
281 278 373 314 Κυρίῳ
384 278 423 312 τῷ
436 278 647 314 εὐεργετήσαντί
676 287 720 313 με,
751 279 798 306 sed
815 286 842 306 re
862 283 889 305 ct
915 286 1017 311 sensu;

231 329 313 360 atque
330 325 386 352 haec
399 324 507 359 quidem
520 332 553 350 ex
569 323 702 351 chraico
716 328 742 351 et
758 332 791 352 ex
809 325 914 352 cmteris
935 325 1019 351 inter-

232 371 353 405 pretibus
367 375 493 404 excerpta
508 369 596 396 fuerat
609 390 616 402 ,
635 370 719 397 altera
742 378 805 398 vero
825 378 857 397 ex
881 370 952 396 LXX
974 379 1017 397 re-

231 420 378 444 manserat.
404 416 466 443 Hec
493 416 581 444 solum
596 416 774 450 conjectando
801 416 854 443 dici
875 421 991 451 possunt
1010 425 1017 443 :

230 470 292 490 cum
307 464 378 490 enim
391 463 464 490 nullo
487 463 540 489 alio
558 470 638 497 quam
658 462 809 497 Epiphanio
827 462 896 489 duce
919 462 960 488 uti
979 461 1018 489 fas

229 511 277 540 sit,
294 509 386 536 omnia
400 513 473 535 certe
485 507 598 535 salebris
613 507 691 542 plena
700 511 774 534 sunt.
793 506 1019 545 vaolcmniscus

231 562 305 586 vero,
318 554 396 588 cujus
415 554 470 580 lucc
490 553 575 588 ﬁgura
592 559 650 580 erat
668 567 699 580 -ι-
719 553 900 588 signiﬁcabat,
922 561 1019 580 secun-

231 601 295 628 dum
311 599 504 634 Epiphaniam,
521 606 552 626 ex
566 606 620 626 uno
639 602 743 626 tantum
759 599 937 633 interpretum
961 599 1019 633 pari

231 646 373 674 lectionem
402 646 553 680 appositam
579 653 722 677 emanare,
746 653 861 679 esseque
883 645 1020 681 adjuncta:

231 690 339 717 lectioni
350 690 550 725 συναμφότερον
564 690 610 716 καὶ
620 689 791 724 συνάδελφον,
803 690 829 716 id
842 694 893 721 est,
908 691 1019 717 omnino

233 744 431 772 synonymam;
449 736 489 763 sic
504 735 682 771 Epiphanius.
700 735 753 763 Sed
770 736 843 771 quod
860 736 893 763 de
909 736 1019 771 triginta

232 791 279 811 sex
293 785 468 818 interpretum
485 783 596 817 paribus
613 786 639 809 et
657 783 689 809 de
705 782 816 809 totidem
830 782 935 809 cellulis
953 790 1018 808 nar-

226 836 317 862 ratur,
332 830 388 864 jam
402 831 555 865 ablegalum
571 834 613 856 cst
629 837 637 859 ς
657 836 742 863 quare
764 829 854 863 potius
880 829 1017 856 crederent

233 877 465 912 hypolemniscum
479 881 542 903 tunc
558 875 711 910 appositum
732 874 816 901 fuisse
831 894 838 905 ,
862 882 923 901 cum
938 875 1018 902 lectio

227 924 276 951 .illa
289 928 380 950 notata
403 923 473 949 LXX
492 922 669 956 Interpretum
682 921 770 949 solum
783 926 841 947 erat
852 940 859 952 ,
875 921 947 955 quod
963 929 1018 947 uno

231 970 327 998 subtus
354 970 452 996 lineam
470 970 559 1004 posito
576 973 675 1003 puncto
702 966 895 999 indicabatur;
921 965 1018 992 lemni-

230 1024 308 1046 scum
324 1024 388 1043 vcro
405 1023 467 1042 cum
483 1014 589 1042 duobus
599 1013 719 1049 punctis,
738 1015 848 1048 quando
877 1020 930 1039 non
946 1011 1017 1038 LXX

231 1063 407 1098 Interpretum
426 1067 542 1092 tantum,
558 1061 604 1088 sed
626 1060 707 1087 citant
727 1059 923 1086 Thcodntiouis
948 1064 1016 1086 crat.

229 1109 365 1137 Ctelerum
381 1116 413 1134 ex
432 1106 610 1134 similitudine
634 1114 694 1141 quae
717 1105 902 1132 intercedebat
924 1105 1018 1132 obelos

231 1156 301 1182 inter
315 1159 342 1181 et
358 1154 503 1181 lemniscos
516 1158 597 1187 atque
612 1152 840 1187 bypolemniscos,
859 1159 912 1179 non
929 1151 1017 1179 solum

229 1205 363 1235 quantum
378 1199 410 1225 ad
427 1199 552 1230 formam,
567 1197 614 1224 sed
631 1197 712 1224 etiam
725 1202 857 1239 quantum
877 1196 909 1223 ad
925 1204 1016 1229 usum,

230 1246 331 1273 factum
348 1251 389 1272 cst
410 1250 437 1271 ut
456 1244 577 1271 lemnisci
591 1251 638 1278 pro
654 1243 740 1271 obclis
763 1243 818 1270 sint
836 1242 931 1269 habiti.
949 1241 1016 1269 Nam

231 1301 285 1321 uno
301 1296 414 1326 excepto
431 1290 556 1325 llcsychii
578 1290 637 1317 loco
653 1297 735 1324 supra
760 1288 888 1320 laudato,
915 1289 1016 1316 nullam

229 1346 274 1366 me
290 1338 484 1365 lemniscorum
509 1336 673 1362 mentionem
701 1342 716 1362 a
732 1339 854 1369 tempere
875 1333 1017 1368 Epiphanii

230 1389 258 1412 et
275 1383 431 1419 llicronymi
448 1383 554 1417 uspiam
583 1382 703 1416 reperire
719 1381 848 1412 memini;
873 1380 900 1406 in
924 1380 1018 1407 Bibliis

232 1429 336 1457 scilicet
350 1427 558 1462 manuscriptis,
577 1428 604 1454 in
628 1426 738 1454 Catenis
753 1431 780 1454 et
798 1427 825 1453 in
845 1424 1018 1453 Commenta-

231 1476 289 1503 riis.

232 1534 264 1562 Ἴ.
283 1533 315 1560 In
331 1533 462 1559 [redieritis
471 1531 631 1567 editionibtts
644 1536 667 1558 et
682 1539 734 1567 mss
744 1530 818 1558 LXX
829 1531 1016 1567 lnterpretnnt,

264 1570 350 1630 pausa
367 1577 398 1594 ea:
410 1568 525 1594 editione
542 1567 591 1593 illa
607 1565 755 1600 Hexupluri
774 1565 910 1601 desumpta
928 1567 1017 1602 depre-

274 1613 313 1630 ten
336 1608 425 1630 untur.

274 1608 349 1631 iendu
355 1608 398 1629 ritu
404 1612 425 1630 r.

1033 1552 1052 1580 C

267 1661 363 1689 Narrat
379 1660 559 1695 Hieronymus
575 1664 694 1694 tempore
706 1666 757 1686 suo
776 1659 912 1687 Ecclesias
931 1659 1019 1687 varias

230 1708 314 1735 variis
343 1706 411 1735 LXX
441 1706 620 1740 lnterpretum
648 1706 814 1733 editionibus
844 1714 909 1734 usas
946 1714 1016 1734 esse.

233 1754 405 1786 Alexandria,
431 1753 529 1788 inquit,
545 1757 568 1779 et
584 1752 728 1788 /Egyptus,
746 1753 774 1779 in
790 1751 864 1778 LXX
891 1753 946 1779 suis
963 1751 1019 1780 He-

228 1801 350 1836 sycltium
374 1799 467 1826 laudat
492 1804 640 1830 auctorem;
668 1797 910 1832 Constantinopolis
939 1806 1019 1833 usque

233 1846 400 1874 Antiochiam
416 1845 530 1871 Luciani
540 1845 664 1878 martyris
671 1844 830 1878 exemplaria
845 1844 953 1879 probat;
966 1853 1019 1872 me-

228 1893 283 1920 (lt'te
300 1893 368 1919 inter
382 1892 429 1918 llas
447 1891 586 1924 provincite
613 1890 770 1917 Palws'inos
786 1891 887 1917 codices
916 1891 1016 1926 legunt,

229 1947 295 1974 quos
313 1938 345 1965 ab
363 1938 473 1972 Origene
492 1936 640 1963 elaborato:
665 1936 792 1964 Eusebius
815 1941 839 1963 et
862 1936 1017 1972 Pamphilus

231 1986 399 2020 rnlgaverunt
416 1991 424 2010 :
439 1989 558 2018 :otusque
576 1983 647 2009 orbis
674 1982 722 2009 ltac
735 1984 803 2009 inter
830 1991 858 2009 se
882 1984 1017 2010 contraria

231 2033 356 2059 uarietate
373 2034 538 2066 compugnal.
559 2028 590 2055 Et
608 2029 633 2054 in
646 2028 756 2062 cpistola
772 2028 804 2054 ad
824 2028 1016 2061 Augustinum,

230 2083 339 2113 quaeest
355 2078 379 2104 in
401 2081 534 2111 postrema
553 2075 669 2102 editione
687 2074 730 2105 74,
743 2074 891 2109 εἰρωνικῶς
904 2075 1017 2109 loquens

232 2125 270 2152 θη
287 2134 293 2151 :
312 2123 356 2150 Vis
373 2129 477 2149 amator
492 2130 546 2148 esse
558 2129 631 2147 verus
641 2119 716 2146 LXX
727 2119 912 2155 Interpretum,
923 2129 972 2147 mm
983 2121 1006 2147 le

231 2179 277 2206 gas
289 2179 319 2197 ea
333 2177 391 2204 quae
403 2170 449 2195 sub
465 2168 598 2194 asteriscis
612 2172 672 2193 sunt
690 2176 698 2194 :
718 2168 770 2193 imo
786 2167 847 2193 rade
859 2167 891 2193 de
908 2167 1017 2194 volumi-

1069 232 1191 259 Romana
1207 241 1259 260 non
1273 240 1367 267 pauca:
1381 232 1620 267 deprehenduntur
1638 233 1798 265 lectiones,
1827 240 1902 267 qum

1069 279 1104 305 ab
1117 279 1255 314 bexaplari
1273 279 1316 306 illa
1327 279 1445 306 editione
1460 284 1615 311 manarunt,
1632 286 1661 307 ut
1681 280 1767 307 verbi
1787 278 1902 314 gratia

1069 324 1119 351 Job
1138 333 1175 357 Ix,
1194 325 1220 357 '5,
1237 325 1263 351 in
1278 325 1336 352 haec
1350 326 1431 352 verba
1446 329 1513 357 uit]?
1532 325 1713 361 Symmachus
1730 331 1764 354 et.
1783 324 1902 352 Theo-

1069 370 1159 403 (lolio,
1175 371 1204 397 οὺ
1221 370 1257 406 μὴ
1273 371 1413 406 ὑπακούσῃ
1431 370 1594 406 αὺτῴίιιιιω
1605 372 1684 399 lectio
1697 372 1724 399 in
1745 371 1902 399 editione

1070 417 1208 452 bexaplari
1237 417 1322 451 posita
1340 417 1437 449 fuerat,
1451 419 1514 452 quia
1535 418 1624 452 prisca
1651 418 1705 444 τῶν
1723 419 1757 444 0’
1789 418 1902 444 inter-

1069 463 1196 497 pretatio.
1224 462 1268 488 ἴνα
1287 462 1323 498 μὴ
1338 462 1462 498 ἀντείπῃ,
1481 456 1534 490 ηοή
1558 463 1626 490 satis
1652 462 1871 490 conveniebat
1894 469 1900 487 :

1071 513 1186 544 utraque
1203 513 1291 536 tamen
1305 509 1393 536 versio
1406 509 1432 535 in
1448 513 1522 536 textu
1536 509 1629 536 relicta
1639 513 1689 541 est,
1708 510 1750 536 ita
1767 513 1808 536 ut
1822 516 1902 544 qua:

1070 554 1182 588 praeibat
1195 554 1351 589 Symmachi
1363 559 1390 581 ct
1402 554 1607 586 Theodotionis,
1623 556 1762 583 asterisco
1793 560 1902 582 nota-

1070 604 1153 632 retur,
1172 599 1256 626 altera
1273 607 1336 626 vero
1354 599 1496 632 lemnisco,
1517 605 1547 626 ut
1571 600 1679 634 quidem
1705 601 1870 628 existimo
1894 610 1900 626 :

1069 645 1166 672 deinde
1181 645 1310 680 neglectis
1326 645 1460 676 astericis,
1479 645 1565 672 ambat
1579 646 1707 673 lectiones
1719 654 1902 673 remanse-

1069 696 1133 718 rtmt
1145 691 1194 724 sic,
1217 691 1248 717 οὐ
1265 690 1301 726 μὴ
1319 691 1460 727 ὑπακούσῃ
1474 691 1558 725 αὐτῷ,
1572 686 1616 717 ῖῖια
1631 692 1667 727 μὴ
1684 692 1838 729 ἀντείπῃ.
1862 691 1902 720 Et

1070 737 1167 772 psalm.
1184 744 1250 767 xvn,
1269 737 1313 767 56.
1338 737 1393 763 haec
1417 737 1497 764 verba
1508 741 1592 766 733111
1610 742 1706 778 ﬁmum
1719 737 1811 764 LXX
1823 746 1902 765 ver—

1071 787 1168 814 terant,
1182 783 1254 817 καὶὴ
1271 782 1379 809 παιδεία
1391 791 1436 808 σου
1459 781 1603 817 ἀνώρθωτέ
1632 792 1675 818 με,
1705 783 1902 812 Tlteodolio

1070 834 1171 862 autem,
1187 829 1258 863 καὶὴ
1273 828 1380 855 παιδεία
1396 837 1442 855 σου
1463 829 1529 864 αὐτή
1554 837 1586 863 με
1608 828 1723 862 διδάξει·
1747 835 1902 865 utraque

1070 879 1160 901 autem
1176 874 1255 901 lectio
1274 874 1300 900 in
1314 874 1452 908 hemplari
1480 874 1522 901 illa
1554 875 1671 902 editione
1704 877 1829 910 posita,
1870 877 1902 904 in

1070 920 1208 947 hodiernis
1225 919 1321 947 Bibliis
1337 920 1505 955 conjunctim
1523 920 1629 956 legitur.
1653 921 1766 949 Similia
1786 923 1902 950 multa

1070 964 1223 1000 frequenter
1240 970 1399 993 occurrunt.

1105 1023 1132 1049 In
1146 1023 1308 1051 Ecclesiaste
1320 1031 1384 1050 vero
1410 1024 1458 1050 σὺν
1468 1024 1635 1058 praepositio,
1645 1032 1696 1058 qua
1704 1024 1792 1059 expri
1801 1033 1902 1052 mere

1070 1070 1173 1098 solebat
1188 1070 1283 1106 Aquila
1297 1071 1455 1105 particulam
1468 1069 1626 1098 Hebraicam
1639 1076 1690 1102 me,
1704 1075 1818 1098 notam
1842 1079 1902 1098 ac-

1070 1117 1184 1144 cusativi
1203 1124 1294 1147 casus,
1307 1124 1445 1152 quamque
1459 1116 1599 1152 Origenes‘
1612 1118 1639 1144 in
1656 1117 1814 1153 bcxaplari
1842 1118 1902 1145 illa

1070 1162 1188 1188 editione
1198 1162 1338 1196 praemisso
1352 1163 1494 1193 asterisco,
1511 1162 1598 1189 sicubi
1621 1167 1804 1196 occurreret,
1828 1171 1889 1198 po—

1070 1212 1171 1239 suerat,
1187 1216 1240 1234 non
1255 1208 1441 1242 inl't'equcnter
1471 1209 1602 1242 reperitur
1618 1209 1645 1235 in
1665 1209 1798 1236 editione
1826 1209 1902 1236 Ro-

1070 1260 1161 1280 mana.
1176 1253 1221 1280 Sic
1236 1261 1295 1288 cap.
1310 1262 1339 1285 ιι,
1358 1262 1382 1279 v.
1400 1254 1442 1286 l7,
1459 1254 1506 1280 καὶ
1518 1254 1636 1289 ἐμίσησα
1656 1255 1703 1280 σὺν
1717 1254 1774 1289 τὴν
1783 1253 1902 1290 ζωὴν,

1070 1303 1096 1326 et
1110 1306 1168 1334 cap.
1191 1306 1232 1331 tu,
1247 1307 1274 1327 v.
1293 1299 1336 1332 l7,
1355 1301 1402 1326 σὺν
1412 1300 1455 1326 τὸν
1467 1301 1569 1327 δίκαιον
1585 1301 1632 1328 καὶ
1650 1301 1698 1327 σὺν
1714 1301 1764 1328 τὸν
1778 1301 1902 1338 ἀσεϐῆ

1070 1347 1159 1381 κρινεῖ
1179 1345 1193 1371 ὁ
1216 1345 1292 1376 Θεὸς,
1316 1351 1343 1372 et
1370 1345 1467 1372 similia
1491 1346 1624 1380 qutedam.
1647 1346 1741 1381 Capite
1771 1353 1902 1375 autem

1069 1399 1129 1423 vn,
1159 1398 1230 1418 vers.
1258 1391 1308 1422 25,
1336 1391 1486 1418 clausulam
1517 1399 1550 1418 ex
1584 1391 1681 1426 Aquila
1703 1392 1730 1418 in
1763 1393 1902 1421 editio-

1070 1444 1132 1464 nem
1146 1437 1200 1464 τῶν
1220 1436 1248 1463 0’
1262 1437 1396 1464 invectam
1411 1437 1650 1472 deprehendimus,
1664 1443 1692 1465 ut
1716 1438 1831 1467 rideas
1864 1441 1902 1467 in

1070 1488 1133 1510 nota
1150 1483 1259 1511 ibidem.
1275 1483 1314 1510 Ex
1327 1484 1367 1511 his
1389 1491 1469 1518 porro
1488 1485 1683 1512 mutationibus
1708 1486 1817 1513 creuit
1863 1494 1902 1514 ut

1071 1529 1154 1557 editio
1168 1528 1238 1556 LXX
1265 1529 1442 1564 interpretum
1470 1538 1537 1565 pura
1553 1535 1579 1557 et
1603 1531 1691 1565 qualis
1716 1537 1780 1559 erat
1805 1539 1902 1560 ante

1070 1574 1338 1610 0rigcnem,frustra
1349 1576 1587 1610 quazraturbodie.
1610 1576 1677 1605 llinc
1694 1577 1761 1604 item
1791 1580 1902 1606 acci-

1070 1621 1109 1649 dit
1127 1621 1268 1648 utlibrarii
1284 1621 1347 1648 dum
1361 1622 1523 1656 exemplaria
1541 1621 1814 1660 EXXltiterpretuIll
1834 1633 1902 1652 ex-

1070 1667 1231 1699 scribcrent,
1249 1667 1317 1694 alias
1332 1667 1462 1694 lectiones
1473 1667 1582 1702 praslixo
1598 1668 1627 1694 0‘
1642 1673 1715 1700 nota,
1732 1669 1902 1700 videlicet

1069 1712 1140 1739 LXX
1155 1712 1344 1748 lnterpretum,
1360 1713 1386 1740 in
1398 1714 1518 1749 margine
1532 1719 1674 1747 notarent;
1700 1714 1736 1742 ita
1762 1720 1803 1742 ut.
1825 1720 1902 1744 mi-

1070 1767 1121 1786 nus
1136 1759 1214 1793 periti
1231 1766 1321 1786 rerum
1335 1758 1491 1794 huiusmodi
1504 1760 1637 1787 mirentur
1659 1761 1704 1787 ubi
1718 1759 1798 1788 LXX
1832 1763 1902 1790 In-

1071 1809 1218 1840 terpretum
1232 1809 1321 1832 textus
1334 1806 1486 1840 exscriptus
1500 1810 1552 1839 est,
1566 1806 1592 1833 in
1617 1807 1739 1842 margine
1769 1812 1902 1838 notari

1068 1851 1140 1878 LXX
1153 1853 1316 1886 lnterpretes
1328 1852 1380 1879 alio
1397 1852 1478 1879 modo
1490 1852 1587 1887 legere.

1069 1929 1112 1956 VI.
1131 1929 1168 1956 De
1196 1929 1397 1965 mutationibus
1414 1937 1472 1964 qum
1494 1930 1526 1956 ab
1548 1929 1668 1965 Origenis
1695 1934 1828 1965 tempore
1857 1935 1902 1961 in

1139 1965 1265 1992 editiones
1289 1965 1363 1991 LXX
1382 1964 1560 1999 Interpretum
1574 1964 1688 1992 advectis
1705 1972 1781 1994 sunt.

1104 2033 1258 2068 Smpissime
1274 2033 1368 2064 etiam,
1397 2033 1545 2067 praesertim
1570 2033 1638 2060 libro
1664 2032 1814 2068 Judieum,
1855 2038 1902 2064 in

1068 2078 1208 2105 codicibus
1220 2077 1401 2109 Coisliniano,
1411 2078 1510 2104 unciali
1537 2079 1692 2105 charactere
1705 2078 1902 2117 descripto.

1068 2128 1094 2151 ct
1112 2122 1264 2154 Basiliensi,
1277 2123 1495 2150 varitelcctioues
1514 2123 1541 2150 in
1555 2123 1675 2158 margine
1695 2124 1902 2155 scribuntur

1067 2176 1128 2196 cum
1142 2173 1205 2195 uola
1219 2168 1246 2195 0'
1256 2168 1287 2199 Θ,
1304 2169 1367 2203 quia
1380 2169 1483 2195 scilicet
1497 2177 1530 2195 ex
1546 2168 1729 2196 Theodotione
1751 2169 1781 2196 in
1803 2174 1902 2200 edi-

231 2216 319 2245 nibus.
335 2219 484 2240 utveterunt
501 2217 524 2239 te
532 2213 662 2247 fautorem
672 2211 774 2246 probes.
787 2211 863 2244 Quod
877 2214 900 2238 si
912 2213 1015 2246 feceris,
1036 2226 1056 2253 ι)
1070 2215 1171 2240 tionem
1199 2213 1253 2242 τῶν
1266 2214 1293 2239 0'
1309 2221 1370 2240 cum
1384 2214 1521 2241 asteriscis
1540 2214 1573 2240 ab
1598 2212 1713 2248 Origene
1728 2213 1902 2244 invectu-

229 2261 347 2287 onmium
369 2259 544 2285 Ecciesiarum
561 2257 732 2284 bibliothecas
761 2257 888 2284 damnare
905 2259 1015 2293 cogeris.

237 2304 289 2332 Vix
302 2305 371 2332 enint
389 2312 456 2330 unus
468 2308 514 2329 aut
525 2302 592 2329 alter
612 2303 759 2329 inveniatur
770 2302 836 2329 liber
846 2304 890 2338 qui
903 2304 954 2330 ista
966 2312 1017 2330 non

232 2350 336 2377 habeat.
350 2349 418 2376 llinc
428 2348 574 2374 ediscimus
589 2347 645 2382 jam
664 2355 721 2374 amt
745 2346 902 2383 Hieronymi
929 2356 1018 2375 exem-

230 2397 316 2432 plaria
328 2394 399 2422 LXX
422 2393 598 2429 Interprctum
625 2393 767 2420 innumera
789 2398 816 2420 et
831 2394 969 2421 asteriscis
991 2398 1018 2421 cl.

231 2442 317 2471 cbclis
325 2445 423 2468 onusta
439 2439 524 2467 fuisse
543 2447 548 2464 :
562 2446 622 2473 qua:
632 2438 801 2473 Origeniame
815 2444 883 2466 notae
895 2439 920 2466 in
934 2439 1017 2474 pluri-

231 2488 285 2516 mis
300 2485 502 2522 exemplaribus
519 2485 712 2520 manuscriptis
724 2484 824 2512 Grazcis
834 2485 896 2512 hinc
911 2485 1007 2513 etinde

231 2541 334 2569 sparsae
352 2532 485 2567 hodieque
508 2531 704 2563 observantur;
729 2531 783 2559 imo
797 2531 877 2558 etiam
896 2530 922 2557 in
949 2538 1017 2558 non-

232 2580 313 2608 nullis
329 2578 443 2609 Latinis,
459 2578 578 2604 maxime
595 2577 623 2603 in
640 2577 716 2604 libris
730 2576 782 2604 Job
796 2576 1014 2604 etPsalmorum.

231 2626 270 2654 Ex
278 2625 446 2654 editioneilla
455 2624 593 2658 bexaplari
601 2623 685 2650 multa
696 2623 722 2650 in
733 2623 877 2651 hodiernas
885 2622 1016 2650 editiones

231 2671 390 2700 transmissa
414 2669 662 2704 deprehenduntur.
679 2667 733 2695 Nec
749 2668 845 2702 loquor
861 2672 963 2694 tantum
983 2667 1016 2693 de

230 2715 413 2744 Alexandrino
424 2713 527 2746 codice,
540 2713 585 2748 qui
600 2713 745 2740 editionem
757 2713 829 2739 illam
842 2711 1015 2746 bexaplarem

232 2772 299 2798 pene
315 2763 447 2798 sequitur,
464 2766 493 2789 ut
507 2762 598 2789 videre
613 2766 654 2788 est
671 2761 820 2795 praesertim
843 2760 870 2787 in
888 2760 956 2786 libro
968 2758 1015 2786 Ju-

229 2810 342 2842 dicum;
360 2816 409 2835 nec
423 2808 456 2835 de
475 2807 593 2835 editione
615 2807 810 2842 Complutcnsi,
828 2806 872 2832 ubi
898 2805 1014 2833 aliorum

229 2856 406 2890 interpretum
425 2854 562 2886 lcttioncs,
582 2853 752 2887 maximeque
769 2852 935 2886 Symmachi,
951 2859 1014 2885 pas-

1069 2259 1186 2286 fuerant.
1199 2259 1254 2285 Imo
1272 2259 1353 2286 etiam
1367 2259 1435 2286 libro
1449 2258 1574 2286 Iudicum
1596 2267 1632 2290 v1,
1653 2258 1679 2290 8,
1706 2263 1761 2286 trcs
1784 2259 1902 2291 LXX

1070 2306 1249 2339 interpretum
1262 2305 1390 2333 lectiones
1401 2313 1450 2340 pro
1464 2313 1517 2332 uno
1525 2305 1674 2339 eodemque
1688 2305 1747 2332 loco
1759 2306 1876 2335 obser
1886 2326 1902 2331 -

1069 2355 1176 2377 rantur.
1192 2349 1291 2377 Prteter
1306 2357 1365 2377 eam
1383 2351 1465 2382 enim,
1476 2350 1510 2377 de
1522 2358 1574 2384 qua
1602 2349 1716 2384 egimus,
1735 2352 1902 2381 varieta-

1070 2396 1104 2423 tis
1116 2404 1237 2428 causam,
1250 2396 1310 2422 alia:
1325 2396 1416 2422 multa:
1434 2395 1504 2422 haud
1521 2394 1601 2421 dubie
1611 2394 1785 2422 exstiterunt.
1807 2396 1902 2428 Nec

1068 2442 1156 2476 potuit
1171 2442 1248 2468 aliter
1267 2441 1375 2470 evenire
1390 2441 1416 2466 in
1434 2440 1504 2466 libro
1517 2439 1596 2466 toties
1608 2438 1758 2474 descripto;
1774 2442 1902 2476 cujus

1069 2491 1108 2514 tot
1125 2487 1199 2514 varia
1217 2487 1244 2514 in
1260 2486 1374 2514 diversis
1385 2485 1539 2520 regionibus
1555 2483 1717 2517 exemplaria
1727 2483 1902 2515 ferebat]-

1069 2539 1127 2561 tur:
1141 2541 1202 2560 nam
1214 2541 1246 2560 ex
1259 2533 1310 2559 alia
1326 2532 1443 2560 editione
1459 2530 1485 2556 in
1498 2530 1578 2557 aliam
1591 2530 1721 2557 lectiones
1731 2538 1900 2568 persaepe

1069 2580 1205 2607 translata:
1223 2583 1296 2607 sunt.
1321 2577 1377 2605 Non
1401 2583 1463 2603 raro
1485 2577 1566 2604 etiam
1584 2576 1715 2612 contingit
1736 2582 1767 2604 ut
1792 2577 1895 2609 loca

1067 2634 1100 2653 ex
1114 2626 1231 2653 editione
1257 2625 1311 2651 τῶν
1327 2625 1353 2650 0'
1368 2623 1514 2651 at‘feranlur
1529 2623 1571 2650 vel
1585 2631 1600 2650 a
1613 2623 1795 2658 scriptoribus
1815 2633 1871 2653 vo
1882 2629 1895 2656 ι

1068 2680 1083 2699 a
1098 2672 1260 2704 scholiastis,
1284 2671 1330 2705 qui
1345 2670 1401 2704 jam
1415 2670 1442 2696 in
1462 2677 1492 2696 ea
1515 2677 1568 2696 non
1589 2672 1757 2703 comparent,
1786 2673 1896 2704 quia

1068 2725 1165 2751 nempe
1178 2716 1222 2743 illa
1237 2715 1422 2749 supplementa
1441 2722 1502 2749 qum
1517 2722 1578 2742 cum
1606 2714 1745 2741 asteriscis
1757 2713 1896 2747 addita

1068 2762 1188 2794 fuerunt,
1204 2762 1231 2788 in
1244 2761 1348 2796 aliquot
1361 2759 1527 2795 exemplaria
1541 2760 1645 2788 invecta
1661 2763 1735 2793 sunt,
1751 2759 1779 2786 in
1799 2761 1898 2793 alia

1067 2815 1119 2835 non
1135 2812 1208 2834 item.
