1902 3049
66 112 95 140 ἴ¹1
681 110 714 137 IN
734 109 893 137 HEXAPLA
911 110 1080 138 ORIGENIS.
1645 109 1681 136 78

67 169 117 197 ΥΠ.
134 168 168 196 De
183 169 216 195 iis
236 169 314 195 etiam
333 169 545 200 mutationibus,
557 177 614 204 qua:
628 177 660 196 ex
681 167 853 195 similitudine
867 170 890 198 Α
904 167 978 203 βελεῖ
999 173 1128 204 posuerat
1153 167 1283 204 Origenes
1302 157 1332 195 iu
1357 167 1490 204 Tetraplis
1502 189 1508 201 ,
1532 173 1560 194 ut
1583 168 1679 195 ibidem

163 206 340 239 quarumdam
351 205 509 230 litterarum
523 205 646 232 admissw
656 209 727 232 sunt.

98 259 168 287 [nter
179 260 329 295 praecipuas
349 265 444 286 autem
459 260 633 292 varietatum,
646 267 706 294 qua:
716 260 742 286 in
758 267 834 286 cxcm

64 305 182 341 plaribus
210 305 265 331 τῶν
282 306 309 331 0'
322 305 515 337 observantur,
530 313 636 338 causas,
660 305 748 332 locum
769 305 849 332 habet

65 349 107 376 illa
117 348 271 375 litterarum
283 348 440 376 Graecarum
457 349 528 376 inter
539 357 568 376 se
582 349 712 376 similium
721 349 848 384 frequens

64 394 250 421 commutatio.
262 392 330 420 Nam
346 402 407 421 cum
422 393 548 428 Origenis
565 400 683 429 tempore
707 399 734 422 et
746 395 849 430 aliquot

64 446 154 476 postea
168 441 288 472 saeculis,
303 448 396 467 omnes
412 440 506 468 Biblici
529 441 589 468 libri
600 441 698 468 unciali
710 442 849 468 characte-

65 495 92 513 re
104 487 163 514 sine
175 487 335 515 accentibus
347 491 373 514 ct
389 487 531 521 spiritibus
548 487 741 521 scriberentur,
757 496 789 515 ac
803 488 848 516 lit-

66 538 125 559 terae
139 533 267 567 plurima:
284 533 354 560 inter
369 540 399 560 sc
412 533 446 559 ita
459 533 562 560 similes
572 538 674 565 essmt,
692 538 721 561 ut
736 534 779 561 vix
795 535 850 562 dis-

66 580 147 613 tingui
175 584 300 614 possent,
316 579 379 606 hinc
393 580 506 615 contigit
522 584 551 606 ut
565 587 634 614 sa'pe
646 588 700 607 una
721 588 771 615 pro
797 581 849 608 alia

65 625 292 652 substitueretur:
305 626 374 652 unde
389 634 483 659 magna
491 626 675 653 diversitalum
690 627 756 654 silva
772 635 850 654 exor—

65 674 90 697 ta
105 674 154 697 est.
175 670 225 698 Hae
243 678 306 698 vero
318 671 434 697 maxime
447 671 542 698 littera:
563 671 632 698 inter
645 679 673 699 se
688 672 850 699 commutari

65 716 186 743 solebant
195 717 229 746 Α,
249 717 279 746 Δ,
291 716 322 748 Λ,
338 725 365 748 α,
383 716 408 748 δ,
422 716 446 749 λ,
457 721 483 744 ct
492 717 522 748 E,
535 717 565 748 Θ,
581 717 611 748 0,
634 725 657 748 ε,
670 716 695 749 θ,
723 727 748 750 σ,
763 724 789 745 et
799 719 849 745 ali-

64 761 209 796 quandoM
223 766 252 788 et
264 761 301 800 Νἱ
320 769 434 796 quarum
457 762 577 789 omnium
608 763 788 790 mutationum
817 770 848 790 ex

62 807 153 834 multis
168 814 259 841 pauca
274 807 321 833 hic
332 807 453 841 exempla
470 807 645 842 proferimus.

95 856 116 882 A
128 856 156 882 in
169 856 200 882 Δ.
219 854 307 890 Hujus
315 855 473 883 mutationis
481 856 651 890 perspicuum
661 855 740 883 habet
753 863 848 885 excm-
865 843 886 872 Β

63 901 133 936 plum
148 900 335 936 Hieronymus
350 900 544 928 Commentario
554 902 579 928 in
589 901 685 929 Jerem.
702 909 761 936 cap.
775 909 848 933 xxtx,

63 947 144 982 $.17,
164 947 212 974 ubi
227 954 322 974 vocem
346 950 444 978 ειηιιιι]
466 946 615 975 Theodotio
648 948 779 984 σουαρεὶμ
803 956 851 976 ex-

63 999 212 1028 presserat,
229 992 329 1020 deinde
345 1001 410 1020 vero
430 993 602 1020 librariorum
622 1001 714 1021 errore
736 994 762 1020 in
788 1002 851 1020 cou—

62 1039 150 1074 δρεὶμ,
170 1043 278 1065 mutato
289 1039 348 1065 Ain
360 1040 378 1064 Δ
397 1046 504 1066 versum
522 1039 625 1072 fuerat;
639 1047 691 1075 qua
705 1040 738 1067 de
751 1048 779 1067 re
791 1039 852 1067 lii.)-

62 1091 194 1119 ronymus
207 1092 214 1109 :
235 1083 309 1116 Quas
326 1083 467 1111 Tlteodotio
480 1086 663 1119 interpretatus
678 1091 727 1118 est,
756 1085 851 1113 Sudri—

63 1138 168 1157 nas.....
181 1138 245 1165 quae
253 1129 384 1156 Hebraice
393 1130 558 1165 appellantur
569 1139 677 1164 stt/mut,
687 1132 731 1158 sed
742 1134 852 1166 scripto-

63 1186 119 1203 rum
133 1177 200 1203 cilia
208 1185 258 1211 pro
269 1177 355 1202 media
365 1176 478 1211 syllaba,
488 1177 540 1204 sive
549 1177 637 1204 littera
647 1178 724 1212 alpha
734 1177 853 1204 ercum

62 1221 130 1249 delta
153 1222 273 1248 inolevit.
294 1220 419 1248 Judicum
435 1229 494 1256 cap.
508 1229 545 1254 ιιι,
560 1222 603 1255 3i,
626 1222 671 1248 ubi
691 1221 852 1250 llebraicum

63 1268 140 1294 habet
155 1272 222 1298 my.
240 1265 312 1292 LXX
323 1266 415 1301 Δινάχ,
433 1266 571 1300 mendose,
582 1274 632 1302 pro
645 1267 738 1300 Αἰνάθ,
764 1272 853 1294 muta-

63 1318 87 1341 to
100 1315 123 1340 Δ
137 1314 164 1340 in
177 1314 216 1346 Δς
233 1313 305 1340 alius
315 1312 409 1344 Λινὰθ,
427 1317 530 1340 mutato
540 1314 562 1339 A
577 1314 602 1340 in
618 1314 639 1340 A
651 1321 658 1346 ;
672 1313 740 1341 alius
762 1312 852 1344 Ἀνάθ,

63 1361 169 1388 melius.
183 1359 217 1386 Et
233 1358 360 1386 Judicum
383 1367 402 1391 1,
431 1359 474 1392 51,
497 1359 541 1386 ubi
555 1359 652 1395 legitur
677 1351 763 1391 :‘mn,
783 1358 853 1385 LXX

63 1406 141 1434 hodie
156 1406 262 1432 habent
280 1405 374 1440 Δαλάφ
388 1413 438 1440 pro
458 1405 568 1437 Ἀαλά6,
585 1410 614 1432 ιιι
630 1405 675 1432 alii
687 1405 787 1440 legunt.

95 1454 115 1479 Α
128 1454 155 1479 in
171 1453 206 1479 Λ.
217 1451 308 1486 llujus
321 1452 542 1480 commutationis
559 1452 713 1486 exemplum
737 1451 854 1479 vidimus

899 215 1075 247 adnotamus;
1100 215 1164 250 quia
1178 215 1301 242 videlicet
1314 215 1392 242 lectio
1402 215 1446 242 illa
1461 215 1554 241 vitiata
1567 215 1678 249 βασιλεῖ,

899 261 1018 288 nondum
1051 261 1077 288 in
1096 261 1258 295 exemplaria
1287 261 1386 296 quibus
1401 269 1468 288 usus
1483 266 1525 288 est
1541 261 1680 296 Origenes,

900 304 1146 332 manaveral.Psal.
1159 313 1249 336 cxxxi,
1266 313 1289 331 ι’.
1308 305 1349 337 l5,
1366 313 1458 332 vocem
1470 309 1536 334 me:
1547 310 1683 332 verterant

900 350 968 377 LXX
987 351 1146 385 lnterpretcs
1160 351 1256 386 Θήραν,
1272 351 1442 381 venationem,
1456 356 1537 385 atque
1553 351 1588 377 ita
1619 350 1683 386 legit

898 397 1074 428 Athanasius,
1092 396 1274 432 Hieronymus
1284 403 1391 430 quoque
1405 397 1565 423 venationem
1578 396 1665 431 ;Aqui
1675 411 1681 416 -

900 443 934 473 la,
966 443 1149 477 ἐπισιτισμὸν,
1167 443 1269 474 cibum;
1294 441 1455 473 Theodotin,
1485 441 1580 477 θήραν,
1611 447 1637 469 ιιι
1655 446 1682 468 et

900 488 968 515 LXX
981 498 988 522 ;
1005 497 1065 523 quae
1077 489 1156 516 lectio
1171 487 1320 515 secundum
1332 488 1389 515 hate
1407 495 1439 514 ex
1452 487 1627 514 similitudine
1640 495 1682 515 so-

899 537 925 562 ni
941 541 1042 562 mutata
1056 540 1097 562 est
1115 535 1140 562 in
1151 536 1248 570 χήραν,
1264 535 1380 566 viduam,
1393 539 1421 561 et
1439 534 1570 561 hactenus
1587 535 1627 562 sic
1642 536 1681 562 le-

899 581 970 615 gitur
987 581 1013 607 in
1031 581 1146 616 vulgatis
1157 581 1367 615 exemplaribus.
1385 580 1448 607 Item
1468 579 1546 606 llesai
1569 589 1622 612 xlv,
1637 581 1681 612 ‘21,

900 627 944 653 ubi
960 627 985 653 in
1001 627 1308 660 11ρὺιψοΙθμίῑϋι¹13⁹ἻΣῆ
1320 626 1401 659 LXX,
1414 626 1526 657 πόλεων,
1542 631 1571 653 ιιι
1582 627 1682 661 liquet:

900 677 1045 707 posteaque
1053 673 1155 698 πόλεων
1165 672 1190 698 in
1202 672 1325 707 πολέμων
1335 676 1466 699 mutatqu
1476 677 1526 699 est.
1536 672 1595 700 Alia
1607 673 1684 708 longe

900 718 976 753 plura
991 718 1034 744 his
1053 717 1151 744 addere
1172 724 1324 751 possemus,
1351 725 1443 744 verum
1471 718 1527 744 hinc
1551 723 1630 745 erunt
1650 718 1683 744 ad

899 770 1017 798 prreseus
1030 763 1180 790 institutum
1194 763 1270 790 satis.

903 819 968 846 Vill.
985 819 1021 846 De
1038 820 1218 860 distinctione.
1230 820 1345 854 capi/um
1362 825 1385 846 et
1405 821 1592 847 versirnlorum
1615 821 1686 848 anti-

1173 860 1261 889 quitus
1280 860 1418 889 usurpata.

936 900 1080 927 Distinctio
1092 900 1210 934 capitum
1224 899 1288 926 olim
1305 908 1354 927 nec
1367 900 1502 928 hodierna:
1517 901 1624 930 similis.
1637 908 1687 928 nec

902 954 955 974 una
970 945 1029 973 fuit.
1045 946 1139 980 Capita
1155 946 1234 980 longe
1250 947 1354 973 minora
1377 946 1514 974 hodiernis
1529 951 1622 980 erant;
1635 955 1670 975 cu

899 992 945 1027 jus
960 993 997 1018 rei
1020 991 1173 1026 exemplum
1189 992 1272 1019 habes
1287 991 1357 1018 inira
1377 990 1557 1019 Numerorum
1585 1000 1622 1025 Iv,
1637 992 1685 1026 25,

903 1038 929 1065 in
946 1043 1020 1070 nota,
1037 1045 1069 1064 ex
1094 1037 1221 1065 omnibus
1245 1037 1347 1064 catenis
1370 1045 1436 1065 mss.
1452 1037 1604 1072 desumpta,
1627 1046 1688 1072 qua:

902 1085 942 1112 sic
957 1084 1037 1111 habet
1048 1093 1054 1111 :
1065 1085 1101 1110 Τὸ
1112 1083 1320 1120 Σαμαρειτικὺν,
1334 1084 1605 1117 ἐπισπαστρονμαὶ
1622 1083 1688 1119 δέρ-

900 1139 979 1164 ματα
997 1130 1154 1157 ὑακίνθιναι
1166 1138 1172 1144 ·
1192 1130 1271 1157 ἅτινα
1283 1130 1359 1156 καλεῖ
1374 1129 1403 1155 τὸ
1415 1129 1436 1163 ξ’
1449 1129 1596 1164 κεφάλαιον
1613 1129 1688 1161 Ἐξό-

902 1175 946 1202 δου
963 1175 1112 1210 διφθέρας.
1130 1174 1318 1202 Samariticum
1332 1174 1420 1208 habet,
1433 1174 1579 1201 tentorium
1595 1179 1622 1201 et
1635 1175 1689 1205 pel-

904 1223 943 1250 les
967 1222 1175 1258 hyaciuthinas:
1200 1229 1258 1255 qua:
1283 1221 1366 1253 capite
1391 1228 1424 1246 ιι
1450 1218 1537 1246 Exodi
1562 1226 1688 1246 vocantur

904 1268 1063 1303 diphthera‘.
1079 1267 1107 1294 ln
1125 1267 1216 1294 Exodo
1229 1266 1407 1301 quadraginta
1431 1266 1519 1292 solum
1534 1265 1623 1300 capita
1640 1266 1688 1292 ha-

907 1314 1016 1346 bentur,
1030 1313 1160 1348 locusque
1174 1313 1217 1339 hic
1235 1313 1333 1339 citatus
1350 1315 1438 1338 exstat
1454 1311 1482 1338 in
1502 1311 1589 1345 capite
1606 1319 1687 1338 xuxtx

906 1360 1047 1387 hodierno.
1070 1358 1097 1385 ln
1120 1359 1212 1386 codice
1233 1358 1279 1385 illo
1301 1357 1470 1385 Coisliuiano
1493 1357 1688 1388 vetustissimo.

905 1406 1005 1433 unciali
1021 1406 1177 1433 charactere
1190 1404 1336 1439 descripto,
1352 1403 1396 1430 ubi
1413 1402 1595 1430 Octateuchus
1611 1407 1638 1430 et
1654 1403 1689 1430 li-

905 1452 947 1479 bri
972 1451 1074 1487 Regum
1090 1451 1274 1482 coiitinentur,
1300 1450 1360 1476 dua:
1381 1449 1496 1483 singulis
1521 1450 1547 1476 in
1568 1448 1646 1477 libris
1661 1449 1688 1476 in

63 1507 140 1534 supra
157 1509 165 1526 :
181 1506 317 1534 praeterea
329 1506 393 1526 vero
407 1499 503 1534 psalm.
519 1506 582 1531 xxx,
600 1498 643 1530 16,
653 1497 685 1524 ad
694 1505 786 1525 vocem
802 1497 855 1524 He—
868 1512 890 1543 Ο
905 1497 992 1532 capita
1004 1496 1150 1524 divisiones
1162 1496 1187 1522 iu
1203 1494 1324 1530 margine
1338 1499 1476 1526 notantur,
1493 1502 1608 1529 quarum
1622 1502 1690 1522 una-

62 1546 181 1573 braicam
199 1550 287 1577 7m,
302 1544 373 1571 LXX
397 1545 498 1572 habent
517 1544 542 1570 oi.
566 1543 661 1579 κλῆροί
681 1551 742 1578 μου,
771 1548 853 1570 sortes

64 1600 133 1623 mea,
147 1596 257 1619 mutato
270 1592 293 1617 Α
309 1591 336 1618 in
352 1591 374 1618 A
388 1599 395 1616 :
416 1598 478 1617 nam
497 1590 541 1617 illa
556 1598 608 1617 vox
629 1589 762 1625 signiﬁcat
789 1597 851 1616 και-

63 1639 102 1674 ρῡί
121 1647 187 1674 μου,
210 1643 332 1673 tempora
354 1646 421 1669 mea,
454 1641 484 1664 ut
511 1637 607 1671 reliqui
637 1636 796 1671 interpretes
828 1639 855 1663 et

64 1683 247 1720 Hieronymus
270 1688 424 1716 verterunt,
444 1688 471 1710 ct
496 1683 562 1718 psal.
587 1690 668 1715 Lxxx,
694 1682 720 1714 5,
739 1682 771 1708 ad
798 1681 855 1709 hac

64 1733 142 1758 verba
155 1736 226 1763 D727:
239 1736 312 1762 πυ),
336 1730 516 1766 Symmachus
540 1730 620 1756 vertit
642 1728 725 1764 λύραν
750 1727 853 1763 ἡδεῖαν,

65 1779 146 1813 lyram
159 1778 280 1808 dulcem,
300 1777 345 1804 ubi
362 1777 465 1811 aliquot
477 1775 651 1810 exemplaria,
667 1778 769 1801 mutato
791 1774 813 1800 Λ
827 1774 854 1800 in

64 1824 94 1855 Δ,
111 1822 213 1859 αὔραν,
233 1830 328 1848 auram
340 1822 450 1848 habent.

108 1870 129 1897 ε
146 1871 174 1897 in
193 1869 216 1897 C
237 1868 341 1896 Psalm.
359 1876 469 1900 xxxvm,
494 1867 521 1898 5.
547 1867 573 1894 in
597 1867 721 1894 versione
740 1864 854 1899 Aquilm,

64 1918 144 1946 codex
165 1925 242 1944 unus
260 1916 342 1943 habet
354 1916 458 1950 σιωπῆς
486 1914 564 1949 σιγῆς
593 1913 647 1940 ἀπὸ
675 1911 789 1947 ἀγαθοῦ,
808 1918 856 1946 pro

66 1965 150 1999 σιωπῇ
164 1964 285 1998 eain-3a:
297 1961 351 1988 ἀπὸ
362 1959 481 1994 ἀγαθοῦ,
509 1959 554 1986 ubi
584 1958 713 1986 Hebraica
743 1958 783 1985 sic
809 1958 842 1984 ha

64 2010 124 2037 bent
137 2020 144 2036 :
158 2015 243 2039 111:2
257 2011 366 2037 mnam
380 2011 472 2037 ΠἽὩΠ.
488 2005 559 2033 Psal.
580 2013 670 2036 Lxxvi,
685 2004 711 2036 'l,
724 2003 856 2032 Eusebius

64 2057 208 2084 lectionem
221 2053 382 2090 Symmachi
397 2053 437 2080 sic
447 2051 522 2079 eﬂ‘ert
535 2050 619 2086 ;ὰνὴρ
632 2049 718 2076 συνὼν
729 2050 758 2076 τὺ
774 2049 856 2076 πνεῦ-

66 2103 101 2137 μά
112 2112 176 2138 μου,
197 2109 250 2136 pro
260 2099 417 2135 ἀνηρεύνων
428 2098 458 2124 τὸ
477 2096 585 2132 πνεῦμά
601 2105 661 2130 μου,
674 2094 858 2130 perscrutabor

64 2149 187 2182 spiritum
200 2153 301 2178 meum,
316 2144 360 2171 ubi
369 2143 500 2170 Hebraica
513 2142 552 2169 sic
565 2141 746 2170 habentzvrm
758 2142 854 2169 manu.

905 1550 1020 1577 quacque
1037 1542 1116 1577 longe
1132 1541 1210 1576 plura
1233 1540 1320 1575 capita
1348 1539 1428 1566 habet
1444 1547 1525 1574 quam
1546 1539 1688 1567 hodierna.

907 1589 1070 1616 Discrimina
1087 1587 1182 1623 paucis
1198 1587 1301 1622 accipe.

940 1635 968 1662 ln
980 1633 1078 1662 Genesi
1093 1633 1180 1669 prima
1193 1632 1290 1660 divisio
1306 1632 1332 1659 in
1349 1632 1441 1660 codice
1456 1631 1622 1660 Coisliniano
1639 1631 1690 1658 106

906 1680 993 1716 capita
1009 1680 1134 1713 exhibet;
1151 1678 1270 1707 secunda
1294 1678 1321 1705 in
1341 1679 1436 1706 eodem
1457 1678 1550 1706 codice
1573 1677 1618 1712 99,
1641 1678 1688 1704 ho-

905 1727 998 1754 dierna
1013 1726 1057 1753 50.

941 1771 969 1798 In
985 1771 1078 1798 Exodo
1097 1771 1182 1806 prima
1202 1770 1300 1797 divisio
1315 1769 1341 1797 in
1363 1769 1475 1797 Coisliu.
1489 1770 1522 1796 84
1542 1770 1629 1804 capita
1642 1769 1691 1797 ha-

906 1819 950 1845 bet
962 1827 969 1850 ;
982 1817 1098 1845 secunda
1111 1817 1138 1844 in
1156 1817 1250 1844 eodem
1263 1816 1356 1844 codice
1370 1815 1431 1847 HO,
1447 1815 1577 1843 hodierna
1592 1815 1638 1842 40.

941 1863 969 1891 In
987 1863 1107 1891 Levitico
1123 1863 1210 1898 prima
1228 1863 1255 1890 in
1278 1862 1391 1891 Coisliu.
1417 1862 1451 1888 54
1478 1862 1566 1896 capita
1591 1861 1691 1895 habet;

907 1909 1024 1937 secunda
1039 1909 1066 1935 in
1082 1908 1141 1935 eod.
1158 1907 1251 1935 codice
1262 1907 1307 1940 6|,
1323 1907 1453 1934 hodierna
1467 1905 1510 1932 27.

904 1977 906 1980 ,
947 1955 976 1981 ln
990 1953 1117 1981 Numeris
1133 1953 1220 1988 prima
1235 1953 1260 1979 in
1272 1952 1385 1980 Coisliu.
1407 1951 1442 1978 50
1455 1952 1559 1986 capita;
1576 1951 1693 1979 secunda

907 2002 934 2028 in
947 1999 1059 2027 Coisliu.
1076 1999 1121 2032 5|,
1135 1999 1264 2026 hodierna
1282 1997 1325 2024 56.

942 2044 971 2072 In
994 2043 1204 2072 Deuteronomio
1226 2042 1313 2077 prima
1334 2041 1360 2068 in
1382 2040 1466 2067 Coisl.
1481 2039 1514 2066 68
1528 2040 1632 2074 capita;
1648 2047 1692 2067 se-

907 2091 996 2119 cunda
1010 2091 1037 2118 in
1053 2090 1168 2117 Coisliu.
1186 2089 1231 2122 91,
1247 2087 1377 2115 hodierna
1389 2087 1433 2113 54.

943 2137 971 2164 In
988 2137 1058 2164 libro
1072 2135 1155 2163 Josue
1172 2142 1226 2161 una
1238 2133 1356 2168 capitum
1373 2132 1471 2159 divisio
1487 2132 1649 2159 observatur
1666 2131 1693 2157 in

96 2194 116 2220 ε
132 2194 160 2220 in
172 2193 207 2219 Θ.
224 2190 337 2226 Aquila,
354 2190 470 2225 Symm.,
487 2187 636 2214 Theodotio
648 2190 674 2214 et
688 2185 818 2221 Septima,
829 2185 855 2211 in
873 2184 896 2214 ι)
910 2183 1090 2215 Coisliniano,
1106 2186 1132 2209 et
1148 2182 1210 2215 quia
1225 2179 1293 2226 liber
1308 2179 1353 2226 hic
1365 2185 1462 2213 magna
1481 2178 1523 2206 sui
1538 2181 1613 2226 parte
1634 2184 1694 2226 mus

65 2249 118 2268 mss
129 2241 236 2267 habent
252 2236 463 2273 Βηθσαὸὲθ,ρι·ο
477 2232 625 2269 Βηθσαϐέε,
643 2232 688 2259 ubi
703 2232 730 2259 in
744 2231 858 2259 Hebrai-

66 2294 96 2314 co
112 2288 214 2322 legitur
228 2289 364 2317 mur-n3,
384 2282 452 2317 psal.
471 2290 498 2312 L,
513 2282 539 2308 t.

94 2335 121 2361 Μ
135 2342 185 2368 pro
196 2333 232 2360 N.
243 2329 318 2358 LXX
329 2330 492 2364 lnterpretes
502 2333 596 2364 quater
608 2328 708 2356 habent
717 2326 798 2362 ὤμων
809 2333 857 2360 pro

66 2381 141 2412 δαίων,
158 2381 287 2406 humeros
314 2383 364 2411 pro
390 2375 484 2407 asinis,
509 2374 590 2402 Josue
610 2381 648 2406 ιι,
662 2373 690 2405 4,
705 2377 731 2400 et
751 2379 796 2404 xv,
813 2371 856 2404 18,

65 2425 108 2452 ubi
128 2426 157 2451 in
175 2422 318 2450 Hebraico
334 2420 433 2456 legitur
447 2424 542 2448 711m.

98 2471 203 2498 Praeter
216 2470 280 2497 illas
298 2471 390 2495 autem
402 2467 585 2493 mutationum
601 2471 709 2496 causas,
727 2462 787 2490 alia:
801 2469 856 2489 non

66 2525 158 2552 pauere
172 2516 339 2544 acciderunt
351 2517 461 2548 propter
481 2511 686 2538 similitudinem
713 2508 859 2536 verborum

68 2564 106 2590 vel
117 2563 187 2590 soni.
211 2561 260 2588 Sic
275 2559 338 2587 Job.
365 2565 462 2590 xxxtx,
486 2557 532 2586 2|.
559 2557 586 2583 in
604 2554 737 2582 Hebraico
763 2553 859 2588 legitur

65 2600 252 2652 parma-1P5,
265 2607 294 2633 in
311 2612 451 2632 occursum
464 2607 616 2632 armatum,
631 2599 755 2634 Vulgata,
774 2599 801 2625 in
815 2606 859 2624 oc-

68 2645 169 2683 rummt
184 2645 321 2683 aimatis.‘
337 2652 383 2682 A.,
400 2649 466 2680 Th.,
483 2649 522 2679 εἰς
545 2647 703 2683 συνάντησιν
727 2645 819 2676 ὅπλου,
832 2645 860 2671 in

68 2710 202 2728 οττιιηωη
215 2700 280 2732 teli;
304 2697 448 2733 εγω-,εὶς
471 2694 623 2729 ἀπάντησιν
649 2691 859 2727 καταφράκτων,

68 2748 93 2773 in
109 2755 246 2774 occursum
263 2743 528 2779 Cataphractorum;
546 2740 592 2766 ubi
603 2738 675 2766 LXX
688 2738 785 2765 habent
800 2745 861 2764 συν-

69 2793 279 2829 αντῶνβιισιλεῖ,
308 2796 453 2817 occurrens
476 2786 541 2821 regi,
554 2786 693 2817 mendose,
711 2783 860 2829 proipélet,

71 2841 129 2872 ldo,
149 2828 182 2867 ex
199 2836 386 2867 similitudine
405 2832 466 2862 soni
482 2830 726 2860 ctterminationis.
753 2828 785 2856 Et
796 2836 861 2857 sane

913 2229 976 2256 tilus
990 2233 1042 2261 est,
1058 2228 1095 2255 ibi
1118 2227 1150 2254 ad
1171 2229 1253 2260 caput
1267 2224 1402 2252 decimum
1420 2228 1547 2259 quartum
1563 2223 1694 2249 duntaxat

910 2275 1076 2310 pervcnitur,
1096 2273 1170 2309 quod
1188 2279 1250 2299 cum
1275 2278 1347 2298 nono
1370 2270 1457 2305 capite
1479 2270 1609 2297 hodierno
1626 2276 1694 2295 cono

910 2321 1004 2350 currit.

946 2367 975 2393 In
993 2366 1063 2392 libro
1076 2364 1202 2392 Judicum
1217 2363 1290 2390 nulla
1307 2361 1426 2396 capitum
1442 2359 1582 2387 distinctio
1595 2366 1692 2386 occur-

910 2413 945 2440 rit
960 2412 987 2439 in
1002 2409 1247 2444 Coisliniano.,Sed
1261 2408 1367 2444 quoties
1383 2405 1510 2434 [sraelitm
1523 2405 1558 2432 ob
1571 2405 1695 2440 praevari-

910 2457 1045 2486 cationem
1059 2456 1086 2483 in
1100 2456 1257 2483 servitutem
1275 2454 1444 2488 rediguntur,
1462 2451 1489 2478 in
1504 2451 1626 2486 margine
1644 2457 1694 2485 po-

911 2504 985 2531 nitur
997 2511 1003 2529 :
1017 2501 1124 2529 δουλεία
1134 2505 1168 2533 α’,
1181 2500 1287 2527 δουλεία
1299 2500 1332 2531 6’,
1345 2502 1398 2526 etc.
1412 2497 1542 2524 Similiter
1555 2496 1588 2524 ad
1602 2496 1703 2532 singu:

911 2550 953 2577 los
973 2549 1079 2584 judices
1093 2548 1140 2583 qui
1156 2546 1369 2578 constituuntur,
1383 2544 1527 2571 adnotatur
1541 2542 1645 2579 Κριτὴς
1657 2545 1693 2575 a',

911 2594 1005 2632 κριτὴς
1021 2595 1053 2620 6'.

948 2641 1030 2669 Libro
1050 2640 1138 2676 primo
1153 2638 1256 2673 Regum
1272 2637 1359 2672 prima
1370 2635 1467 2663 divisio
1482 2635 1508 2661 in
1525 2633 1639 2661 Coislin.
1653 2636 1695 2660 est

913 2689 946 2715 55
961 2688 1098 2722 capitum;
1113 2684 1232 2712 secunda
1248 2683 1291 2715 75,
1306 2683 1435 2710 hodierna
1456 2680 1499 2707 51.

949 2734 1030 2761 Libro
1043 2732 1163 2760 secundo
1172 2731 1237 2766 Reg.
1255 2729 1379 2765 primalin
1391 2727 1504 2755 Coisliu.
1516 2729 1558 2754 est
1573 2724 1606 2753 50
1617 2723 1696 2758 capi-

913 2786 990 2813 tum;
1006 2779 1124 2807 secunda
1139 2777 1184 2809 55,
1202 2776 1332 2804 hodierna
1355 2774 1400 2801 24.

950 2825 979 2853 1η
1002 2825 1072 2852 libro
1087 2823 1167 2851 tertio
1185 2821 1288 2857 Regum
1302 2820 1398 2849 divisio
1413 2820 1440 2846 in
1453 2817 1551 2853 capita,
1569 2815 1696 2851 perplexa
