1902 3049
74 94 103 122 Bl
691 95 723 122 IN
742 94 904 122 llEXAPLA
923 92 1093 133 ORIGENIS.
1655 93 1692 122 8!

70 151 282 186 uniuscujusque
302 156 414 187 tempus
433 154 581 182 adnotavit.
597 154 666 182 llinc
680 160 770 182 autem
788 155 855 181 hau-
873 156 894 185 Α
912 153 964 179 lam
976 157 1028 185 nx,
1043 157 1134 179 notam
1148 151 1292 179 accusativi
1307 159 1397 183 casus,
1415 150 1576 186 praeteriisse
1588 151 1690 178 \idere-

67 197 140 224 sisse
155 197 289 231 putandus
310 203 353 225 est
374 198 546 234 Epiphanius
564 200 588 226 id
606 200 678 234 quod
695 201 749 234 ait,
772 200 856 236 Aqui-

68 243 120 270 lam
148 251 245 278 nempe
265 245 315 271 sub
336 245 460 273 Adriano
476 246 638 280 imperatore
655 247 855 282 interpretatio-

67 296 130 315 nem
149 290 299 318 adornasse
324 299 402 318 suam
425 301 431 318 :
449 292 519 326 quod
535 293 615 319 etiam
634 293 788 319 contirmari
805 301 854 328 po-

67 339 120 362 test
144 343 177 362 ex
200 335 301 363 Justini
318 337 492 370 testimonio,
508 338 553 373 qui
569 338 606 365 ait
627 338 653 364 in
672 338 781 374 Dialogo
797 347 856 365 cum

48 392 55 397 -
68 379 210 416 Tryphone
226 389 235 407 :
257 382 334 408 Ἐπεὶ
352 382 380 409 δὲ
400 383 478 418 ὑμεῖς
492 383 538 410 καὶ
556 384 580 410 ol
604 384 758 411 διδάσκαλοι
779 384 856 420 ὑμῶν

64 426 187 461 τολμᾶτε
207 427 296 461 λέγειν
309 428 376 462 μηδὲ
397 429 520 464 εἰρῆσθαι
536 430 564 456 ἐν
580 431 612 465 τῇ
635 431 785 466 προφητείᾳ
810 430 854 457 τοῦ

71 470 186 497 Ἡσαΐου
198 480 205 485 ·
226 471 300 498 Ἰδοὺ
317 473 336 505 ὴ
352 472 495 506 παρθένος
507 474 537 500 ἐν
555 475 659 508 γαστρὶ
672 474 732 506 ἕξει
751 475 799 501 καὶ
811 475 856 502 τέ-

67 515 152 548 ξεται
165 517 244 548 υἱὸν,
259 517 317 544 ἀλλ’
332 518 404 544 Ἰδοὺ
418 519 436 552 ἠ
451 519 551 551 nario
563 519 597 546 ἐν
610 521 714 554 γαστρὶ
727 521 856 555 λήψεται

67 563 117 591 καὶ
132 562 252 595 τέξεται
267 564 344 590 υἱόν.
363 563 389 590 ld
405 569 444 591 est
461 575 468 592 :
485 564 700 600 Quandoquidem
714 575 756 594 vos
771 572 795 593 et
809 567 856 594 do-

66 614 155 636 ctores
178 609 261 635 vestri
277 609 363 635 dicere
378 610 483 636 audetis
497 619 547 637 non
568 611 668 638 dictant
685 620 739 639 esse
754 613 779 639 in
795 622 856 647 pro-

67 654 158 689 phetia
175 653 286 681 Hesaite
298 662 308 680 :
326 649 398 681 Ecce?
410 655 483 690 virgo
500 656 526 682 in
540 661 614 683 utero
630 657 751 688 habebit,
771 663 794 685 cl
809 667 856 693 pa-

66 701 121 727 riet
135 700 245 733 lilium;
263 700 323 732 sed,
340 700 408 728 Ecce
424 701 622 729 adolescentula
644 704 670 730 in
687 708 762 731 utero
783 705 854 732 acci-

67 747 140 780 piet,
167 751 196 773 et
221 746 309 781 pariet
329 747 425 773 tilium.
454 746 504 774 Ubi
527 748 601 780 illud,
628 749 690 776 ἰδοὺ
705 751 724 783 ἡ
743 751 853 784 νεανις,

66 798 132 822 etc.,
148 799 182 819 ex
198 792 305 826 Aquila:
320 792 537 827 interpretatione
553 800 688 829 sumptum
703 801 745 823 est
759 805 765 823 :
785 797 855 824 unde

67 836 170 864 inferas
201 841 323 872 tempore
349 837 447 864 Justini
471 840 596 874 martyris
619 840 676 875 jam
703 841 852 876 cvulgatam

67 882 154 910 luisse
166 883 275 918 Aquilae
291 884 436 911 editionem
447 905 454 917 ,
471 889 550 920 atque
561 886 628 913 adeo
643 892 721 914 antea
742 887 851 920 factam,

67 929 195 956 videlicet
217 929 338 956 Adriano
357 930 492 964 principe,
510 935 539 958 ut
563 932 600 958 ait
621 931 803 967 Epiphanius,
819 941 852 962 ex

65 975 194 1009 Origene,
211 979 240 1002 ut
255 975 384 1008 creditur,
399 981 545 1004 mutuatus.

99 1022 205 1049 Caetera
220 1026 312 1050 autem
329 1030 389 1057 qua:
403 1024 502 1058 adjecit
519 1023 684 1059 Epiphanius
697 1025 730 1053 de
743 1025 850 1062 Aquila,

65 1076 118 1095 non
146 1076 180 1095 ex
201 1068 297 1095 eodem
315 1068 389 1096 fonte
409 1069 532 1097 hausisse
551 1071 685 1105 putandus
707 1076 747 1099 est
765 1082 771 1099 :
789 1081 850 1100 nam

65 1114 138 1149 quod
159 1120 257 1142 narrat
271 1123 333 1142 eum
355 1115 390 1142 ab
402 1115 519 1143 Adriano
536 1118 719 1146 restaurandae
734 1119 792 1145 urbi
805 1118 849 1147 .le-

65 1160 270 1195 rosolymorum
287 1161 461 1195 pra‘pOsitum
479 1161 573 1195 fuisse,
584 1163 693 1197 perinde
703 1164 850 1198 suspicioni

63 1204 214 1231 obnoxium
231 1205 337 1231 videtur
350 1209 430 1239 atque
444 1205 470 1232 id
484 1207 554 1240 quod
568 1208 750 1240 antedixerat,
762 1209 848 1243 ipsum

64 1249 175 1276 Adriani
205 1257 332 1277 socerum
360 1248 452 1278 fuisse.
481 1250 593 1286 Reliqua
615 1252 647 1278 de
670 1253 849 1287 apotelesma-

65 1295 131 1327 tice,
160 1295 220 1322 sive
237 1295 272 1322 de
282 1295 496 1330 genethlialogiae
512 1305 573 1330 usu,
596 1297 629 1324 de
651 1298 798 1332 baptismo,
816 1299 849 1326 de

66 1340 169 1373 ejurato
188 1344 286 1374 postea
310 1339 535 1374 Cltristianismo,
552 1343 585 1369 de
599 1343 716 1370 admissa
732 1344 849 1371 circum-

66 1385 178 1417 cisione,
198 1386 286 1420 deque
297 1386 394 1421 adepta
407 1387 513 1414 demum
532 1387 668 1416 llcbraica:
684 1389 781 1424 lingum
792 1398 850 1424 per-

67 1431 133 1458 fecta
147 1432 265 1463 notitia,
285 1434 416 1467 majorem
441 1441 504 1461 sane
516 1435 683 1468 postularent
704 1437 848 1463 auctorita-

68 1481 130 1509 tem,
142 1484 232 1512 exque
248 1477 382 1505 fabulosis
400 1477 552 1506 .ludazorum
574 1480 774 1509 narrationibus
791 1489 848 1508 ma-

69 1530 128 1550 nare
143 1511 307 1558 potuerunt.
321 1523 459 1558 Siquidem
476 1523 559 1551 Judaei
574 1524 676 1560 Aquila:
688 1526 847 1560 editionem,
863 1511 883 1540 Ο

67 1576 122 1597 eam
145 1570 274 1597 videlicet
299 1578 360 1604 qua:
386 1569 458 1597 κατὰ
484 1571 624 1606 ἀκρίϐειαν
655 1571 725 1601 facta
752 1573 848 1606 fuerat,

69 1615 153 1648 magni
175 1614 326 1648 faciebant,
349 1620 541 1651 auctoremque
555 1617 626 1643 illius
641 1617 766 1645 laudibus
781 1627 850 1654 pra:-

68 1659 202 1687 dicabant.
236 1659 306 1687 llinc
333 1660 463 1695 Origenes
479 1662 512 1688 ad
527 1661 683 1690 Africanum
700 1672 706 1691 :
722 1662 766 1695 Sic
782 1665 850 1691 enim

69 1704 171 1739 Aquilo,
190 1704 334 1732 Hebraiue
346 1705 452 1733 lectioni
467 1707 579 1734 serviens
593 1707 674 1734 edidit
690 1716 699 1734 .'
713 1717 788 1743 quem
800 1709 851 1736 Ju-

69 1751 116 1776 da'i
138 1751 343 1777 acrnratissime
368 1752 484 1778 omnium
520 1753 625 1780 credunt
653 1753 850 1788 interpretatum

68 1804 118 1822 me
125 1795 298 1831 Scripturam
309 1805 318 1824 :
331 1805 381 1832 quo
399 1798 511 1824 maxime
526 1799 563 1824 uti
577 1798 661 1826 solent
678 1801 722 1834 qui
736 1799 851 1827 Hebrai-

69 1849 123 1868 cam
141 1842 289 1868 dialertum
319 1843 457 1878 ignorant,
479 1848 565 1877 utpote
587 1845 632 1880 qui
655 1848 771 1872 omnium
795 1855 851 1873 nta—

68 1889 133 1915 sime
146 1897 224 1915 sensu
231 1897 256 1914 ιη
273 1896 405 1916 assecutus
421 1898 476 1917 esse
491 1896 607 1925 putetur.

162 1935 198 1961 ll.
223 1934 321 1970 Aquila
334 1934 400 1962 duas
415 1937 642 1971 interpretationes
656 1939 748 1966 edidit.

101 1978 174 2007 Duas
190 1985 282 2007 autem
299 1982 487 2009 translationes
499 1983 615 2011 edidisse
629 1984 752 2019 Aquilam
762 1985 853 2021 explo-

69 2029 154 2052 ratum
169 2031 212 2052 est
227 2035 234 2052 :
252 2026 375 2059 primam,
389 2027 554 2061 liberiorem,
573 2029 618 2056 ubi
634 2030 683 2057 etsi
699 2031 780 2057 verba
795 2031 853 2058 sin-

69 2071 126 2105 gula
143 2070 281 2097 llebraica
296 2070 385 2099 Graece
405 2073 556 2106 exprimere
572 2079 722 2110 satagerct,
742 2083 851 2103 sensum

69 2121 155 2143 tamen
173 2121 239 2151 apte
252 2117 363 2144 reddere
379 2118 501 2151 curabat,
517 2127 603 2153 neque
621 2125 674 2147 tam
695 2121 854 2156 scrupulose

910 203 962 230 tur,
980 205 1028 232 pro
1043 197 1087 224 illa
1102 197 1150 223 σὺν
1167 197 1272 231 posuit,
1287 197 1350 232 quia
1363 202 1404 227 nx
1418 197 1445 224 in
1462 196 1599 224 nonnullis
1612 196 1689 230 locis,

908 245 955 271 σὺν
968 243 1009 271 vel
1028 243 1096 279 μετὰ
1108 263 1115 276 ,
1133 243 1158 270 id
1174 248 1215 270 est
1226 251 1283 269 cum
1296 264 1303 276 ,
1320 243 1461 278 significat.
1482 242 1563 277 quue
1575 250 1690 270 sexcen-

907 290 957 317 ties
979 289 1096 324 repetiit,
1114 289 1186 324 quod
1209 297 1273 316 sane
1299 297 1421 324 magnam
1448 289 1474 316 in
1496 289 1556 324 ejus
1574 289 1691 316 transla-

906 335 978 362 tione
999 335 1170 369 κακοφωνίαν
1193 334 1292 361 intulit.
1314 333 1366 361 Sed
1389 335 1538 362 audiendus
1554 334 1686 370 llierony-

907 389 967 408 mus
988 381 1021 408 ad
1038 381 1243 408 Pammachium
1264 380 1302 406 De
1323 386 1376 415 opt.
1399 389 1455 415 gen.
1471 381 1662 415 interpretandi
1679 389 1688 407 :

906 426 1002 461 Aquila
1024 431 1111 453 autem
1135 426 1281 461 proselytus
1306 431 1330 452 et
1350 427 1524 454 contentiosus
1548 427 1686 461 interpres,

906 473 950 507 qui
965 481 1014 499 non
1029 472 1114 499 solum
1127 472 1214 502 verba.
1227 471 1272 498 sed
1288 464 1458 507 etymologias
1474 479 1573 507 quoque
1592 473 1684 498 verbo-

906 527 964 545 rum
988 519 1131 554 transferre
1151 523 1260 545 certatus
1276 524 1313 545 est
1324 519 1400 553 ,jure
1421 518 1559 553 projicitur
1573 527 1588 545 α
1603 518 1686 545 nobis.

907 567 971 600 Quis
991 568 1058 594 enim
1074 575 1121 601 pro
1136 567 1266 601 frumento
1287 571 1311 592 et
1323 565 1381 592 vino
1395 570 1418 592 et
1432 565 1487 592 oleo
1501 565 1581 599 possit
1600 566 1638 592 uel
1650 565 1688 592 le-

905 621 963 648 gere
985 611 1023 639 vel
1038 611 1192 646 intelligere,
1218 610 1307 646 χεῦμα
1326 610 1482 645 ὀπωρισμδν
1499 610 1686 650 στιλπνότητᾳ,

904 657 974 692 quod
996 664 1041 683 nos
1063 663 1201 690 possumus
1217 655 1303 681 dicere
1322 653 1473 686 fusionem,
1492 654 1688 689 pomatiouem-

905 711 957 738 que
981 707 1008 729 et
1032 701 1238 736 splendentiam.
1270 701 1322 726 Aut
1337 701 1398 734 quia
1418 700 1521 727 llebrtei
1538 708 1589 726 non
1602 700 1687 726 solum

905 749 999 775 [tabent
1023 747 1125 782 ἄρθρα,
1145 746 1189 774 sed
1203 751 1227 773 et
1243 745 1384 781 πρόαρθρσ.
1395 766 1402 777 ,
1426 745 1471 772 ille
1492 745 1649 781 κακοζήλως
1661 749 1686 772 et

906 795 1019 830 syllabas
1042 795 1230 824 interpretatur
1255 797 1279 819 et
1304 792 1417 824 litteras,
1443 792 1558 827 dicitque
1573 792 1620 818 σὺν
1641 792 1686 818 τὸν

870 833 891 864 Β
906 840 1018 876 οὐρανὸν
1035 840 1081 866 καὶ
1094 840 1142 866 σὺν
1158 839 1207 874 τὴν
1217 839 1278 873 γῆν,
1297 837 1365 873 quod
1378 837 1470 865 Graeca
1486 842 1510 864 et
1525 837 1622 864 Latina
1634 838 1687 864 lin-

904 896 955 922 gua
971 887 1076 913 aninino
1091 894 1142 912 non
1155 886 1257 920 recipit.
1279 884 1361 919 Cujus
1377 884 1414 910 rei
1431 884 1575 919 exemplum
1592 891 1624 912 ex
1639 891 1686 910 no-

902 937 957 959 stra
972 938 1090 959 sermone
1114 936 1220 965 captare
1237 938 1384 962 possumus.
1406 928 1511 961 Quanta
1533 929 1601 955 enim
1615 928 1685 959 apud

903 977 1006 1004 Grmcos
1029 977 1090 1003 bene
1104 976 1229 1002 dicuntur
1240 996 1246 1007 ,
1260 983 1318 1011 qum
1331 976 1354 1002 si
1369 975 1402 1002 ad
1419 974 1523 1001 verbum
1540 974 1685 1008 transfera-

903 1032 970 1056 mus,
984 1024 1012 1050 in
1026 1022 1122 1050 Latino
1136 1030 1186 1048 non
1200 1026 1340 1048 resonant:
1353 1026 1377 1048 et
1392 1029 1405 1048 e
1421 1022 1531 1055 regione,
1543 1029 1601 1055 qua:
1614 1022 1684 1055 apud

902 1078 947 1096 nos
963 1070 1082 1104 placent,
1099 1069 1122 1094 si
1137 1073 1271 1095 vertantur
1294 1067 1374 1101 juxta
1390 1068 1525 1100 ordinent,
1541 1067 1610 1100 apud
1623 1065 1683 1093 illos

901 1115 1084 1150 displicebant.
1106 1114 1171 1141 Illud
1186 1121 1250 1141 vero
1262 1112 1360 1148 χεῦμα,
1378 1112 1545 1148 ὸπωρισμδν,
1562 1112 1684 1139 στιλπνό-

900 1170 985 1198 τητα,
1010 1161 1081 1196 quod
1100 1161 1235 1188 undenam
1263 1165 1400 1194 surruptum
1415 1165 1487 1186 esset
1502 1165 1564 1186 ante
1576 1159 1684 1193 ignora-

901 1207 979 1234 batur
989 1227 996 1239 ,
1017 1214 1051 1233 ex
1073 1205 1150 1232 Deut.
1167 1213 1221 1237 vn,
1239 1205 1271 1231 l5
1281 1224 1288 1236 ,
1303 1213 1375 1232 nunc
1386 1205 1473 1239 primo
1487 1204 1576 1239 prodit
1589 1205 1616 1231 iu
1629 1204 1683 1239 Ap-

900 1253 1012 1288 pendicc
1030 1260 1060 1279 cx
1079 1251 1174 1279 codice
1186 1251 1364 1278 Coisliniano.

934 1299 1086 1333 Aliquando
1109 1297 1190 1328 item,
1209 1297 1281 1324 nulla
1305 1296 1395 1324 habita
1419 1303 1547 1331 generum
1567 1301 1680 1329 ratione,

900 1348 929 1371 ut
944 1343 1117 1371 llebraismos
1144 1343 1324 1378 exprimeret,
1347 1342 1485 1378 singulare
1507 1350 1566 1369 cum
1585 1342 1682 1377 plurali

899 1389 1045 1424 copulavit,
1056 1393 1083 1415 ut
1098 1388 1165 1416 Gen.
1184 1397 1198 1414 ν
1208 1409 1215 1421 ,
1229 1388 1255 1421 5,
1270 1388 1317 1414 καὶ
1329 1386 1425 1423 ἔζησεν
1442 1388 1527 1423 assa
1537 1389 1682 1424 τριάκοντα

899 1435 966 1466 ἔτος,
985 1434 1031 1460 καὶ
1046 1433 1189 1460 ἐννακόσια
1203 1432 1278 1465 ἔτος,
1294 1437 1321 1460 et
1334 1433 1399 1460 vixit
1413 1433 1498 1460 Adam
1510 1434 1620 1468 triginta
1634 1442 1682 1460 an-

900 1486 961 1505 num
974 1483 997 1504 et
1011 1483 1151 1513 nongentos
1163 1485 1269 1510 anitum,
1286 1477 1347 1512 quia
1358 1485 1452 1512 netnpe
1462 1486 1513 1504 vox
1521 1483 1579 1508 nan
1587 1479 1664 1514 singu
1672 1494 1680 1498 -

900 1524 964 1552 laris
980 1523 1094 1550 formam
1111 1523 1200 1556 habet,
1213 1523 1274 1550 licet
1288 1523 1332 1550 hic
1344 1523 1396 1550 vim
1410 1523 1522 1558 pluralis
1536 1523 1642 1555 habeat,
1654 1529 1683 1551 ut

900 1578 979 1598 nemo
993 1578 1045 1596 non
1062 1570 1142 1597 videt.
1160 1568 1220 1596 Pari
1233 1569 1337 1596 ratione
1348 1576 1541 1604 nonnunquam
1555 1569 1680 1605 pluralia,

899 1624 959 1651 qua:
975 1616 1027 1643 vim
1043 1615 1189 1649 singularis
1203 1615 1311 1646 habent,
1326 1615 1370 1642 ille
1384 1615 1522 1649 pluraliter
1533 1617 1680 1650 expressit;

900 1662 939 1689 sic
964 1661 1030 1689 Gen.
1058 1669 1094 1694 vr,
1118 1661 1145 1692 2,
1171 1652 1361 1692 ονώκτνειι,
1399 1661 1423 1686 οἱ
1447 1661 1498 1688 υἱοὶ
1526 1660 1578 1688 τῶν
1596 1660 1680 1693 Θεῶν,

899 1709 962 1743 quia
984 1707 1109 1735 nimirum
1131 1699 1219 1736 Dm’m
1242 1707 1321 1734 habet
1350 1706 1461 1741 pluralis
1488 1705 1618 1739 formam,
1638 1707 1682 1735 ille

900 1755 1038 1789 pluraliter
1059 1754 1102 1781 hic
1124 1753 1204 1781 vertit
1228 1762 1234 1780 ι
1259 1753 1303 1780 ubi
1318 1752 1450 1788 Vulgata,
1483 1753 1604 1781 Videntes
1632 1754 1681 1788 ﬁlii

901 1801 949 1827 Dei
976 1801 1048 1835 ﬁlias
1076 1800 1221 1826 hominum.
1242 1799 1281 1826 Ad
1307 1799 1364 1827 haec
1385 1799 1562 1835 etymologias
1591 1800 1681 1826 nomi-

901 1854 965 1874 num
982 1847 1179 1880 verborumque
1197 1845 1234 1872 ita
1249 1850 1430 1878 consectatur,
1450 1850 1488 1878 ut,
1504 1846 1577 1873 nulla
1591 1846 1681 1873 habita

901 1893 981 1920 serici
996 1892 1110 1924 ratione,
1128 1891 1250 1918 eamdem
1272 1899 1365 1918 vocem
1382 1890 1539 1920 llebraicam
1556 1896 1585 1918 ut
1598 1891 1684 1925 pluri-

902 1946 976 1966 mum
998 1938 1091 1965 eadem
1113 1937 1206 1965 Graeca
1229 1937 1381 1972 exprimat,
1407 1945 1459 1964 non
1474 1937 1595 1972 cogitans
1611 1937 1681 1963 idem

874 2003 879 2010 .
901 1985 1025 2017 verbum,
1039 1984 1062 2011 si
1075 1984 1134 2011 aliis
1151 1983 1458 2019 diversisqucjungatur
1472 1983 1593 2014 vocibus.
1609 1983 1681 2010 aliud

903 2030 1066 2065 signiﬁcare.

938 2075 981 2102 lll.
1004 2075 1069 2102 Utra
1084 2083 1116 2102 ea:
1131 2075 1231 2102 duabus
1246 2076 1274 2102 in
1289 2074 1416 2109 Hexaplis
1435 2074 1521 2109 posita
1537 2074 1628 2108 fuerit.

939 2120 977 2148 Ex
994 2121 1039 2148 illa
1053 2128 1134 2156 porro
1157 2121 1257 2156 duplici
1281 2121 1385 2155 Aquila:
1407 2120 1541 2150 versione.
1568 2118 1682 2154 quaestio

69 2162 176 2189 voculas
191 2169 290 2188 omnes
303 2163 466 2195 sectabatur,
485 2172 515 2191 ac
528 2173 589 2192 cum
603 2167 699 2193 seriem
720 2167 849 2194 intertur-
868 2180 889 2208 Ι)
904 2167 1002 2194 exoriri
1017 2170 1121 2201 potest;
1133 2169 1194 2193 utra
1211 2165 1334 2194 videlicet
1344 2174 1375 2193 ex
1392 2161 1497 2193 duabus
1515 2165 1542 2192 in
1556 2164 1682 2200 llexaplis

68 2206 177 2235 baturus
190 2215 254 2234 esse
270 2207 446 2242 prospiceret,
465 2215 657 2244 reprzcsentare
675 2212 825 2246 negligebat
843 2221 850 2239 :

69 2254 135 2288 quod
152 2262 252 2280 verum
275 2258 333 2280 erat
352 2254 506 2290 interpretis
523 2256 648 2283 oﬂicium.
669 2257 787 2284 Alteram
804 2258 852 2285 de-

69 2299 126 2326 inde
147 2299 307 2327 versionem
332 2301 451 2334 paravit,
475 2309 535 2336 qua:
558 2303 627 2329 κατὰ
644 2303 784 2338 ἀκρίϐειαν
807 2312 853 2331 vo-

70 2346 210 2377 citabatur,
231 2345 258 2372 id
271 2350 322 2377 est,
341 2347 490 2374 secundum
502 2353 623 2375 exactam
638 2349 758 2376 vertendi
770 2350 853 2376 ratio-

70 2399 138 2424 nem,
162 2392 196 2418 de
215 2399 269 2426 qua
287 2390 468 2427 Hieronymus
482 2393 508 2420 in
524 2393 685 2421 Ezccltielem
700 2403 760 2429 pag.
777 2395 827 2422 7l6
845 2405 851 2423 :

70 2438 166 2472 Aquila:
190 2437 309 2465 secunda
329 2437 421 2468 editio.
445 2447 523 2473 quam
548 2439 654 2467 Ilebrwi
680 2441 748 2467 κατὰ
776 2442 853 2477 ἀκρί-

70 2483 138 2511 ϐειαν
151 2486 315 2515 nominant;
331 2484 377 2510 ubi
392 2489 467 2511 tanta
482 2487 654 2513 accuratioue
667 2488 747 2514 verba
765 2492 791 2515 et
806 2495 854 2515 vo-

70 2531 137 2558 culas
163 2531 292 2565 singulas
317 2528 467 2557 llebraicas
491 2530 601 2558 reddere
621 2532 742 2564 curabat,
770 2536 798 2559 ut
821 2533 854 2560 de

71 2577 123 2611 styli
137 2577 266 2605 barbarie
284 2575 356 2602 nihil
371 2575 511 2609 cogitaret.
533 2575 670 2610 Ejusmodi
692 2585 756 2605 vero
771 2586 854 2604 κακο-

71 2622 153 2659 ζηλὶας
175 2623 306 2658 exempla
331 2623 418 2649 multa
435 2622 554 2656 proferre
569 2631 728 2658 possemus;
745 2624 808 2658 sed,
824 2630 854 2652 ut

69 2675 153 2696 cetera
169 2675 294 2701 taceam,
323 2667 389 2701 quis
412 2675 464 2693 non
489 2675 557 2701 aegre
571 2668 639 2695 ferat
653 2667 709 2695 hinc
721 2668 852 2697 llebraica

69 2716 147 2746 verba,
163 2721 250 2759 V-m
265 2719 322 2744 nm
337 2717 444 2742 nam
455 2718 494 2741 nu
506 2705 593 2742 amba
607 2719 666 2743 s1:
675 2717 802 2747 meum,
814 2716 853 2742 sic

68 2768 180 2796 etpressa
197 2762 307 2792 videre,
337 2760 367 2785 ἐν
381 2759 517 2794 κεφαλαίῳ
532 2759 635 2786 ἔκτισεν
649 2762 663 2787 6
673 2761 738 2792 Θεὸς
752 2763 798 2788 σὺν
810 2762 853 2788 τὴν

66 2807 164 2845 ιῦρινὸν
182 2809 231 2836 καὶ
251 2808 305 2834 σὺν
324 2804 377 2840 τὴν
399 2804 469 2839 γῆν·
489 2805 613 2834 nimirum
630 2806 674 2834 ille
690 2815 722 2834 nc
735 2807 853 2842 particu-

903 2213 937 2240 ab
949 2212 1063 2247 Origene
1075 2213 1162 2247 posita
1175 2212 1265 2244 luerit,
1276 2220 1310 2239 an
1324 2213 1422 2248 prima,
1436 2220 1470 2240 an
1484 2212 1611 2243 secunda,
1622 2219 1682 2246 qua:

903 2260 961 2285 κατ’
986 2258 1128 2295 ἀκρίϐειαν
1152 2259 1299 2286 vocabatur
1315 2269 1321 2286 :
1336 2263 1362 2286 ct
1376 2264 1465 2286 utrum
1484 2267 1589 2293 semper
1605 2266 1680 2285 cam-

903 2306 963 2333 dem
988 2305 1140 2332 adhibuerit
1163 2303 1294 2340 Origenes
1318 2305 1344 2331 in
1367 2304 1494 2332 omnibus
1518 2309 1545 2332 et
1567 2304 1682 2339 singulis

904 2351 1050 2385 Scripturze
1066 2350 1161 2383 libris;
1175 2358 1208 2376 an
1220 2350 1300 2377 modo
1316 2358 1408 2382 unam,
1425 2350 1505 2377 modo
1517 2350 1628 2376 alteram
1639 2357 1684 2384 ap-

903 2395 1034 2432 posuerit.
1064 2395 1122 2422 Non
1140 2396 1235 2423 dubito
1249 2403 1307 2422 eam
1325 2395 1351 2421 in
1375 2395 1499 2429 Hexaplis
1522 2395 1601 2422 tertio
1624 2395 1682 2422 loco

903 2442 1037 2477 posuisse,
1058 2449 1117 2476 qute
1136 2441 1199 2476 quia
1220 2441 1302 2468 nimia
1326 2441 1498 2468 accuratione
1520 2440 1682 2467 concinnata

903 2492 971 2520 erat,
985 2487 1042 2513 κατ’
1059 2486 1199 2521 ἀκρίϐειαν
1217 2486 1287 2514 facta
1302 2486 1457 2519 dicebatur;
1472 2493 1568 2520 nempe
1583 2493 1681 2513 secun-

904 2533 975 2559 dam.
1004 2532 1030 2559 Id
1050 2539 1113 2559 vero
1134 2532 1229 2558 suadet
1245 2531 1376 2566 particula
1400 2532 1447 2558 σὺν
1465 2538 1535 2565 saape
1550 2531 1638 2565 posita
1654 2531 1682 2558 in

905 2578 938 2604 iis
959 2585 1019 2612 quae
1043 2581 1190 2612 supersunt
1204 2576 1331 2604 editionis
1348 2576 1452 2610 Aquilae
1466 2576 1640 2612 fragmentis,
1657 2581 1684 2603 ct

905 2625 956 2652 alia
971 2625 1061 2651 nimiae
1077 2624 1214 2658 religionis
1229 2624 1350 2659 vestigia.
1382 2623 1420 2650 Ex
1436 2623 1530 2650 eadem
1542 2623 1622 2650 etiam
1636 2623 1684 2650 de-

905 2675 1004 2705 cerpta:
1019 2670 1092 2698 fuere
1107 2670 1235 2697 lectiones
1250 2670 1362 2705 Aquilae,
1377 2677 1438 2704 qua:
1454 2670 1481 2696 in
1496 2669 1615 2696 editione
1629 2668 1684 2695 τῶν

905 2716 932 2742 0’
951 2716 1088 2750 hexaplari
1101 2724 1162 2743 cum
1185 2715 1321 2743 asteriscis
1332 2715 1365 2742 ab
1377 2714 1491 2750 Origene
1502 2715 1596 2749 posita:
1609 2718 1682 2741 sunt.

905 2761 1004 2788 Verum
1019 2763 1081 2797 quia
1095 2762 1121 2788 iu
1138 2762 1206 2789 locis
1219 2761 1333 2796 Aquilae,
1347 2769 1407 2796 quae
1422 2761 1575 2796 frequenter
1589 2760 1616 2786 in
1633 2760 1684 2786 hac

882 2824 884 2826 -
905 2807 1085 2842 Hexaplorum
1100 2808 1256 2835 collectione
1272 2813 1430 2838 occurrunt.
1456 2808 1513 2834 haec
1535 2811 1588 2833 tam
1605 2813 1683 2833 scru-
