1902 3049
223 88 260 122 83
909 85 1166 116 PRIELIMINARIA
1811 89 1852 117 84

224 152 322 188 pulosa
344 151 463 180 vertendi
488 151 556 178 ratio
571 159 625 178 non
644 151 744 187 ubique
757 150 934 183 observatur,
947 149 1011 176 hinc
1025 150 1048 178 Α
1062 156 1122 183 quia
1136 156 1151 175 a
1164 148 1291 177 Patr-ibus
1304 153 1332 177 ut
1348 148 1510 178 Christiana:
1526 149 1587 178 ﬁdei
1601 149 1780 187 repugnantia
1801 158 1852 178 re-

226 198 341 226 fortasse
354 197 487 233 quispiam
502 196 665 232 suspicetur,
681 204 713 225 ea
725 204 785 232 qua
797 195 946 232 elegantius
961 203 1008 223 ex-

225 244 396 278 primuntur,
410 250 460 270 nec
475 247 576 270 tantam
593 242 740 278 praeferunt
756 241 911 277 interpretis
929 241 1009 277 ἀκρί-

225 290 310 322 ϐειαν,
328 297 360 316 ex
377 288 463 324 prima
483 289 542 324 ejus
555 288 690 322 versione,
707 297 768 325 qua:
780 289 907 317 liberiore
921 288 1007 315 inter—

224 335 345 370 pretandi
369 342 467 370 genere
481 334 611 363 adornata
634 335 732 367 fuerat,
754 335 895 370 desumpta
909 334 1005 362 fuisse.

225 379 324 408 Verum
339 381 428 415 potuit
446 380 544 416 Aquila
555 401 562 412 ,
578 381 660 408 etiam
678 382 705 408 in
721 380 767 408 illa
783 380 843 407 κατ’
864 380 1006 416 ἀκρίϐειαν

222 424 455 462 interpretatione,
468 435 522 455 non
539 428 746 463 sempereadem
758 428 887 463 religione
902 428 929 454 in
944 435 1006 454 ver-

222 472 302 500 tendo
320 472 360 499 uti
384 481 391 498 :
418 480 467 500 nec
481 473 620 500 insolitum
643 478 684 501 est
697 473 858 508 interpretes
870 473 1007 508 quoslibet

221 518 303 546 modo
326 518 422 546 litterae
443 519 561 552 haerere,
585 520 667 547 modo
692 520 856 555 elegantiore
875 519 1006 554 interpre-

221 565 296 592 tandi
312 572 411 601 genere
427 566 582 600 procedere.
604 567 715 594 Certum
728 566 810 601 igitur
825 566 912 593 habeo
922 586 929 599 ,
943 565 1005 593 Ori-

221 619 316 646 genem
327 612 354 638 in
368 611 445 639 tertia
463 611 643 647 Hexaplorum
660 612 786 640 columna
802 612 907 646 Aquila:
923 612 1005 639 inter-

221 658 398 692 pretationem
415 658 487 686 illam
502 659 625 694 posuisse
636 680 644 692 ,
663 667 724 694 quae
748 660 808 686 κατ’
824 658 965 695 ἀκρίϐειαν
979 663 1006 686 et

220 704 338 731 secunda
360 704 507 732 vocabatur
518 726 525 737 ,
541 711 568 732 et
591 705 718 733 lectiones
741 705 846 740 Aquilae
861 705 920 732 illas
936 713 1005 740 quas

220 749 370 783 praemissis
396 750 535 778 asteriscis
559 750 585 777 in
609 750 746 785 hexaplari
768 750 821 776 τῶν
838 751 865 776 0'
888 750 1006 778 editione

220 796 321 829 posuit,
338 803 371 823 ex
385 803 416 824 ea
433 798 580 832 accepisse.

220 850 265 879 IV.
283 851 323 879 An
339 852 371 880 de
384 853 518 880 industria
534 854 629 889 Aquila
648 855 768 889 qna’dant
786 855 932 889 Scriptnrw
946 856 1004 881 [L611

407 890 435 915 in
451 889 534 916 alium
550 898 653 916 sensum
669 889 816 916 detorserit.

255 933 315 962 Una
339 934 389 962 fuit
415 940 572 962 sanctorum
600 935 709 962 Patrum
734 940 910 971 veterumque
937 944 1004 971 pene

219 979 339 1006 omnium
362 987 439 1007 mens
463 985 490 1007 et
511 981 614 1015 opinio,
632 981 757 1016 Aquilam
782 983 818 1008 ob
834 982 934 1009 illatam
951 982 1003 1009 sibi

219 1024 253 1051 ab
271 1024 399 1053 Ecclesia:
415 1025 561 1061 praefectis,
581 1034 663 1061 quam
682 1035 764 1061 supra
779 1028 1002 1060 memoravimus,

217 1071 410 1099 contumeliam
430 1072 503 1106 (nam
519 1073 590 1107 quod
607 1073 644 1099 illi
663 1081 696 1100 ex
713 1081 776 1100 vero
790 1074 928 1108 religionis
947 1074 1004 1108 pie-

217 1115 337 1151 tatisque
353 1117 444 1144 studio
459 1118 635 1150 admiserant,
659 1119 766 1154 injuria:
782 1119 843 1147 loco
863 1119 1002 1155 habebat),

218 1160 355 1189 infensum
368 1167 460 1196 postea
471 1162 634 1191 Christianae
648 1164 771 1199 religioni
785 1163 883 1197 fuisse;
899 1173 931 1191 ac
943 1165 1002 1192 loca

218 1204 323 1234 Veteris
336 1207 513 1240 'l‘estamenti,
531 1216 591 1243 quae
604 1208 724 1235 futurum
739 1210 840 1237 Christi
857 1211 1001 1238 adventum

218 1253 446 1286 praenuntiabant,
471 1255 505 1282 de
530 1255 663 1283 industria
695 1255 721 1282 in
750 1257 926 1284 translatione
952 1265 1001 1285 sua

217 1297 390 1332 depravasse,
411 1304 438 1326 et
459 1299 486 1326 in
509 1301 591 1327 alium
619 1309 729 1329 sensum
753 1302 909 1330 detorsisse.
927 1302 1002 1331 Licet

217 1347 307 1369 autem
324 1351 356 1370 ea
372 1352 433 1378 qum
449 1345 482 1371 de
500 1345 708 1374 Christianismo
726 1347 761 1374 ab
783 1347 880 1383 Aquila
895 1349 1001 1384 eiurato

217 1387 386 1424 Epiphanius
399 1391 510 1418 tradidit
525 1386 578 1419 non
593 1393 749 1428 suspicione
763 1400 868 1427 vacent,
878 1400 906 1422 ut
919 1404 1000 1430 supra

216 1434 345 1468 diximus,
364 1441 482 1464 attamen
500 1438 557 1465 sive
575 1446 590 1465 a
609 1439 771 1467 Christianis
785 1441 819 1468 ad
832 1440 940 1469 Judmos
955 1443 1001 1469 de-

216 1479 321 1514 fecerit,
344 1482 401 1509 sive
414 1482 523 1512 Judaus
537 1483 571 1511 ab
587 1489 682 1512 exortu
706 1486 797 1520 fuerit,
814 1487 849 1514 ob
872 1488 1001 1516 Christia-

216 1527 296 1554 nisvmi
322 1528 415 1556 odium
430 1530 520 1565 aliqua
546 1531 692 1566 Scriptura:
717 1533 775 1560 loca
788 1534 935 1562 detorsisse
949 1543 999 1570 pu-

214 1574 334 1602 tabatur.
354 1574 400 1603 Sic
429 1577 563 1610 Irenmus,
593 1578 743 1612 Eusebius,
767 1579 949 1616 Epiphanius,
973 1588 999 1610 et

215 1621 362 1656 aliquando
376 1621 573 1660 Hieronymus;
591 1626 630 1653 sic
644 1627 725 1653 etiam
739 1626 910 1662 Philastrius,
927 1629 998 1656 Ana-

214 1667 316 1696 stasius
333 1668 448 1702 Sinaita,
461 1670 562 1705 aliique
577 1677 731 1706 senserunt.
750 1672 847 1700 Verum
863 1673 997 1711 Hierony-

216 1721 287 1747 mus,
303 1715 349 1749 qui
366 1723 458 1750 parem
471 1716 504 1743 de
516 1717 614 1751 Aquila
630 1718 792 1745 sententiam
809 1719 872 1747 alibi
888 1721 996 1753 tulerat,

214 1759 241 1786 in
254 1761 367 1795 epistola
383 1762 499 1797 quadam
516 1763 548 1790 ad
567 1763 714 1791 Damasum
731 1765 779 1798 ait,
792 1773 854 1792 eum
867 1774 921 1794 non
936 1775 998 1794 con-

215 1807 333 1838 tentiosa,
348 1812 378 1835 ut
402 1808 447 1835 alii
471 1809 683 1843 arbitrabantur,
703 1811 748 1838 sed
773 1813 890 1840 studiose
912 1814 996 1841 inter-

214 1855 349 1886 pretatum
365 1861 435 1882 esse.
457 1853 513 1896 imo
530 1854 732 1884 Commentariis
750 1858 776 1884 in
798 1857 924 1885 Habacuc
939 1859 998 1887 lau-

213 1899 259 1926 dat
276 1899 363 1933 illum,
380 1900 451 1935 quod
468 1901 531 1935 haec
542 1902 635 1936 verba,
657 1903 784 1939 Egressus
802 1913 828 1932 es
845 1906 872 1932 in
886 1905 997 1933 salutem

212 1945 303 1979 populi
324 1946 372 1978 tui,
396 1947 424 1972 in
446 1947 558 1974 salutem
579 1957 638 1975 cum
653 1949 757 1977 Christo
774 1955 829 1986 tuo,
845 1953 996 1979 secundum

211 1990 427 2020 Christianorum
455 1999 572 2022 mentem
600 1997 786 2030 transtulerit;
812 2005 875 2025 cum
901 2003 996 2026 contra

212 2036 392 2073 Symmachus
403 2045 430 2067 et
444 2039 604 2074 Thcodotio,
620 2042 768 2070 Christiani
784 2044 855 2075 licet,
870 2044 896 2071 in
912 2045 995 2072 alium

211 2091 322 2112 sensum
338 2086 509 2114 declinarint.
527 2087 560 2114 Et
579 2088 642 2115 alibi
659 2097 769 2124 quoque
784 2090 843 2124 ejus
859 2090 996 2118 defensio-

212 2137 272 2156 nem
293 2132 431 2165 suscipere
454 2132 570 2160 videtur.
585 2133 676 2166 Quare
693 2135 843 2168 putaverim
859 2134 994 2172 Hierony-

1060 194 1273 229 prehendnntur,
1295 195 1339 223 hic
1357 195 1495 230 proferre;
1513 201 1542 223 ut
1558 196 1718 231 exquiratur
1735 204 1800 223 nun:
1817 203 1853 223 re

1058 247 1121 267 vera
1137 240 1233 275 Aquila
1247 241 1280 268 de
1295 241 1430 270 industria
1443 243 1501 270 haec
1515 243 1548 270 ad
1564 242 1643 269 aliam
1661 247 1778 269 mentem
1796 242 1853 269 de-

1057 286 1178 313 terserit.
1191 286 1241 319 Qui
1254 288 1329 321 prior
1340 288 1465 322 Aquilam
1481 288 1616 323 simulque
1627 287 1851 315 Theodolionem

1057 332 1227 366 criminatur,
1242 337 1282 360 est
1303 333 1420 362 Irenaeus
1441 334 1488 362 lib.
1506 342 1548 367 tu,
1563 342 1624 369 cap.
1649 334 1694 366 24,
1710 334 1754 361 ubi
1778 334 1820 361 ait
1842 343 1850 360 :

1059 378 1119 405 Non
1141 388 1199 406 rera
1220 385 1258 406 est
1281 381 1473 415 interpretatio.
1497 389 1559 408 ecce
1583 380 1796 413 adolescentula,
1817 385 1852 406 ut
1879 384 1887 391 '

1059 423 1218 451 Theodotion
1237 425 1363 460 Ephesius
1376 431 1399 452 et
1414 426 1510 461 Aquila
1532 426 1659 453 Ponticus
1674 430 1734 453 sunt
1756 426 1851 452 inter-

1055 471 1163 505 pretati.
1181 470 1250 497 Hinc
1268 470 1388 499 Ebionwi
1401 479 1433 498 ea:
1454 471 1550 506 Ioseph
1566 477 1657 498 natum
1675 472 1760 498 aiunt.
1777 471 1851 506 Agi-

1056 520 1100 544 tur
1119 516 1163 543 hic
1187 516 1220 543 de
1243 516 1347 544 Hesaiae
1365 517 1424 545 loco
1440 526 1489 551 vn,
1507 518 1540 545 M
1557 527 1563 545 :
1579 517 1646 545 Ecce
1659 520 1730 553 virgo
1752 519 1852 545 conci-

1054 562 1106 596 piet
1117 567 1141 588 et
1153 562 1237 597 pariet
1248 562 1345 596 ﬁlium.
1361 563 1403 590 An
1416 569 1505 591 autem
1521 568 1550 591 ut
1561 564 1650 591 locum
1667 564 1851 599 detorqueret

1054 608 1164 643 Aquila,
1179 608 1219 636 sic
1236 609 1389 637 versionem
1408 618 1486 637 suam
1505 610 1720 643 eoncinnavcrit,
1735 610 1847 638 nescio.

1056 653 1208 682 Verisimile
1221 659 1312 683 tamen
1324 661 1366 684 est
1379 664 1441 684 eum
1454 664 1469 683 a
1486 664 1552 684 voce
1566 656 1700 692 παρθένος
1714 656 1849 684 consulto

1054 700 1216 735 declinasse,
1238 702 1303 738 quia
1327 703 1378 730 hac
1401 703 1519 730 maxime
1533 703 1673 738 prophetia
1695 703 1848 730 utebantur

1055 747 1202 775 Christiani
1215 756 1264 783 pro
1275 756 1325 776 sua
1341 749 1439 776 tuenda
1455 749 1516 776 ﬁde.
1530 749 1588 776 Imo
1601 757 1650 776 nec
1665 756 1759 776 vocem
1771 748 1850 775 ἀπό-

1057 802 1170 829 κρυφος,
1186 795 1352 827 abscondita,
1369 803 1451 831 quam
1468 795 1531 822 alibi
1547 803 1597 830 pro
1615 795 1746 822 Hebraica
1760 787 1850 827 m5}?

1055 840 1229 874 exprimenda
1259 841 1380 874 adhibet,
1404 842 1449 869 hic
1479 849 1612 876 usurpare
1639 841 1743 873 voluit;
1769 841 1844 875 quia

1055 884 1125 912 forte
1156 885 1214 913 haec
1241 886 1429 921 interpretatio
1453 887 1569 922 puellam
1585 907 1592 919 ,
1624 895 1685 922 quae
1713 887 1844 914 virorum

1055 932 1175 966 aspectui
1205 933 1311 960 occulta
1338 938 1488 967 manserat,
1514 938 1594 969 atque
1620 933 1680 960 ideo
1704 933 1846 969 virginem

1053 977 1232 1012 exprimebat.

1089 1022 1222 1052 Eusebius
1246 1025 1423 1053 Caesariensis
1447 1024 1594 1052 Comment.
1620 1026 1646 1052 in
1671 1026 1767 1060 psalm.
1793 1034 1844 1059 xc,

1054 1071 1080 1104 ᾖ.
1097 1070 1123 1104 9,
1143 1070 1268 1105 Aquilam
1285 1076 1311 1098 et
1325 1071 1518 1107 Symmachum
1535 1072 1633 1106 carpit,
1648 1072 1719 1106 quod
1736 1072 1847 1100 doctri-

1053 1125 1116 1144 nam
1133 1117 1166 1144 de
1181 1117 1322 1145 Altissimo
1343 1121 1370 1146 et
1385 1118 1418 1145 de
1431 1118 1556 1150 Domino,
1573 1119 1599 1145 id
1611 1123 1652 1146 est
1666 1118 1700 1146 de
1713 1118 1796 1146 Patre
1812 1123 1846 1148 et

1055 1163 1131 1197 Filio,
1142 1169 1297 1199 suspectam
1310 1165 1452 1199 habentes,
1463 1164 1679 1201 ἰουδαῖκώτερον,
1688 1167 1744 1193 sive
1755 1167 1846 1195 modo

1053 1209 1086 1237 ad
1106 1209 1246 1237 Judaicam
1271 1211 1433 1238 sententiam
1459 1211 1604 1238 accedente
1625 1212 1682 1238 haec
1703 1210 1844 1239 Hebraica

1053 1255 1134 1282 verba
1144 1260 1233 1296 -βπιηο
1248 1260 1319 1285 rm;
1331 1247 1398 1298 μὴν
1413 1260 1487 1286 rem:
1498 1260 1557 1285 mni
1573 1260 1677 1286 nhs-'7:
1693 1256 1732 1283 sic
1746 1260 1845 1292 trans-

1052 1301 1174 1334 tulerint,
1205 1302 1302 1337 Aquila
1316 1310 1423 1338 nempe,
1439 1303 1499 1329 Ὅτι
1512 1303 1554 1336 σὺ,
1570 1303 1666 1339 Κύριε,
1683 1302 1760 1335 ἐλπίς
1773 1312 1843 1339 μου,

1053 1348 1162 1383 ὕψιστον
1178 1347 1264 1384 ἔθηκα
1278 1349 1486 1384 κατοικητήριόν
1503 1357 1550 1375 σου
1561 1357 1567 1364 ·
1581 1348 1713 1381 Quoniam
1729 1353 1768 1382 tu,
1781 1348 1845 1375 Do-

1054 1395 1131 1426 utine,
1142 1403 1198 1429 spes
1209 1403 1278 1428 mea,
1291 1395 1451 1422 altissimum
1465 1396 1540 1430 posui
1554 1395 1735 1422 habitaculum
1748 1399 1843 1427 tuum,-

1054 1440 1233 1476 Symmachus
1245 1449 1319 1474 vero,
1334 1441 1369 1468 Σὺ
1381 1441 1445 1477 γὰρ,
1459 1441 1518 1474 eas,
1530 1441 1630 1476 ἀφασία
1645 1450 1707 1476 μου,
1718 1441 1842 1476 ὑψίστην

1052 1483 1113 1511 ἔθου
1139 1484 1188 1520 τὴν
1207 1485 1365 1521 κατοίκησιν
1391 1484 1453 1511 σόυ·
1477 1485 1516 1512 Τιι
1539 1486 1619 1519 enim,
1641 1486 1721 1519 Deus,
1735 1486 1843 1521 ﬁducia

1051 1537 1118 1563 mea,
1139 1530 1298 1557 altissimam
1315 1531 1428 1565 posuisti
1448 1532 1636 1559 habitationem
1662 1537 1743 1560 tuam.
1762 1531 1843 1565 Quid

1049 1575 1211 1604 Christianis
1235 1576 1353 1604 oiliciant
1379 1577 1535 1612 huiusmodi
1562 1578 1762 1611 translationes,
1778 1586 1843 1606 non

1049 1622 1116 1649 satis
1131 1623 1274 1658 perspicio.
1293 1623 1328 1650 At
1344 1623 1479 1651 Eusebius
1502 1625 1560 1652 vult
1573 1625 1630 1652 lucc
1643 1625 1722 1652 verba
1739 1634 1745 1652 :
1761 1625 1844 1657 Qua-

1049 1669 1120 1695 niam
1137 1675 1175 1701 tu,
1194 1669 1315 1703 Domine,
1331 1678 1388 1705 spes
1402 1679 1469 1703 mea,
1485 1671 1644 1698 altissimum
1663 1673 1777 1707 positiin
1795 1681 1841 1699 re-

1049 1715 1151 1750 fugium
1167 1721 1251 1749 tuum,
1268 1722 1298 1744 ut
1313 1717 1340 1743 in
1361 1716 1431 1743 LXX
1449 1717 1584 1752 leguntur.
1602 1718 1641 1746 sic
1661 1718 1844 1752 intelligenda

1049 1769 1119 1794 esse,
1137 1767 1165 1789 ut
1187 1762 1262 1796 illud,
1280 1762 1401 1797 Domine,
1418 1763 1552 1798 signiticet
1574 1763 1688 1796 Filium;
1708 1768 1734 1791 et
1754 1764 1842 1798 illud,

1049 1807 1226 1842 altissimum,
1251 1817 1331 1844 quem
1357 1817 1407 1845 pro
1431 1809 1535 1846 refugio
1557 1818 1607 1838 suo
1631 1811 1706 1846 ponit
1731 1810 1841 1844 Filius,

1049 1855 1181 1890 signiticet
1199 1855 1304 1884 Patrem
1324 1865 1330 1883 :
1348 1865 1402 1892 qua
1424 1857 1486 1884 data
1507 1856 1727 1891 interpretatione
1745 1857 1843 1892 magis

1047 1901 1203 1929 Arianismo
1226 1901 1315 1929 favere
1339 1902 1444 1929 videtur
1466 1901 1609 1934 Eusebius,
1630 1902 1709 1937 cujus
1732 1909 1844 1937 scopus

1047 1951 1088 1973 est
1106 1946 1188 1974 Deum
1210 1947 1307 1975 Filium
1333 1948 1414 1984 longe
1440 1948 1573 1975 minorem
1599 1947 1653 1974 Deo
1674 1947 1754 1975 Patre
1776 1953 1844 1977 sta-

1049 1997 1134 2024 tuere,
1149 2002 1229 2028 quam
1244 1994 1341 2029 Aquila
1359 1999 1386 2022 et
1402 1994 1583 2030 Symmachus
1595 1993 1747 2022 Judaismo.

1083 2037 1263 2073 Hieronymus
1287 2039 1312 2065 ill
1337 2039 1461 2066 llesaiam
1488 2047 1548 2073 cap.
1574 2046 1647 2071 thx,
1672 2038 1699 2071 5,
1724 2039 1750 2065 in
1774 2038 1843 2067 haec

1046 2083 1128 2110 verba
1144 2087 1213 2125 FIDNV
1227 2075 1263 2112 κθ
1277 2075 1391 2117 Suam“,
1407 2083 1452 2111 ubi
1473 2084 1570 2118 Aquila
1585 2083 1674 2116 vertit,
1690 2083 1724 2111 Et
1745 2083 1841 2112 Israel

1047 2131 1071 2158 ei
1081 2130 1292 2165 congregabitur,
1309 2131 1364 2158 haec
1379 2131 1499 2158 adnotat.
1516 2131 1554 2157 De
1567 2131 1663 2166 Aquila
1677 2135 1764 2157 autem
1779 2140 1842 2158 non

211 2182 298 2208 mum,
322 2176 348 2202 in
366 2177 427 2204 aliis
445 2178 511 2205 locis
528 2179 574 2205 ubi
589 2179 714 2214 Aquilam
730 2181 809 2215 quasi
831 2181 994 2210 Christianis
1010 2188 1032 2216 ι)
1048 2178 1138 2210 miror,
1154 2178 1223 2212 quod
1237 2177 1313 2203 ltomu
1330 2177 1524 2204 eruditissimus
1544 2177 1640 2211 lingua:
1655 2176 1791 2204 Heln-mae
1807 2179 1842 2204 in

211 2220 348 2247 infensum
376 2230 488 2257 carpere
503 2224 620 2256 videtur,
638 2232 670 2252 ex
696 2227 798 2261 vulgari
815 2227 930 2254 aliorum
948 2229 993 2263 qui

210 2272 407 2301 praecesserant
435 2270 568 2297 sententia
598 2271 718 2299 locutum
747 2281 823 2307 esse;
850 2274 995 2310 ipsumque

211 2317 312 2346 tamen,
327 2314 373 2348 qui
388 2314 449 2349 plus
466 2323 548 2350 quam
567 2318 655 2344 caeteri
668 2325 764 2346 omnes
778 2319 882 2354 Aquila:
898 2321 996 2348 versio-

211 2367 273 2386 nem
296 2364 469 2394 tractaverat,
486 2362 539 2389 alia
560 2363 687 2398 opinione
712 2364 806 2392 fuisse.
831 2367 937 2401 Aquila,
955 2368 994 2394 in-

210 2406 270 2440 quit
284 2406 309 2432 in
325 2407 439 2441 epistola
454 2408 486 2435 ad
502 2408 662 2444 Damasum,
673 2411 717 2445 qui
731 2420 782 2438 non
794 2414 992 2446 contentiusius,

209 2456 237 2477 ut
253 2452 362 2486 quidam
378 2459 482 2487 putant,
497 2455 541 2482 sed
558 2456 702 2484 studiosius
717 2458 820 2485 verbum
837 2459 994 2494 interpreta-

211 2501 254 2523 tur
266 2497 300 2524 ad
319 2499 433 2526 verbum.
454 2499 524 2527 Etin
545 2502 659 2536 epistola
675 2503 707 2530 ad
726 2504 879 2532 Marcellam
905 2515 911 2532 :
931 2505 993 2532 Iam

209 2544 310 2578 pridem
317 2552 375 2571 cunt
384 2545 558 2574 voluminibus
566 2547 737 2576 Hebraeorum
744 2550 994 2587 editionemAquilaa

208 2589 325 2623 confero,
349 2599 380 2618 ne
404 2592 469 2626 quid
488 2599 594 2628 propter
615 2595 705 2622 odium
729 2596 829 2624 Christi
854 2597 994 2634 Synagoga

208 2636 369 2667 mutaverit;
384 2642 419 2669 et,
434 2643 463 2664 ut
480 2640 572 2666 amicta
589 2641 668 2667 menti
689 2641 786 2676 fatear.
807 2651 866 2678 qua:
886 2645 920 2670 ad
947 2653 994 2671 no-

207 2688 289 2707 stram
302 2682 380 2718 ﬁdem
391 2685 536 2718 pertineant
557 2687 731 2714 roborandam
743 2689 819 2722 plura
832 2692 940 2726 reperio.

209 2726 240 2754 ν.
261 2728 453 2770 Expenduntur
476 2731 591 2770 locauhi
607 2734 715 2768 Aquila,
727 2736 804 2770 quasi
817 2737 847 2763 ob
863 2737 993 2765 Christia-

244 2765 322 2790 nismi
331 2765 429 2792 'odium
447 2767 515 2794 male
531 2765 739 2803 interpretatus;
748 2772 956 2805 reprehenditur.

243 2808 263 2835 Ε
276 2818 304 2837 re
317 2817 406 2839 autem
419 2811 567 2841 fucritloca
578 2814 622 2842 illa
634 2815 869 2852 interpretationis
877 2817 991 2853 Aquilae,

1048 2224 1096 2250 hoc
1107 2224 1162 2250 loco
1179 2229 1225 2250 aut
1236 2223 1370 2250 simulat-it
1387 2224 1558 2259 imperitiam,
1573 2228 1619 2250 aut
1631 2223 1840 2250 P/tat‘istearum

1046 2278 1166 2305 perversa
1180 2270 1394 2303 interpretatione
1409 2268 1529 2303 deceptus
1543 2273 1588 2301 sit,
1601 2269 1645 2304 qui
1661 2269 1841 2303 interpretari

1046 2316 1139 2348 voluit,
1151 2319 1177 2342 et
1194 2315 1276 2342 lsrael
1290 2315 1313 2342 ei
1329 2315 1546 2350 congregabitur,
1562 2315 1609 2340 hoc
1621 2319 1671 2345 est,
1686 2313 1737 2341 Deo
1749 2322 1758 2341 :
1769 2322 1838 2341 cum

1046 2363 1150 2389 verbum
1167 2361 1328 2388 Ilehraicum
1344 2369 1387 2393 ιο,
1400 2361 1426 2387 in
1444 2361 1492 2386 hac
1507 2361 1562 2386 loco
1579 2368 1629 2386 non
1640 2359 1771 2386 scribatur
1783 2367 1840 2394 per

1047 2416 1132 2436 LAMED
1147 2414 1170 2434 et
1193 2415 1254 2441 vso,
1271 2407 1339 2442 quod
1360 2407 1382 2434 si
1402 2411 1478 2439 esset,
1493 2406 1653 2441 significaret
1676 2406 1699 2432 ei
1715 2405 1753 2432 vel
1769 2406 1811 2433 illi
1826 2415 1838 2441 ;

1045 2455 1090 2482 sed
1109 2462 1154 2489 per
1165 2462 1252 2480 LAIIED
1270 2461 1364 2486 ALEPII,
1380 2456 1448 2487 quod
1469 2453 1572 2486 proprie
1588 2455 1663 2478 sonat
1679 2459 1742 2477 non.
1765 2449 1840 2479 Haec

1045 2506 1127 2533 porro
1142 2498 1260 2524 varietas
1274 2497 1527 2531 interpretationum
1546 2504 1577 2523 ex
1593 2497 1722 2523 varietate
1734 2496 1839 2523 lectio-

1045 2554 1108 2572 tulm
1124 2545 1196 2572 haud
1210 2544 1290 2572 dubie
1301 2543 1421 2579 profecta
1439 2548 1480 2570 est
1493 2552 1499 2569 τ
1516 2551 1578 2570 nam
1596 2543 1648 2570 alia
1662 2543 1836 2577 exemplaria

1045 2582 1089 2623 ΝΒ,
1101 2594 1128 2618 et
1142 2590 1194 2616 alia
1214 2580 1240 2619 ὗ
1257 2589 1401 2620 habebant,
1420 2587 1553 2622 hodieque
1570 2587 1596 2614 in
1611 2587 1704 2614 Bibliis
1721 2587 1838 2615 Masso-

1045 2636 1136 2663 reticis
1154 2635 1250 2670 legitur
1258 2626 1294 2663 κθ
1305 2638 1331 2660 ct
1343 2634 1368 2660 in
1383 2633 1503 2668 margine
1516 2635 1566 2676 51p
1573 2624 1608 2662 πθ.
1620 2632 1674 2660 Nec
1687 2632 1837 2667 quidpiam

1046 2681 1108 2708 hinc
1122 2681 1148 2707 in
1163 2680 1275 2715 gratiam
1290 2678 1446 2706 Iudaeorum
1463 2678 1553 2714 colligi
1571 2683 1668 2714 potest,
1684 2679 1757 2713 quod
1771 2687 1836 2707 non

1045 2727 1072 2754 in
1093 2726 1154 2754 aliis
1168 2725 1316 2760 Scripturae
1332 2725 1398 2752 locis
1412 2725 1513 2752 centies
1527 2725 1667 2753 habeatur.

1080 2772 1242 2800 Philastrius
1260 2771 1410 2799 Brixiensis
1430 2771 1466 2798 De
1482 2771 1634 2804 hwresibus,
1651 2771 1776 2806 Aquilam
1801 2771 1838 2800 in

1044 2818 1146 2847 crimen
1167 2822 1255 2851 vocat,
1269 2818 1341 2853 quod
1362 2818 1466 2853 psalmo
1482 2826 1510 2852 tt,
1526 2826 1551 2845 γ.
1569 2818 1596 2851 2,
1618 2818 1662 2845 ubi
1679 2817 1748 2844 LXX
1767 2824 1839 2846 ver-
