1902 3049
264 95 298 124 87
938 100 1196 128 ΡΒᾸΞῌΜΙΝᾹῙΠΑ
1854 101 1887 128 88

264 157 299 184 ad
316 156 425 185 Iudaeos
445 158 603 190 desuivisse,
623 159 790 195 reductoquc
811 163 958 190 secundum
975 163 1047 191 illius
1065 171 1083 197 Α
1101 164 1170 190 tione
1186 163 1314 190 narrnrit.
1340 161 1415 190 lianc
1433 171 1589 195 germanam
1615 169 1765 191 veramque
1783 165 1890 195 tempo-

265 204 395 238 temporis
410 212 488 230 usum
506 205 647 239 praeputio,
662 211 687 233 et
702 213 811 242 accepta
826 209 916 235 denuo
930 209 1048 236 circum-

265 249 379 283 cisione,
396 250 465 277 inter
482 249 590 279 Judams
604 259 830 281 connumeralum
849 254 940 281 fuisse.
956 254 1048 282 [lat-te-

265 304 316 323 nus
329 296 420 323 omnia
443 298 587 331 quadram.
608 297 636 325 In
651 299 702 326 hoe
719 304 808 326 tamen
827 301 914 327 dill'ert
939 301 973 327 ah
994 301 1049 327 Eu-

266 342 340 369 sebio
363 347 390 368 et
419 342 594 380 Hieronymo,
618 346 689 379 quod
715 346 740 372 hi
764 346 932 379 Ehiomeum,
950 348 975 374 id
995 353 1047 380 est,

265 386 527 415 senii-Christianum
549 393 577 416 et
597 389 810 424 semiJudmum,
837 391 937 419 factum
964 393 1049 421 fuisse

264 433 373 466 dicant;
388 432 555 468 Epiphanius
572 442 636 463 vero
657 435 690 462 ad
719 435 826 464 Judzeos
845 438 1003 471 descivisse,
1022 444 1048 466 et

264 479 334 506 inter
361 478 469 507 Judazos
501 480 586 508 fuisse
611 487 836 511 conaumcratum
867 490 968 512 narret.
996 485 1047 512 Sed

265 525 374 553 Eusebii
388 531 415 553 et
432 525 589 562 Hieronymi
606 529 768 557 testimoniis
785 531 912 558 standum
928 539 989 558 esse
1006 532 1046 558 vi-

264 571 341 597 detur
359 580 365 598 :
382 571 482 606 quippe
502 573 547 607 qui
569 573 667 600 l.hrum
686 573 840 610 Symmachi
858 576 984 609 viderint,
1002 578 1047 604 ubi

265 624 296 644 ex
313 617 459 652 Evangelio
476 617 592 647 Matth-.ci
613 619 799 648 Ebionitarum
815 622 911 657 dogma
925 630 1048 650 asserere

263 663 410 690 nitebatur.
433 663 510 697 Quod
534 673 600 692 sane
623 666 731 694 nonnisi
753 667 886 694 Ebionitze
903 669 1048 696 convenire

263 713 359 743 potest.
380 709 441 736 Mox
464 715 554 740 autem
573 710 740 746 Epiphanius
757 713 841 747 probe
858 715 974 749 positam
992 722 1007 741 a
1019 722 1048 742 se

264 755 448 791 cht'cnologite
470 763 561 785 notam
585 759 691 790 cret-tit,
713 767 775 786 cum
802 760 864 787 ait:
882 759 947 787 Post
969 761 1048 794 hunc,

266 801 372 828 tantillo
392 801 479 838 elapso
502 810 624 839 tempore.
645 805 692 832 Ιιοι·
705 810 742 832 est
759 806 902 833 Commodo
924 807 1046 839 secundo,

1101 216 1161 234 rutn
1178 208 1308 235 rationem
1320 208 1354 234 ah
1367 206 1517 242 Epiphanio
1530 215 1558 235 sc
1573 207 1710 241 accepisse
1724 207 1892 233 testiﬁcatur

1101 253 1143 280 ille
1163 263 1169 280 :
1195 254 1266 280 unde
1289 254 1404 280 fortasse
1428 254 1548 288 suspicio
1566 254 1683 283 oriatur,
1700 251 1890 287 Epiphaniam

1099 301 1133 327 ab
1162 301 1287 334 imperito
1313 301 1431 335 quodam
1459 301 1569 327 homine
1592 299 1715 326 vitiatum
1743 298 1836 325 luisse
1867 299 1891 324 in

1099 347 1302 382 exemplaribus
1313 356 1373 382 qua:
1387 347 1418 374 ad
1435 355 1485 374 nos
1501 347 1677 378 devenerunt,
1692 350 1892 379 auctoremque

1099 393 1222 420 Chroniei
1248 394 1424 421 Alexandrini
1448 393 1528 427 longe
1553 392 1659 419 diverso
1683 391 1838 425 exemplari
1868 393 1892 418 el

1099 439 1212 474 quidem.
1231 440 1415 466 cmendatiorc
1440 447 1519 466 usum
1545 446 1614 465 esse.
1640 437 1692 464 Sed
1713 437 1778 465 huic
1797 436 1892 471 διιεμί-

1099 486 1170 512 cioni
1187 486 1337 513 reclamare
1357 486 1462 513 videtur
1478 485 1561 512 editio
1580 484 1723 519 Epiphanii
1743 483 1891 515 hodierna,

1099 532 1179 566 cujus
1195 532 1274 559 verba
1295 531 1390 559 Latine
1409 537 1512 559 tantum
1535 531 1674 558 brevitatis
1691 537 1774 556 causa
1795 529 1891 564 profe-

1100 578 1186 604 rimus
1203 587 1210 605 ί

1134 623 1200 651 Post
1226 624 1351 658 Aquilam
1379 625 1447 650 hunc
1471 631 1495 650 et
1522 623 1595 650 illius
1624 622 1892 657 interpretationem,

1100 670 1220 696 Adriano
1232 670 1386 705 imperatori
1408 670 1523 696 succedit

1136 716 1282 743 Antoninus
1293 717 1444 751 cognomine
1457 715 1561 749 l’ius,et
1574 717 1683 751 imperat
1698 722 1784 742 unitos
1796 713 1894 749 viginti

1100 762 1177 789 duos.

1137 808 1215 835 llunc
1237 808 1333 843 exeipit
1353 808 1523 840 Caracallus,
1537 808 1582 843 qui
1603 812 1628 834 et
1648 806 1726 839 Geta,
1740 810 1766 832 et
1781 804 1893 832 Marcus

265 847 311 873 τοῦ
328 848 465 884 δευτέρου,
482 850 635 884 imperante,
649 852 693 885 qui
710 858 766 886 post
785 851 895 879 Lucium
913 853 1048 880 Aurelium
1066 847 1087 874 Β
1100 854 1225 881 Aurelius
1245 853 1327 880 Verus
1342 853 1492 884 dicebatur.
1507 853 1584 880 annis
1599 858 1708 887 septem.

264 892 446 926 Commodum.
460 896 580 922 tredecim
589 897 665 924 annis
679 898 826 932 inpuratvit,
844 898 986 925 Tlteodotio
994 899 1049 934 qui-

264 939 335 970 dam,
353 948 443 974 genere
459 940 594 974 Ponticus,
609 950 641 969 ea:
658 942 802 970 Marcianis
817 944 998 972 ltwresiarelta:
1011 945 1050 979 fa-

264 985 359 1018 ctione,
368 995 426 1012 cunt
439 987 532 1014 lucresi
542 996 597 1016 sua:
608 995 779 1023 succenseret,
786 991 820 1017 ad
827 990 935 1018 Judwos
943 992 1047 1026 defecit.

265 1031 324 1063 Quo
338 1033 429 1066 posito
446 1033 562 1066 calculo,
579 1035 768 1070 interpretatio
784 1036 836 1063 sub
853 1036 952 1064 Severo
966 1037 1047 1070 facta,

264 1081 342 1104 aetate
356 1079 524 1112 prmcesserit
542 1087 600 1107 eam
617 1088 677 1116 qua:
698 1083 750 1109 sub
769 1081 920 1110 Commodo
936 1083 1048 1110 concin-

265 1127 326 1150 nata
349 1128 400 1155 est.
417 1133 477 1159 qua:
498 1130 562 1153 sunt
585 1127 792 1162 ἀπροσδιόνυσα.
811 1129 878 1156 Cum
898 1130 1048 1164 prmsertim

264 1169 308 1196 ille
331 1170 509 1198 Commodum
537 1172 660 1208 designet
681 1181 742 1200 eum
762 1175 809 1209 qui
825 1175 953 1203 tredecim
970 1177 1049 1205 annis

263 1214 414 1248 imperarit,
426 1217 468 1243 cui
481 1222 541 1250 post
556 1217 724 1246 Pertinacem
736 1225 763 1247 et
778 1219 885 1248 Didium
899 1220 1046 1255 lulianum,

262 1260 310 1294 qui
323 1262 417 1295 paucis
436 1263 577 1295 inetisibus
594 1270 750 1299 regnarunt,
770 1267 903 1294 successit
921 1267 1046 1295 Severus.

262 1303 339 1334 lianc
366 1314 429 1333 vero
451 1307 634 1344 chronologia:
658 1311 788 1338 rationem
815 1313 869 1339 alio
894 1319 1048 1341 commento

263 1359 385 1379 aSserere
402 1353 496 1380 nititur
513 1362 609 1382 auctor
626 1357 763 1391 Epitomes
777 1358 838 1385 Iihri
855 1359 883 1386 S.
904 1359 1047 1394 Epiphanii

263 1396 301 1423 De
318 1400 455 1430 mensuris,
472 1408 552 1433 quam
567 1401 636 1428 iut‘ra
650 1403 774 1435 edemus,
788 1412 849 1431 cum
863 1405 910 1437 ait,
926 1405 1049 1440 Symma-

263 1443 343 1470 chum
367 1447 518 1473 wrsiom-m
537 1456 612 1474 suam
630 1449 748 1477 edidisse
763 1452 814 1478 sub
828 1451 978 1478 Commodo
997 1452 1046 1479 Sc-

261 1497 340 1521 vero;
357 1490 569 1520 Theodotionem
585 1502 649 1522 vero
669 1497 720 1522 sub
733 1496 885 1524 Commodo
904 1499 1024 1525 secundo
1039 1508 1045 1526 :
1063 1529 1080 1537 Α

262 1544 323 1570 qna:
339 1545 406 1564 sane
421 1544 505 1565 ruunt
521 1545 547 1567 ct
565 1541 716 1568 consistere
731 1551 784 1570 non
800 1548 914 1577 possunt
932 1554 939 1571 :
957 1545 1047 1572 utullus

262 1583 333 1609 enim
360 1584 524 1612 (loxnmodus
550 1587 666 1614 Severus
687 1588 835 1622 imperator
863 1590 928 1622 l'uit,
956 1591 1047 1617 nullus

263 1632 322 1662 post
335 1637 396 1655 eum
414 1630 582 1658 Commodus
595 1633 729 1661 secundus
747 1635 861 1662 exstitit.

262 1695 292 1723 ll.
309 1697 407 1723 Auctor
424 1695 568 1732 Synopseos
593 1699 733 1734 Epip/tanii
747 1710 862 1729 errarent
882 1705 993 1730 sensisse
1010 1705 1047 1731 t'i—

607 1735 690 1762 detur.

296 1791 399 1818 Auctor
424 1800 488 1819 vero
510 1791 672 1826 Synopseos,
695 1801 776 1827 quam
801 1793 869 1821 falso
899 1795 1046 1829 ascriptum

261 1838 412 1866 Athanasio
431 1844 569 1873 putamus,
582 1847 612 1866 ex
634 1839 784 1874 Epiphanio
797 1841 906 1875 quidem
923 1842 1047 1869 hausisse

261 1885 378 1917 videtur,
406 1890 435 1912 ut
461 1893 493 1912 cx
519 1886 662 1912 verborum
690 1886 868 1914 similitudine
894 1889 1045 1922 probatur;

261 1931 306 1958 sed
324 1931 380 1958 sive
401 1930 543 1965 Epiphami
561 1939 682 1958 errorem
701 1933 827 1963 senserit,
847 1933 903 1960 sire
916 1934 1046 1960 emenda—

261 1976 329 2003 tiore
345 1976 399 2002 alio
423 1976 571 2011 exemplari
587 1976 623 2003 sit
648 1984 724 2007 usus,
740 1977 766 2003 in
792 1978 864 2004 notis
885 1982 911 2004 ct
935 1978 1046 2004 cait'liiis

260 2021 317 2048 suis
327 2029 341 2048 a
356 2030 417 2048 vera
429 2021 613 2057 chronologia:
623 2023 727 2048 ratione
743 2022 832 2049 ritilius
850 2023 950 2049 recedit
962 2031 1044 2057 quam

261 2066 427 2101 Epiphanius
455 2068 517 2094 :ait
539 2067 611 2093 enim
638 2067 831 2102 Symmachum
858 2069 909 2095 sub
933 2067 1044 2099 Severo,

261 2113 475 2141 Thcodotionem
499 2114 551 2141 sub
572 2114 722 2140 Commodo
746 2114 951 2148 interpretatum
972 2122 1045 2145 esse,

259 2160 288 2186 ἐν
304 2160 378 2195 αὐτῷ
394 2161 433 2195 τῷ
448 2160 548 2196 χρόνῳ,
561 2161 649 2186 eodem
667 2165 796 2192 tempore;
814 2159 861 2193 qui
878 2167 940 2186 vera
956 2160 1046 2186 dict-in

259 2207 435 2240 conrpcritur,
449 2206 471 2232 si
486 2206 569 2232 addas
585 2205 696 2230 circiter.
716 2204 771 2230 lmo
786 2206 868 2231 etiam
881 2205 940 2231 sine
951 2205 1043 2231 addito
1060 2202 1082 2229 D

259 2258 340 2287 atque
352 2255 566 2286 temperamento
576 2252 628 2278 dici
646 2251 714 2278 forte
727 2255 813 2285 potest
830 2251 1043 2278 'l‘heodotionem

258 2305 285 2326 ct
298 2299 493 2334 Synnnachum
506 2298 600 2324 eodem
617 2302 739 2332 tempore
751 2298 884 2324 vertenda:
898 2297 1045 2331 Scriptura:

259 2353 344 2372 sacra:
360 2345 514 2376 insudassc,
531 2344 578 2371 sed
594 2343 631 2370 ita
651 2349 680 2370 ut
697 2343 849 2370 Theodotio
864 2344 950 2378 prius.
968 2343 1044 2378 Sym-

259 2393 371 2418 machus
388 2396 477 2417 autetn
495 2390 601 2417 modico
617 2394 678 2424 post
696 2394 817 2424 tempore
839 2390 1042 2424 interpretatio-

258 2445 318 2463 nem
333 2445 411 2463 suam
427 2437 452 2463 in
468 2436 555 2462 lucem
570 2435 723 2462 emiserint.

257 2504 300 2532 ill.
330 2504 476 2531 Chronicon
509 2504 719 2530 Alcaundrinunt
751 2512 865 2530 errorem
900 2503 1041 2538 Eptpltunii

484 2540 642 2569 emendavit,
666 2545 692 2566 nt
712 2544 736 2565 et
762 2539 830 2565 Atla.

292 2595 392 2623 Auctor
419 2604 483 2622 vero
511 2595 634 2622 C/tronici
668 2595 862 2627 Alexandrini,
898 2601 1040 2631 pastqtrnn

255 2639 450 2669 Theotlotionis
464 2643 609 2670 editioni-nt
624 2644 650 2668 in
663 2650 764 2669 annum
777 2642 918 2670 Connnodi
934 2633 1040 2671 scitum

255 2690 423 2721 contulerat;
439 2694 465 2716 ct
492 2695 594 2724 postea.
615 2690 712 2718 ordine
729 2691 859 2724 temporis
879 2691 1038 2724 procedens,

255 2735 410 2770 Symmachi
431 2737 680 2771 interpretatitmctn
703 2744 774 2763 anno
798 2736 888 2762 δειετί
911 2744 983 2762 nouo
999 2736 1034 2761 fa-

253 2788 324 2808 nam
344 2783 458 2812 dixi-rat,
472 2783 506 2808 sit
524 2783 626 2810 claudit
641 2791 647 2808 ε
667 2781 729 2808 lltrc
746 2781 908 2815 Epiphanius
927 2780 1039 2815 Cyprius

251 2828 284 2854 tle
300 2828 381 2855 tribus
395 2829 578 2863 interpretibus
594 2828 704 2862 Aquila,
719 2828 875 2862 Symmacho
888 2832 911 2854 et
925 2826 1039 2853 Theodo-

1137 900 1225 934 Hujus
1239 906 1353 934 tempore
1371 899 1505 934 imperavit
1521 904 1544 925 et
1560 897 1658 925 Lucius
1671 897 1799 924 Aurelius
1815 897 1893 925 Com-

1099 947 1202 979 modus,
1218 947 1294 973 annis
1309 946 1416 981 perinde
1429 952 1534 981 septem.

1136 994 1266 1022 Pertinet:
1278 992 1411 1019 mensibus
1427 999 1482 1019 sex.

1136 1041 1246 1068 Severus
1267 1039 1342 1066 annis
1358 1039 1510 1066 octodecim.

1137 1086 1224 1121 Hujus
1239 1094 1317 1121 porro
1333 1084 1420 1112 Severi
1444 1083 1614 1118 temporibus,
1629 1082 1810 1118 Symmachus
1835 1083 1895 1117 qui-

1099 1132 1161 1158 dam
1187 1131 1374 1158 Samaritanus
1399 1130 1512 1161 exstitit.
1528 1137 1560 1156 ea:
1586 1137 1674 1156 eorum
1701 1137 1827 1161 numero,
1852 1137 1895 1164 qut

1099 1177 1170 1211 apud
1184 1177 1244 1204 illos
1259 1177 1387 1211 sapientes
1399 1175 1537 1206 habentur,
1554 1179 1655 1206 ctc.,ut
1669 1182 1753 1209 supra
1768 1175 1895 1201 narravi-

1100 1231 1171 1250 mus.
1191 1223 1338 1257 Postquam
1358 1230 1421 1249 vero
1446 1221 1602 1256 Symmachi
1628 1221 1773 1248 historiam
1793 1221 1895 1252 texuit,

1099 1269 1135 1296 ita
1149 1268 1234 1303 pergit
1248 1277 1254 1295 :

1134 1314 1198 1341 Post
1224 1314 1291 1340 ltunt‘
1306 1322 1320 1340 e
1342 1313 1450 1347 vestigio
1465 1312 1631 1346 subsequenti
1652 1317 1781 1343 tempore,
1799 1311 1829 1337 id
1845 1315 1896 1343 est,

1099 1361 1170 1388 circa
1189 1361 1327 1394 imperium
1354 1358 1492 1386 Commodi
1516 1358 1634 1389 secundi,
1650 1358 1695 1392 qui
1710 1363 1770 1391 post
1792 1358 1896 1391 prwdi-

1099 1412 1169 1433 ctum
1183 1405 1292 1432 Lucium
1308 1404 1446 1431 Aurelium
1461 1403 1633 1431 Commodum
1646 1403 1788 1437 imperat-it
1804 1404 1896 1429 trede-

1098 1453 1149 1478 cim
1174 1452 1262 1483 atatis,
1281 1451 1422 1478 Theodotio
1446 1450 1554 1485 quidam
1578 1449 1715 1478 Ponticus.
1733 1457 1766 1475 ea;
1786 1457 1896 1476 succes-

1099 1499 1169 1525 sione
1185 1497 1328 1524 Illarcionis
1341 1495 1520 1523 lueresiarcluz
1530 1494 1692 1529 Sinopensis,
1708 1500 1761 1522 etc.
1777 1500 1810 1521 ut
1826 1494 1897 1521 Tam

1100 1544 1246 1570 immanem
1262 1547 1342 1569 recta:
1357 1542 1539 1576 chronologice
1552 1541 1736 1573 eversionem,
1752 1545 1811 1567 tam
1828 1549 1897 1576 prae

1099 1594 1234 1624 posteram
1264 1589 1458 1623 imperatorum
1486 1587 1673 1615 Romanorum
1701 1587 1897 1614 enumeratio-

1099 1645 1171 1669 nem,
1187 1637 1228 1663 vel
1251 1644 1266 1662 a
1291 1635 1421 1667 lihrariis,
1439 1634 1480 1661 vel
1494 1642 1508 1661 a
1524 1633 1669 1661 temerario
1685 1634 1823 1668 quopiam
1846 1634 1897 1661 Ιιο‹

1098 1682 1180 1713 mine,
1205 1683 1232 1708 in
1261 1685 1362 1708 textum
1392 1679 1534 1714 Epiphauii
1558 1679 1697 1706 inductam
1729 1678 1822 1705 fuisse
1850 1679 1897 1705 vix

1098 1729 1247 1755 credi-rem.
1269 1726 1386 1761 Verique
1405 1726 1523 1753 similius
1542 1733 1603 1752 esse
1621 1725 1750 1757 arbitror,
1772 1723 1897 1759 Epipha-

1098 1773 1377 1808 nium,indiligentem
1392 1779 1457 1798 sane
1471 1771 1679 1804 chronologum,
1698 1777 1763 1797 cum
1783 1775 1897 1804 putaret

1098 1818 1253 1853 Symmachi
1270 1818 1427 1849 editionem,
1452 1817 1516 1852 quia
1536 1820 1598 1844 ante
1608 1816 1811 1843 Theodotionis
1838 1824 1897 1843 ver

1097 1865 1201 1891 sionem
1223 1864 1249 1890 in
1273 1863 1400 1898 llexaplis
1419 1862 1577 1898 ponebatur.
1593 1869 1654 1889 esse
1670 1862 1722 1888 hac
1749 1862 1897 1897 antiquio-

1097 1916 1170 1942 rem,
1199 1913 1229 1936 ut
1255 1909 1318 1935 huic
1346 1908 1467 1942 opinioni
1497 1907 1632 1934 calculum
1662 1908 1897 1934 accommodaret

1096 1963 1186 1988 suum,
1197 1955 1264 1981 hanc
1276 1954 1356 1980 rebus
1366 1958 1392 1980 et
1404 1953 1568 1987 temporibus
1579 1952 1816 1987 perturbationem
1828 1959 1897 1981 attu‘

1097 2001 1160 2028 lisse
1174 2010 1179 2027 :
1197 2008 1258 2026 nam
1277 2000 1321 2026 ubi
1339 2004 1442 2034 postea,
1458 2007 1511 2025 non
1527 1999 1619 2026 multis
1633 1998 1810 2032 interpositis
1833 2007 1897 2026 ver-

1097 2048 1149 2079 bis,
1164 2046 1359 2077 imperatorum
1375 2045 1471 2072 seriem
1498 2045 1603 2079 repetit,
1621 2053 1667 2072 eos
1683 2052 1735 2072 suo
1758 2053 1836 2079 pene
1853 2055 1897 2073 or-

1096 2093 1152 2119 dini
1166 2091 1295 2122 restituit,
1308 2092 1372 2125 quia
1387 2091 1459 2118 trulla
1476 2091 1545 2118 facta
1562 2090 1719 2125 Symmachi
1733 2092 1897 2119 mentione.

1097 2137 1293 2172 nihilopinioni
1309 2145 1365 2163 sua:
1376 2145 1529 2172 repugnans
1543 2137 1706 2163 olferebatur
1719 2145 1726 2168 ;
1741 2137 1784 2164 sic
1799 2143 1897 2165 auten:

1098 2183 1197 2210 habet:
1214 2183 1280 2210 Post
1294 2183 1455 2209 Antoninum
1473 2182 1552 2208 Pium
1570 2183 1686 2216 regnavit
1704 2181 1824 2210 Marcus
1840 2186 1897 2211 Aut

1097 2231 1178 2256 relius
1192 2229 1350 2261 Antoninus,
1364 2229 1443 2263 quiet
1466 2227 1554 2260 Verus,
1568 2229 1644 2254 annis
1658 2229 1863 2258 novemdecint.

1133 2275 1197 2302 ΡοΜ
1214 2275 1281 2302 ltum:
1295 2274 1454 2302 Commadus
1468 2275 1535 2300 alius
1552 2274 1662 2308 imperat
1673 2274 1752 2300 annis
1766 2282 1834 2307 xm,
1853 2284 1897 2303 cu-

1090 2322 1137 2356 jns
1157 2326 1269 2355 tempore
1291 2321 1413 2354 ﬂoruisse
1439 2321 1554 2346 diximus
1581 2318 1793 2346 Tlteodotionem
1810 2341 1819 2355 ,
1853 2331 1891 2356 qu

1094 2373 1216 2402 quartam
1228 2367 1466 2401 interpretationem
1483 2366 1574 2392 edidit.

1130 2414 1301 2440 Commodum
1313 2414 1381 2440 hunc
1396 2413 1491 2446 excipit
1503 2411 1674 2441 Pertinax,ct
1686 2411 1808 2446 imperat
1822 2423 1897 2442 me".

1094 2468 1132 2486 Et’s
1146 2468 1201 2486 δοες.

1131 2505 1200 2532 llinc
1218 2504 1326 2532 Severus
1343 2513 1401 2530 cum
1417 2503 1547 2530 Antonino
1556 2503 1623 2537 ﬁlio,
1634 2504 1711 2531 annis
1725 2513 1808 2533 xvttt.
1824 2507 1897 2534 Mor-

1094 2557 1137 2578 tuo
1150 2550 1243 2578 Severo
1257 2551 1371 2577 succedit
1386 2549 1541 2576 Antoninus.

1128 2596 1156 2623 In
1173 2597 1222 2623 hac
1239 2601 1373 2630 pestrcma
1389 2593 1544 2620 recensione
1559 2592 1742 2622 Commodum
1757 2605 1818 2624 non
1834 2599 1897 2626 Inc(

1092 2643 1242 2680 suognovit
1255 2661 1261 2672 ,
1283 2641 1346 2675 quia
1365 2646 1425 2666 cum
1446 2639 1518 2664 nulla
1534 2638 1585 2665 sub
1602 2638 1705 2666 Severo
1722 2641 1890 2676 Symmaeh

1092 2689 1193 2716 mentio
1211 2688 1303 2717 lieret,
1326 2684 1392 2710 nihil
1408 2688 1599 2717 pneconceptae
1617 2691 1631 2710 a
1647 2692 1675 2711 se
1691 2686 1828 2720 opinioni
1851 2699 1897 2716 ινυ,

1092 2733 1244 2768 pugnabat;
1259 2737 1319 2764 qua-
1333 2728 1490 2762 opiniolam
1515 2728 1566 2754 alte
1591 2728 1683 2755 animo
1701 2730 1766 2764 ejus
1797 2734 1897 2762 deum

1091 2784 1159 2811 erat,
1173 2783 1201 2805 ut
1217 2778 1278 2804 licet
1298 2779 1417 2801 Veterum
1431 2780 1456 2801 ct
1472 2773 1540 2800 forte
1555 2773 1680 2808 Origenis
1698 2775 1791 2810 ipsius
1811 2783 1897 2808 testi.

1092 2825 1182 2852 monio
1195 2823 1337 2854 edisceret,
1353 2819 1548 2848 Theodotionis
1565 2818 1713 2847 editionem
1734 2824 1791 2851 sub
1805 2824 1897 2855 Cum.
