1902 3049
31 141 44 208 l

79 80 109 109 διδ
715 87 749 115 IN
769 87 930 116 HEXAPLA
950 87 1122 115 ORIGENIS.
1697 89 1732 116 uo

96 143 178 178 auido.
194 143 363 180 Symmachi
383 147 442 174 sub
461 147 566 175 Severo
574 147 717 182 prodiisse,
734 147 825 174 mallet
837 147 895 181 ipse
910 150 933 178 Α
948 145 1166 182 quandoquidem
1185 154 1234 173 nec
1247 147 1279 173 de
1290 146 1390 181 duplici
1408 145 1513 181 Aquilae
1530 146 1660 179 editione,
1673 156 1733 182 qua:

98 189 220 218 Severum
244 194 309 217 ante
334 189 534 218 Commodum
554 191 653 221 Iocare.
671 198 752 226 quam
768 190 788 216 Τ
792 190 893 217 heodo—

100 238 180 265 tiouis
194 237 344 264 editionem
369 238 537 273 Symmachi
562 238 686 264 versione
712 237 892 272 antiquiorem

101 285 193 312 fateri.
207 284 393 318 Quamobrem
407 285 454 312 ubi
471 285 554 319 paulo
573 289 664 318 postea
680 284 809 310 let-torem
835 292 894 310 mo-

100 335 154 362 net.
167 335 263 358 caveat
279 338 324 361 ne.
340 331 405 365 quia
421 330 494 357 LXX
510 331 670 365 lntcrpretes
693 334 759 365 pos;
768 331 893 365 Aquilam

99 383 125 403 et
134 376 331 412 Symmachum
342 377 369 403 in
379 376 507 412 ilexaplis
518 377 651 408 locantur,
663 377 798 403 existimet
811 376 896 410 Aqui-

98 422 152 448 lam
168 427 197 448 ct
212 420 411 457 Symmachum
433 429 494 449 esse
515 420 583 447 LXX
603 420 797 455 lnterpretibus
825 420 896 447 anti-

97 468 224 502 quiores,
238 468 400 502 neutiquam
412 473 514 500 monet,
525 475 557 494 ne
570 467 762 503 Symntacltunt
777 466 894 501 priorem

98 513 293 540 Theodotione
310 514 369 548 pari
391 514 424 540 de
441 521 522 540 causa
550 517 633 547 putet.
662 512 785 539 Chronici
815 511 896 546 igitur

98 558 283 585 Alexandrini
306 563 413 591 auctor,
429 558 456 584 in
472 558 583 585 calculis
599 557 710 592 peritior
732 556 894 591 Epiphanio,

97 611 130 631 ex
157 605 271 632 duabus
299 612 382 639 supra
407 604 564 631 memoratis
581 603 775 638 imperatorum
801 610 896 629 recen-

97 652 240 684 sionihus,
258 651 295 678 ab
314 651 488 686 Ephiphanio
511 651 612 682 editis,
643 658 734 677 verattt
755 650 897 684 utriusque

100 698 266 732 interpretis
283 702 404 729 aetatem,
419 696 497 732 quasi
516 697 550 723 ab
575 695 726 730 Epiphanio
746 699 894 725 mutuatus,

97 744 259 777 assignavit
274 752 281 769 ε
300 751 351 770 nec
365 743 436 769 enim
450 742 576 777 ignorare
589 742 677 777 potuit
688 749 759 773 eam,
773 749 833 776 qum
847 741 897 768 sub

97 789 261 817 Commodo
280 789 392 825 prodiit,
407 789 550 816 editionem
564 809 571 820 ,
588 789 762 815 vetustiorem
787 797 818 815 ea
835 796 897 815 esse

945 193 1068 228 pluribus
1081 193 1244 220 testimoniis
1258 194 1400 223 asset-itur.
1417 193 1528 219 verbum
1544 191 1618 220 fecit.
1636 192 1732 220 Hiero-

946 246 1045 273 nymus
1062 247 1126 266 vero
1142 239 1211 266 duas
1227 239 1307 266 etiam
1332 238 1525 274 Symmachum
1542 239 1668 265 emisisse
1693 244 1734 266 te-

946 284 1077 311 stiﬁcatur
1097 284 1243 311 Comment.
1272 285 1299 310 in
1322 283 1444 315 Nahum,
1469 291 1529 317 cap.
1550 291 1598 315 ιιι,
1625 284 1658 315 Ι,
1688 284 1733 311 ubi

946 331 982 357 ait
1000 340 1006 357 :
1023 330 1054 356 In
1074 330 1184 357 Ilebra-o
1197 330 1318 361 habetur,
1340 337 1439 356 PHEREC
1457 337 1554 362 ιιΑιεΑ,
1569 330 1638 364 quod
1652 331 1734 357 inter-

946 381 1064 410 pretatus
1079 381 1116 403 est
1132 375 1240 410 Aquila.
1256 375 1452 410 ὲξαυχενισμοῦ
1467 376 1573 411 πλήρης
1585 396 1593 407 ,
1619 376 1646 402 id
1674 381 1713 403 est
1724 395 1732 408 ,

945 423 1162 450 excervicatione
1174 423 1266 457 plena;
1280 421 1453 456 Symmachus
1469 428 1567 453 autem,
1583 422 1734 458 ἀποτομίας

947 469 1065 504 πλήρης,
1083 469 1151 504 quod
1163 476 1301 503 possumus
1313 468 1410 500 dicere,
1426 467 1585 495 credulitate
1603 468 1641 494 vel
1654 476 1732 496 sevu-

946 515 1027 542 ritate
1039 514 1127 549 plena.
1141 513 1174 540 In
1184 514 1268 540 altera
1276 513 1332 547 ejus
1342 513 1456 539 editione
1465 513 1559 546 reperi,
1570 513 1734 548 μελοκοπίας

948 560 1064 596 πλήρης,
1079 560 1166 591 idest,
1183 559 1351 586 sectionibus
1363 558 1486 586 carnium
1500 577 1508 590 ,
1537 564 1564 586 et
1579 558 1672 586 frustis
1687 567 1734 594 per

948 607 1068 634 membra
1090 606 1209 634 concisis
1226 606 1313 640 plena.
1337 605 1401 632 Duze
1416 605 1496 632 etiam
1514 613 1606 640 ett-que
1621 606 1734 633 diversae

949 651 1104 687 Symmachi
1120 652 1250 679 lectiones
1269 651 1420 678 afferuntur
1431 650 1509 678 llesai
1524 659 1606 683 xtvn,
1619 651 1652 684 2;
1666 649 1735 679 Osee

948 706 997 729 xit,
1012 698 1042 724 ii
1055 706 1062 729 ;
1076 697 1146 724 Psal.
1161 704 1221 730 cu,
1237 698 1262 724 1.
1281 696 1314 723 Ει
1327 697 1353 723 in
1365 697 1518 731 Appendice
1535 695 1622 723 Exod.
1638 704 1734 728 xxvut,

949 745 992 772 Η.
1007 743 1036 771 In
1050 744 1127 771 libris
1143 744 1206 771 item
1226 743 1234 770 l
1249 749 1276 771 et
1298 743 1318 770 ll
1332 743 1436 778 Regum
1453 743 1524 770 binae
1538 749 1734 777 nonnunquam

950 790 1104 826 Symmachi
1120 790 1356 825 interpretationes
1368 790 1528 817 all'eruntur.
1549 789 1615 816 Vide
1628 789 1710 816 etiam
1725 809 1733 822 .

97 844 162 871 quae
185 835 238 863 sub
257 834 369 862 Severo.
390 834 448 861 Ado
472 835 535 862 item
553 834 580 861 in
595 835 726 862 Chronico
742 842 834 862 veram
852 835 893 862 in-
911 823 932 850 Β
946 838 1034 868 sudes,
1046 836 1170 864 Ieremia:
1183 845 1228 869 xx,
1244 837 1270 868 5,
1281 841 1308 864 et
1319 835 1374 863 Jcr.
1390 845 1454 869 xxx,
1471 836 1518 867 3'2,
1542 837 1568 863 in
1584 842 1658 864 uoza.
1678 835 1732 864 Sed

98 886 257 917 tcrpretum
286 886 392 909 aetatem
425 881 590 916 descripsit;
626 889 689 907 nam
716 881 748 907 de.
774 885 894 915 tetupore

98 928 216 955 Adriani
231 928 348 962 loquens
365 928 403 954 ait
421 937 427 954 :
448 927 501 954 Per
515 928 582 953 idem
596 932 695 962 tempus
711 925 806 960 Aquila
822 925 877 952 l-‘on

98 974 172 1000 tiens
191 974 333 1007 interpres,
345 972 474 999 secundus
491 977 548 1006 post
560 971 652 1004 LXX,
672 972 766 998 oritur.
786 970 818 997 Et
843 970 894 998 sub

98 1019 266 1050 Commodo,
284 1018 444 1045 Tlteodotion
463 1018 588 1053 Ephesius
605 1019 731 1052 interpres
742 1019 834 1044 tertius
845 1025 893 1052 ap-

99 1066 204 1099 paruit.
239 1065 312 1092 idem
334 1065 384 1092 sub
408 1064 508 1092 Severo
526 1085 533 1097 ,
565 1063 738 1099 Symmachus
765 1064 893 1098 interpres

98 1117 214 1145 quartus
231 1111 396 1145 agnoscitur.
414 1110 628 1137 Theodotionem
646 1110 727 1144 igitur
741 1115 802 1136 ante
815 1109 894 1144 Synt-

99 1155 232 1181 machum
251 1155 400 1181 editiouem
419 1155 545 1182 emisisse
560 1163 648 1187 suam,
666 1162 698 1181 ex
715 1155 748 1182 iis
765 1163 825 1189 qua:
846 1163 893 1181 su-

99 1208 146 1234 pra
158 1201 236 1227 dicta
255 1205 332 1232 sunt;
361 1201 494 1233 liquidum
516 1206 568 1228 est.
596 1201 716 1235 ldipsum
747 1201 895 1228 credidisse

99 1247 208 1273 videtur
226 1246 424 1282 Hieronymus,
441 1247 486 1281 qui
503 1247 541 1273 ait
553 1246 735 1273 Comment.in
755 1246 892 1277 llesaiant.

99 1299 160 1326 cap.
178 1299 247 1318 Lvttt
265 1313 272 1323 ,
291 1299 318 1318 v.
338 1292 355 1318 6
371 1301 378 1319 :
408 1292 462 1318 Pro
479 1296 571 1318 catena
593 1291 667 1318 LXX
687 1291 851 1327 σύνδεσμον,
869 1291 895 1318 id

100 1342 137 1364 est
146 1337 425 1372 colligationem,'siue
432 1338 568 1365 vinculum
579 1338 769 1364 transtulerunt
779 1345 788 1370 ;
798 1337 895 1372 Aquila

101 1384 168 1410 sicut
180 1391 264 1414 supra
280 1391 404 1411 errorem
419 1385 605 1417 interpretatus
620 1389 658 1411 est
671 1392 680 1416 ,'
699 1383 872 1419 Symmachus
886 1405 893 1418 ,

101 1427 126 1454 in
145 1426 337 1454 Theodotionis
354 1430 422 1456 scita
431 1430 580 1461 concedens,
593 1434 714 1464 torquent
726 1430 824 1464 posuit.
835 1429 895 1463 Quo

103 1474 202 1502 indicat
220 1472 419 1508 Symmachum
447 1475 473 1501 in
497 1476 615 1502 editione
632 1484 679 1503 sua
698 1481 820 1502 secutum
835 1484 895 1504 esse

102 1521 357 1556 interpretationem
372 1520 581 1553 Tlteodotiouis,
599 1525 691 1555 utpote
712 1521 893 1556 antiquioris;

102 1567 282 1594 confirmatur
293 1567 375 1594 etiam
394 1568 489 1594 irenzei
504 1567 573 1598 loco.
587 1568 632 1594 ubi
648 1568 735 1602 carpit
751 1567 795 1594 ille
809 1568 894 1602 Aqui-

102 1613 152 1641 lam
167 1618 194 1640 et
220 1613 439 1641 Theodotionetn
466 1618 581 1646 tantum,
611 1614 683 1648 quod
701 1621 761 1648 cap.
780 1622 816 1641 vn
842 1614 895 1641 lle-

103 1661 164 1688 saisa
179 1668 278 1687 vocem
296 1652 376 1692 Γηὼν
393 1660 525 1686 verterint
548 1659 638 1691 νεανὶς
652 1679 659 1690 ,
677 1659 873 1686 adolescentnla
886 1681 894 1693 ,

103 1714 154 1733 non
170 1706 320 1742 παρθένος,
340 1707 423 1741 virgo,
443 1711 472 1732 ut
486 1705 555 1731 LXX
570 1706 740 1740 interpretes.
760 1705 787 1733 Si
802 1711 893 1733 autem

104 1752 289 1788 Symmachus
301 1754 356 1787 jam
377 1752 525 1779 editionem
535 1759 611 1778 suam
624 1752 759 1786 publicam
775 1752 893 1784 fecisset,

102 1806 161 1826 cum
180 1805 209 1826 et
225 1800 284 1834 ipse
307 1798 396 1829 νεανὶς
414 1797 599 1830 transtulerit,
624 1806 657 1824 an
681 1798 893 1832 praetermitten-

103 1845 152 1872 dus
167 1850 229 1872 erat
245 1845 281 1871 ab
296 1845 398 1870 lremeo
410 1843 422 1870 ?
436 1843 471 1869 At
490 1850 551 1870 cutn
571 1851 604 1870 ex
628 1843 757 1870 Chronico
775 1843 892 1871 Alexan-

103 1891 190 1924 drino,
208 1898 284 1917 anno
300 1890 390 1918 Severi
407 1897 482 1916 nono
496 1889 676 1925 Symmachus
692 1890 893 1925 interpretatio—

103 1945 162 1964 nem
177 1945 259 1964 suam
273 1937 490 1967 concinnaverit,
507 1943 560 1962 non
578 1937 666 1970 potuit
689 1937 724 1964 ab
738 1937 837 1964 Irentro
852 1946 894 1964 re-

104 1984 245 2019 prehendi.
259 1983 306 2018 qui
323 1991 394 2010 anno
410 1983 519 2009 circiter
533 1983 653 2010 secundo
670 1983 791 2017 ejusdem
809 1984 894 2018 impe—

104 2031 203 2057 raloris
221 2030 382 2064 martyrium
402 2036 500 2063 passus
521 2036 581 2055 esse
599 2033 719 2063 putatur.
739 2029 808 2057 Hinc
829 2038 893 2057 vero

104 2077 226 2110 corrigas
243 2076 325 2102 velim
341 2080 463 2102 nostram
481 2075 512 2101 ad
529 2073 669 2109 Synopsim
689 2075 834 2110 Seripturre
847 2085 892 2102 sa-

104 2131 152 2150 cra:
163 2128 271 2154 notam,
294 2122 338 2148 ubi
352 2127 413 2156 post
432 2121 590 2157 Dionysium
609 2121 748 2157 ant‘ium
763 2123 891 2155 diximus,

945 882 1009 916 quia
1025 882 1159 917 ejusmodi
1173 882 1295 916 exempla
1309 890 1361 909 non
1375 882 1411 908 ita
1424 882 1573 916 frequentia
1588 886 1662 914 sunt,
1670 890 1736 909 con-

943 928 1064 963 jectandi
1085 929 1162 955 locus
1178 933 1220 956 est
1242 929 1434 964 Symmachum
1458 936 1510 955 tton
1528 929 1596 955 duas
1622 929 1736 956 ontnino

945 972 1067 1000 diversas
1079 973 1213 1001 editiones
1222 973 1366 1006 emisisse;
1381 974 1429 1000 sed
1444 982 1526 1008 quam
1536 974 1653 1007 priorem
1667 974 1735 1001 emi-

946 1022 1019 1045 serat
1037 1018 1140 1053 aliquot
1151 1018 1181 1045 ‘in
1194 1019 1259 1046 locis
1268 1019 1438 1049 emendasse,
1450 1019 1586 1054 verbaque
1595 1019 1647 1046 alia
1663 1019 1736 1046 iden-

947 1065 1029 1092 tidem
1047 1065 1221 1092 substituisse
1235 1072 1283 1099 pro
1297 1064 1368 1091 aliis.
1383 1065 1510 1099 Alioquin
1526 1065 1548 1092 si
1564 1065 1644 1098 duas,
1667 1073 1735 1100 per-

947 1110 1008 1137 inde
1028 1115 1110 1145 atque
1140 1111 1237 1145 Aquila
1251 1131 1259 1144 ,
1284 1118 1450 1146 prorsusque
1465 1111 1556 1138 varias
1572 1113 1736 1146 interpreta-

946 1156 1034 1184 tiones
1047 1157 1251 1190 concinnasset,
1267 1157 1332 1192 quid
1347 1165 1436 1184 causa:
1449 1162 1490 1184 est
1505 1165 1554 1184 cur
1569 1165 1631 1185 cum
1655 1157 1736 1193 longe

947 1202 1100 1237 elegantior
1115 1207 1142 1229 et
1160 1203 1256 1230 melior
1269 1204 1403 1237 interpres
1417 1211 1431 1230 a
1445 1203 1538 1230 multis
1566 1204 1675 1231 habitus
1699 1204 1735 1231 sit

945 1255 1027 1282 quam
1043 1248 1151 1282 Aquila,
1162 1253 1218 1275 tam
1235 1256 1327 1283 pauca:
1343 1255 1433 1276 tamen
1452 1257 1483 1276 ex
1498 1249 1582 1276 altera
1598 1250 1658 1284 ejus
1678 1250 1735 1277 edi-

947 1295 1020 1321 tione
1039 1294 1169 1322 lectiones
1184 1294 1343 1326 alIerantur,
1362 1295 1471 1330 quando
1495 1300 1535 1322 tot
1559 1300 1689 1330 tantaque
1700 1303 1734 1323 es

947 1339 1066 1367 secunda
1092 1339 1198 1375 Aquilae
1223 1340 1342 1367 editione
1368 1341 1536 1375 supersunt?
1552 1340 1616 1368 llzce
1640 1341 1735 1376 conje-

946 1386 1045 1412 ctaudo
1060 1386 1148 1413 soluzu
1166 1386 1237 1413 dicta
1251 1387 1326 1413 sint:
1350 1395 1393 1414 res
1406 1387 1478 1414 enim
1504 1395 1558 1414 nou
1585 1388 1622 1415 ita
1642 1390 1734 1424 explo-

947 1437 1004 1459 rata
1021 1437 1080 1466 est,
1096 1437 1126 1459 ut
1140 1437 1200 1460 tuto
1212 1434 1350 1468 possimus
1365 1434 1527 1460 sententiam
1543 1433 1623 1461 ferre.

908 1493 930 1522 ο
947 1487 978 1515 ν.
997 1489 1055 1521 Quo
1073 1490 1189 1516 vertendi
1203 1498 1294 1524 genere
1312 1499 1374 1516 usus
1389 1491 1439 1516 sit:
1454 1497 1477 1516 et
1491 1491 1522 1516 de
1534 1491 1610 1517 annis
1625 1491 1734 1518 chrono-

983 1524 1076 1559 logicis
1090 1525 1183 1561 prima:
1205 1533 1235 1552 ac
1256 1526 1378 1552 secunda
1398 1526 1485 1552 wtatis
1499 1531 1527 1552 ut
1543 1535 1559 1552 a
1578 1525 1734 1561 Symmache

981 1560 1199 1586 numerabantur.

981 1616 1168 1651 lnterpretatio
1183 1616 1340 1652 Symmachi
1354 1617 1507 1645 clarissima
1538 1622 1564 1645 et
1592 1618 1735 1654 elegantis-

946 1663 1015 1691 sima
1029 1663 1151 1690 omniunt
1166 1668 1220 1690 est.
1237 1663 1290 1690 Res
1306 1663 1349 1690 ille
1366 1669 1395 1690 ut
1406 1663 1552 1698 plurimum
1573 1655 1634 1698 apte
1650 1671 1682 1691 ac
1692 1663 1735 1691 di—

945 1708 1033 1735 lucide
1050 1708 1178 1743 exprimit
1194 1717 1200 1734 :
1220 1716 1273 1734 ttou
1289 1708 1369 1734 verba
1384 1708 1491 1742 singula
1510 1709 1670 1742 scrupulose
1692 1716 1735 1736 re-

946 1754 1016 1782 ferre
1027 1755 1117 1782 studet
1131 1760 1160 1780 ut
1178 1754 1275 1789 Aquila
1289 1762 1296 1786 ;
1312 1761 1366 1780 non
1382 1753 1452 1780 LXX
1470 1754 1631 1788 lntcrpreles
1641 1762 1735 1789 presso

945 1799 1060 1833 vestigio
1074 1799 1198 1834 sequitur
1214 1803 1243 1825 ut
1260 1798 1431 1831 Theodotio;
1445 1799 1491 1826 sed
1509 1800 1550 1826 vel
1566 1800 1598 1833 _in
1610 1799 1735 1827 difﬁcilli-

945 1845 997 1871 mis
1009 1844 1077 1871 locis
1094 1851 1204 1871 sensum
1221 1843 1256 1869 ita
1273 1843 1372 1877 legenti
1393 1842 1519 1875 exhibet,
1541 1848 1569 1870 ut
1584 1844 1675 1870 statim
1691 1843 1733 1870 in-

945 1890 1089 1924 telligatur.
1105 1888 1282 1915 ilebraismos
1298 1895 1360 1914 raro
1384 1892 1515 1915 sectatur.
1543 1888 1734 1924 Summopere-

945 1943 998 1970 que
1012 1942 1123 1961 curasse
1141 1934 1259 1966 videtur,
1274 1941 1306 1960 tte
1330 1933 1468 1967 quidpiam
1497 1934 1523 1959 in
1540 1932 1632 1960 Grteca
1662 1934 1733 1961 serie

945 1986 1067 2016 poneret.
1082 1981 1154 2015 quod
1169 1980 1292 2007 Graecum
1316 1979 1443 2006 lectorem
1460 1979 1589 2006 llebrait-e
1607 1980 1732 2013 ignarum

944 2027 1079 2054 oli‘cndere
1097 2031 1208 2061 posset:
1231 2034 1262 2053 ea
1284 2031 1374 2053 tamen
1386 2026 1501 2057 cautela,
1518 2031 1546 2053 ut
1569 2025 1731 2053 Hebraicum

943 2073 1081 2107 exemplar
1102 2073 1211 2100 ttnicutn
1228 2074 1396 2108 sequendum
1417 2073 1468 2099 sibi
1485 2077 1656 2107 proponeret,
1682 2080 1732 2099 nec

944 2120 1081 2154 quidpiam
1094 2127 1125 2146 ex
1142 2119 1261 2146 editione
1276 2119 1329 2146 τῶν
1348 2121 1385 2150 0',
1402 2119 1445 2145 ubi
1459 2127 1519 2145 cunt
1534 2118 1664 2145 llebraico
1678 2126 1730 2144 ιιοιι

104 2168 301 2204 Symmachum
318 2169 466 2195 editionem
483 2175 560 2195 suam
577 2169 703 2197 emisisse
726 2174 789 2197 aute
804 2169 892 2196 Titeo-
910 2166 931 2192 D
945 2166 1105 2200 quadrabat,
1126 2166 1152 2192 itt
1181 2166 1427 2200 interpretationem
1458 2173 1534 2192 suam
1564 2164 1730 2192 refunderet.

103 2215 251 2242 dotioneut.

116 2259 159 2288 IV.
177 2262 220 2288 An
234 2262 302 2288 duas
319 2260 549 2295 interpretationes
570 2260 677 2287 ediderit
690 2259 874 2295 Symmachus.

134 2308 193 2341 Qua
210 2314 277 2334 vero
293 2312 433 2341 permotus
447 2313 530 2332 causa
546 2305 578 2331 ad
604 2304 772 2339 Scripturatn
801 2305 893 2333 Grtcce

103 2354 332 2389 interpretandant
354 2353 478 2379 animum
491 2351 623 2385 appulerit
636 2351 827 2386 Symmachus.
845 2352 893 2379 do-

103 2406 141 2430 cet
160 2403 232 2429 idem
256 2399 428 2434 Epiphanius
447 2407 453 2424 :
476 2399 539 2432 quia
555 2398 685 2424 nimirum
715 2397 893 2425 Satnaritauis

102 2448 310 2478 iufensus‘erat,
326 2443 533 2471 translationem
550 2451 647 2470 noram
664 2451 809 2477 aggressus
830 2447 872 2470 est
883 2463 891 2476 ,

102 2500 130 2522 ut
156 2493 397 2521 Samaritanorum
426 2490 663 2524 interpretationes
691 2493 834 2516 everteret.
863 2490 892 2516 in

101 2539 222 2574 Epilome
247 2536 394 2572 Epipltattii
424 2534 461 2561 De
484 2535 640 2568 ponderibus
659 2542 719 2561 mox
739 2535 842 2562 edenda
856 2535 894 2561 le-

103 2587 179 2621 gitur.
192 2585 234 2616 εις
253 2581 424 2618 διαστροφὴν
440 2580 494 2607 τῶν
510 2580 585 2616 παρὰ
604 2581 786 2616 Σαμαρείταις
805 2582 889 2617 ἑρμη-

102 2631 206 2663 νεντῶν,
223 2631 258 2657 ad
274 2629 439 2656 eversionem
452 2627 621 2661 interpretum
638 2627 870 2654 Samaritanorum
883 2635 892 2654 :

103 2678 177 2705 hasce
205 2684 292 2712 porro
321 2673 567 2708 interpretationes
595 2672 702 2700 Graecas
731 2672 833 2705 fuisse,
860 2682 892 2700 ex

102 2724 262 2759 conjecturis
278 2720 433 2749 admodum
447 2719 632 2753 probabilibus
646 2727 728 2754 supra
736 2720 891 2747 statuimus.

103 2768 167 2796 Duas
180 2767 387 2805 Symmachum
400 2765 534 2792 editiones
552 2765 677 2793 emisisse
692 2770 795 2792 certum
817 2766 892 2793 vide-

102 2819 156 2850 tur;
172 2823 221 2844 nec
240 2814 348 2842 mirum
375 2815 420 2838 est
443 2809 620 2845 Epiphaniunt
650 2811 676 2838 id
704 2811 866 2846 prmleriisse
883 2831 890 2843 .

943 2212 1126 2244 Quamobrem
1143 2212 1168 2238 itt
1181 2212 1261 2239 annis
1277 2211 1476 2246 chronologicis
1486 2211 1519 2238 ab
1532 2210 1635 2238 Adamn
1646 2218 1731 2244 usque

943 2259 976 2285 ad
985 2258 1180 2290 Abrahamuut,
1194 2259 1274 2285 missa
1289 2258 1466 2293 Septuaginta
1477 2256 1655 2291 lutcrpretum
1665 2264 1730 2291 sup-

943 2305 1092 2339 putatione.
1107 2303 1228 2330 llebraici
1242 2311 1349 2337 semper
1377 2307 1466 2329 textus
1483 2311 1570 2330 annos
1593 2303 1730 2337 exprime-

942 2349 998 2382 bat,
1014 2355 1042 2377 ttt
1057 2350 1216 2377 testiﬁcatur
1234 2349 1365 2376 Eusebius
1381 2349 1522 2376 Eutisenus
1536 2349 1561 2375 itt
1579 2349 1638 2375 loco
1646 2357 1728 2383 quem

943 2404 974 2423 ex
990 2396 1186 2430 manuscriptis
1202 2399 1358 2429 excerptum
1374 2395 1515 2421 retulimus
1532 2395 1558 2421 in
1575 2395 1646 2421 notis
1661 2394 1727 2422 Gen.

944 2449 969 2472 ν,
985 2441 1011 2468 5.
1028 2441 1166 2472 llebrwtts,
1185 2441 1273 2474 inquit
1289 2441 1350 2473 ille,
1368 2446 1391 2467 et
1406 2439 1488 2474 Syrus
1510 2446 1534 2466 et
1556 2440 1730 2475 Symmachus

943 2487 969 2513 in
988 2487 1145 2522 genealogiis
1172 2491 1275 2512 centum
1289 2495 1371 2513 annos
1395 2487 1480 2512 minus
1496 2495 1596 2520 semper
1610 2492 1729 2520 ponunt;

942 2533 1053 2567 emetani
1068 2542 1148 2560 causa
1162 2534 1287 2566 scriptum
1307 2537 1343 2559 est
1361 2532 1387 2558 in
1404 2531 1479 2558 LXX
1492 2533 1560 2566 quod
1569 2533 1730 2559 Adamanno

943 2580 1002 2606 vita:
1016 2587 1103 2607 ccxxx
1119 2579 1234 2614 genuerit
1251 2578 1335 2610 Setlt;
1355 2579 1391 2604 ibi
1414 2578 1540 2604 llehrteus
1555 2586 1624 2604 cxxx
1641 2578 1728 2605 habet.

945 2626 1010 2652 Illos
1025 2630 1112 2652 autem
1125 2631 1229 2652 centum
1245 2632 1327 2650 annos
1349 2624 1455 2658 reliquis
1468 2624 1564 2650 Adami
1576 2625 1635 2650 vita
1654 2625 1729 2651 annis

944 2671 1075 2706 adiungit.
1088 2670 1184 2697 Mirum
1197 2675 1286 2696 autent
1302 2669 1327 2695 itt
1340 2669 1498 2696 recensione
1513 2677 1606 2697 corunt
1618 2671 1663 2704 qui
1679 2670 1730 2698 He-

945 2717 1065 2745 braicum
1083 2721 1185 2743 textum
1206 2716 1232 2742 in
1248 2723 1383 2742 annorum
1414 2716 1517 2744 calculo
1539 2721 1623 2742 secuti
1646 2721 1729 2750 sunt,

945 2764 1097 2797 Hehrreunt,
1114 2764 1212 2799 Syrttm
1230 2768 1257 2790 et
1271 2763 1463 2799 Symmachum
1480 2762 1634 2791 memorari.
1647 2763 1731 2796 Aqui-

945 2811 996 2838 lam
1015 2817 1079 2837 vero
1099 2811 1143 2836 τὸν
1158 2808 1314 2836 δουλεύοντα
1331 2811 1362 2845 τῇ
1387 2808 1516 2844 Ἐϐραῖκῇ
1529 2807 1599 2841 λέξει
1615 2813 1712 2842 praeter
