1902 3049
199 80 231 109 st
882 90 1141 120 assummum
1793 94 1832 120 92

200 141 281 189 mitti,
295 141 342 176 qui
358 143 461 178 utique,
479 150 508 172 ut
526 144 689 174 Hebraicum
714 156 821 184 semper
844 152 986 186 scrupuln-
1001 155 1023 182 A
1038 158 1066 180 et
1082 153 1210 189 loquendi
1236 154 1355 181 rationes
1374 152 1519 189 deligeret,
1535 161 1596 188 qua:
1618 154 1748 188 majorem
1765 154 1827 188 quis

198 186 257 214 sius
271 195 354 222 quam
368 191 457 216 caeteri
479 196 589 220 secutus
604 198 656 226 est,
673 194 698 221 in
715 203 851 223 annorum
875 197 987 225 calculis

198 231 287 266 ipsum
301 241 356 260 non
373 233 527 264 deseruisse
545 239 681 272 putandus
694 244 744 267 est.
768 239 820 268 Sed
834 241 874 268 vel
889 242 986 277 Aquila

197 277 225 304 in
241 280 400 308 recensione
414 281 458 308 illa
476 281 585 310 Eusebii
600 283 903 314 Emisenilibrariorum
920 288 986 316 vitio

195 324 336 358 exciderit,
346 327 385 353 vel
396 327 459 361 quia
471 327 611 357 Hebraeum
624 338 730 366 semper
740 333 864 367 sequitur
874 334 984 369 Aquila,

195 369 285 404 ipsum
299 378 352 399 n0n
375 376 584 402 memorandum
604 384 665 404 esse
681 379 827 412 censuerit,
842 382 915 415 quod
931 389 982 415 pu--

194 421 264 443 taret
282 418 350 445 satis
364 426 426 446 esse
450 419 594 449 Hebraeum
612 424 759 457 nominari,
779 431 807 452 ut
826 428 917 454 statim
938 436 983 456 se-

192 467 323 496 queretur
333 464 459 500 Aquilam
472 468 567 495 eodem
589 469 671 497 modo
687 472 811 504 vertisse,
827 478 921 508 utpote
934 476 982 509 qui

194 507 297 537 Hebraei
316 518 423 546 semper
440 514 561 548 vestigiis
582 515 693 544 haereat.
717 517 849 546 Praeterea
860 507 920 547 non
941 507 983 547 in-

191 555 283 583 solens
300 561 341 584 est
357 562 461 586 veteres
477 559 549 593 illos,
563 561 645 589 etiam
672 563 718 590 ubi
733 563 787 591 duo
812 565 854 592 vel
871 570 926 594 tres
939 567 981 593 in-

189 604 320 635 terpretes
337 604 459 631 eamdem
474 605 560 640 ipsam
576 607 717 636 lectionem
727 610 883 644 praeferunt,
895 620 979 640 unum

189 651 296 674 tantum
316 656 349 675 ex
365 649 418 677 illis
433 659 648 681 commemorare
660 675 667 686 ,
683 660 711 682 ut
725 657 876 684 sexcenties
894 658 918 684 in
934 659 980 686 dc-

187 700 270 720 eursu
287 694 369 729 hujus
382 698 472 731 operis
489 700 699 729 animadvertes.
719 701 796 735 Quod
808 704 840 730 ad
854 704 980 732 Theodo-

187 738 289 766 tionem
316 748 379 768 vero
396 749 510 778 spectat,
531 746 679 775 verisimile
703 754 745 776 est
765 750 854 784 ipsum
882 751 908 778 in
930 761 977 787 ge-

186 784 326 820 nealogiis,
350 791 378 814 ut
393 793 420 815 et
431 790 496 817 alibi
513 790 743 827 frequentissime,
754 794 823 821 LXX
842 784 976 832 interpre-

184 833 242 858 tum
259 830 403 862 lectionem
419 841 542 864 secutum
558 846 637 872 esse;
665 847 728 867 nam
745 840 806 868 ideo
829 847 890 876 post
904 830 972 870 LXX

181 881 210 904 et
222 879 300 912 quasi
318 880 352 907 ab
363 881 460 916 Aquila
476 888 501 911 et
514 883 677 920 Symmacho
694 893 861 922 segregatus,
878 890 904 916 in
920 890 973 918 He—

182 923 270 958 xaplis
280 924 370 953 locum
383 927 517 962 habebat;
532 931 639 965 quiailli
654 931 828 965 Hebraicum,
841 934 885 962 hic
903 935 973 962 LXX

182 967 344 1004 lnterpretes
363 974 441 1008 sequi
467 975 581 1008 solebat.
599 977 780 1012 Symmachus
804 979 895 1014 itaque
920 981 972 1009 He-

181 1015 282 1042 breum
300 1017 409 1051 quidem
425 1021 548 1054 sequitur
567 1028 596 1049 ut
612 1024 710 1058 Aquila
735 1032 741 1050 :
763 1026 810 1052 sed
835 1027 871 1053 ita
886 1032 914 1053 ut
929 1028 973 1056 hic

180 1059 299 1088 litteram
315 1063 398 1091 nimia
416 1072 487 1100 smpe
513 1067 643 1102 religione
666 1069 818 1104 exprimere
847 1070 970 1106 studeat;

179 1105 224 1132 ille
240 1115 304 1134 vero
318 1108 353 1135 ita
371 1109 510 1139 Hebraicis
527 1112 637 1144 hareat,
659 1119 688 1141 ut
708 1115 849 1150 elegantia:
869 1122 896 1145 et
907 1105 970 1152 per;

178 1151 331 1186 spicuitatis
346 1156 479 1183 rationem
495 1157 594 1186 habere
607 1160 739 1188 videatur.

224 1198 266 1225 Vl.
287 1199 354 1235 Ejus
369 1202 451 1229 editio
465 1212 481 1230 a
497 1205 624 1233 ueteribus
640 1208 783 1236 admodum
800 1210 922 1240 laudata.

215 1242 290 1290 Hanc
306 1246 366 1281 styli
388 1247 550 1283 elegantiam
566 1256 592 1278 et
607 1252 759 1282 claritatem
784 1258 886 1290 passim
909 1259 969 1286 lau»

176 1288 243 1339 dant
256 1288 452 1339 Hieronymus,
469 1294 604 1325 Eusebius
621 1299 738 1334 aliique;
753 1309 870 1336 quorum
894 1305 970 1339 prior

176 1338 237 1367 ejus
256 1338 495 1369 interpretationes
519 1341 676 1375 frequenter
690 1345 842 1373 admiratur
858 1353 884 1375 et
907 1349 967 1376 lauo

177 1378 258 1406 dibus
275 1381 395 1414 extollit,
424 1388 453 1410 ut
468 1385 614 1413 Comment.
629 1389 656 1414 in
681 1391 778 1423 psalm.
802 1400 859 1425 xxt,
878 1401 905 1420 ν.
921 1394 966 1426 51,

175 1425 341 1461 σαφέστερον
358 1427 371 1453 ὁ
389 1429 537 1466 Σύμμαχος
549 1451 556 1463 ,
572 1434 670 1460 clarius
688 1435 861 1470 Symmachus
874 1460 881 1471 ,
898 1445 928 1467 ut
941 1446 967 1468 et

175 1477 246 1520 saepe
260 1471 324 1498 alibi
337 1481 344 1505 ;
359 1477 385 1500 ct
403 1482 480 1502 versu
497 1479 638 1511 sequenti,
655 1481 757 1517 σφόδρα
773 1483 938 1520 Θαυμαστῶς
952 1488 966 1514 ὁ

174 1513 338 1562 Σύμμαχος,
370 1519 514 1547 admodum
539 1513 698 1552 mirabiliter
723 1513 966 1562 Sytttmdcltus:-et

174 1560 270 1610 psalm.
298 1570 377 1596 XLVI,
407 1565 457 1596 10,
485 1566 572 1600 οὕτως
594 1560 749 1606 ἡρμήνευσε
771 1573 935 1610 Θαυμαστῶς
950 1579 964 1604 ὁ

172 1604 338 1642 Σύμμαχος,
357 1609 396 1635 ita
412 1610 572 1639 mirabiliter
585 1604 772 1650 ittterpretatus
789 1604 830 1647 est.
844 1604 966 1657 Synmia-

171 1651 245 1678 chus.
264 1652 445 1690 Hieronymus
460 1665 525 1685 vero
538 1660 571 1686 de
586 1660 750 1696 Symmacho
766 1651 880 1701 loquens
908 1669 963 1697 fre-

171 1703 287 1733 quenter
306 1701 389 1735 dicit,
413 1711 475 1731 eum
500 1707 621 1740 apertius
644 1713 671 1736 ct
691 1712 861 1742 manifestius
879 1715 962 1743 inter-

171 1748 305 1794 pretatum
321 1755 391 1776 esse.
408 1749 441 1776 Et
456 1750 651 1780 Commentario
667 1755 694 1781 in
709 1756 788 1784 Amos
807 1767 848 1791 Ill,
866 1760 908 1794 ll,
923 1762 960 1789 ait

172 1790 366 1826 Symmachum
385 1803 438 1822 non
455 1798 542 1825 solere
557 1800 702 1828 verborum
716 1804 893 1840 κακοζηλίαν,
912 1808 959 1835 sed

170 1837 356 1873 intelligentiae
369 1842 492 1870 ordinem
509 1846 597 1879 sequi.

235 1883 288 1911 VH.
313 1885 448 1914 Theodoro
464 1889 626 1919 Heracleon
640 1901 691 1920 non
706 1894 745 1921 ita
759 1895 896 1929 probatur.

205 1927 305 1957 Verum
318 1952 325 1964 ,
353 1939 382 1960 ut
404 1935 511 1962 variant
526 1937 679 1972 opiniones,
698 1938 857 1969 Theodorus
874 1942 957 1971 Hera-

165 1973 286 2010 cleotes,
306 1978 346 2005 vir
360 1979 460 2015 ingenii
476 1982 682 2017 perspicacitate
699 1993 781 2020 quam
807 1987 868 2015 fidei
887 1988 957 2016 inte-

166 2023 263 2057 gritate
281 2026 414 2058 nobilior,
434 2027 460 2054 in
476 2026 629 2064 fragmento
653 2032 724 2065 quod
743 2033 812 2060 infra
829 2033 953 2068 edemus,

166 2068 375 2102 animadvertit,
390 2071 595 2106 Symmachum,
611 2075 675 2102 dum
692 2076 783 2104 nimia:
799 2079 954 2112 perspicui-

163 2114 212 2140 tati
227 2116 326 2146 studet,
341 2124 355 2143 a
370 2125 434 2145 vero
450 2118 573 2148 Hebraici
591 2129 674 2149 sensu
693 2130 745 2149 non
763 2123 952 2158 infrequenter

1038 199 1098 225 dem
1117 200 1337 234 perspicuitatem
1355 200 1530 234 praeferrent,
1549 199 1596 227 scd
1613 199 1645 226 ad
1662 199 1829 226 Hebraicqu

1038 253 1091 272 non
1107 246 1142 272 ita
1159 247 1334 280 quadrarent.
1360 246 1399 272 Ad
1415 245 1471 272 ilch
1486 251 1575 272 autem
1587 265 1595 277 ,
1619 246 1829 278 similitudines,

1036 290 1136 324 quibus
1153 291 1274 318 abundat
1296 290 1427 317 Hebraica
1444 290 1545 325 lingua,
1562 289 1741 325 Symmachus
1754 297 1830 324 saepe

1036 336 1064 362 in
1078 337 1205 374 versione
1216 344 1264 364 sua
1283 345 1336 363 non
1352 336 1503 370 expressit;
1517 336 1610 370 sicque
1623 336 1757 363 dictorum
1769 337 1826 362 vim

1034 386 1060 408 et
1072 382 1223 416 emphasim
1245 382 1393 414 enervavit,
1413 387 1442 409 ut
1458 390 1520 409 cum
1532 403 1539 415 ,
1556 382 1629 410 verbi
1644 390 1738 415 causa,
1757 382 1827 409 illud

1034 428 1132 462 psalm.
1159 436 1248 461 vau,
1276 429 1319 461 51,
1338 432 1443 457 civ-pm
1462 433 1535 460 my,
1560 436 1575 455 a
1592 427 1661 454 LXX
1686 427 1825 462 Interpre-

1033 474 1106 501 tibns
1128 475 1168 501 sic
1194 482 1369 509 expressum,
1395 476 1411 510 ή
1439 475 1581 509 συναγωγὴ
1616 474 1669 501 τῶν
1697 473 1820 509 ταύρων,

1032 521 1197 555 congregatio
1214 526 1361 550 luururunt.
1378 520 1570 556 Symmachus,
1588 520 1687 555 συνόδῳ
1703 528 1819 555 παμμε-

1031 567 1118 602 γεθῶν
1129 587 1136 598 ,
1152 569 1348 602 congregationi
1364 567 1560 602 prwgrandittm
1573 587 1580 600 ,
1603 567 1698 600 vertit,
1716 572 1744 593 ut
1759 568 1820 594 cla-

1031 613 1088 640 rius
1115 622 1169 641 rem
1192 615 1380 648 exprimeret:
1408 618 1435 641 ct
1455 613 1494 640 sic
1516 613 1723 640 similitudinem
1742 614 1820 640 illam

1030 659 1161 691 abstulit,
1186 668 1246 694 qua:
1269 668 1332 686 cum
1357 660 1504 695 quamdam
1534 659 1673 695 ἐνέργειαν
1699 659 1820 686 orationi

1031 706 1150 739 inderet,
1176 706 1242 732 IIIHH
1264 710 1353 733 tamen
1370 705 1463 732 sensui
1481 705 1623 732 alliciebat.
1648 704 1710 731 Hmc
1728 703 1820 731 Theo-

1029 752 1112 779 dorus
1134 752 1325 785 Heracleotes,
1341 753 1387 787 qui
1405 751 1477 778 aliud
1495 751 1638 786 simileque
1660 751 1818 786 exemplum

1027 805 1059 824 ex
1075 797 1169 824 eodem
1184 799 1308 832 psalmo,
1326 799 1352 833 ᾖ.
1367 797 1401 824 54
1412 818 1419 830 ,
1437 797 1482 824 ubi
1499 797 1543 823 illa
1558 796 1639 823 verba
1654 800 1733 825 Ἴως.
1745 787 1820 826 ΞΞἿι)

1027 849 1167 887 DTP'VDW
1193 844 1262 870 LXX
1288 849 1415 876 vertunt,
1442 844 1481 879 τῷ
1499 843 1674 878 ἐπιϐεόηκότι
1697 843 1742 869 ἐπὶ
1769 843 1818 869 τὸν

1025 889 1138 924 οὐρανὸν
1162 890 1209 916 τοῦ
1229 889 1345 926 οὐρανοῦ
1372 889 1442 916 κατὰ
1459 888 1607 920 ἀνατολὰς,
1629 889 1673 923 qui
1696 888 1817 914 ascendit

1024 944 1102 970 super
1124 937 1217 963 caelum
1240 937 1298 963 cwli
1316 937 1350 963 ad
1374 937 1517 966 orientem:
1536 935 1716 971 Symmachus
1738 943 1816 966 vero,

1024 982 1061 1017 τῷ
1087 984 1262 1019 ἐποχουμένῳ
1287 984 1332 1009 ἐπὶ
1358 983 1402 1009 τὸν
1427 983 1540 1020 οὐρανὸν
1568 982 1615 1009 τοῦ
1637 982 1752 1017 οὐρανθῦ
1780 984 1816 1010 ἐκ

1024 1029 1134 1064 πρώτης
1144 1049 1150 1059 ,
1166 1030 1210 1063 qui
1227 1030 1331 1056 vehitur
1343 1038 1421 1063 super
1435 1029 1528 1056 cwlum
1546 1029 1603 1055 caeli
1616 1036 1646 1055 ex
1660 1029 1755 1063 prima.

1058 1076 1135 1109 Quod
1153 1077 1186 1103 ad
1211 1077 1328 1110 primum
1347 1081 1438 1103 autem
1456 1076 1609 1110 exemplum
1626 1076 1738 1106 attinet,
1758 1083 1815 1103 non

1022 1123 1116 1149 duhilo
1142 1123 1242 1150 multos
1265 1122 1325 1148 fore
1349 1122 1396 1156 qui
1421 1121 1577 1157 Symmachi
1605 1125 1696 1156 partes
1721 1121 1815 1155 susci-

1022 1169 1096 1203 piant
1111 1177 1117 1195 :
1134 1176 1195 1195 nam
1212 1173 1282 1197 17m
1300 1176 1370 1202 smpe
1392 1168 1500 1203 ἰσχυρὸς
1522 1167 1599 1202 [ortis
1616 1167 1656 1194 vel
1677 1167 1813 1202 δυνάστης

1021 1220 1110 1249 potens
1125 1215 1207 1241 etiam
1223 1222 1237 1241 a
1253 1214 1323 1241 LXX
1346 1213 1540 1248 lnterpretibus
1554 1213 1684 1245 vertitur;
1707 1213 1811 1245 rarius,

1021 1261 1137 1296 ταῦρος,
1157 1266 1249 1288 taurus
1264 1269 1272 1287 :
1289 1263 1340 1288 hoc
1364 1265 1453 1288 autem
1477 1260 1536 1287 loco
1555 1259 1735 1294 Hieronymus
1753 1261 1813 1294 for—

1021 1308 1087 1334 tium
1105 1308 1309 1342 interpretatur,
1324 1307 1450 1342 Aquilam
1469 1306 1537 1333 forte
1555 1311 1665 1334 secutus
1679 1326 1686 1338 ,
1704 1306 1742 1333 uti
1759 1314 1809 1333 so-

1020 1353 1056 1379 let
1071 1353 1097 1379 in
1112 1353 1237 1380 Psalmis.
1255 1353 1332 1386 Quod
1349 1353 1382 1379 ad
1397 1352 1547 1380 secundum
1560 1359 1624 1378 vero
1638 1352 1807 1386 exemplum,

1020 1397 1106 1424 fateor
1124 1398 1189 1424 mihi
1206 1398 1285 1425 etiam
1297 1418 1304 1429 ,
1321 1399 1433 1432 perinde
1450 1403 1530 1432 atque
1546 1397 1688 1425 Theodoro
1701 1418 1708 1430 ,
1723 1405 1809 1424 accu-

1019 1443 1146 1470 ratiorem
1161 1444 1246 1470 videri
1261 1444 1315 1470 τῶν
1331 1445 1368 1475 0',
1387 1452 1468 1478 quam
1488 1443 1654 1479 Symmachi,
1669 1444 1806 1478 interpre—

1018 1489 1156 1516 tationem.
1176 1489 1276 1516 Verum
1295 1498 1347 1516 non
1366 1491 1465 1517 desunt
1480 1491 1533 1517 alia
1549 1491 1672 1524 exempla
1689 1498 1723 1517 ex
1737 1491 1804 1524 qui-

1021 1534 1070 1561 bus
1090 1540 1219 1570 arguatur
1241 1535 1452 1570 Symmachum,
1476 1536 1540 1563 dum
1568 1536 1754 1570 perspicuitati
1778 1540 1808 1563 et

1017 1579 1156 1614 elegantiae
1167 1580 1267 1613 studet,
1278 1589 1292 1607 a
1307 1588 1371 1608 vero
1385 1581 1533 1614 Scriptura:
1548 1589 1631 1616 scopo
1648 1582 1805 1609 aberrasse.

1050 1626 1178 1653 Attamen
1209 1634 1270 1653 vere
1295 1627 1347 1654 dici
1375 1633 1462 1662 potest
1490 1627 1682 1664 Symmachum
1706 1627 1806 1663 optimi

1014 1671 1167 1706 interpretis
1184 1680 1295 1700 munere
1320 1673 1441 1700 functum
1465 1682 1544 1701 esse:
1561 1674 1611 1701 etsi
1628 1674 1718 1705 enim,
1735 1674 1804 1700 dum

1014 1717 1115 1744 claram
1129 1718 1281 1752 exprimere
1302 1719 1464 1746 sententiam
1480 1720 1583 1751 nititur,
1601 1728 1617 1746 a
1637 1727 1701 1747 vero
1716 1727 1802 1747 sensu

1013 1771 1209 1798 nonnunquam
1225 1765 1359 1795 deﬂectat,
1376 1766 1439 1800 quid
1458 1766 1575 1798 mirum,
1593 1767 1618 1792 in
1635 1773 1663 1792 re
1681 1766 1804 1792 maxime

1011 1813 1064 1836 tam
1082 1810 1185 1836 ardua?
1200 1809 1267 1842 Quis
1283 1811 1351 1837 adeo
1366 1811 1476 1846 lynceus
1487 1831 1494 1843 ,
1512 1812 1538 1838 in
1558 1816 1631 1838 tanta
1653 1811 1733 1838 seriei
1750 1819 1802 1845 pe-

1010 1854 1182 1889 regrinitate,
1207 1859 1280 1881 tanta
1297 1855 1464 1882 obscuritate
1482 1856 1625 1883 verborum
1639 1876 1646 1888 ,
1666 1860 1801 1890 quantam

1008 1900 1160 1927 innumeris
1185 1900 1212 1927 in
1238 1900 1305 1928 locis
1330 1900 1438 1935 praefert
1461 1901 1610 1929 llebraicus
1634 1906 1742 1933 textus,
1770 1907 1803 1929 ut

1008 1945 1101 1971 omnia
1116 1953 1224 1979 semper
1240 1950 1366 1972 accurate
1378 1951 1405 1972 et
1418 1946 1478 1973 sine
1490 1947 1640 1981 sphalmate
1656 1946 1742 1981 possit
1754 1947 1803 1973 in-

1007 1991 1149 2025 terpretari
1161 1991 1172 2016 ἲ
1186 1991 1213 2017 Id
1229 1996 1303 2018 certe
1319 1992 1445 2019 humanae
1462 1999 1516 2019 non
1532 2000 1592 2019 esse
1609 1991 1746 2019 facultatis
1760 1993 1802 2019 vi-

1005 2036 1094 2063 detur.
1112 2037 1245 2064 Caeterum
1262 2037 1442 2073 Symmachus
1465 2038 1526 2065 ideo
1548 2038 1662 2066 fortasse
1685 2038 1801 2066 liberio-

1006 2089 1062 2109 rem
1076 2083 1322 2119 elegantioremque
1339 2085 1535 2119 interpretandi
1554 2093 1656 2112 morem
1674 2089 1800 2114 sectatus

1005 2133 1056 2161 est,
1066 2130 1129 2163 quia
1143 2130 1247 2157 ridebat
1256 2130 1397 2169 .Aquilam,
1406 2136 1514 2166 propter
1530 2131 1641 2159 nimiam
1652 2132 1799 2167 ἀκρίϐειαν

164 2159 316 2213 aberraSSe.
328 2163 394 2190 Nam
411 2173 473 2192 cum
488 2167 591 2200 omnia,
604 2169 684 2196 etiam
699 2169 867 2203 difficillima,
882 2171 954 2199 clare
972 2183 992 2210 υ
1006 2179 1033 2201 et
1049 2175 1204 2210 religionem
1220 2197 1226 2209 ,
1246 2159 1305 2212 ipso
1319 2176 1452 2205 llebiaico
1470 2181 1546 2205 textu
1561 2185 1631 2213 saepe
1649 2178 1798 2208 obseurio-

163 2206 275 2234 reddere
290 2213 425 2244 satagerct
437 2231 445 2243 ,
469 2212 629 2249 plerumque
643 2216 733 2243 evenit
746 2221 777 2244 ut
796 2225 842 2245 eas
868 2226 950 2246 voces

1006 2228 1061 2248 rem
1078 2229 1149 2249 esse.

688 2334 879 2381 CAPUT
914 2337 1252 2384 SEPTIMUM.

736 2423 781 2454 De
798 2424 1029 2457 Theodotionis
1056 2426 1206 2458 editione.

191 2508 210 2534 ι.
223 2508 281 2539 Quis
293 2507 368 2533 fuerit
379 2510 526 2537 Theodotio.
541 2513 569 2538 ll.
583 2514 618 2539 De
633 2517 728 2542 ratione
742 2519 922 2552 interpretandi
937 2530 984 2555 qua
1002 2531 1061 2548 usus
1074 2527 1122 2547 est.
1138 2522 1180 2547 Hl.
1194 2521 1296 2547 Czeteris
1309 2522 1488 2553 interpretibus
1500 2522 1621 2547 indoctior
1632 2523 1747 2549 habetur.

358 2566 378 2593 Ι.
400 2567 465 2599 Quis
478 2569 557 2603 fuerit
578 2573 726 2603 Tlteodotio.

193 2609 356 2643 Theodotio,
373 2613 473 2648 Sinope
486 2615 512 2641 in
527 2615 614 2645 Ponto
630 2620 773 2655 oriundus,
785 2623 943 2654 Marcionita

154 2662 226 2687 erat,
241 2661 269 2684 ut
282 2658 320 2685 ait
337 2658 519 2693 Epiphanius;
535 2663 581 2689 sed
597 2673 657 2692 cum
672 2667 766 2696 haeresi
783 2678 838 2697 sua:
852 2671 942 2706 ignota

156 2702 235 2729 nobis
259 2702 292 2730 de
309 2711 390 2731 causa
408 2713 594 2743 succenserct,
623 2711 656 2737 ad
671 2711 781 2742 Judacos
803 2702 942 2752 confugit,

156 2747 389 2784 circumcisus-[ne
401 2756 452 2778 est.
468 2752 615 2788 Postquam
636 2765 694 2785 .cro
710 2759 870 2790 Hebraich
887 2747 942 2790 lin;

155 2805 235 2831 gnam
251 2799 414 2835 edidicisset,
430 2802 680 2839 interpretationem
695 2812 719 2834 et
734 2808 790 2842 ipse
802 2817 879 2837 suam
894 2817 940 2845 ag-

998 2589 1108 2617 gressus
1122 2585 1174 2608 est.
1192 2580 1254 2607 Hzec
1269 2579 1446 2615 Epiphanius.
1463 2580 1516 2607 Alii
1533 2588 1608 2613 vero,
1624 2589 1721 2617 nempe
1734 2581 1791 2612 Eu.

998 2628 1088 2655 sebius
1103 2632 1130 2654 et
1147 2626 1338 2662 Hieronymus,
1355 2627 1432 2653 aiunt
1443 2627 1594 2654 Ebionilam
1611 2627 1711 2660 fuisse;
1726 2629 1791 2659 sive

996 2682 1028 2702 ex
1043 2673 1143 2701 Judaeis
1157 2674 1190 2699 ad
1208 2672 1347 2699 Ebionitas
1362 2672 1524 2707 confugerit,
1541 2674 1606 2705 sive,
1620 2675 1683 2709 quia
1700 2674 1790 2703 Ebio-

996 2721 1057 2747 nitm
1075 2727 1123 2754 pro
1139 2718 1240 2745 Judeeis
1265 2718 1436 2745 habebuntur
1459 2723 1486 2745 et
1503 2719 1786 2755 circumcidebantur,

996 2764 1029 2791 ad
1043 2764 1151 2791 Judaaos
1169 2763 1324 2797 confugisse
1347 2764 1491 2791 crediderit
1507 2764 1672 2800 Epiphanius
1683 2788 1690 2799 ,
1715 2767 1785 2801 quia

995 2810 1028 2838 ad
1047 2810 1186 2838 Ebionitas
1208 2817 1236 2837 se
1251 2814 1398 2844 receperat.
1414 2809 1594 2846 Hieronymus
1609 2816 1715 2846 lainen,
1731 2815 1782 2846 qui
