1902 3049
48 91 78 119 95
652 94 685 121 ΙΝ
706 94 867 123 HEXAPLA
886 95 1057 125 ORIGENIS.
1640 94 1674 121 Μ

48 157 105 177 eum
124 147 188 175 alibi
202 146 359 177 Ebionitam
376 151 509 186 appellat,
531 151 690 181 Prtefatione
709 147 743 180 ἰιι
762 154 835 181 Com-
854 157 877 186 Α
891 155 1076 190 infrequenter
1091 158 1181 182 tamen
1205 162 1238 182 ex
1252 154 1369 189 Aquila,
1395 154 1485 180 rarius
1499 160 1532 180 ex
1548 152 1674 188 Symma-

48 200 126 223 meat.
136 194 266 226 Danielis,
279 203 336 223 rem
348 196 376 223 in
391 197 479 225 dubio
488 198 640 233 relinquere
653 200 767 232 videtur,
776 208 838 227 cum

47 241 84 270 ait
101 250 109 267 :
130 240 183 268 Sed
195 242 278 277 juxta
295 242 504 270 Theodotionem
525 244 660 273 Ecclesias
681 245 778 280 legere,
795 247 840 281 qui

47 289 136 323 utique
158 293 219 322 post
238 289 383 316 adventant
403 289 504 317 Christi
526 291 676 318 incredulus
692 293 759 327 fuit,
780 293 840 320 licet

48 343 105 360 eum
121 335 234 369 quidam
247 335 339 362 dicunt
354 335 519 369 Ebionitam,
534 338 579 372 qui
594 338 676 364 altero
691 346 782 372 genere
795 338 842 365 Ju-

49 381 122 406 dmts
138 385 189 406 est.
203 381 251 407 llle
266 389 330 407 vero
342 389 397 408 non
410 382 493 409 semel
509 390 523 409 a
539 382 649 415 Graecis,
661 384 707 418 qui
723 384 748 411 in
765 384 841 412 Scri-

50 431 159 460 pturarn
175 427 374 454 commentaria
392 427 546 458 ediderunt,
561 428 688 461 Θεόδοτος
699 449 706 461 ,
724 429 843 457 Theodo-

51 477 92 498 tus
107 472 192 498 etiam
209 477 333 502 vocatur.
351 477 381 499 ut
396 473 487 501 videas
505 474 574 508 psal.
589 483 656 501 thn
675 476 701 502 in
719 476 801 508 notis,
816 480 843 503 et

53 519 120 552 psal.
135 525 205 550 ur,
234 518 292 545 sive
315 518 340 544 id
367 518 471 545 librarii
496 519 593 547 mendo
612 520 760 552 acciderit,
785 521 843 548 sive

53 570 170 597 utraque
195 563 354 591 terminatio
372 564 399 590 in
414 564 473 599 ejus
489 565 598 592 nomine
613 566 732 593 admissa
749 565 841 599 fuerit,

53 609 87 635 ita
102 614 133 635 ut
148 609 231 635 modo
243 609 381 640 Θεόδοτος.
394 610 473 637 modo
485 610 629 638 Θεοδοτιων
645 617 796 645 vocaretur;
814 616 843 639 ut

59 655 218 690 Ἀςκλήπας
244 656 327 682 etiam
346 656 508 692 Ἀσκληπιὸς
521 677 528 689 ,
553 657 691 694 Ίσχύρας,
712 659 842 694 Ἰαχύριος

55 705 80 726 ct
95 700 240 735 Ἰσχυρξων
254 701 469 735 appellabantur.
480 701 558 729 lllum
568 703 842 731 autem‘incredulum

55 746 150 778 fuisse,
165 755 222 774 nou
238 752 329 774 autem
343 748 528 776 Christianum
542 749 712 783 Ebionitam,
729 752 844 780 suadere

56 793 163 820 videtur
184 794 374 828 interpretatio
396 795 447 822 loci
465 795 539 832 illius
553 796 722 824 celeberrimi
746 798 772 824 in
789 798 843 825 Da-

890 201 953 234 cho,
966 200 1131 236 desumpsit;

925 247 1000 276 Licet
1013 252 1102 274 autem
1116 246 1265 274 Theodotio
1282 244 1351 272 LXX
1365 244 1544 279 lnterpretum
1561 243 1676 279 vestigio

891 293 946 321 fere
966 301 1072 328 semper
1090 293 1198 323 haereat,
1218 299 1273 319 non
1299 299 1390 326 parem
1413 297 1502 318 tamen
1528 290 1627 325 ubique
1648 295 1677 317 et

891 339 918 366 in
935 339 1062 366 omnibus
1075 337 1222 372 Scriptura
1237 337 1315 364 libris
1330 336 1525 371 interpretandi
1542 337 1674 363 rationem

892 388 1011 412 sectatus
1029 388 1071 411 est
1087 393 1093 410 :
1114 383 1218 418 Aquilae
1231 383 1302 410 enim
1325 389 1379 409 non
1394 390 1456 409 raro
1471 382 1674 417 interpretatio-

892 437 954 456 nem
970 430 1097 464 adoptat,
1115 434 1145 456 ut
1169 429 1196 456 iit
1211 428 1327 456 decurstt
1350 427 1431 462 hujus
1449 428 1539 460 operis
1559 427 1675 460 videbis,

892 475 1000 510 quando
1027 480 1137 502 notatur
1153 475 1197 506 A.,
1210 474 1253 506 Θ.,
1277 479 1358 508 atque
1374 473 1455 500 etiam
1473 473 1517 500 ubi
1533 473 1578 505 A.,
1590 473 1632 505 Σ.,
1643 472 1674 500 Θ.

893 522 948 550 Etsi
965 522 1036 549 enim
1051 521 1202 549 Theodotio
1215 521 1409 557 Symmachum
1430 524 1509 547 aetate
1532 521 1675 555 praecedat,

893 568 1026 603 posterior
1042 572 1132 595 tamen
1157 567 1192 594 ob
1207 574 1318 594 causam
1339 566 1416 593 initio
1437 571 1615 593 memoratam
1634 566 1674 592 lo-

892 618 980 641 catur.
1003 614 1096 649 Itaque
1116 613 1161 640 ubi
1189 613 1234 646 A.,
1252 613 1293 644 Σ.,
1312 612 1355 643 Θ..
1371 611 1556 646 praemittitur,
1578 611 1675 638 intelli-

893 669 941 696 gas
957 664 1065 695 oportet
1082 659 1289 695 Symmachum,
1307 658 1352 685 ubi
1366 657 1492 692 Aquilam
1517 663 1543 684 et
1556 657 1678 684 Theodo-

893 709 994 735 tionem
1012 707 1039 734 in
1051 706 1180 734 vertendo
1196 705 1341 733 convenire
1356 705 1434 737 vidit,
1449 704 1560 732 eosdem
1576 705 1603 731 iu
1621 704 1678 731 edi-

894 754 966 781 tione
983 761 1032 781 sua
1046 761 1116 788 saepe
1131 757 1254 780 secutum
1271 759 1340 778 esse.

945 799 990 826 lll.
1015 798 1123 826 theris
1145 797 1331 831 interpretibus
1355 796 1487 823 indoctior
1503 796 1624 822 habetur.

55 839 139 871 niele,
175 847 238 874 cap.
269 847 311 873 ix,
343 839 395 873 26,
429 841 473 868 ubi
506 841 635 870 llebraica
669 843 751 871 verba
780 832 882 871 suntB
928 845 987 873 Non
1015 845 1201 880 inl'requenter
1225 845 1306 872 etiam
1331 843 1484 870 Theodotio
1511 842 1678 876 peculiarem

54 890 136 914 mra
148 890 221 914 m7
235 890 320 915 cum
340 891 425 916 οητπυ
435 892 549 919 meﬂ
563 893 654 922 tanta,
670 890 766 925 Aquila
779 899 842 920 vero

56 932 93 957 sic
110 932 320 965 interpretatur,
336 933 384 959 καὶ
396 933 466 968 μετὰ
478 934 526 966 τὰς
541 935 609 962 ἑπτὰ
621 935 768 972 ἑϐδομάδας
777 958 784 969 ,
796 938 843 964 καὶ

58 978 190 1012 ἐξήκοντα
205 978 263 1010 δύο,
278 977 536 1014 ἑξολοθρευθήσεται
554 980 734 1018 εἱλειμμένος,
747 989 768 1010 et
785 988 843 1018 post

55 1028 151 1057 septem
165 1024 346 1052 hebdomadas
361 1031 384 1052 et
405 1027 541 1061 sexaginta
559 1028 636 1061 duas,
654 1031 842 1058 exterminabi-

56 1075 96 1096 ιιι·
109 1075 220 1097 unctus.
238 1070 432 1106 Symmachus,
451 1071 577 1100 Ebionita
597 1074 780 1109 Christianus,
797 1078 843 1104 καὶ

56 1115 123 1150 μετὰ
139 1115 192 1147 τὰς
216 1116 369 1152 ἑϐδομάδας
386 1118 456 1145 ἑπτὰ
475 1119 521 1145 καὶ
541 1119 671 1155 ἑξήκοντα
685 1121 730 1148 δύο
741 1141 748 1154 ,
766 1123 845 1149 ἐκκο-

57 1163 173 1197 πήσεται
201 1163 337 1198 Χριστός,
363 1168 387 1189 ιι
412 1169 470 1198 post
492 1165 667 1193 hebdomadas
698 1172 792 1202 septem
819 1172 845 1194 et

56 1209 192 1243 sexaginta
215 1210 284 1235 duas
305 1209 474 1236 exscindetur
490 1210 620 1238 Christus.
645 1213 680 1239 At
696 1213 844 1241 Theodotio

58 1254 188 1289 insignem
215 1255 290 1282 illam
308 1255 342 1282 de
363 1255 474 1283 Christo
490 1258 659 1292 prophetiam
684 1259 843 1294 interpreta-

58 1301 125 1328 tione
135 1309 187 1328 sua
203 1307 340 1336 quantum
357 1303 444 1336 potuit
456 1303 640 1338 labefactavit,
651 1310 678 1332 et
687 1305 842 1333 .ludaeorum

59 1355 128 1374 more
155 1348 356 1382 interpretatus
376 1353 418 1375 est
440 1349 483 1377 his
505 1351 613 1382 verbis,
640 1352 686 1378 καὶ
711 1352 779 1387 μετὰ
795 1353 844 1385 τὰς

59 1393 206 1428 ἑϐδομάδας
238 1393 291 1425 τὰς
328 1394 461 1430 ἑξήκοντα
494 1396 555 1428 δύο,
593 1397 845 1434 ἐξολοορευϐήσεται

58 1439 170 1474 χρίσμα,
199 1444 223 1465 et
244 1445 303 1474 post
325 1440 501 1468 hebdomadas
521 1443 660 1477 sexaginta
677 1443 744 1470 duas
758 1449 842 1471 exter-

60 1486 201 1512 minabitur
225 1487 334 1517 unctio,
359 1487 404 1514 ubi
430 1487 530 1515 Christi
555 1494 581 1516 et
604 1490 679 1516 uncti
696 1494 722 1518 et
740 1490 844 1518 Messiae
859 1513 879 1522 ,,

60 1531 222 1558 mentionem
248 1532 360 1559 sustulit
374 1553 381 1565 ,
398 1533 460 1560 licet
476 1537 557 1563 men:
570 1535 642 1562 clare
665 1535 692 1562 in
711 1534 843 1564 Hebraico

59 1578 236 1612 exprimatur.
255 1577 290 1604 At
306 1578 448 1611 Ebionilze,
464 1580 514 1606 etsi
527 1579 618 1607 Jesum
632 1588 687 1607 non
704 1582 844 1609 crederent

60 1630 113 1649 esse
126 1622 211 1649 Deum
222 1644 229 1655 ,
254 1623 344 1657 ipsum
364 1627 452 1650 tamen
466 1631 514 1658 pro
526 1623 634 1651 Christo
649 1629 729 1660 atque
746 1625 843 1652 Messia

62 1669 191 1696 habebant
206 1679 212 1696 :
226 1677 288 1704 quae
304 1677 348 1696 res
367 1670 550 1704 suspicionem
578 1671 724 1698 maximam
741 1671 843 1699 inducit

62 1714 142 1748 ipsum
158 1723 216 1742 non
233 1714 402 1747 Ebionitam,
430 1716 477 1743 sed
494 1723 556 1743 vere
572 1715 741 1743 incredulum
756 1720 783 1743 et
796 1715 844 1743 Ju-

62 1761 142 1788 daeum
158 1761 256 1788 fuisse.

134 1806 167 1834 ll.
191 1807 230 1834 De
245 1807 349 1834 ratione
365 1807 555 1842 interpretandi
572 1817 624 1844 qua
639 1817 702 1836 usus
718 1814 766 1836 est.

92 1852 245 1881 Theodotio
256 1874 263 1887 ,
278 1858 309 1880 ut
321 1853 376 1888 jam
391 1855 566 1888 probavimus
578 1875 585 1887 ,
605 1860 665 1890 post
681 1855 804 1891 Aquilam
817 1861 844 1884 et

62 1905 118 1927 ante
143 1899 342 1935 Symmachum
368 1900 616 1935 interpretationem
641 1909 737 1932 suam.
760 1902 844 1936 impe-

63 1951 133 1974 tante
144 1946 301 1974 Commodo
314 1967 321 1978 ,
339 1947 365 1973 in
387 1947 474 1974 lucem
498 1947 589 1975 emisit
605 1956 611 1973 :
626 1951 653 1974 et
676 1948 702 1974 in
723 1948 843 1976 vertendi

65 1993 139 2020 modo
160 2001 175 2020 ει
203 1992 274 2019 LXX
298 1993 493 2028 lnterpretibus
514 1995 605 2022 minus
623 2002 704 2029 quam
729 1995 773 2021 alii
796 1995 844 2022 de-

63 2039 145 2072 ﬂexit;
178 2040 237 2067 imo
268 2041 350 2066 etiam
377 2039 448 2066 LXX
471 2040 621 2075 srepissime
643 2045 753 2068 secutus
779 2046 840 2068 est:

63 2094 116 2120 qua:
129 2094 214 2113 causa
231 2085 300 2119 fuit,
317 2090 346 2112 ut
360 2093 420 2112 cum
435 2085 503 2112 LXX
520 2086 679 2119 deficerent,
695 2087 766 2121 quod
790 2087 843 2114 fre—

63 2138 170 2166 quenter
184 2132 303 2162 accidit,
322 2133 471 2166 praesertim
496 2133 522 2159 in
550 2132 626 2160 libris
646 2132 745 2165 .losue,
768 2132 843 2160 Judi-

894 892 956 924 sibi,
969 891 1003 918 ab
1015 892 1129 926 aliisque
1141 891 1268 918 omnibus
1278 891 1412 918 diversam
1427 888 1677 924 interpretationem

894 939 1026 966 adornat:
1041 938 1068 964 in
1087 938 1174 972 iisque
1188 937 1254 964 locis
1271 938 1348 972 longe
1364 937 1469 963 minore
1485 943 1565 970 quant
1582 934 1678 968 Aquila

893 986 934 1012 vel
948 984 1139 1020 Symmachus,
1151 983 1291 1011 Hebraiczr.
1306 984 1403 1017 linguae
1418 982 1514 1017 peritia
1530 982 1680 1008 instructus

894 1031 1112 1066 deprehenditur.
1130 1030 1196 1057 Nam
1213 1034 1308 1065 prmter
1330 1029 1383 1056 alia
1400 1029 1491 1055 minus
1505 1027 1577 1054 docti
1594 1027 1677 1053 inter-

894 1077 979 1112 pretis
997 1077 1084 1112 signa,
1100 1085 1160 1111 qua:
1174 1077 1280 1104 erudito
1297 1075 1391 1102 lectori
1405 1073 1568 1109 exploranda
1584 1081 1602 1100 r-
1614 1072 1679 1099 mil-

895 1124 989 1155 timus,
1007 1131 1128 1158 persaepe
1143 1123 1187 1149 ille
1200 1113 1282 1150 verba
1298 1121 1442 1153 llebraica,
1459 1126 1575 1155 quorum
1597 1118 1681 1144 inter-

894 1169 1009 1204 pretatio
1031 1177 1085 1196 non
1113 1169 1149 1196 ita
1166 1169 1281 1195 ditllcilis
1304 1172 1372 1200 erat,
1396 1171 1426 1193 ut
1447 1165 1567 1193 vertendi
1594 1164 1680 1191 mole-

894 1216 973 1243 stiam
990 1215 1147 1245 declinaret,
1165 1214 1267 1241 Graacis
1287 1213 1385 1240 litteris
1401 1211 1545 1247 expressit,
1562 1209 1679 1244 exetnpli

894 1269 976 1288 causa
996 1260 1080 1288 Levit.
1100 1269 1147 1292 vu,
1169 1260 1211 1293 18,
1234 1264 1293 1288 nam
1309 1251 1380 1290 Ltus,
1396 1259 1453 1293 ipse
1478 1257 1556 1284 vertit
1570 1255 1679 1291 φεγγὼλ

895 1306 981 1340 ἔσται,
1006 1307 1057 1337 vel.
1081 1313 1109 1333 ut
1131 1306 1201 1334 alius
1223 1305 1307 1333 codex
1331 1305 1422 1337 habet,
1448 1303 1567 1338 φεγγοὶιλ
1590 1302 1678 1332 ἔσται,

894 1352 1008 1388 phengut
1027 1353 1091 1385 erit,
1110 1352 1155 1379 ubi
1169 1351 1264 1386 Aquila
1288 1356 1314 1377 et
1327 1349 1518 1385 Symmachus,
1534 1340 1594 1379 51:5
1611 1346 1680 1374 ἀπό·-
1730 1351 1731 1354 ‘

895 1398 990 1434 ϐλητον
1017 1398 1213 1432 abjiciendttnt,
1242 1397 1332 1430 LXX,
1361 1396 1487 1432 μίασμα,
1517 1395 1677 1430 inquinatio,

897 1443 1077 1480 Symmachus
1099 1444 1162 1470 alibi
1190 1443 1285 1478 ἀργὸν,
1302 1442 1407 1472 inutile,
1426 1441 1482 1474 alii,
1503 1441 1623 1475 fetidum,
1637 1439 1678 1466 vcl

896 1494 1048 1525 corruptum
1061 1489 1102 1516 vel
1118 1488 1290 1521 abominatio,
1306 1488 1529 1521 interpretantur.
1546 1485 1578 1512 Et
1592 1484 1678 1511 Levit.

895 1544 954 1568 xm,
979 1535 1012 1570 6,
1034 1540 1141 1566 manu
1163 1534 1324 1567 Theodotio,
1350 1533 1477 1569 μασφάα,
1502 1532 1546 1559 ubi
1569 1531 1678 1566 Aquila,

895 1581 1062 1616 ἐξανάδοσις,
1075 1583 1189 1617 eruptio,
1205 1580 1395 1616 Symmachus,
1411 1579 1568 1615 ἕκὸρασμα,
1585 1577 1679 1604 ebulli-

896 1629 943 1661 tio,
958 1629 999 1655 vel
1018 1628 1237 1662 ejectamentunt;
1256 1627 1318 1653 alibi
1334 1633 1398 1653 vero
1414 1626 1534 1660 ἐκφυμα,
1549 1623 1678 1658 pustula;

898 1674 1021 1709 Vulgata,
1043 1674 1142 1701 scabies
1157 1673 1298 1708 :ejusdem
1317 1672 1399 1699 etiam
1419 1676 1483 1706 puto
1502 1677 1562 1697 esse
1582 1669 1679 1696 eodem

895 1721 999 1755 capite,
1016 1719 1064 1756 σὴθ
1081 1720 1199 1755 positutn
1218 1727 1266 1754 pro
1279 1724 1356 1750 nam,
1372 1717 1444 1752 quod
1460 1721 1518 1748 est,
1535 1721 1622 1742 tumor
1636 1714 1678 1742 vel

895 1766 1016 1793 cicatrix.
1039 1767 1072 1793 Et
1085 1765 1169 1792 Levit.
1186 1773 1264 1797 xvut,
1277 1764 1324 1796 23,
1344 1756 1400 1792 5:11
1414 1762 1566 1790 Theodotio
1585 1760 1677 1792 θὰϐελ,

897 1812 1009 1845 Thabel,
1043 1812 1140 1847 Aquila
1172 1818 1246 1843 vero,
1278 1809 1471 1845 ἀπειρημένον,
1507 1806 1678 1842 prohibitum,

896 1859 1076 1895 Symmachus
1098 1858 1226 1894 ἅρῤητον,
1247 1857 1400 1891 infundunt,
1426 1855 1556 1889 Vulgata,
1582 1853 1678 1880 scelus.

894 1905 928 1931 Et
943 1905 1019 1932 Deut.
1039 1913 1095 1931 χχιι
1107 1925 1114 1936 ,
1131 1905 1157 1938 9,
1176 1896 1262 1933 amb:
1279 1902 1429 1930 Theodotio
1450 1901 1531 1929 vertit
1553 1899 1678 1935 κώλυμα,

894 1951 1125 1986 impedimentum,
1149 1950 1215 1985 quia
1241 1950 1298 1976 haec
1320 1956 1372 1976 vox
1398 1948 1490 1975 Graeca
1518 1946 1678 1973 Hebraicam

894 2006 961 2032 perte
979 1997 1122 2024 lectionem
1137 1995 1229 2027 refert,
1245 1994 1384 2029 magisque
1400 1993 1554 2028 respexisse
1573 1992 1679 2019 videtur

894 2041 1044 2069 Theodotio
1063 2041 1096 2068 ad
1113 2041 1172 2068 soni
1187 2040 1341 2067 afﬁnitatem
1355 2046 1436 2073 quam
1455 2037 1489 2065 ad
1503 2036 1678 2072 signiﬁcatio—

894 2097 966 2122 nem,
980 2089 1078 2123 Aquila
1094 2094 1159 2115 vero
1174 2085 1374 2122 ὰνομοιογενὲς,
1391 2084 1418 2111 id
1431 2089 1472 2111 est
1493 2091 1583 2118 genere
1598 2083 1679 2110 dissi-

893 2135 971 2167 mile;
1004 2135 1049 2162 alii
1081 2134 1188 2160 mistum
1216 2133 1257 2160 vel
1288 2132 1427 2158 ntisturam
1455 2130 1678 2164 interpretantur.

63 2187 133 2210 cum,
150 2178 275 2214 Regum,
290 2179 351 2212 Job,
368 2178 491 2206 Jeremite
505 2183 531 2206 et
545 2178 706 2210 Ezechielis,
721 2178 842 2207 delectus
859 2189 880 2215 ο
896 2183 928 2209 Et,
948 2181 1051 2209 Hesaia;
1067 2188 1140 2213 ωιιν,
1155 2179 1181 2211 6,
1197 2183 1266 2210 ωιτν
1282 2177 1432 2205 Theodotio
1454 2177 1544 2207 venit,
1575 2175 1677 2210 Ἐδδίμ,

63 2225 214 2257 huiusmodi
238 2233 271 2252 ex
295 2224 499 2256 Theodotione,
517 2226 562 2259 qui
584 2226 644 2261 styli
669 2231 696 2253 et
713 2226 843 2253 orationis

63 2279 151 2305 genere
165 2271 286 2298 similior
302 2270 372 2297 LXX
388 2270 581 2306 lnterpretibus
597 2275 665 2304 erat,
686 2272 844 2306 suppleren-

63 2322 111 2350 tur,
125 2317 268 2344 asteriscis
281 2317 359 2344 initio
374 2325 481 2352 semper
494 2325 508 2344 a
523 2318 661 2353 latereque
676 2318 781 2352 positis,
793 2318 843 2345 do-

63 2370 105 2389 nec
125 2362 265 2397 adjectitia
291 2362 338 2389 illa
360 2362 575 2390 absolverentur.
600 2362 628 2390 In
660 2363 729 2390 libro
753 2368 842 2390 autem

63 2407 196 2441 Danielis,
222 2408 289 2444 quia
313 2408 341 2435 in
368 2407 440 2435 LXX
465 2407 659 2443 lnterpretibus
681 2413 737 2436 tota
758 2409 843 2437 series

63 2461 221 2490 pmpostere
234 2455 324 2490 posita
349 2459 419 2488 erat,
435 2454 499 2482 licet
510 2455 532 2482 ei
550 2455 681 2483 medicam
699 2455 843 2483 admovere

64 2509 165 2529 manum
181 2501 331 2529 tentaverit
343 2499 487 2536 Origenes,
503 2500 549 2527 illa
564 2505 653 2528 tamen
669 2500 786 2528 editione
797 2508 841 2527 re-

64 2553 136 2579 mota,
152 2547 372 2576 Tlteodotionem
388 2546 449 2581 ejus
471 2547 530 2574 loco
545 2547 685 2575 substituit
697 2547 816 2574 Ecclesia
833 2556 840 2574 :

65 2595 124 2622 unde
138 2594 238 2622 factum
251 2599 295 2622 est
310 2599 341 2621 ut
353 2593 549 2621 Theodotionis
563 2594 646 2621 editio
661 2594 687 2620 in
704 2594 840 2620 Danielem

67 2640 184 2676 hodieque
200 2641 258 2669 sola
275 2641 303 2668 in
327 2639 460 2666 Ecclesiis
472 2638 572 2667 Graecis
587 2640 702 2675 legatur,
719 2644 745 2666 et
758 2639 842 2666 editio

65 2686 109 2713 τῶν
130 2689 154 2714 0'
168 2689 303 2724 paulatim
321 2686 470 2714 interierit.
486 2686 542 2713 Alia
557 2686 619 2713 item
636 2687 743 2714 minora
763 2686 841 2714 addi-

65 2738 177 2768 tamenta,
190 2744 253 2771 qua:
265 2734 426 2770 praemissis
442 2734 579 2761 asteriseis
602 2733 713 2761 editioni
732 2734 786 2759 τῶν
813 2735 841 2760 0'

66 2779 162 2808 inseruit
175 2781 324 2817 Origenes,
343 2786 374 2807 ut
387 2780 534 2814 plurimutn
550 2788 583 2808 ex
601 2780 840 2813 Theodotione,oh

64 2831 222 2856 memoratam
251 2827 321 2861 styli
347 2825 522 2858 allinitatem,
548 2829 687 2854 mutuatus
709 2830 767 2860 est;
785 2833 839 2853 non

897 2228 1013 2262 Eddim,
1043 2227 1089 2254 ubi
1111 2226 1207 2260 Aquila
1242 2224 1419 2261 μαρτυριῶν,
1454 2223 1678 2255 testimoniorum,

896 2273 1088 2310 Symmachus,
1112 2271 1245 2304 κυουσῶν,
1270 2271 1441 2306 parientium,
1459 2268 1584 2304 Vulgata,
1610 2277 1679 2295 men-

894 2323 1014 2350 struatre,
1036 2317 1099 2350 alii,
1124 2321 1276 2343 eentonum.
1304 2315 1380 2342 Dicet
1406 2314 1523 2342 fortasse
1541 2314 1678 2349 quispiam

894 2363 1109 2391 Theudotionem
1128 2363 1178 2389 has
1192 2370 1273 2390 voces
1290 2368 1428 2396 peri-aras,
1443 2365 1469 2387 et
1482 2367 1551 2395 quas
1572 2360 1618 2386 alii
1636 2359 1678 2386 in-

894 2414 1035 2444 tet-pretes,
1060 2417 1158 2444 nempe
1180 2408 1250 2435 LXX
1273 2411 1300 2435 et
1314 2407 1422 2442 Aquila,
1437 2406 1516 2441 quasi
1533 2405 1678 2433 divinando

894 2455 1066 2483 transtulisse
1097 2455 1268 2486 videbantur,
1301 2453 1427 2481 consulto
1460 2451 1678 2488 ἀνερμηνεύτους

893 2502 1110 2536 praetermisisse,
1128 2501 1191 2536 quia
1213 2509 1307 2528 earum
1331 2500 1557 2535 signiﬁcationem
1579 2499 1678 2534 priscis

893 2547 946 2574 illis
972 2547 1081 2582 perinde
1106 2551 1186 2582 atque
1212 2546 1278 2577 sibi,
1316 2546 1435 2580 ignotum
1462 2552 1522 2571 esse
1545 2544 1676 2579 putabat:

892 2597 998 2628 poterat
1015 2594 1087 2621 enim
1105 2601 1138 2620 ex
1157 2592 1216 2620 aliis
1237 2592 1373 2622 mutuari,
1397 2591 1420 2618 si
1442 2591 1510 2617 bene
1532 2590 1678 2618 translatas

893 2640 927 2667 ab
951 2640 992 2667 eis
1005 2639 1163 2673 putavisset.
1189 2638 1322 2666 Praeterea
1357 2638 1442 2664 multa
1471 2636 1553 2663 verba
1582 2635 1677 2668 fuisse,

892 2693 1009 2720 quorum
1032 2686 1095 2712 licet
1117 2685 1280 2719 signiﬁcatio
1304 2692 1358 2711 non
1376 2684 1558 2717 ignoraretur,
1573 2690 1605 2709 ex
1625 2690 1675 2709 usu

892 2736 982 2758 tamen
995 2730 1150 2758 Iudaeorum
1169 2731 1357 2766 ἀνερμήνευτα
1375 2728 1568 2761 remanebant,
1588 2731 1614 2754 et
1633 2727 1677 2754 lit-

892 2777 957 2804 teris
979 2777 1068 2805 solum
1082 2776 1194 2809 Graecis,
1216 2781 1246 2803 ut
1262 2775 1393 2802 Hebraice
1418 2773 1564 2804 sonabant,
1586 2771 1678 2806 expri-

893 2823 1051 2857 mebantur;
1076 2822 1154 2859 cujus
1173 2822 1212 2851 rei
1226 2822 1349 2858 exempla
1366 2821 1451 2849 multa
1467 2820 1495 2848 in
1510 2818 1578 2847 LXX
1593 2817 1679 2846 luter-
