1902 3049
233 102 268 130 95
911 91 1168 121 ΡΒΑΞΜΜΙΝΑΒΙΑ
1838 81 1875 109 96

233 159 356 195 pretibus
375 159 535 184 oecurrunt.
558 154 620 182 llmc
633 155 752 189 obiectio
767 163 822 182 non
835 154 1016 182 verisimilitu-

1089 151 1304 182 rmtermisimus,
1334 149 1422 176 valere
1447 148 1542 183 possit.
1570 147 1597 173 in
1625 145 1732 179 aliquot
1768 147 1873 168 taincn

233 190 297 234 iline
322 209 396 232 caret
419 213 426 230 :
450 207 478 229 at
498 202 549 229 etsi
574 202 721 236 aliquando
748 201 774 228 in
798 201 958 236 quihusdam
981 208 1014 226 ex
1035 190 1053 191 Π
1067 199 1199 233 exemplis
1213 196 1406 224 Theodotionis
1430 194 1473 221 vel
1492 191 1686 228 indiligentiam
1703 190 1750 218 vel
1776 190 1874 224 impe-

234 251 323 279 allatis
343 249 409 277 locis
429 254 455 275 et
478 248 506 275 in
527 247 587 274 aliis
609 247 678 274 bene
698 247 791 274 multis
813 254 873 282 qua:
892 246 1016 273 consulto

1070 244 1161 271 ritiam
1177 243 1222 270 vix
1236 249 1368 270 excusare
1383 247 1538 276 possumus.

791 377 977 422 CAPUT
1007 376 1311 423 OCTAVUM.

815 469 861 499 De
888 466 1021 507 reliquis
1036 464 1243 496 editionibus.

233 583 253 611 l.
264 586 362 617 Quinta,
375 584 460 614 Sexta,
473 581 896 617 Septimaeditionesj’qpandonam
916 582 1055 617 factlm‘sint:

1074 581 1103 606 II.
1123 579 1280 610 Quandonam
1291 581 1398 608 repertae
1410 577 1509 601 fuerint.
1518 577 1562 610 _lll.
1577 577 1614 602 De
1624 578 1714 607 Qulata
1726 578 1867 603 edim-mo.

520 614 559 639 ιν.
571 614 608 638 De
620 614 704 638 Sexta.
716 607 794 638 V.'De
804 613 922 644 Septima.
935 613 976 638 Vl.
989 613 1026 638 De
1036 607 1146 643 Vulgata:
1159 611 1275 635 editionis
1292 607 1384 634 Latinze
1400 607 1547 639 praestantia.

269 667 288 694 l.
304 666 415 700 Quinta,
428 665 519 699 Sexta,
533 664 649 699 Septima
664 665 791 692 editiones
810 665 980 700 quandonam

542 701 621 735 facta:
634 700 699 728 sint.

269 759 328 792 Quo
343 763 464 793 tempore
475 757 585 791 Quinta,
600 757 691 790 Sexta,
704 762 731 784 et
744 757 863 792 Septima
882 758 1015 786 editiones

234 807 343 832 emissa:
358 805 478 837 fuerint;
497 812 530 830 an
549 804 600 830 alia
617 804 697 831 aliam
720 809 797 831 aetate
820 805 897 840 longe
916 813 1016 840 praece-

233 852 290 884 dat,
306 859 367 885 qnze
386 851 470 886 prior,
493 858 553 884 qua:
579 851 712 884 posterior
732 851 892 878 concinnata
914 851 1014 883 fuerit,

233 898 333 933 quibus
356 896 513 923 auctoribus
538 897 666 930 singulae;
688 897 754 929 haec,
778 897 899 931 inquam,
926 898 1016 924 omnia

233 951 310 978 aeque
326 943 417 978 ignota
435 947 514 973 sunt,
533 951 582 970 nec
599 946 685 977 potest
701 943 735 970 iis
748 943 780 969 de
798 943 877 970 rebus
892 943 932 970 vel
949 950 1016 970 con-

231 988 359 1023 iectando
381 989 518 1023 quidpiam
546 988 669 1022 proferri.
691 987 859 1024 Pcrindeque
878 989 1017 1024 ignoratur

233 1041 267 1060 an
282 1033 388 1068 Aquin
399 1055 406 1066 ,
421 1033 615 1061 Tltcodotiouis
634 1039 660 1061 et
673 1033 828 1069 Symmachi
853 1035 1017 1062 editionihus

234 1079 286 1106 illm
312 1079 352 1106 vel
383 1080 551 1114 antiquiores
577 1080 648 1111 sint,
671 1080 713 1106 vel
742 1085 820 1107 mtate
843 1081 1016 1114 posteriores.

235 1125 263 1151 Si
278 1130 367 1152 tamen
392 1125 503 1158 Quinta,
520 1134 581 1160 quae
600 1133 671 1152 anno
686 1125 832 1153 Caracalla:
855 1126 970 1160 septimo
990 1126 1017 1153 in

233 1167 314 1195 doliis
333 1174 438 1203 reperta
452 1174 503 1201 cst.
521 1174 548 1196 it
565 1170 644 1196 Sexta
659 1178 719 1204 qua:
740 1176 860 1205 tempore
872 1171 1017 1198 Alexandri

234 1213 327 1241 Severi
345 1214 373 1241 in
389 1215 469 1242 doliis
484 1216 585 1249 pariter
601 1216 768 1249 deprehensa
791 1216 857 1249 fuit;
876 1217 898 1244 si
921 1217 1017 1249 ambae,

233 1257 363 1292 inquam,
389 1259 442 1286 illa:
467 1260 493 1286 in
518 1260 599 1287 doliis
627 1261 783 1295 bujusmodi
808 1262 854 1288 diu
879 1262 1017 1294 latuerint,

237 1302 434 1332 Theodotionis
459 1313 524 1332 sane
549 1311 576 1332 et
598 1305 752 1341 Symmachi
782 1307 933 1340 editiones,
957 1316 1018 1342 qua:

235 1349 317 1383 paulo
340 1354 403 1376 ante
426 1350 533 1378 emissa:
562 1351 686 1384 fuerant,
713 1357 791 1379 aetate
818 1354 1016 1387 praecesserint.

234 1392 306 1420 Sane
320 1395 466 1422 verisimile
480 1395 597 1427 videtur,
610 1397 650 1423 Vel
663 1405 695 1424 ex
712 1397 771 1431 ipso
786 1398 911 1425 narrandi
926 1398 1016 1430 modo,

233 1439 367 1466 editiones
386 1440 457 1473 illas,
478 1449 539 1474 qua:
559 1449 623 1469 casu
643 1443 669 1468 in
689 1443 769 1469 doliis
789 1443 904 1470 latentes
923 1444 1019 1478 depre-

234 1485 327 1512 hensae
349 1491 422 1517 sunt,
440 1494 492 1512 non
512 1487 668 1521 nuperrime
683 1488 834 1516 occultatas
857 1489 952 1523 fuisse,
971 1490 1016 1516 sed

234 1539 287 1558 non
303 1533 397 1566 paucis
413 1532 525 1559 latuisse
544 1533 633 1560 annis.
653 1532 692 1559 Ex
707 1533 757 1560 hae.
773 1541 854 1568 porro
868 1535 1016 1562 editionum

234 1578 393 1604 collectione
415 1578 634 1610 animadvertas,
659 1579 706 1605 illo
728 1586 785 1606 sevo
798 1580 896 1607 nmltos
922 1580 1017 1613 fuisse.

234 1623 280 1659 qui
298 1622 438 1650 Hebraicis
450 1623 526 1651 libris
543 1631 626 1650 sacrae
640 1624 787 1658 Scriptura:
801 1625 893 1653 Grzece
911 1631 1017 1654 verten-

234 1671 278 1696 dis
294 1670 454 1696 insudarent
472 1678 478 1696 :
500 1676 561 1696 nam
581 1673 677 1703 [metet-
694 1669 764 1696 LXX
784 1671 955 1705 lntcrpretes,
971 1680 1018 1699 sex

233 1716 302 1743 alias
316 1715 449 1742 editiones
464 1720 558 1742 nactus
570 1715 758 1751 estOi-igenes,
770 1717 816 1751 qui
830 1717 947 1745 fortasse
963 1726 1018 1745 non

235 1769 330 1789 omnes
343 1769 403 1797 qua!
418 1766 481 1787 ante
497 1761 662 1795 prodierant,
678 1762 795 1796 reperire
815 1764 912 1797 potuit.

379 1807 410 1834 ll.
435 1806 610 1839 Quandonam
636 1814 743 1841 reperta:
765 1809 873 1843 fuerint.

269 1853 397 1887 Quintam
415 1853 562 1880 editionem
581 1860 714 1888 repertam
740 1854 824 1882 fuisse
839 1855 1017 1884 llierichunte

235 1899 263 1925 in
282 1898 372 1929 doliis,
387 1899 417 1924 ἐν
434 1899 531 1930 πίθοις,
553 1898 837 1934 referebatOrigcnes,
855 1905 921 1928 teste
934 1901 1018 1928 Euse-

235 1945 290 1976 bio,
303 1944 374 1971 Hist.
388 1944 451 1971 εστι.
470 1945 516 1971 lib.
531 1953 569 1977 vt,
586 1953 645 1979 cap.
662 1945 703 1976 l6,
717 1946 874 1980 etquidem,
885 1952 913 1973 ut
927 1951 1019 1974 narrat

236 1989 415 2025 Epiphanius,
435 1999 506 2018 anno
517 1991 664 2019 (Iaracalla:
677 1992 801 2026 septimo.
817 1992 896 2020 Sexta
913 1994 1015 2028 pariter

235 2037 317 2063 editio
342 2037 368 2063 in
392 2037 472 2064 doliis
497 2038 604 2065 itm-uta
632 2038 680 2064 fuit
701 2038 822 2073 Nicopoli
845 2039 879 2065 ad
898 2039 1017 2072 Actium,

235 2087 356 2117 tempore
368 2082 541 2109 Alexandrini
560 2083 661 2110 Severi.
680 2083 827 2118 Septimam
843 2084 905 2110 item
923 2084 1018 2110 editio-

235 2138 296 2156 nem
312 2134 421 2156 nactum
434 2128 577 2163 Origcnem
600 2129 626 2155 in
644 2128 771 2161 llexaplis
789 2128 912 2162 posuisse
928 2133 1019 2155 narrat

235 2174 368 2201 Eusebius
390 2175 433 2200 lib.
447 2182 481 2205 \‘t,
508 2182 566 2207 cap.
578 2174 610 2200 16
622 2182 628 2199 :
639 2174 687 2199 Ἔν
699 2181 730 2207 γε
742 2174 793 2208 μὴν
807 2174 861 2204 τοῖς
878 2173 1019 2205 Ἑξαπλοῖς

234 2220 288 2247 τῶν
298 2220 419 2254 Ψαλμῶν
433 2220 502 2254 μετὰ
514 2220 561 2250 τὰς
574 2220 723 2255 ἐπισήμους
740 2220 874 2255 τέςσαρας
888 2220 1016 2252 ἐκδόσεις,

234 2266 264 2292 οὐ
286 2265 363 2300 μόνην
383 2265 523 2299 Ιῐέμπτην.
546 2265 613 2291 ἀλλὰ
633 2265 680 2291 καὶ
694 2265 795 2299 Ἔκτην
818 2265 864 2291 καὶ
887 2264 1017 2300 Ἐϐδόμην

235 2311 368 2346 παραθεὶς
393 2311 549 2345 ἑρμηνείαν.
573 2310 598 2336 ld
622 2315 663 2337 est
683 2318 688 2335 :
716 2309 811 2344 Utique
838 2311 864 2336 in
890 2309 1017 2344 llexaplis

236 2357 404 2383 Paulinorum
428 2361 485 2390 post
511 2357 625 2390 insignes
650 2355 711 2381 illas
735 2361 850 2390 quatuor
874 2356 1016 2388 editiones,

234 2405 280 2430 ubi
295 2413 344 2430 non
361 2403 445 2430 solum
461 2402 599 2436 Quintam,
616 2403 660 2429 sed
675 2403 753 2429 L’litlm
770 2402 877 2429 Sextum
891 2408 914 2429 et
929 2402 1016 2437 Septi-

236 2457 306 2475 mam
332 2449 473 2475 editionem
495 2449 627 2483 apposuit,
647 2454 698 2475 etc.
726 2448 787 2476 llzec
808 2449 834 2476 in
858 2454 1017 2476 transcursu

236 2503 352 2521 narrans
374 2495 520 2526 Eusebius,
548 2495 575 2521 in
599 2494 715 2522 Psalmis
740 2500 843 2522 tantum
870 2495 1016 2529 Septimam

236 2542 383 2567 editionem
403 2540 487 2568 fuisse
502 2545 643 2568 memorat.
660 2540 712 2568 Sed
733 2541 791 2576 ipso
806 2546 874 2568 teste
890 2541 1017 2574 Eusebio,

236 2587 264 2613 in
288 2587 439 2614 minoribus
464 2588 545 2614 etiam
572 2587 710 2622 prophetis
737 2588 902 2619 habebatur,
928 2587 1017 2615 locutn

236 2633 308 2659 enim
326 2631 453 2667 Septimae
476 2641 507 2660 ex
526 2632 653 2660 llabacuc
678 2641 737 2668 cap.
757 2641 775 2660 tt
799 2633 856 2668 ipse
872 2634 973 2668 profert
991 2634 1017 2660 in

236 2678 467 2705 Demonstratiane
495 2679 660 2714 evangelica;
687 2684 776 2706 utrum
804 2681 829 2706 in
852 2680 913 2706 aliis
935 2679 1018 2707 etiam

238 2725 314 2753 libris
333 2726 413 2752 fuerit
434 2725 488 2760 jam
510 2727 598 2760 capite
616 2727 704 2760 primo
727 2725 954 2753 Pra‘liminarium
972 2733 1019 2753 ex-

237 2780 351 2808 pensum
373 2772 434 2799 fuit.
451 2772 569 2800 Eusebio
589 2773 688 2800 accinit
702 2772 881 2808 Hieronymus
899 2773 936 2799 De
950 2773 1017 2798 scri-

236 2819 354 2846 ptoribus
377 2819 580 2846 acrlesiasticis:
599 2818 742 2852 Prteterea,
764 2819 866 2854 inquit,
890 2818 1017 2851 Quintam

1032 829 1052 855 Β

1032 1508 1052 1536 C

1035 2193 1056 2219 D

1067 669 1091 692 et
1105 663 1212 691 Sextum
1232 667 1256 689 et
1271 661 1416 696 Septimam
1435 661 1592 692 editionem,
1616 668 1681 694 quas
1700 662 1792 688 etiam
1816 668 1869 688 nos

1068 710 1100 736 de
1121 709 1178 743 ejus
1202 707 1357 734 bibliotheca
1383 705 1526 738 habemus,
1552 705 1618 732 miro
1643 705 1734 733 labore
1759 706 1870 740 reperit

1069 755 1221 791 (Origenes)
1245 759 1269 780 et
1288 761 1347 781 cum
1367 753 1470 779 cwteris
1492 751 1649 779 editionibus
1675 753 1869 787 comparauit.

1068 799 1151 835 Igitur
1171 806 1202 825 ex
1216 797 1324 825 Eusebii
1346 802 1372 824 et
1385 796 1540 832 Hieronymi
1560 797 1734 829 testimoniis,
1752 797 1871 832 quibus

1067 853 1121 873 non
1144 844 1207 872 licet
1226 843 1372 878 refragari,
1395 847 1497 870 certum
1522 846 1564 869 cst
1588 841 1736 877 Septimam
1772 842 1869 870 etiam

1066 892 1211 920 editionem
1235 891 1261 917 in
1282 889 1444 924 quibusdam
1469 888 1617 923 Scriptura:
1641 888 1720 916 libris
1740 889 1781 916 ab
1800 889 1870 923 ipso

1067 937 1181 972 Origene
1193 937 1307 972 positam
1322 935 1415 964 fuisse.
1430 935 1456 962 ld
1469 941 1541 963 certe
1554 936 1680 970 ignorare
1694 943 1750 962 non
1767 937 1871 971 potuit

1067 984 1213 1015 Eusebius,
1235 983 1281 1018 qui
1306 984 1396 1017 ipsum
1412 982 1537 1016 Origcnis
1559 982 1783 1016 autographum,
1803 991 1868 1010 una

1067 1038 1129 1058 cum
1139 1029 1279 1063 Pamphilo
1294 1033 1423 1064 martyre,
1441 1028 1574 1060 tractavit,
1587 1029 1706 1056 correxit
1721 1029 1870 1057 scholiis-

1069 1085 1121 1113 que
1142 1077 1298 1104 illustravit.
1321 1076 1446 1103 Attamen
1465 1074 1612 1109 Septimam
1635 1083 1776 1110 nusquam
1799 1083 1870 1102 me-

1068 1127 1157 1150 morat
1172 1122 1352 1156 Epiphanius,
1370 1121 1418 1155 qui
1441 1125 1470 1148 ut
1490 1121 1516 1147 in
1541 1120 1601 1147 aliis
1618 1120 1710 1147 minus
1730 1121 1868 1148 accurati

1067 1168 1207 1202 scriptoris
1233 1167 1381 1201 conspicua
1405 1166 1480 1200 signa
1503 1166 1585 1198 dedit,
1602 1166 1654 1192 hoc
1674 1166 1739 1192 item
1762 1167 1870 1193 indili—

1068 1217 1161 1248 genter
1177 1217 1310 1240 tractasse
1328 1211 1526 1239 existimandus
1541 1215 1592 1239 est.
1618 1211 1670 1238 Sed
1683 1231 1690 1244 ,
1706 1213 1782 1247 quod
1803 1213 1867 1240 mi-

1068 1266 1128 1285 rum
1146 1258 1279 1291 videatur,
1296 1262 1390 1284 auctor
1407 1256 1551 1292 Synopseos
1576 1257 1646 1284 inter
1664 1258 1867 1285 Athanasiana

1068 1313 1150 1339 opera
1166 1313 1250 1338 cusae,
1273 1304 1306 1332 dc
1318 1304 1438 1339 Septima
1454 1304 1571 1331 editione
1588 1304 1625 1330 ita
1645 1303 1768 1338 loquitur
1782 1313 1788 1330 :
1811 1303 1869 1331 Se-

1067 1351 1150 1385 ptima
1166 1356 1188 1377 et
1206 1355 1337 1384 postrema
1352 1350 1533 1384 interpretatio
1558 1350 1644 1376 sancti
1664 1349 1778 1376 Luciani
1794 1358 1865 1376 ma-

1068 1396 1112 1430 gni
1130 1401 1223 1422 ascetw
1244 1402 1269 1422 et
1285 1396 1410 1430 martyris
1426 1400 1474 1426 est,
1491 1396 1535 1429 qui
1552 1400 1576 1422 et
1592 1397 1646 1429 ipse
1662 1404 1721 1422 cum
1741 1397 1771 1422 in
1785 1404 1866 1430 pra-

1069 1441 1154 1467 dictas
1167 1441 1293 1468 editiones
1310 1450 1369 1467 cum
1383 1440 1519 1468 llebraicis
1535 1441 1686 1474 conjunctas
1703 1441 1866 1474 incidisset,

1069 1492 1092 1513 et
1110 1486 1249 1521 diligenter
1266 1494 1324 1521 quae
1344 1487 1382 1513 uel
1401 1487 1524 1520 deerant,
1546 1486 1583 1513 uel
1606 1486 1742 1521 superﬂua
1764 1493 1866 1518 erant.

1069 1532 1242 1566 inspexisset,
1267 1540 1298 1558 ac
1323 1533 1376 1559 suis
1398 1532 1542 1567 quibusque
1562 1531 1764 1566 Scripturarum
1786 1532 1865 1560 locis

1069 1579 1240 1610 correxisset,
1271 1580 1414 1606 versionem
1445 1579 1511 1606 hanc
1533 1578 1692 1606 Christianis
1723 1579 1866 1613 fratribus

1069 1624 1162 1655 edidit,
1182 1632 1239 1659 qua:
1256 1624 1448 1659 interpretatio,
1469 1625 1522 1652 sive
1543 1625 1626 1659 ipsius
1649 1633 1730 1650 manu
1752 1625 1867 1651 descri-

1069 1676 1129 1704 ptus
1151 1669 1227 1701 iiber,
1248 1675 1305 1704 post
1323 1670 1379 1704 ejus
1404 1675 1533 1697 certamen
1557 1675 1581 1697 et
1602 1671 1760 1705 martyrium
1784 1672 1866 1705 quod

1069 1716 1116 1744 sub
1138 1716 1302 1743 Diocletiano
1326 1721 1350 1742 et
1371 1715 1536 1742 Maximiano
1564 1716 1685 1750 tyrannis
1711 1717 1865 1749 sustinuit,

1069 1767 1182 1796 repertus
1199 1767 1236 1788 est
1254 1761 1416 1788 Nicomedia:
1432 1761 1477 1788 sub
1495 1761 1670 1789 Constantino
1687 1761 1785 1797 Magna
1802 1763 1865 1789 im~

1068 1814 1188 1844 peratore
1205 1809 1275 1843 apud
1288 1807 1410 1840 Juda’os,
1427 1808 1454 1834 in
1471 1810 1570 1842 pariete
1593 1808 1688 1834 turrito
1708 1807 1781 1835 calce
1802 1809 1867 1835 cir-

1068 1855 1194 1888 cumlita,
1224 1855 1252 1881 in
1282 1863 1332 1889 quo
1359 1854 1487 1881 custodia:
1513 1854 1600 1889 gratia
1627 1854 1727 1887 positus
1753 1854 1865 1888 fuerat.

1070 1900 1115 1929 Sic
1134 1901 1178 1928 ille
1194 1901 1364 1927 decantatam
1384 1900 1456 1927 illam
1474 1899 1588 1927 Luciani
1611 1900 1739 1935 martyris
1753 1900 1864 1928 editio-

1068 1956 1129 1976 nem
1151 1955 1214 1974 cum
1229 1946 1347 1981 Septima
1365 1946 1509 1981 Hexaplari
1531 1945 1664 1977 confudit,
1681 1954 1770 1980 exque
1788 1947 1866 1974 dua-

1069 1994 1120 2022 bus
1144 2002 1225 2020 unam
1249 1993 1322 2020 fecit.
1354 1993 1431 2026 Quod
1448 1998 1629 2019 commentum
1646 1992 1756 2019 EuSebii
1772 1997 1866 2027 atque

1070 2038 1225 2073 Hieronymi
1252 2038 1415 2065 testimoniis
1441 2037 1605 2072 exploditur,
1632 2045 1748 2072 quorum
1767 2038 1863 2071 prior,

1070 2085 1192 2112 Lueiano
1209 2085 1320 2120 martyri
1336 2084 1459 2118 aequalis,
1478 2084 1504 2110 in
1524 2083 1582 2118 ipso
1600 2083 1770 2118 autographa
1789 2084 1865 2111 vidit.

1071 2130 1220 2164 Septimam
1245 2131 1278 2157 ab
1298 2131 1414 2165 Origene
1439 2134 1501 2156 ante
1525 2137 1612 2156 annos
1637 2129 1697 2164 plus
1719 2129 1866 2164 quinqua-

1071 2177 1142 2210 ginta
1166 2177 1190 2202 in
1220 2175 1346 2210 llexaplis
1369 2176 1497 2210 positam.
1514 2175 1554 2202 Ad
1574 2175 1631 2201 [nec
1646 2181 1710 2201 vero
1729 2175 1863 2202 auctoris

1070 2222 1214 2256 Synopseos
1233 2223 1351 2248 narratio
1368 2223 1504 2256 respuitur
1521 2229 1552 2248 ex
1569 2221 1636 2254 ipsis
1654 2220 1784 2255 Septima:
1801 2221 1864 2247 fra-

1068 2268 1194 2302 gmentis.
1208 2275 1278 2302 quze,
1292 2271 1321 2293 ut
1336 2267 1551 2294 testiiieabantnr
1566 2265 1700 2292 Eusebius
1716 2271 1742 2292 et
1756 2265 1864 2293 Hiero-

1069 2320 1175 2347 nymus,
1194 2312 1220 2338 in
1242 2312 1335 2346 paucis
1350 2311 1496 2346 Scriptura:
1520 2311 1595 2338 libris
1612 2312 1706 2338 aderat
1727 2320 1733 2338 :
1757 2317 1863 2340 contra

1068 2367 1132 2385 vero
1155 2358 1267 2385 Luciani
1288 2358 1373 2384 editio
1394 2362 1477 2384 totam
1493 2357 1661 2392 Scripturam
1688 2358 1863 2392 complecte-

1068 2405 1146 2432 batur
1156 2414 1162 2437 ;
1172 2405 1293 2439 nihilque
1302 2404 1374 2431 aliud
1385 2409 1531 2438 cratquam
1545 2403 1730 2437 interpretatio
1747 2403 1802 2430 τῶν
1817 2406 1862 2439 θ’,

1069 2450 1191 2485 plurimis
1204 2450 1229 2476 in
1243 2450 1309 2477 locis
1320 2451 1353 2477 ab
1370 2451 1462 2477 eodem
1473 2454 1566 2476 sancto
1575 2454 1692 2484 martyre
1699 2450 1862 2483 emendata,

1068 2504 1128 2531 qua:
1143 2496 1236 2523 multis
1251 2501 1312 2530 post
1327 2495 1488 2522 concinnata
1505 2494 1622 2528 llexapla
1642 2494 1722 2520 annis
1743 2495 1864 2529 prodie-

1070 2547 1121 2568 rat.
1164 2541 1232 2577 llinc
1257 2549 1322 2567 \‘cro
1356 2539 1531 2572 Corrigendus
1556 2539 1671 2566 Brianus
1696 2539 1861 2574 Waltonus,

1069 2589 1114 2622 qui
1131 2588 1164 2614 ab
1177 2593 1288 2614 auctore
1303 2585 1447 2620 Synopseos
1462 2585 1599 2619 deceptus,
1616 2585 1744 2620 opinatur
1762 2586 1862 2621 Septi-

1069 2641 1139 2660 mam
1159 2634 1281 2660 eamdem
1302 2640 1362 2660 esse
1375 2638 1455 2666 quam
1472 2629 1585 2657 Luciani
1607 2631 1737 2667 martyris
1754 2632 1863 2662 editio-

1069 2688 1142 2707 nem.
1160 2679 1314 2714 Prolcgom.
1332 2686 1369 2710 Ix,
1387 2685 1462 2704 num.
1477 2677 1522 2705 20.

1276 2724 1320 2751 Ill.
1344 2724 1381 2751 De
1401 2723 1499 2756 Quinta
1515 2724 1638 2751 editione.

1104 2770 1319 2799 Christiannsne,
1336 2776 1370 2796 an
1385 2767 1504 2799 Iudaeus,
1527 2768 1753 2798 Samaritanusve
1771 2770 1862 2799 fuerit

1070 2817 1115 2851 qui
1130 2816 1274 2844 editionem
1291 2813 1419 2847 Quintam
1436 2814 1587 2844 adornavit.
1604 2822 1654 2842 nec
1671 2823 1705 2845 ex
1729 2822 1859 2845 veterum
