1902 3049
56 157 79 186 Ἣ
650 145 683 173 ΙΝ
703 143 863 173 HEXAPLA
881 138 1051 168 ORIGENIS.
1632 131 1667 158 93

58 213 202 246 testimonio,
215 220 267 240 nec
280 220 316 240 ex
334 212 401 247 ejus
416 209 640 246 interpretatione
654 205 740 241 colligi
755 210 835 240 posse
850 205 869 233 Α
885 201 985 234 ptume,
1003 205 1062 232 quae
1077 196 1103 222 in
1118 194 1243 222 llubaCuc
1257 192 1386 228 propheta
1406 197 1457 217 suo
1469 189 1564 217 ordine
1581 188 1669 223 posita

61 262 160 290 videtur:
176 258 301 294 quisquis
318 265 388 285 vero
403 256 500 288 fuerit,
517 255 599 281 multo
613 252 739 280 liberiore
753 257 835 285 quam

61 306 226 336 Srmmacbus
239 303 443 338 interpretandi
468 309 565 337 genere
589 307 654 326 usus
671 302 722 329 est,
747 297 783 323 ita
808 300 837 322 ut

60 352 243 389 paraphrasten
263 350 433 384 quandoque
456 346 552 381 sapiat,
568 349 596 372 ιιι
618 344 709 371 videre
726 349 837 378 prteser-

61 387 102 426 tim
116 402 154 424 est
171 397 199 424 in
216 395 363 423 duodecim
387 391 527 428 prophetis
543 390 701 421 minoribus,
723 388 767 415 ubi
787 387 839 413 l're-

62 443 193 480 quenliora
216 440 341 475 ejusdem
363 439 513 473 fragmenta
538 437 681 464 habentur.
707 434 752 460 Sic
771 432 839 460 Osee

60 497 94 519 vx.
108 489 133 519 Ξ,
150 495 246 514 vocem
261 490 375 517 amnt,
392 492 474 520 quam
491 483 590 513 ezcteri,
610 480 711 508 curabit
724 488 782 510 nos,
799 478 838 505 vel

62 534 172 570 alligabit
187 542 249 563 nos,
266 533 489 566 interpretantur,
503 530 558 563 ipse
573 528 661 558 vertit,
675 527 761 561 ὑγιεῖς
775 526 841 552 ἁπο-

62 581 145 614 ὂείξει,
160 588 243 606 sanos
265 578 407 606 cx/tibcbit.
430 576 463 603 Et
483 575 550 603 Osee
569 583 616 607 vn,
640 574 683 606 Η,
707 573 764 614 haec
789 571 841 598 Hc-

63 611 146 655 braica
162 626 247 653 verba
267 630 299 653 in
312 627 384 653 περ’
406 626 509 652 mum
527 625 625 650 unum
648 611 751 662 jar-5‘1.
774 625 840 652 quo-

63 680 116 698 rum
131 677 233 698 sensus
249 673 302 702 est,
322 677 399 702 super
417 668 533 692 triticum
549 671 573 692 ct
588 666 675 692 vinum
694 661 841 697 congregati

63 721 128 747 sunt,
141 719 308 743 recesserunt
326 723 342 741 α
360 722 409 744 me,
425 714 481 747 ipse
497 711 586 743 vertit,
605 710 657 737 ὑπὸ
679 709 783 744 τρυφῆς
797 707 843 733 καὶ

63 762 217 797 πλησμονῆς
240 761 316 787 σίτου
339 760 385 786 κιὶ
405 759 475 785 οἴνου
489 757 643 792 ἀπέστησάν
667 765 727 791 μου,
751 755 842 785 idest,

62 817 76 835 α
88 809 224 842 roluptate
238 812 262 834 et
283 806 446 833 abundantia
462 805 544 831 tritici
557 810 580 830 et
600 803 652 829 cini
665 802 813 836 defecerunt
829 807 844 825 tt

63 863 109 882 me.
128 854 175 881 Sic
193 854 241 881 ille
266 854 322 880 fere
338 860 443 886 semper
460 851 570 877 liberam
587 857 636 876 nec
652 849 747 875 litterae
763 845 844 873 astri—

63 906 129 927 ctam
153 898 408 934 interpretationem
426 896 511 927 cti‘ert,
526 896 562 922 ita
586 900 675 921 tamen
698 898 726 919 ιιι
749 899 763 918 a
780 897 843 917 vera
860 880 881 909 Β

64 945 211 980 Scriptum
234 949 325 972 mente
340 952 394 970 non
416 941 545 969 recedat:
567 947 626 974 quae
643 946 723 966 causa
746 937 795 964 fuit
817 941 846 963 ut

65 990 194 1026 Vulgatus
218 990 352 1023 interpres
376 988 404 1014 in
419 987 461 1014 his
483 985 674 1020 prophetarum
694 983 771 1009 libris
793 989 845 1008 non

65 1037 250 1072 infrequenter
264 1035 352 1070 ipsum
370 1032 446 1067 Sequi
458 1032 589 1058 videatur.

350 1078 396 1105 iV.
419 1078 454 1104 De
477 1075 565 1103 Sexta.

100 1128 209 1155 Sextum
227 1133 293 1153 vero
309 1125 456 1152 editionem
471 1130 485 1148 a
502 1120 653 1148 Christiano
667 1119 725 1145 viro
739 1116 848 1144 concin-

69 1180 152 1201 natam
170 1173 258 1200 fuisse
278 1171 320 1198 vel
335 1179 368 1197 ex
389 1170 439 1196 hoc
455 1175 509 1193 uno
523 1167 582 1200 ejus
604 1166 753 1200 fragmento
766 1162 849 1197 liqui-

70 1222 126 1248 dum
148 1224 201 1249 est,
226 1218 354 1245 llabacuc
376 1224 417 1246 ιιι.
446 1215 488 1243 l3.
515 1214 558 1240 ubi
584 1212 648 1238 illud
673 1210 848 1237 llebiaicum:

69 1271 226 1306 ἰη’-πω
248 1255 323 1295 W5
341 1266 404 1301 172‘;
431 1252 504 1292 1727‘5
517 1263 586 1288 mai
605 1258 644 1285 sic
661 1257 851 1291 interpretatur

71 1312 131 1346 ipsc,
151 1309 282 1344 £55,105;
297 1307 344 1334 τοῦ
358 1307 444 1333 σῶσαι
457 1306 502 1332 τὸν
512 1304 574 1330 λαόν
589 1312 633 1330 σου
645 1303 688 1329 διὰ
704 1301 790 1337 Ἰησοῦ
804 1299 850 1327 τοῦ

71 1356 182 1393 Χριστοῦ
209 1363 274 1381 σου·
301 1353 427 1388 Egressus
448 1360 474 1378 es
496 1351 530 1377 ad
554 1349 705 1376 salvandum
729 1346 852 1382 populum

72 1408 139 1430 tuam
162 1409 211 1436 per
235 1400 329 1426 Iesum
351 1398 485 1426 Christum
510 1402 594 1422 tuum.
619 1394 703 1429 Cujus
727 1391 852 1419 versiculi

72 1449 156 1477 Grata
171 1456 206 1475 ex
225 1445 421 1480 manuscriptis
434 1448 582 1471 eruuntur:
599 1441 693 1468 Latina
709 1448 741 1467 ex
757 1439 852 1465 lliero-

73 1503 156 1530 nymo,
172 1493 223 1528 qui
241 1492 319 1519 addit
342 1491 452 1518 Senam
473 1489 616 1516 editiOnem
642 1486 753 1521 prodere
768 1484 854 1512 mani—

74 1539 217 1566 festissime
235 1540 450 1564 sacramentum.
466 1533 514 1560 llic
530 1537 619 1559 autem
634 1532 776 1565 interpres,
795 1537 855 1564 per-
869 1545 890 1575 ε

74 1585 128 1611 inde
147 1589 234 1618 atque
252 1581 418 1616 przecedens,
435 1577 592 1614 paraphrasi
615 1576 756 1611 gaudebat,
775 1579 804 1601 ut
827 1574 854 1601 in

74 1629 125 1658 loco
142 1630 200 1664 jam
218 1629 302 1654 allatn
320 1625 540 1660 deprehenditur,
554 1623 618 1650 licet
632 1621 698 1648 nihil
714 1621 750 1647 ibi
764 1620 855 1647 ederat

74 1677 119 1703 nisi
134 1680 258 1702 mentem
277 1673 417 1700 llcbraicte
431 1670 585 1704 Scriptura;
605 1668 701 1694 Verum
723 1667 752 1693 in
773 1666 856 1692 altero

72 1721 126 1754 ejus
140 1720 205 1747 luco
219 1719 301 1752 longe
319 1717 448 1751 majorem
465 1713 630 1747 exspatiandi
649 1712 782 1739 licentiam
799 1710 857 1737 ani-

74 1766 236 1794 madvertas.
270 1763 369 1790 Psalnt.
401 1768 501 1792 xxxvt,
532 1759 582 1791 55,
612 1758 722 1784 chrma
746 1757 785 1783 sic
811 1756 858 1782 ba-

73 1812 150 1840 bent:
164 1817 232 1854 ’μνη
246 1815 338 1840 mm:
353 1811 468 1840 mynm
486 1811 557 1848 Vna:
571 1810 635 1838 sum
656 1807 748 1834 inm-1,
768 1802 793 1829 id
806 1806 857 1833 est,

73 1859 122 1884 ridi
135 1847 251 1892 inipium
269 1854 414 1888 terriﬁcant
433 1847 620 1886 (li/Tundentem
637 1857 663 1876 se
684 1849 751 1875 sicut
766 1847 857 1874 lmtrus

74 1903 172 1934 riridis,
194 1902 267 1931 sive,
285 1904 314 1926 ut
332 1898 513 1932 Hieronymus
525 1895 615 1927 habet,
628 1895 694 1921 sicut
710 1893 860 1926 indigenam

73 1949 207 1979 virentem,
223 1947 272 1974 ubi
285 1945 408 1979 Vulgata,
422 1944 474 1970 vidi
487 1942 595 1976 impium
607 1938 827 1974 supet'exallatum
836 1940 859 1962 et

73 1996 200 2021 eleuatum
217 1993 288 2019 sicut
309 1991 398 2017 cedro:
415 1989 526 2020 Libani;
541 1987 620 2015 Sexta
635 1994 698 2013 vero
715 1985 754 2011 sic
767 1993 773 2011 :
786 1983 861 2010 Εἶδον

73 2041 154 2074 ἀπὸῆ
177 2039 228 2066 καὶ
241 2037 341 2071 ἀναιδῆ
359 2034 576 2069 ἀντιποιούμενον
589 2034 616 2059 ὲν
631 2031 804 2066 σκληρότητι,
816 2029 862 2056 καὶ

73 2085 195 2120 λέγοντα,
211 2083 281 2118 Εἰμὶ
291 2082 329 2113 ὡς
340 2080 475 2115 αὐτοχθὼν
487 2077 642 2114 περιπατῶν
656 2078 683 2103 ἐν
696 2075 860 2110 δικαιοσύνῃ.

73 2130 99 2158 id
112 2136 175 2158 est:
202 2129 265 2156 Vidi
285 2128 394 2162 impium
413 2131 437 2153 et
455 2125 628 2159 impudentem
651 2123 701 2149 sibi
727 2121 863 2148 vindican-

73 2181 122 2203 tem
146 2177 174 2202 in
202 2174 321 2204 duritia,
341 2177 364 2198 et
390 2171 539 2197 dicentem:
559 2168 623 2196 Sum
648 2168 715 2194 sicut
741 2166 863 2200 indigena

74 2222 216 2249 ambulans
237 2222 267 2246 in
289 2218 394 2251 iustitia
407 2225 416 2243 :

75 2269 154 2296 modo
171 2267 298 2302 sapiunt,
315 2265 360 2292 sed
376 2263 458 2290 etiam
473 2268 601 2296 superare
620 2259 755 2286 videnlur.

361 2309 394 2336 γ.
411 2310 447 2335 De
465 2307 591 2342 Septima.

108 2359 234 2394 Septima
253 2355 340 2384 editio
353 2353 539 2382 Christianine
562 2359 595 2378 an
612 2349 696 2377 Judaei
714 2347 866 2383 interpretis

75 2405 110 2432 sit
130 2393 164 2432 ex
190 2411 249 2430 uno
273 2400 409 2428 Habacnci
428 2398 533 2425 cantico
555 2395 696 2432 dijudicari
722 2398 824 2429 potest;
844 2393 866 2419 si

77 2455 167 2477 tamen
185 2448 319 2483 Septima:
335 2446 370 2473 sit
385 2443 570 2478 interpretatio
587 2442 685 2470 cantici
706 2441 798 2471 totius,
818 2439 868 2465 ibi-

78 2497 138 2523 dem
162 2494 280 2523 editioni
306 2492 358 2518 τῶν
387 2492 414 2517 0'
439 2489 593 2522 subjuncta,
619 2486 691 2522 quod
715 2494 778 2513 sane
809 2485 868 2519 plus

79 2549 160 2576 quam
183 2538 336 2566 verisimile
359 2535 490 2563 arbitror.
513 2533 540 2560 In
564 2537 626 2559 nota
649 2532 746 2566 quippe
769 2529 869 2556 codicis

81 2587 234 2617 Barbarini,
265 2584 309 2611 ubi
332 2591 364 2610 ea
391 2583 498 2615 integra
525 2579 697 2609 describitur,
725 2577 870 2602 adnotatur

80 2641 139 2660 eam
162 2632 320 2659 versionem
346 2635 397 2655 nec
420 2626 533 2660 Aquilm,
556 2632 605 2651 nec
629 2622 795 2658 Symmachi,
821 2627 870 2646 nec

81 2677 280 2706 Theodotionis
293 2683 365 2706 σεεν,
379 2670 642 2706 disquirendumque
656 2676 719 2694 num
738 2668 769 2693 ad
787 2666 871 2698 Quin-

82 2729 137 2752 tam
150 2725 192 2751 vel
213 2723 247 2750 ad
264 2722 377 2749 Sextum
402 2717 549 2745 editionem
567 2715 706 2750 pertineat.
727 2713 793 2739 Cum
809 2719 873 2744 (ιι-εί)

82 2771 191 2798 aliunde
207 2769 300 2800 etiam,
313 2771 414 2799 nempe
427 2770 460 2790 ex
474 2761 630 2796 fragmentis
643 2764 702 2794 qua
717 2762 873 2792 supersunt,

83 2822 186 2844 certum
207 2815 439 2850 exploratumque
458 2809 502 2839 sit,
523 2807 621 2834 nullius
639 2813 732 2833 eorum
748 2810 807 2830 esse
827 2802 873 2835 qui

85 2870 165 2897 supra
187 2847 390 2889 memorantur,
415 2854 538 2888 Sequitur
559 2852 629 2880 haud
649 2851 729 2878 dubie
746 2856 805 2876 esse
826 2847 874 2874 Se-

886 250 959 278 erat,
991 248 1021 271 ut
1042 243 1124 277 liquet
1142 249 1174 268 ex
1196 240 1255 274 ejus
1282 238 1433 272 fragmento
1464 244 1523 270 cap.
1545 243 1575 266 Il,
1597 235 1625 265 4,
1643 238 1671 261 et

886 299 917 318 ex
940 294 1002 316 nota
1015 286 1170 322 Hieronymi
1187 285 1222 311 ibi
1235 287 1285 310 (em
1302 285 1328 317 Ῡ.
1346 283 1389 310 Η.
1404 282 1453 308 llic
1477 286 1567 308 autem
1587 281 1670 307 inter-

887 345 948 372 pres
961 337 1048 363 locum
1063 341 1144 368 supra
1159 332 1268 358 allatum
1288 331 1314 363 ᾖ.
1334 329 1377 359 13,
1394 337 1473 363 quem
1490 327 1671 362 Hieronymus

888 371 1009 415 queritur
1037 386 1052 405 a
1083 376 1245 412 Symmacho
1272 379 1299 401 et
1330 373 1513 400 Thcodotione
1543 371 1671 398 ELionzeo

889 434 963 453 more
978 431 1084 451 versant
1101 420 1184 449 fuisSe
1199 422 1249 447 hoc
1262 424 1350 454 pacto,
1364 426 1480 452 egressus
1496 427 1522 444 es
1538 422 1565 443 ut
1582 417 1672 444 salva-

889 480 929 499 τες
943 470 1065 506 populant
1082 474 1164 500 tuum,
1183 471 1212 493 ut
1230 467 1344 492 sulpurea
1363 464 1497 491 Christum
1519 469 1608 495 tuum,
1623 458 1683 489 Ju-'

889 518 967 544 daico
983 523 1092 550 prorsus
1106 521 1178 540 more
1191 511 1333 543 convertit,
1347 510 1389 536 bis
1405 509 1492 536 verbis
1504 518 1509 535 ε
1526 507 1680 543 Ἀνεῆςὰνης

890 563 935 590 ἐπὶ
953 562 1071 597 σωτηρίᾳ
1087 559 1131 586 τοῦ
1150 558 1214 585 λαοῦ
1231 566 1286 588 σου,
1310 555 1439 592 ῥύσασθαι
1453 555 1516 586 τοὺς
1532 553 1675 584 ἐκλεκτούς

891 617 948 635 σου·
965 607 1116 641 Αρρανυίδιί
1131 613 1208 639 super
1227 603 1312 630 salute
1328 602 1416 636 populi
1436 601 1484 632 tui,
1507 600 1540 625 ad
1558 600 1675 626 liberan-

891 655 953 681 dum
975 654 1067 680 electos
1092 657 1160 682 tuos,
1183 650 1227 676 ubi
1252 655 1348 674 nomen
1373 646 1473 673 Christi
1498 646 1524 672 in
1543 645 1676 671 llcln'aico

891 707 1049 735 expressum
1070 701 1171 738 1mm:
1189 696 1215 722 in
1236 695 1335 721 electos
1363 693 1476 719 vertitur
1498 700 1503 717 :
1523 691 1594 725 quod
1613 698 1678 717 sane

892 747 934 772 \"ir
956 744 1126 772 Christianus
1148 750 1200 768 non
1230 740 1333 767 fecerit.
1353 738 1391 765 Ex
1421 738 1472 764 hoc
1499 737 1562 763 item
1591 737 1680 770 capite

893 789 1103 825 deprehenditur
1122 788 1194 814 hunc
1215 787 1388 820 interpretem
1411 783 1556 810 admodum
1588 790 1678 817 παρα-

895 835 1050 870 φραστικὼς
1067 834 1189 864 vertisse,
1205 838 1234 859 ut
1247 830 1371 866 quisquis
1385 830 1474 856 videre
1493 829 1588 863 possit.

931 881 977 908 llis
998 882 1088 914 itaque
1105 878 1263 914 perspectis,
1281 877 1423 903 dicendum
1437 879 1531 905 restat,
1554 879 1608 901 tres
1621 873 1681 900 illas

896 925 1082 960 superadditas
1098 923 1239 953 editiones,
1256 922 1333 956 longe
1351 920 1471 947 liberiori
1486 918 1681 953 interpretandi

896 977 992 1005 genere
1004 969 1178 996 concinnatus
1192 967 1286 997 fuisse,
1304 974 1384 1001 quant
1397 965 1542 992 editionem
1559 964 1683 999 Symma-

897 1015 950 1046 chi,
967 1013 1011 1048 qui
1028 1019 1117 1040 tanien
1134 1012 1219 1045 magis
1234 1019 1315 1046 quam
1328 1011 1425 1045 Aquila
1441 1014 1468 1037 et
1481 1009 1633 1036 Theodotio
1648 1009 1682 1035 ab

896 1059 1027 1097 ilcbraica
1043 1059 1129 1085 littera
1147 1057 1272 1084 deﬂectit.

933 1104 989 1131 Erit
1007 1104 1075 1131 forte
1089 1102 1136 1137 qui
1156 1102 1284 1128 reclamet
1302 1101 1335 1127 iis
1361 1108 1421 1135 quae
1447 1107 1530 1134 supra
1548 1099 1682 1129 diximus,

899 1158 995 1184 nempe
1017 1155 1072 1176 tres
1090 1149 1150 1175 illas
1171 1147 1358 1182 superadditas
1384 1146 1527 1177 editiones,
1542 1145 1682 1177 Quintam,

901 1195 1008 1222 Sextam
1030 1199 1056 1221 et
1072 1194 1232 1227 Septimam,
1249 1192 1283 1219 ab
1298 1191 1415 1226 Origene
1432 1191 1533 1225 positas
1554 1189 1639 1216 fuisse
1657 1189 1684 1214 in

900 1240 1051 1268 minoribus
1075 1239 1223 1273 prophetis,
1247 1242 1273 1264 ct
1300 1238 1357 1264 lucc
1380 1236 1515 1270 objiciat:
1542 1234 1569 1260 In
1593 1234 1687 1261 codice

902 1287 1048 1314 Barberino
1063 1285 1174 1312 aﬂ‘ertur
1194 1285 1270 1311 locus
1285 1284 1351 1310 OSee
1367 1290 1426 1316 cap.
1448 1290 1486 1313 XI,
1506 1289 1531 1308 ν.
1550 1281 1575 1312 1,
1590 1281 1686 1307 eodem

902 1334 1089 1361 columnarum
1102 1332 1194 1359 ordine
1206 1338 1259 1364 quo
1274 1330 1299 1356 in
1312 1328 1438 1363 Hexaplis
1452 1332 1521 1358 erat.
1533 1327 1579 1353 ubi
1594 1332 1683 1353 tamen

902 1388 952 1407 nrc
976 1379 1086 1412 Quinta,
1113 1385 1163 1404 nec
1184 1377 1276 1406 Sexta,
1306 1383 1354 1402 nec
1373 1374 1491 1409 Septima
1516 1377 1686 1407 comparent,

904 1426 974 1453 unde
989 1426 1065 1460 sequi
1082 1424 1186 1451 videtur
1202 1423 1261 1449 illas
1277 1422 1408 1449 editiones
1426 1422 1452 1447 in
1471 1420 1608 1455 prophetis
1630 1418 1682 1445 mi-

905 1471 1016 1498 noribus
1036 1478 1088 1497 non
1106 1469 1235 1496 adfuisse.
1255 1467 1392 1502 Heponam
1412 1473 1462 1501 ego
1483 1474 1515 1492 cx
1533 1465 1627 1492 eodeni
1644 1471 1690 1490 co-

905 1518 963 1544 dice
988 1517 1145 1548 Barberino,
1162 1516 1249 1549 palam
1269 1521 1338 1544 csse,
1358 1513 1383 1539 in
1403 1512 1554 1538 minoribus
1572 1511 1688 1545 prophe-

906 1564 939 1590 tis
953 1563 1011 1590 illas
1026 1562 1157 1589 editiones
1169 1568 1231 1588 cum
1249 1560 1309 1586 aliis
1322 1557 1452 1589 adfuisse,
1469 1556 1688 1591 quandoquidem

906 1609 942 1636 ibi
957 1609 1040 1635 mu'ta
1058 1607 1158 1642 passim
1174 1606 1231 1632 loca
1245 1613 1277 1631 ex
1295 1604 1381 1630 tribus
1400 1603 1453 1629 illis
1472 1601 1615 1636 postremis
1631 1601 1689 1627 edi—

906 1654 1026 1681 tionibus
1044 1654 1193 1692 qlferuntur
1214 1661 1220 1678 :
1247 1658 1308 1678 cum
1331 1655 1420 1676 autem
1448 1648 1576 1675 librarius
1593 1647 1619 1674 in
1645 1647 1694 1674 illo

906 1700 1088 1735 Hexaplorum
1112 1697 1259 1733 spt-cimine
1286 1701 1403 1731 quatuor
1427 1694 1515 1721 solum
1543 1693 1689 1725 editiones,

908 1755 1002 1780 nempe
1018 1745 1130 1779 Aquilae,
1144 1743 1310 1779 Symmachi,
1324 1741 1379 1768 τῶν
1392 1742 1429 1772 0',
1443 1745 1470 1767 et
1483 1738 1689 1770 Theodotionis,

908 1793 1008 1828 posuit,
1026 1792 1052 1818 id
1076 1791 1208 1818 arbitratu
1228 1797 1278 1816 suo
1304 1788 1382 1820 fecit;
1399 1788 1455 1814 sive
1479 1786 1541 1820 quia
1567 1789 1621 1812 tres
1639 1784 1691 1811 illa:

908 1843 1052 1873 postrema:
1076 1836 1209 1863 editiOnes
1229 1842 1289 1861 cum
1318 1832 1454 1868 prioribus
1479 1830 1693 1862 concordabant,

910 1885 966 1912 sive
979 1883 1030 1910 alia
1050 1883 1083 1909 de
1102 1890 1194 1909 causa.
1212 1880 1289 1907 Certe
1310 1880 1336 1906 in
1353 1878 1500 1913 specimine
1522 1877 1568 1903 illo
1588 1875 1694 1903 colum—

910 1938 971 1957 nam
987 1929 1154 1959 Hebraicam,
1169 1925 1308 1952 Hebraicis
1325 1923 1422 1950 litteris
1435 1922 1613 1956 descriptam,
1625 1928 1695 1955 prae-

910 1973 1026 2000 termisit
1042 1972 1095 2001 ille.
1120 1970 1170 1998 etsi
1193 1969 1338 1996 verisimile
1356 1968 1390 1995 sit
1411 1974 1470 1994 eam
1495 1966 1521 1992 in
1545 1965 1694 1999 exemplari

912 2027 962 2047 suo
975 2018 1093 2046 adfuisse
1110 2025 1171 2044 eum
1192 2015 1263 2042 aliis.

965 2064 1008 2091 Vl.
1025 2063 1063 2090 De
1080 2062 1198 2097 Vulgata:
1211 2059 1331 2087 editionis
1353 2058 1456 2085 Latium
1470 2057 1635 2092 prwstantia.

946 2110 1004 2138 Jam
1020 2109 1066 2136 ubi
1082 2108 1115 2135 de
1130 2112 1248 2134 veterum
1268 2105 1433 2132 editionibus
1449 2103 1574 2138 singulis,
1588 2110 1650 2137 qua
1665 2102 1694 2129 in

913 2159 1039 2194 chaplis
1051 2158 1138 2184 locum
1156 2156 1299 2184 habebant,
1316 2153 1506 2185 disseruimus,
1521 2155 1604 2178 restat
1618 2154 1647 2177 ut
1660 2149 1695 2177 de

443 2223 503 2250 quae
529 2222 593 2242 sane
613 2194 861 2248 paraphrasinynon
879 2214 900 2240 1)
915 2207 1027 2241 Vulgata
1050 2204 1144 2230 Latina
1170 2206 1263 2229 nostra
1287 2207 1372 2235 pauca
1395 2199 1529 2229 dicamus,
1557 2204 1638 2231 quam
1662 2194 1694 2222 Ι).

917 2252 1094 2285 Hieronymus
1111 2250 1205 2275 harum
1220 2247 1341 2273 omnium
1355 2244 1503 2272 editionum
1519 2241 1696 2272 adminiculo,

916 2305 1022 2325 summo
1046 2297 1137 2323 labore
1163 2299 1190 2321 et
1220 2292 1391 2320 accuratione
1419 2288 1603 2317 concinnavit.
1639 2286 1696 2314 Etsi

916 2352 996 2379 porro
1013 2350 1072 2370 eum
1090 2343 1322 2374 interpretaretur,
1344 2337 1461 2371 llexapla
1485 2336 1542 2370 ipsa
1562 2341 1616 2368 prie
1640 2341 1698 2360 ma—

916 2390 997 2417 nibus
1011 2389 1144 2418 habuerit,
1163 2394 1214 2412 non
1236 2385 1280 2411 ille
1296 2384 1406 2411 fortuito
1424 2382 1552 2409 lectiones
1567 2380 1699 2413 interpre—

918 2437 1087 2469 tationesque
1106 2433 1241 2468 quaslibet
1255 2429 1473 2465 amplexabatur;
1495 2427 1540 2453 sed
1565 2433 1627 2452 cum
1649 2424 1698 2451 de-

917 2482 985 2508 lectu
1001 2485 1027 2507 et
1038 2480 1151 2507 consilio
1166 2477 1383 2504 doctissimorum
1398 2481 1430 2499 ex
1449 2471 1567 2498 Hebraeis
1582 2477 1627 2496 eas
1638 2476 1701 2504 qua

919 2527 1043 2553 meliores
1053 2530 1079 2552 et
1090 2525 1122 2551 ad
1138 2531 1227 2550 veram
1242 2520 1365 2548 ilebraici
1381 2516 1542 2551 exemplaris
1553 2515 1698 2542 lectionem

920 2571 1175 2600 accommodatiores
1187 2572 1273 2597 crant,
1283 2566 1376 2592 Latine
1388 2563 1538 2597 exprimere
1551 2559 1700 2594 satagebat.

920 2619 1041 2653 Aquilam
1055 2622 1081 2644 et
1092 2615 1296 2652 Symmachum,
1312 2612 1487 2645 interpretum
1504 2607 1624 2634 omnium
1637 2612 1700 2639 prm-

920 2663 1114 2694 stantissimos,
1130 2660 1233 2688 cett-ris
1245 2657 1380 2685 anteferre
1396 2655 1516 2686 solebat;
1535 2653 1561 2678 in
1585 2649 1700 2677 Psalmis

922 2714 1011 2736 autem
1032 2713 1059 2735 et.
1081 2706 1218 2741 prophetis
1241 2703 1389 2738 majoribus
1413 2698 1580 2734 frequentius
1603 2695 1701 2730 Aquila

922 2763 1003 2790 quam
1019 2752 1182 2788 Symmacho
1203 2758 1268 2778 usus
1279 2757 1339 2776 esse
1354 2745 1581 2782 deprehenditur;
1597 2742 1624 2768 in
1639 2747 1701 2774 prn-
1742 2767 1746 2770 _

924 2801 1010 2835 phetis
1024 2807 1087 2825 vero
1104 2797 1254 2824 tninmibus
1270 2803 1323 2822 non
1341 2801 1401 2820 raro
1425 2791 1552 2824 Quintam
1578 2784 1700 2813 adhibuit

924 2845 1079 2873 editionem.
1097 2841 1248 2877 Aliquando
1268 2840 1359 2870 etiam,
1388 2836 1479 2864 missis
1499 2832 1603 2861 caeteris
1618 2830 1702 2856 inter-
