1902 3049
245 102 280 130 99
904 103 1099 130 PR/ELIMINA
1105 103 1160 130 RIA

1817 102 1864 131 10(

245 161 376 196 pretibus.
404 162 472 189 LXX
488 162 645 194 editionem,
667 167 757 197 utpote
783 161 913 190 Hebraico
939 163 1021 190 textui
1036 167 1058 194 Α
1072 167 1123 196 est,
1136 163 1324 194 occurrebant,
1342 163 1481 198 diligentia
1496 162 1661 198 solertiaque
1673 170 1741 190 usus
1756 169 1865 197 semper

246 208 476 242 propinquiorem,
500 208 682 242 sequebatur;
706 216 756 236 nec
777 208 960 243 infrequenter
976 217 1024 235 no-

244 261 306 280 vam
320 253 362 280 ille
375 258 400 280 et
412 261 426 280 a
441 254 546 281 caeteris
557 254 690 281 diversam
704 254 950 289 interpretationem
962 254 1025 281 elle-

245 299 330 330 rebat,
348 299 455 333 quando
475 300 588 331 scilicet,
611 299 744 328 consultis
767 299 939 327 Hebraeorum
964 307 1024 326 ma-

244 344 346 379 gistris,
362 345 463 372 nullam
478 353 509 372 ex
524 345 603 372 editis
621 345 728 380 penitus
746 345 880 380 quadrare
902 345 1024 372 animad-

244 391 373 418 vertebat.
393 390 453 418 Pari
474 391 501 418 in
526 391 608 419 variis
622 391 766 427 dubiisque
784 391 908 419 Hebraici
931 398 1023 418 (διεω-

209 454 212 458 η
244 436 328 471 plaris
343 436 514 469 lectionibus,
529 445 589 472 qua:
602 437 765 472 frequenter,
779 443 809 465 ut
822 445 903 473 supra
920 437 1023 464 dictum

1074 213 1117 236 est
1145 208 1341 244 Hieronymus;
1364 209 1410 244 qui
1423 213 1465 236 -ut
1489 209 1617 244 optimam
1643 209 1789 243 deligeret.
1817 215 1866 234 non

1075 255 1155 282 modo
1174 254 1320 290 Scriptum
1337 263 1421 282 sacra:
1438 255 1548 287 seriem,
1565 255 1611 283 sed
1627 255 1710 282 etiam
1730 253 1867 282 Hebrazo-

1074 308 1134 327 rum
1148 301 1325 335 peritissimos
1338 301 1440 328 adibat.
1453 299 1542 333 Quare
1555 301 1621 328 nihil
1631 301 1730 327 mirum
1747 300 1773 327 si
1791 303 1868 326 tanta

1074 345 1174 378 studio,
1199 349 1309 381 tamque
1338 346 1431 374 Solerti
1453 354 1535 381 opera
1551 346 1678 374 emissam
1701 345 1869 376 editionem,

1075 395 1166 426 utpote
1181 392 1302 419 omnium
1318 392 1582 427 prmstantissimam,
1599 391 1719 419 Ecclesia
1737 390 1870 418 Romani

1075 436 1110 463 ab
1124 437 1252 465 omnibus
1267 437 1433 472 sequendam
1446 445 1507 465 esse
1523 436 1645 464 edixerit.

830 570 1019 616 CAPUT
1057 567 1297 614 NONUM.

364 645 398 676 ln
419 646 564 686 singulos
587 647 757 686 Scriptum
778 648 886 685 libros,
905 651 940 679 ut
963 647 996 678 in
1024 646 1176 686 Hexaplis
1192 649 1293 684 erant,
1309 645 1361 676 hie
1375 645 1518 684 qumdam
1535 645 1738 676 adnotantur.

280 758 375 794 Opera:
389 761 503 795 pretium
520 762 572 788 crit
585 762 630 790 hie
648 763 769 798 singulos
786 764 932 800 Scriptum
944 775 1028 795 sacras

245 803 328 832 libros
345 805 432 833 obiter
448 814 616 840 percurrere,
634 811 660 834 et
683 809 806 842 quaedam
826 810 956 838 adnotare
967 819 1028 847 qua:

245 854 302 878 tum
319 851 352 878 de
368 851 426 886 ipso
450 852 632 887 Hexaplorum
656 859 726 881 statu
749 860 777 882 et
802 857 906 888 ordine,
924 862 979 885 tum
995 858 1027 886 de

245 897 280 924 iis
295 905 355 932 qua:
372 906 421 925 nos
434 899 460 925 iu
478 907 642 935 unoquoque
656 900 725 927 libro
739 902 924 936 praestitimus.
935 904 1028 931 obser-

245 943 331 970 vanda
344 949 498 978 supersunt.

270 988 309 1016 ,ln
333 989 429 1017 Genesi
455 995 481 1016 et
505 990 530 1018 in
554 990 682 1024 Levitico,
705 998 795 1027 atque,
813 998 842 1020 ut
862 994 978 1027 videtur,
1000 994 1028 1022 in

247 1034 308 1061 aliis
326 1033 500 1062 Pentateuchi
517 1036 603 1070 libris,
622 1042 718 1071 praeter
735 1047 781 1066 sex
800 1039 860 1066 illas
876 1040 1026 1072 columnas.

246 1080 345 1114 quibus
359 1080 477 1116 llexapla
499 1083 740 1116 constituebantur,
760 1085 859 1118 Quinta
876 1087 957 1113 etiam
972 1087 1029 1114 edi-

246 1127 294 1158 tio,
312 1126 334 1153 si
357 1126 423 1154 fides
439 1133 481 1154 est
502 1128 661 1163 fragmentis
682 1138 742 1164 qua).
763 1137 926 1165 supersunt,
948 1141 1027 1160 suum

246 1172 353 1199 tenebat
377 1173 483 1206 locum;
512 1174 621 1201 Sextam
649 1175 730 1202 etiam
758 1177 879 1204 adfuisse
903 1179 1028 1214 superius

245 1218 387 1253 probatum
407 1224 459 1246 est.
477 1219 609 1248 Praeterea
630 1221 765 1249 interdum
783 1223 895 1250 aderant
915 1225 940 1250 in
956 1232 1028 1251 mar-

245 1264 365 1299 ginibus,
382 1269 412 1292 ut
427 1266 535 1300 quidem
549 1267 704 1301 opinamur,
720 1268 850 1296 lectiones
865 1269 1028 1298 Samaritani

247 1311 412 1345 interpretis,
429 1316 511 1346 atque
525 1313 606 1340 etiam
631 1312 736 1341 Hebraei
759 1315 900 1349 cujusdam
920 1321 947 1343 et
968 1316 1027 1352 Syri

247 1355 410 1390 interpretis,
424 1356 457 1383 de
472 1357 572 1391 quibus
591 1358 651 1385 fuse
671 1366 731 1393 cap.
750 1360 774 1385 l.
790 1358 845 1386 Etsi
863 1366 952 1387 autem
967 1365 1028 1388 tan~

246 1405 301 1427 tam
319 1409 352 1428 ex
371 1402 562 1436 manuscriptis
584 1408 611 1430 et
634 1411 666 1430 ex
685 1404 764 1431 editis
786 1405 862 1432 libris
883 1406 1027 1433 lectionum

245 1447 430 1474 accessionem
446 1447 600 1481 fecerimus,
624 1453 654 1476 ut
665 1449 699 1476 iis
714 1456 877 1484 comparata:
892 1452 953 1485 illae,
969 1460 1028 1487 qum

1080 766 1147 794 nihil
1163 774 1194 794 ex
1216 764 1316 798 Quinta
1334 763 1452 791 editione
1466 767 1614 798 comparet.
1626 762 1736 798 Aliquot
1756 762 1786 790 in
1800 762 1873 790 locis

1080 814 1178 841 inserta
1193 811 1408 847 conspiciuntur,
1424 814 1451 837 et
1473 809 1582 844 quidem
1598 808 1632 835 ab
1649 809 1718 843 ipso,
1735 813 1765 835 ut
1783 814 1871 843 puta-

1079 864 1133 891 tur,
1146 857 1271 893 Origene,
1288 856 1348 884 loca
1360 855 1415 887 illa,
1432 863 1493 890 qua:
1508 855 1534 882 iu
1548 855 1720 883 Samaritana
1736 859 1816 881 textu
1837 862 1870 881 ex

1078 903 1288 932 Deuteronomio
1305 902 1331 929 in
1345 901 1478 929 Numeros
1498 902 1626 929 translata
1648 901 1767 927 fuerant.
1786 900 1873 933 Qua:-

1077 951 1139 978 dam
1161 949 1284 978 similiter
1312 956 1345 975 ex
1367 947 1485 975 editione
1508 947 1563 974 τῶν
1584 949 1622 980 0’,
1639 947 1807 982 Origeniana
1836 946 1870 973 azl

1079 996 1157 1023 fidem
1175 994 1277 1023 codicis
1300 994 1448 1022 Colbertini
1471 1001 1533 1022 cum
1559 993 1696 1021 asteriseis
1722 997 1749 1020 et
1778 993 1873 1020 obelis

1078 1041 1232 1069 referuntur
1251 1049 1258 1067 ι
1275 1039 1457 1074 lectionesque
1480 1039 1656 1074 interpretum
1676 1039 1782 1069 multm,
1798 1046 1874 1073 qua-

1078 1095 1139 1114 rum
1153 1086 1324 1121 paucissima:
1344 1085 1493 1112 observata:
1510 1084 1618 1112 fuerant
1632 1092 1648 1112 a
1662 1084 1772 1112 Drusio.

1114 1133 1143 1160 ln
1165 1132 1233 1159 libro
1259 1130 1468 1163 Deuteronomii,
1494 1130 1559 1157 nihil
1579 1137 1613 1158 ex
1635 1129 1802 1164 Origeniana
1820 1129 1870 1156 illa

1079 1179 1216 1214 hexaplari
1234 1178 1356 1205 habetur.
1370 1177 1471 1204 Caetera
1485 1184 1549 1204 vero
1561 1177 1656 1204 eadem
1673 1176 1740 1209 fere,
1758 1183 1826 1212 quae
1841 1176 1870 1202 in

1079 1225 1147 1252 libro
1168 1223 1366 1255 Numerorum,
1393 1221 1608 1256 conspiciuntur.
1630 1220 1756 1248 Veterum
1780 1221 1873 1247 inter-

1078 1271 1252 1307 pretationes,
1266 1277 1350 1296 novas
1362 1276 1429 1304 pene
1444 1275 1548 1299 omnes,
1561 1267 1710 1299 aﬁ‘crimus,
1726 1271 1754 1294 et
1770 1266 1871 1302 plures

1082 1326 1163 1353 quam
1180 1318 1206 1344 in
1223 1316 1284 1344 aliis
1299 1315 1386 1343 libris.

1114 1373 1142 1400 In
1160 1373 1229 1400 libro
1243 1372 1326 1399 Josue
1345 1370 1438 1397 eadem
1462 1369 1744 1405 praestititOrigenes,
1759 1376 1825 1403 qua
1841 1369 1870 1395 in

1079 1424 1136 1447 toto
1160 1418 1353 1446 Pentateucho.
1381 1415 1532 1443 Editionem
1561 1420 1650 1443 tamen
1674 1415 1802 1448 Quintam
1830 1415 1870 1442 ibi

1081 1473 1134 1492 non
1152 1465 1284 1499 adiecisse
1300 1463 1414 1490 videtur.
1428 1462 1499 1490 Loca
1520 1462 1635 1497 plurima
1652 1462 1745 1489 mutila
1761 1462 1789 1488 in
1806 1462 1871 1489 edi-

246 1499 261 1544 ξ’
286 1490 390 1542 Βωδὶο,
408 1492 526 1544 θοῃδίξίω
545 1497 638 1544 ,δξωξῖ
665 1494 838 1544 Ρ³¹¹ί⁵ίξ⁵ί¹¹¹³δ
868 1495 1028 1544 “deﬂui”
1043 1504 1064 1532 (ἶ
1081 1490 1281 1541 Ol,
1294 1518 1327 1537 ex
1340 1510 1400 1537 aliis
1420 1490 1612 1544 interpretibus
1628 1508 1760 1541 restituit,
1779 1516 1871 1543 appo-

246 1537 324 1570 longe
339 1537 466 1571 majorem
482 1537 551 1564 haud
568 1538 648 1566 dubie
662 1539 761 1566 facturi
778 1548 896 1572 eramus,
914 1542 966 1568 nisi
983 1541 1031 1568 Ba-

246 1583 364 1610 siliensis
379 1583 463 1610 codex
482 1588 537 1611 tota
555 1592 623 1619 pene
645 1585 741 1613 Genesi
762 1590 913 1622 temporum
931 1588 1030 1622 injuria

247 1629 394 1656 mulctatus
419 1629 525 1656 fuisset.
553 1629 631 1658 Ilunc
655 1636 744 1659 tamen
768 1631 903 1660 defectum
924 1634 1031 1661 abunde

246 1680 424 1709 compensant
443 1675 594 1711 fragmenta
617 1682 738 1704 veterum
761 1664 939 1713 interp°retum
962 1679 1031 1707 bene

247 1721 331 1748 multa
356 1729 389 1748 ex
412 1721 579 1749 Coisliuiano
607 1722 654 1749 illo
680 1724 840 1758 perautiquo
865 1725 957 1752 codice
983 1725 1030 1752 de-

246 1774 348 1804 cerpta.
844 1763 847 1767 ’

282 1814 310 1841 In
328 1814 420 1842 Exodo
434 1823 482 1849 par
499 1814 638 1850 diligentia
655 1815 690 1842 ab
706 1814 822 1850 Origene
835 1815 954 1843 adhibita
970 1816 1029 1843 fue-

247 1867 299 1890 rat.
316 1861 366 1889 Hic
381 1863 489 1897 perinde
510 1868 590 1897 atque
608 1863 635 1889 in
650 1862 747 1890 Genesi
771 1861 952 1893 Samarilaui,
970 1862 1030 1898 Syri

245 1911 273 1934 et
287 1906 391 1934 Hebraei
407 1907 536 1934 lectiones
550 1907 737 1934 observantur.
751 1906 790 1934 Ex
803 1907 902 1940 Quinta
913 1907 1031 1936 editione

247 1954 324 1987 nihil,
340 1962 389 1982 nec
403 1954 465 1981 inde
481 1959 571 1981 tamen
590 1953 689 1981 inferas
711 1962 764 1981 non
787 1954 905 1981 adfuisse
919 1955 945 1980 iu
960 1954 1030 1981 Exo-

245 2000 300 2026 do:
319 2008 381 2027 nam
393 2000 438 2035 qui
458 2005 512 2027 tam
527 2008 627 2035 paucas
642 2008 673 2027 ex
689 2000 750 2027 aliis
769 1999 942 2027 Pentateuchi
955 2000 1030 2027 lihris

243 2045 374 2073 exhibent
395 2047 572 2080 manuscripti
589 2046 708 2076 codices,
731 2054 785 2072 non
808 2046 906 2072 mirum
924 2046 946 2072 si
971 2045 1031 2072 uul—

245 2091 298 2118 lam
317 2091 344 2118 in
361 2091 455 2118 Exodo
472 2092 621 2119 attulerint.
640 2091 782 2118 Lectiones
799 2099 881 2126 porro
898 2091 1031 2126 interpres

245 2141 314 2169 :um,
328 2138 411 2165 vicies
422 2138 516 2165 saltem
533 2138 669 2165 auctiores
682 2137 846 2172 proferimus
863 2145 945 2171 quam
958 2138 1029 2172 apud

245 2181 374 2209 Drusium
389 2183 564 2210 haberentur.
581 2183 608 2210 lu
619 2184 762 2218 postremis
775 2183 920 2218 capitibus,
938 2184 984 2211 ubi
999 2192 1029 2211 ea
1046 2179 1068 2206 Ι)

246 2236 308 2263 quae
324 2229 351 2255 in
367 2229 485 2256 editione
496 2229 550 2255 τῶν
564 2231 591 2255 0'
605 2234 766 2264 praepostere
780 2229 866 2264 posita
880 2234 968 2261 erant,
980 2237 1030 2256 suo

247 2275 336 2303 ordini
358 2276 476 2303 restituit
500 2275 641 2311 Origenes,
666 2284 719 2303 non
743 2283 830 2311 pauca
855 2284 887 2303 ex
912 2276 1030 2303 editione

245 2322 290 2350 illa
309 2321 448 2356 hexaplari
464 2321 504 2348 sic
518 2322 641 2360 restituta
651 2342 658 2353 ,
674 2329 735 2348 cum
750 2321 888 2348 asteriscis
905 2325 931 2348 et
945 2320 1030 2348 obclis

244 2367 408 2404 proferimus
419 2376 452 2395 ex
465 2368 558 2395 codice
572 2368 728 2395 Colbertino
738 2367 940 2402 antiquissimo,
952 2367 1031 2401 cujus

244 2415 383 2449 specimen
408 2414 532 2442 dedimus
556 2414 766 2450 Palwograp/iiae
789 2414 888 2442 Greca:
914 2414 962 2441 lib.
989 2422 1029 2447 Ill,

243 2468 304 2495 cap.
323 2461 348 2487 l.

279 2505 308 2532 In
329 2505 450 2533 Levitico
472 2505 564 2533 eadem
587 2506 767 2533 observantur
788 2513 848 2540 qua:
871 2505 897 2532 in
925 2505 1029 2533 Exodo.

245 2551 337 2580 Lectio
353 2551 460 2584 Quinta:
476 2551 603 2579 editionis
618 2552 733 2579 habetur
747 2552 780 2578 ad
799 2559 859 2586 cap.
873 2559 892 2578 ιι
906 2551 1029 2578 Levitiei.

246 2597 294 2624 llic
317 2596 491 2624 Colbertinus
516 2598 596 2633 longe
621 2598 698 2633 plura
728 2597 882 2632 suppeditat
903 2605 984 2632 quam
1003 2597 1030 2624 in

245 2643 356 2676 Exodo,
378 2651 412 2670 ex
432 2643 550 2671 editione
565 2644 619 2670 τῶν
635 2645 663 2670 0'
680 2643 842 2679 Origeuiana
869 2645 926 2670 sive
946 2644 1030 2670 hexa-

245 2689 323 2724 plari.
342 2689 485 2717 Lectiones
499 2694 589 2716 autem
610 2694 731 2717 veterum
754 2690 946 2724 interpretum,
963 2696 1032 2724 quas

245 2743 344 2771 magno
361 2744 473 2764 numero
485 2736 661 2771 proferimus,
675 2744 771 2765 omnes
784 2744 852 2772 pene
865 2743 952 2769 novae,
966 2743 1030 2763 nec-

244 2781 308 2808 dum
326 2780 476 2809 observatae
492 2785 567 2808 sunt.

280 2827 317 2854 De
337 2826 516 2856 Numerorum
538 2828 607 2856 libro
620 2827 697 2864 paria
720 2827 847 2856 dicimus.
869 2825 919 2854 Hic
942 2831 1031 2854 tamen

1081 1556 1141 1583 sitis
1155 1556 1302 1587 asteriscis,
1318 1563 1378 1590 qua:
1399 1563 1460 1587 nos,
1474 1560 1503 1582 ut
1520 1558 1597 1582 erant
1617 1555 1645 1580 in
1669 1554 1761 1582 codice
1785 1553 1871 1582 Basi-

1080 1602 1170 1634 lieusi,
1189 1602 1247 1629 sine
1274 1601 1411 1628 asteriscis
1433 1600 1581 1632 nimirum,
1601 1600 1750 1632 edidimus,
1766 1604 1794 1627 et
1808 1606 1872 1627 non

1080 1655 1165 1682 pauca
1190 1655 1223 1675 ex
1253 1647 1419 1674 Coisliniano
1442 1646 1720 1681 codice-adiecimus.
1748 1645 1873 1673 Drusius

1080 1701 1144 1721 vero
1173 1693 1336 1728 paucissima
1363 1693 1500 1720 attulerat.
1524 1691 1594 1725 Quid
1621 1699 1685 1718 vero
1711 1698 1804 1718 causae
1832 1691 1874 1718 sit

1081 1747 1130 1766 cur
1147 1739 1274 1766 lectiones
1288 1746 1303 1765 a
1319 1738 1397 1766 nobis
1417 1738 1514 1770 allatae,
1532 1745 1594 1765 cum
1614 1737 1666 1764 illis
1682 1744 1751 1772 quas
1762 1736 1874 1763 Masius

1080 1793 1143 1813 cum
1169 1785 1308 1812 asteriscis
1335 1784 1434 1816 edidit,
1459 1791 1579 1818 persaepe
1604 1790 1657 1810 non
1682 1783 1873 1814 consentiant,

1081 1831 1152 1858 haud
1167 1831 1274 1858 difficile
1293 1834 1334 1858 est
1355 1830 1514 1864 intelligere.
1529 1829 1597 1856 Cum
1617 1829 1689 1856 enim
1704 1828 1818 1861 Masius,
1840 1833 1875 1855 ut

1081 1876 1139 1911 ipse
1155 1877 1325 1909 testificatur,
1343 1875 1375 1902 ad
1390 1876 1447 1902 haec
1463 1874 1628 1902 restituenda
1647 1874 1739 1901 codice
1755 1873 1875 1909 Syriaco

1081 1922 1117 1950 sit
1136 1930 1213 1954 usus,
1236 1927 1265 1948 ut
1284 1922 1426 1949 lectionem
1449 1921 1571 1948 Graeam
1588 1920 1705 1955 Syriaca:
1721 1927 1772 1954 ope
1788 1927 1873 1947 asse—

1080 1972 1225 2003 queretur,
1244 1976 1314 2003 saepe
1337 1968 1464 1995 divinarit
1488 1971 1604 2002 oportet.
1625 1967 1809 2000 Quamobrem
1827 1967 1874 1993 le-

1081 2005 1185 2041 ctiones
1207 2019 1307 2042 nostra:
1333 2015 1411 2048 longe
1433 2014 1596 2042 sinceriores
1620 2017 1684 2040 sunt
1708 2019 1790 2047 quam
1808 2011 1873 2040 Ma-

1081 2068 1174 2088 51³118.

1116 2118 1145 2145 In
1160 2118 1231 2146 libro
1244 2117 1370 2145 Iudicum
1391 2118 1469 2153 longe
1491 2117 1568 2152 plura
1591 2125 1672 2152 quam
1692 2117 1719 2143 in
1737 2116 1808 2143 libro
1821 2115 1874 2142 Jo-

1083 2171 1143 2195 sue,
1157 2164 1183 2190 in
1204 2163 1323 2190 editione
1339 2163 1478 2197 hexaplari
1495 2162 1529 2189 ab
1543 2161 1658 2197 Origene
1678 2161 1802 2188 restituta
1821 2161 1875 2187 de-

1083 2209 1297 2245 prehenduntur,
1315 2217 1375 2243 quaa
1397 2217 1428 2236 ex
1453 2207 1638 2235 Theodotioue
1663 2212 1693 2234 ut
1717 2207 1873 2242 plurimum

1081 2258 1222 2281 mutuatus
1240 2258 1282 2281 cst
1302 2253 1442 2288 Origenes.
1456 2253 1495 2280 Ea
1519 2260 1584 2280 vero
1609 2261 1680 2280 nunc
1703 2253 1822 2286 primum
1841 2252 1873 2279 in

1081 2299 1168 2327 lucem
1184 2300 1300 2332 edimus,
1314 2299 1428 2326 Drusius
1445 2300 1518 2326 enim
1533 2299 1589 2326 fere
1606 2298 1672 2325 nihil
1686 2298 1792 2325 habuit.
1812 2298 1866 2325 Ca-

1081 2346 1135 2380 pite
1160 2350 1249 2372 autem
1275 2352 1347 2372 nono
1372 2352 1403 2371 ac
1422 2345 1543 2377 decimo,
1561 2344 1684 2379 qmedam
1711 2344 1873 2378 hexaplaris

1082 2391 1135 2418 τῶν
1149 2392 1175 2418 0'
1189 2391 1314 2418 e.litionis
1335 2398 1367 2418 ex
1383 2390 1566 2417 vetustissimo
1581 2388 1644 2416 folio
1658 2393 1753 2416 nostro
1766 2396 1870 2415 manu-

1082 2437 1185 2471 scripto
1203 2436 1387 2471 proferuntur.

1118 2493 1146 2520 lu
1171 2493 1242 2520 libro
1268 2492 1353 2526 Ruth,
1377 2492 1428 2519 etsi
1450 2491 1525 2527 paria
1547 2490 1701 2525 praestiterit
1723 2490 1872 2526 Origenes,

1081 2539 1148 2566 nihil
1161 2546 1230 2574 pene
1245 2546 1338 2565 eorum
1357 2542 1489 2572 superest.

1116 2596 1145 2623 In
1158 2596 1235 2623 libris
1251 2594 1385 2622 Samuelis
1398 2598 1424 2621 et
1435 2593 1538 2628 Regum
1553 2593 1631 2620 solita
1646 2593 1783 2620 industria
1799 2601 1872 2621 usus

1081 2641 1210 2678 Origenes
1234 2639 1453 2676 deprehenditur.
1477 2640 1515 2666 lbi
1537 2639 1618 2667 etiam
1645 2639 1706 2675 Syri
1734 2639 1874 2668 lectiones

1081 2696 1136 2715 non
1153 2695 1215 2714 raro
1231 2686 1390 2714 afferuntur.
1409 2685 1532 2713 Monetur
1548 2690 1638 2712 autem
1654 2685 1682 2711 in
1701 2684 1754 2712 ﬁne
1773 2686 1871 2719 primi,

1082 2741 1166 2761 unum
1182 2733 1246 2760 olim
1261 2731 1352 2759 ‘fuisse
1371 2731 1471 2758 librum
1494 2730 1638 2763 Samuelis,
1663 2731 1710 2766 qui
1730 2730 1804 2758 duos
1821 2732 1873 2759 ho-

1082 2778 1192 2806 diernos
1204 2776 1443 2811 complectebatur,
1458 2783 1508 2803 nec
1530 2776 1655 2811 Aquilam
1667 2776 1797 2804 divisisse
1812 2777 1873 2811 pri-

1083 2831 1157 2852 mum
1174 2831 1189 2851 a
1205 2822 1333 2851 secundo.
1354 2821 1448 2858 Magna
1470 2829 1553 2858 porro
1567 2827 1687 2849 Veterum
1705 2822 1874 2857 interpreta-
