1902 3049
71 126 109 153 illi

79 467 190 498 quenter
205 459 396 495 proferuntur.

670 123 703 152 IN
724 123 793 151 HEX
799 121 888 149 APLA
908 120 1079 148 ORIGENIS.

79 187 171 214 tionum
188 185 267 216 silva.
283 192 371 220 quam
400 185 524 217 edimus,
540 191 612 212 nunc
627 184 715 219 primo
736 183 826 218 prodit
838 182 858 208 ir

923 179 990 206 πίδα
1032 178 1088 214 τῆς
1137 180 1287 214 σωτηρίας

77 234 171 263 lucem;
187 231 302 258 Druslus
315 239 384 258 vero
399 231 470 258 nihil
488 238 554 266 pene
569 229 722 265 collegerat.

108 277 135 304 lu
149 277 228 303 libris
247 275 482 310 Paralipomenon
503 282 586 309 pauca
612 273 794 309 Hexaplorum
809 273 865 300 fra-

77 327 179 359 gmenta
194 322 367 353 exhibemus,
383 320 446 354 quia
462 319 599 346 rarissima
615 319 642 345 in
658 320 707 346 hos
721 319 866 346 Commen-

78 369 144 396 taria
161 376 175 394 a
197 367 297 402 priscis
312 365 494 401 scriptoribus
515 365 586 392 edita
609 369 673 392 sunt
689 372 694 390 :
711 368 738 391 et
757 365 782 391 in
805 372 865 391 ma-

78 415 241 449 nuscriptis,
271 418 394 440 veterum
420 413 598 447 interpretum
626 411 756 438 lectiones
782 411 866 438 infre-

110 507 139 534 ln
159 507 247 533 libros
268 504 372 536 Esdrar,
393 502 540 535 Nehemim,
557 501 680 529 Esther-is
696 502 762 528 nihil
777 501 867 529 Hexa-

78 554 180 589 plorum
199 556 338 587 superest,
355 550 417 577 licet
436 548 581 584 Origenes,
596 552 626 575 ut
639 548 776 580 existimo,
793 548 818 574 in
834 548 867 575 iis

77 598 197 626 eamdem
213 604 297 632 quam
313 595 340 622 in
357 594 461 621 ueteris
477 601 585 627 operam
603 593 751 620 navaverit.
767 591 866 620 Verum

78 646 102 673 in
117 644 260 672 codicibus
279 643 325 677 qui
340 642 367 668 in
385 647 481 667 manus
499 639 665 672 inciderunt,
684 640 751 666 nihil
767 640 867 674 margi-

78 690 176 718 nalium
197 692 338 718 notarum,
355 686 423 713 nihil
436 685 693 712 commentariorum
708 685 792 712 adest.

108 735 136 762 In
152 735 224 762 libro
239 738 329 760 autem
344 731 396 759 Job
408 731 471 766 quid
487 730 640 765 praestiterit
651 730 792 765 Origenes,
809 731 867 765 ipse

75 782 195 809 declarat
209 780 237 807 iu
255 779 376 814 Epistola
389 777 422 804 ad
434 775 590 803 Africanum
608 786 614 803 :
632 776 713 811 hujus
729 777 771 804 hic
786 778 866 805 verba

75 827 249 862 subjicimus.

107 885 145 911 Ex
168 884 223 911 Job
246 883 328 910 etiam
355 881 389 908 ab
413 880 455 907 his

74 932 163 959 verbis
181 940 188 958 :
209 930 343 964 Scriptum
355 934 392 955 est
409 936 456 954 au—

75 986 124 1007 tem
135 981 222 1014 ipsum
234 982 453 1007 resurrecturum,

74 1035 131 1053 cum
151 1024 249 1061 quibus
265 1024 394 1050 Dominus
413 1030 453 1048 re—

75 1073 173 1107 surgit,
194 1078 284 1105 usque
306 1070 340 1096 ad
362 1069 454 1098 ﬁnem,

76 1119 145 1150 hzee,
175 1118 308 1152 inquam.
336 1123 389 1142 non
405 1123 454 1142 ex-

75 1170 146 1193 stant
178 1164 252 1199 apud
287 1163 415 1190 Hebraeos
446 1169 452 1187 :

75 1219 156 1245 quare
174 1218 226 1238 nec
243 1209 316 1244 apud
329 1208 453 1243 Aquilam

76 1258 224 1288 habentur;
237 1255 284 1283 sed
300 1255 372 1290 apud
385 1253 451 1280 LXX

76 1309 99 1330 et
119 1303 193 1338 apud
220 1301 437 1328 Theodotionem
446 1321 454 1332 ,

76 1350 160 1384 quoad
205 1356 319 1376 sensum
361 1347 454 1374 eadem

77 1402 144 1423 sunt.
170 1396 318 1422 lnnumera
348 1401 455 1427 quoque

78 1442 124 1469 alia
148 1441 307 1468 invenimus
335 1440 363 1466 in
389 1438 452 1472 Job‘,

78 1495 128 1516 tum
144 1489 300 1516 deficientia
312 1509 319 1520 ,
339 1492 395 1514 tum
415 1494 455 1514 rc-

77 1535 221 1562 dundamia
275 1534 302 1560 in
355 1533 455 1560 uestris

77 1580 277 1615 exemplaribus
286 1600 294 1612 ,
317 1579 339 1606 si
364 1578 442 1606 conl'e

76 1632 167 1654 rantur
184 1634 248 1653 cum
265 1625 397 1652 Judaicis.
410 1624 457 1652 De-

76 1672 191 1700 lieientia
208 1673 333 1708 quidem,
350 1677 378 1699 ut
394 1680 455 1698 eum

75 1720 114 1746 his
126 1720 219 1746 verbis
230 1729 237 1746 :
250 1719 368 1754 Surgens
381 1727 456 1745 mune

75 1766 198 1799 offerebat
215 1774 266 1800 pro
280 1765 334 1792 illis
353 1765 456 1798 sacriﬁ-

75 1812 113 1837 cia
121 1832 128 1843 ,
146 1812 295 1838 secundum
321 1819 456 1837 numerum

74 1865 178 1889 eorum;
203 1858 325 1890 additur,
347 1858 457 1883 vitulum

74 1912 155 1929 unum
190 1913 240 1938 pro
271 1909 377 1938 peccata
409 1912 456 1938 pro

73 1951 214 1977 animabus
232 1959 334 1977 eorum.
350 1950 381 1976 Et
394 1959 454 1977 cum

75 1996 129 2023 his:
148 1997 284 2023 Venerunt
297 1996 384 2030 angeli
397 1996 454 2028 Dei,

72 2048 100 2069 tu
117 2048 240 2070 astarent
255 2051 344 2069 coram
359 2043 420 2074 Deo,
433 2048 456 2069 el

72 2090 200 2116 diabolus
225 2090 295 2116 venit
329 2097 388 2115 cum
419 2090 456 2115 eis

72 2136 250 2163 subnectitur
269 2143 275 2159 :
294 2135 456 2162 Circumiens

72 2188 190 2212 terram.
216 2186 241 2208 et
271 2182 456 2216 perambulatis

71 2229 99 2255 in
112 2238 154 2256 ea.
168 2227 306 2255 Praeterea
322 2233 383 2263 post
400 2229 458 2256 hzec

72 2277 171 2309 verba,
203 2275 334 2302 Dominus
369 2276 457 2309 dedit,

73 2322 207 2349 Dominus
232 2322 361 2354 abstulit,
385 2322 457 2356 apud

73 2367 206 2396 Hebraeos
222 2375 276 2396 non
295 2373 374 2395 erant
389 2369 457 2401 haec,

72 2416 142 2442 sicut
156 2415 275 2442 Domino
288 2415 406 2450 placuit,
420 2415 459 2442 ita

72 2461 175 2495 factum
189 2466 238 2488 est.

107 2519 192 2547 Plura
202 2524 296 2547 autem
307 2519 333 2546 in
347 2519 450 2546 nostris

73 2572 155 2598 quam
183 2565 210 2592 in
234 2563 357 2591 Hebraeis
387 2567 451 2590 sunt

74 2618 105 2637 ea
119 2619 181 2646 quae
209 2610 283 2638 Jobo
298 2610 368 2637 dixit
380 2617 451 2637 uxor

74 2659 132 2692 ejus
172 2659 209 2686 ab
248 2658 294 2685 his
326 2657 448 2684 verbis:

73 2705 215 2740 Quousque
222 2704 405 2740 perseverabis
414 2703 452 2729 di-

71 2751 151 2777 rendo
170 2759 180 2778 .·
216 2750 334 2777 Manebo
362 2750 450 2775 adhuc

69 2804 148 2829 ρηηο
189 2803 310 2831 tempore
358 2802 448 2824 ezsne~

68 2847 142 2870 clam
153 2851 230 2879 spem
254 2841 357 2869 salutis
374 2847 450 2872 mem,

531 879 610 905 Ἀλλὰ
645 881 690 906 καὶ
726 880 780 907 ἀπὸ
818 880 864 907 τοῦ
881 866 904 896 Β

496 924 565 958 Ἰὼϐ,
579 925 614 952 τὰ
628 927 683 953 ἀπὸ
698 927 744 953 τοῦ
760 927 866 961 Γέγρα-

489 979 557 999 πται
585 972 618 998 δὲ
649 974 741 1000 αὑτὸν
773 973 865 1000 πάλιν

488 1020 722 1053 ἀναστήσεσθαι,
728 1022 792 1056 μεθ’
798 1019 841 1048 ὧν
849 1024 864 1048 ὀ

489 1067 597 1100 Κύριος
616 1067 788 1101 ἀνίστησιν,
800 1068 864 1104 ἄχρι

488 1113 597 1145 τέλους,
621 1114 653 1140 οὐ
679 1116 767 1141 κεῖται
790 1115 864 1150 παρὰ

585 1161 718 1197 Ἑϐραίοις
733 1171 739 1176 ·
772 1162 864 1198 διόπερ

488 1207 547 1234 οὐδὲ
575 1209 650 1244 παρὰ
679 1209 718 1244 τῷ
749 1209 862 1245 Ἀκύλᾳ,

489 1253 563 1289 παρὰ
577 1253 605 1280 δὲ
619 1255 674 1286 τοῖς
691 1257 717 1281 0'
735 1255 781 1281 καὶ
800 1255 864 1282 Θεο-

488 1300 592 1326 δοτίωνι
602 1300 636 1327 τὰ
654 1301 864 1336 ἰσοδυναμοῦντα

489 1346 622 1381 ἀλλήλοις.
653 1347 707 1374 Καὶ
738 1348 804 1374 ἄλλα
835 1349 864 1374 δὲ

491 1393 573 1429 μυρία
607 1393 723 1429 εὕρομεν
761 1395 790 1421 ἐν
827 1394 865 1430 τῷ

496 1439 572 1470 Ἰὼϐ,
600 1441 646 1466 καὶ
672 1441 730 1466 κατ’
761 1441 863 1476 ὀλίγον,

490 1487 535 1513 καῖ
564 1487 609 1513 ἐπὶ
642 1488 721 1514 πλέον
752 1489 780 1514 ἐν
809 1490 864 1520 τοῖς

489 1532 633 1568 ἡμετέροις
649 1534 832 1568 ἀντιγράφοις,
847 1526 901 1577 ἥδ

490 1580 518 1605 ὲν
541 1581 596 1611 τοῖς
619 1580 694 1615 παρὰ
719 1581 863 1612 Ἰουδαίοις·

491 1627 549 1652 κατ’
561 1626 649 1661 ὀλίγον
666 1627 723 1661 μὲν,
739 1627 793 1658 ὅτε,
806 1628 866 1654 ἁνι-

491 1672 637 1707 στιίμιενος
646 1673 678 1699 τὸ
687 1673 761 1707 πρωῒ
775 1681 866 1707 προσ-

491 1718 577 1753 ἐρερε
601 1719 665 1752 περὶ
692 1719 791 1746 αὐτῶν
816 1722 866 1746 θυ-

492 1766 561 1798 σίας
580 1767 653 1792 uani
671 1766 724 1792 τὸν
743 1767 867 1802 ἀριθμὸν

491 1811 598 1838 αὐτῶν·
616 1812 659 1838 τό·
676 1814 796 1847 μόσχον
813 1813 867 1839 ἕνα

491 1857 556 1891 περὶ
571 1858 712 1893 ἁμαρτίας
729 1859 795 1893 περὶ
809 1859 867 1885 τῶν

492 1903 600 1938 ψυχῶν
616 1904 724 1931 αὐτῶν.
743 1906 795 1931 Καὶ
811 1905 865 1936 ὅτε,

492 1947 586 1983 ἦ.ἰοον
614 1951 640 1975 οὶ
667 1948 786 1983 ἄγγελοι
814 1949 866 1976 τοῦ

494 1995 566 2021 Θεοῦ
591 1995 778 2028 παραστῆναι
796 1995 866 2021 ἑνώ-

492 2050 561 2068 πιον
582 2042 634 2068 τοῦ
660 2042 747 2074 Θειτῦι
772 2043 821 2068 καὶ
851 2044 867 2069 ὀ

491 2088 630 2122 διάϐολος
647 2087 719 2124 ἦλθε
738 2089 801 2124 μετ’
813 2090 866 2116 αὑ-

492 2134 560 2160 τῶν’
579 2135 616 2161 τό·
633 2135 795 2168 περιελθὼν
811 2135 868 2169 τὴν

493 2180 558 2216 γῆν,
570 2181 616 2207 καὶ
626 2181 867 2216 ἐμπεριπατήσας

492 2228 526 2254 ἐν
541 2227 627 2261 αὐτῇ.
645 2228 705 2254 Ἔτι
725 2228 753 2254 δὲ
772 2228 821 2254 οὐκ
834 2226 867 2263 ἧν
885 2217 906 2244 D

493 2275 557 2310 παρ’
579 2274 713 2310 Ἑϐραίοις
733 2274 801 2309 μετὰ
823 2274 866 2300 τό-

499 2321 526 2346 '0
556 2321 662 2354 Κύριος
693 2319 817 2351 ἔδωκεν,
853 2321 869 2346 ὁ

494 2366 601 2400 Κύριος
612 2366 761 2400 ἀφείλετο·
778 2366 818 2398 ὡς
829 2365 868 2398 τῷ

494 2413 590 2446 Κυρίῳ
621 2411 746 2444 ἔδοξεν,
777 2412 869 2444 οὕτως

496 2459 544 2485 καὶ
562 2457 689 2493 ἐγένετο.

489 1162 545 1193 τοῖς

531 2516 645 2542 Πλείονα
653 2515 681 2541 δὲ
695 2515 723 2541 ὲν
731 2516 786 2546 τοῖς
795 2515 858 2550 ἡμε-

494 2561 583 2596 τέροις
604 2559 678 2595 παρὰ
699 2559 733 2585 τὰ
756 2559 859 2594 Ἐϐραῖ-

496 2605 546 2637 mit,
570 2605 614 2631 ὅτε
645 2602 705 2630 εἷπε
732 2603 770 2638 τῷ
799 2603 858 2630 ’1ὼὸ

496 2651 591 2687 ὴγυνὴ
614 2649 707 2681 αὑτοῦ,
731 2649 784 2676 ἀπὸ
799 2648 857 2682 τοῦ,

495 2697 588 2730 Μέχρι
613 2695 694 2728 τίνος
723 2693 860 2728 καρτερή-

496 2753 569 2776 σεις,
576 2743 681 2778 λέγων’
698 2742 785 2770 Ἰδοὺ.
792 2742 860 2770 ἀνα-

493 2791 572 2826 μένω
581 2791 691 2825 χρόνον
698 2790 741 2816 ἔτι
752 2790 860 2824 μικρὸν

496 2838 735 2874 προσδεχόμενος
747 2837 804 2872 τὴν
813 2838 859 2865 ἐλ-

913 234 992 260 μου;
1006 225 1059 257 ἕως
1073 224 1132 257 τοῦ,
1150 225 1200 252 ἵνα
1215 226 1287 252 ἀνα-

917 273 1074 306 παύσωμαι
1090 271 1148 298 τῶν
1160 272 1283 306 μόχθων

914 327 972 353 μου
994 318 1043 345 καὶ
1072 317 1131 344 τῶν
1150 317 1278 349 ὀδυνῶν,

916 364 947 390 aZ
962 372 1000 397 με
1025 364 1083 390 νῦν
1101 363 1281 397 συνέχουσι.

919 410 1008 435 Μόνον
1022 409 1075 444 γὰρ
1090 409 1124 436 τὰ
1151 409 1220 444 ῥητὰ
1233 409 1283 443 τῆς

917 455 1045 489 γυναικὸς
1065 455 1282 491 ἀναγέγραπται,

917 503 959 529 τό*
975 503 1056 530 Ἀλλ’
1064 501 1150 529 εἶπόν
1164 512 1190 529 τι
1201 502 1286 537 ῥῆμα

919 548 995 582 πρὸς
1020 549 1140 582 Κύριον,
1169 550 1217 575 καὶ
1243 557 1284 574 τε-

916 597 1018 623 deum.

953 641 1036 667 Πάλιν
1049 649 1078 667 τε
1106 639 1139 668 αὖ
1167 641 1280 668 πλεῖστά

917 695 946 713 τε
969 686 1018 712 ὅσα.
1045 686 1088 713 διὰ
1111 687 1192 722 μέοου
1223 687 1284 714 ὅλου

919 731 965 758 τοῦ
988 730 1047 758 ’1ὼὸ
1064 734 1129 768 παρ’
1150 732 1285 768 Ἑϐραίοις

922 777 972 812 μὲν
985 779 1083 810 κεῖται,
1095 779 1160 813 παρ’
1174 779 1239 813 ἡμῖν
1257 778 1285 804 δὲ

919 824 989 859 οὐχί.
1017 824 1072 850 Καὶ
1087 824 1217 855 πολλάκις
1235 824 1285 859 μὲν

921 869 973 904 ἔπη
1004 869 1123 905 τέσσαρα
1152 870 1168 905 ἢ
1206 870 1285 906 τρία,

919 917 976 943 ἐσθ’
989 917 1033 943 ὅτε
1046 917 1074 943 δὲ
1097 917 1143 943 καὶ
1157 916 1286 943 δεκατέσ-

920 972 990 999 σαρα
1008 964 1054 990 καὶ
1071 963 1216 990 δεκαεννέα
1236 963 1283 990 καὶ

917 1011 1023 1043 δεκαέξ.
1034 1011 1090 1038 Καὶ
1101 1011 1127 1037 τί
1143 1019 1176 1046 με
1190 1011 1284 1037 δεῖκα-

916 1057 1050 1090 ταλέγειν,
1066 1056 1084 1083 ἃ
1103 1056 1170 1092 μετὰ
1185 1056 1282 1083 πολλοῦ

917 1103 1042 1137 καμάτου
1084 1102 1280 1136 ἁνελεξάμεθα,

918 1145 988 1180 ὑπὲρ
1002 1144 1048 1171 τοῦ
1072 1145 1108 1180 μὴ
1138 1145 1281 1172 λανθάνειν

917 1193 991 1228 ἡμᾶς
1007 1192 1056 1228 τὴν
1071 1192 1202 1227 διαφορὰν
1228 1192 1282 1218 τῶν

917 1238 993 1274 παρὰ
1011 1238 1148 1269 Ἰουδαίοις
1160 1238 1206 1264 καὶ
1216 1239 1280 1273 ἡμῖν

917 1286 1090 1322 ἀντιγράφων
1098 1294 1105 1318 ;

1645 127 1697 154 102

1329 188 1416 216 usque
1430 182 1463 208 ad
1483 181 1540 210 hac
1555 184 1647 216 verba,
1667 191 1696 211 ut

1328 229 1491 263 requieuam
1515 230 1548 256 ab
1569 239 1623 256 tera
1628 233 1696 258 nmis

1330 276 1405 306 meis,
1424 280 1449 302 et
1463 285 1479 302 a
1493 276 1626 303 doloribus
1638 285 1699 312 qua

1328 328 1368 346 me
1390 329 1458 348 nunc
1479 322 1606 350 detinent.
1629 323 1696 352 Nam

1328 367 1375 402 (in
1393 368 1544 405 Hebraico)
1566 372 1622 398 haec
1638 377 1698 400 tan-

1329 419 1385 441 tum
1418 417 1498 444 verba
1521 419 1613 446 uxoris
1636 420 1698 454 ejus

1328 462 1428 496 scripta
1456 468 1519 491 sunt
1546 474 1552 491 :
1580 465 1632 492 Sed
1652 467 1697 494 dic

1328 507 1432 533 verbum
1445 515 1536 536 contra
1544 510 1694 544 Dominum.

1328 558 1352 579 et
1367 561 1477 581 morere.

1368 636 1487 664 Rursum
1525 638 1640 672 plurima
1669 639 1698 666 in

1331 683 1421 710 medio
1457 688 1513 710 toto
1540 685 1610 712 libro
1641 685 1696 713 Job

1327 728 1398 762 apud
1412 727 1539 757 Hebraeos
1557 731 1699 765 reperiun-

1328 778 1445 808 tur,qua=.
1454 774 1480 801 in
1495 775 1697 810 exemplaribus

1328 820 1633 853 nostrisdesideranlur;
1644 830 1693 850 sa:-

1330 865 1390 899 pius
1414 865 1522 900 quidem
1544 867 1697 902 (versiculi)

1329 914 1447 944 quatuor
1460 911 1501 938 vel
1523 917 1577 939 tres
1590 921 1597 944 ;
1616 913 1699 940 inter-

1335 956 1399 983 dum
1412 964 1476 983 vero
1483 958 1699 992 quattuordecim,

1335 1005 1532 1037 novemdeeim,
1551 1007 1593 1033 vel
1610 1007 1701 1034 sexde-

1337 1051 1401 1078 eim.
1418 1050 1451 1078 Et
1463 1051 1526 1086 quid
1542 1060 1583 1079 me
1594 1057 1701 1086 oportet

1336 1097 1380 1124 hic
1415 1105 1595 1129 enumerare,
1640 1105 1700 1133 qua:

1336 1144 1421 1170 multo
1431 1144 1521 1171 labore
1530 1145 1698 1179 collegimus.

1335 1197 1368 1216 ne
1381 1197 1431 1216 nos
1443 1189 1538 1216 lateret
1553 1189 1699 1217 discrimen

1334 1237 1406 1271 quod
1414 1236 1525 1264 Judaiea
1537 1237 1606 1264 inter
1616 1243 1643 1264 et
1650 1244 1700 1264 no-

1334 1287 1389 1308 stra
1401 1282 1566 1317 exemplaria
1585 1282 1700 1311 interce-

1334 1329 1391 1355 dit?

953 1376 980 1403 ln
998 1377 1067 1403 lihro
1090 1376 1172 1411 igitur
1185 1375 1246 1408 Job,
1262 1380 1358 1410 praeter
1376 1373 1482 1401 solitam
1496 1381 1543 1400 sex
1560 1374 1701 1401 columna-

918 1431 977 1450 rum
993 1430 1114 1457 operam,
1129 1421 1259 1457 Origenes
1278 1421 1305 1448 in
1333 1419 1452 1448 editione
1468 1419 1521 1446 τῶν
1538 1420 1566 1446 0'
1583 1420 1700 1454 plurima

918 1469 1012 1496 mutila
1022 1476 1055 1495 ex
1071 1467 1268 1498 Theodotione,
1278 1471 1306 1494 et
1322 1465 1467 1501 aliquando
1483 1472 1514 1491 ex
1528 1465 1589 1492 aliis
1603 1465 1701 1492 editio-

918 1515 1009 1547 nihus,
1034 1514 1172 1542 asteriscis
1199 1512 1353 1548 praepositis
1368 1510 1543 1542 restauravit,
1561 1515 1588 1537 et
1611 1510 1701 1538 hiatus

917 1568 1033 1596 magnos
1048 1560 1199 1590 resareivil,
1215 1563 1244 1585 ut
1259 1561 1316 1593 ipse
1328 1564 1408 1591 supra
1430 1560 1572 1582 memorat.
1594 1555 1701 1590 Septin-

915 1611 1012 1641 gentos
1026 1605 1067 1632 vel
1083 1605 1253 1636 octingentos
1264 1602 1413 1630 versiculos
1427 1601 1460 1628 ab
1473 1600 1588 1635 Origene
1601 1601 1700 1636 praedi-

915 1658 960 1680 cto
971 1652 1051 1680 modo
1064 1652 1091 1678 in
1105 1651 1173 1679 locis
1184 1651 1228 1678 ubi
1247 1650 1357 1677 deerant
1368 1647 1502 1683 repositos
1518 1647 1602 1674 fuisse
1619 1652 1702 1675 testa-

915 1704 961 1726 tur
977 1698 1169 1734 Hieronymus,
1187 1697 1233 1732 qui
1249 1697 1346 1723 librum
1360 1693 1410 1721 Job
1423 1694 1463 1721 sic
1476 1693 1631 1721 restitutum
1648 1693 1700 1721 La-

916 1745 971 1771 tine
997 1743 1143 1774 transtulit,
1172 1746 1201 1769 ut
1219 1742 1333 1769 habetur
1359 1741 1446 1776 primo
1477 1745 1551 1767 tomo
1573 1741 1702 1768 editionis

915 1789 1028 1816 Joannis
1046 1788 1191 1815 Martiamei
1204 1789 1300 1815 nostri.
1316 1787 1377 1814 Haec
1393 1786 1578 1820 supplementa
1601 1794 1635 1813 ex
1657 1793 1702 1813 co-

916 1834 975 1862 dice
987 1834 1104 1869 quodam
1120 1833 1289 1865 Colbertino,
1316 1837 1342 1859 et
1364 1840 1395 1859 ex
1410 1831 1527 1858 editione
1546 1830 1701 1867 Hieronymi

916 1882 1084 1905 mutuamur.
1101 1877 1234 1904 Praeterea
1249 1877 1378 1904 lectiones
1390 1881 1510 1903 veterum
1524 1876 1701 1911 interpretum

916 1923 995 1958 longe
1012 1923 1148 1949 auctiores
1159 1927 1186 1949 et
1197 1922 1394 1950 emendatiores
1411 1922 1519 1953 damus,
1538 1929 1619 1956 quam
1635 1922 1702 1949 Dru-

918 1969 975 1995 sius
986 1967 1118 1995 ediderat.
1139 1967 1189 1995 llic
1211 1967 1366 2002 frequentes
1387 1965 1535 1993 atteruntur
1559 1966 1700 1998 lectiones,

918 2012 968 2039 hac
982 2012 1081 2047 praevia
1100 2017 1162 2038 nota
1183 2011 1213 2038 Ὀ
1230 2011 1362 2046 Ἐϐραῖος,
1377 2018 1430 2045 qua
1446 2010 1479 2037 de
1502 2018 1532 2037 re
1557 2015 1646 2038 actum
1661 2016 1702 2038 est

917 2058 1003 2093 capite
1014 2058 1112 2093 primo.

953 2104 980 2131 In
996 2104 1066 2131 libro
1080 2103 1264 2135 Psalmorum,
1276 2106 1373 2137 preter
1386 2109 1433 2129 sex
1444 2101 1538 2129 solitas
1549 2101 1700 2131 columnas,

918 2150 1056 2178 tresalias
1084 2149 1271 2184 superaddidit
1297 2148 1443 2183 Origenes,
1475 2153 1536 2182 qua:
1559 2146 1699 2180 Quintam,

921 2195 1029 2223 Sextum
1045 2200 1072 2223 et
1086 2195 1234 2231 Septimam
1257 2194 1403 2222 editionem
1425 2193 1606 2221 exhibebant:
1632 2200 1702 2228 qua-

921 2249 980 2268 rum
996 2241 1117 2268 omnium
1150 2241 1279 2268 lectiones
1300 2239 1392 2267 multis
1422 2239 1543 2274 partibus
1567 2239 1702 2266 auctiores

919 2285 1041 2313 dedimus
1054 2293 1134 2320 quam
1150 2285 1262 2312 Drusius
1277 2284 1408 2312 ediderat.

956 2330 983 2358 In
998 2330 1152 2358 Proverbiis
1168 2330 1277 2357 solitum
1295 2337 1342 2357 sex
1363 2329 1550 2356 columnarum
1562 2335 1631 2362 opus
1644 2327 1703 2355 edin

919 2377 960 2404 dit
976 2376 1116 2411 Origenes.
1135 2376 1232 2403 Multas
1252 2383 1316 2402 vero
1341 2382 1435 2401 earum
1454 2374 1583 2401 lectiones
1594 2382 1627 2400 ex
1642 2373 1700 2401 edi-

919 2422 992 2450 tione
1008 2423 1129 2449 Romana
1150 2421 1260 2456 protulit
1276 2419 1402 2451 Drusius,
1422 2419 1522 2454 quibus
1538 2425 1589 2446 nos
1599 2418 1702 2454 aliquot

918 2469 1076 2504 adjecimus,
1088 2472 1115 2495 et
1130 2475 1184 2494 non
1198 2474 1298 2502 paucas
1314 2465 1525 2493 emendavimus.

954 2514 983 2541 ln
1001 2514 1164 2542 Ecclesiaste
1175 2513 1251 2548 paria
1265 2512 1390 2547 praestitit
1403 2511 1584 2546 llexaplorum
1597 2515 1701 2538 auctor.

918 2561 957 2589 lbi
985 2569 1050 2589 vero
1085 2560 1214 2588 lectiones
1242 2559 1311 2587 bene
1337 2559 1436 2586 multas
1466 2558 1608 2586 Drasianis
1630 2558 1703 2592 adje-

917 2608 1015 2634 cimus.

952 2654 980 2680 ln
994 2652 1114 2680 Canticis
1129 2651 1202 2685 item,
1215 2654 1312 2685 praeter
1327 2649 1458 2684 Hexapla,
1472 2648 1533 2676 duae
1547 2648 1642 2676 saltem
1653 2655 1700 2674 co—

917 2700 1017 2726 lumnae
1030 2697 1140 2732 adjecta:
1152 2697 1269 2727 fuerant,
1287 2703 1382 2730 nempe
1404 2694 1509 2727 Quintae
1533 2699 1560 2721 et
1589 2692 1676 2719 Sexta:
1693 2702 1699 2719 :

919 2754 952 2772 an
972 2744 1091 2780 Septima
1105 2743 1168 2770 item
1183 2743 1266 2772 editio
1291 2741 1418 2772 adiuerit.
1444 2741 1593 2771 incertum;
1620 2738 1702 2770 Quin-

918 2796 973 2819 tam
986 2798 1050 2818 vero
1061 2793 1088 2816 et
1100 2789 1209 2816 Sextam
1222 2787 1342 2814 adfuisse
1353 2786 1468 2821 probant
1477 2785 1632 2812 earumdem
1644 2784 1700 2810 loca

918 2845 978 2874 qua:
993 2839 1150 2872 supersunt.
1183 2833 1363 2869 Hieronymus
1388 2837 1477 2859 tamen
1496 2829 1656 2858 Prtelatione
1673 2829 1700 2855 in
