1902 3049
221 121 272 149 105

884 114 1143 144 ΡΒᾸΞΙᾸΜΙΝΑΒΙΑ

1795 112 1847 139 till

219 183 373 213 Canticum,
388 181 515 214 Quintam
533 180 621 207 solum
634 178 781 206 editionem
799 183 946 209 memorat,
960 182 1002 204 at-
1019 179 1038 206 Α
1053 181 1077 202 et
1091 176 1217 210 Origenes
1245 176 1276 202 de
1295 174 1478 202 Tlteodotionis
1499 181 1574 208 opere
1597 173 1624 199 in
1645 173 1763 199 editione
1783 171 1847 197 Vul-

219 237 272 264 que
290 230 326 255 ita
343 228 482 262 loquitur:
515 226 640 260 Origenes
667 234 726 252 cum
752 226 778 251 in
799 225 900 252 ceteris
913 225 1002 250 'libris

219 282 308 300 omnes
323 273 423 300 vicerit.
441 273 467 298 in
484 271 596 299 Cantica
620 272 783 297 ιηηιίιοιιιηι
808 271 861 304 ipse
885 278 912 296 se
931 270 1001 295 eicit.

222 319 292 347 Nam
307 320 395 346 decem
422 319 597 345 roluminibus
616 317 747 351 explicitis
758 337 765 348 ,
793 325 850 351 qua:
863 315 897 342 ad
911 315 1003 349 viginti

219 374 298 400 usque
317 373 435 391 versuum
471 364 556 390 millia
586 371 648 397 pene
672 363 821 396 perveniunt
845 369 853 391 ,'
889 362 1003 395 primum

219 411 291 438 [XX
312 412 488 444 Interpretes,
516 409 608 435 deinde
634 408 757 443 Aquilam
777 406 1002 441 ethntnmc/mnt

218 462 242 484 et
256 456 465 486 Tlteodotionem,
476 460 500 481 et
512 455 545 481 ud
557 461 701 481 extremum
713 453 838 486 Quintam
851 454 1001 483 editionem,

217 511 297 538 quam
325 503 352 529 in
378 503 453 528 Atlio
467 502 555 528 liuore
572 501 700 527 interiisse
727 509 754 526 se
770 501 874 529 scribit.
899 504 950 525 etc.
966 498 1003 525 De

219 549 300 577 Sexta
311 557 375 575 vero
391 549 521 579 editione,
548 555 608 582 quze
620 553 708 573 tamen
738 547 764 572 in
778 545 898 572 Cantieis
917 544 1003 571 Hexa-

219 597 270 631 plis
286 601 354 626 eral,
373 603 405 622 ne
422 595 533 621 verbum
552 595 660 629 quidem
677 593 873 628 Hieronymus;
903 592 959 618 siVe
971 591 1004 618 il-

218 641 272 668 lam
285 641 430 668 editionem
443 639 589 673 neglexerit
607 639 737 674 Origenes
751 638 777 664 iu
794 636 1003 664 Connuentariis

218 687 285 717 suis.
301 687 357 714 sive
382 687 455 713 illam
481 685 662 720 llieronymus
685 683 888 720 prmtermiscrit
906 692 912 709 :
930 683 1003 716 quod

217 733 394 761 verisimilius
405 737 462 765 est;
475 740 537 758 nam
555 737 584 758 ut
604 732 660 766 jam
679 739 750 766 saepe
766 731 895 761 vidimus,
915 738 946 756 ex
967 729 1004 756 si—

219 780 302 808 lentio
317 779 486 813 hujusmodi,
500 778 566 805 nihil
582 782 670 812 potest
691 777 826 803 concludi.
844 776 873 802 In
886 775 1003 802 Canticis

219 834 283 853 vero
301 831 396 861 praeter
409 825 568 855 Drusianas,
585 824 651 851 alias
665 825 730 851 bene
741 824 840 850 ntultas
854 822 1002 857 adjeeimus

218 875 338 898 veterum
355 871 529 905 interpretum
546 869 685 896 lectiones.

255 915 284 943 In
297 916 393 943 llesaia
422 921 519 950 praeter
549 915 699 949 llexaplare
723 922 802 949 opus,
819 908 880 940 non
910 920 1003 947 pauca:

220 961 281 997 Syri
300 962 430 989 lectiones
455 960 680 988 observabantur.
699 959 735 985 lbi
755 966 820 986 vero
843 958 1004 991 interpreta-

220 1008 310 1035 tiones
336 1007 451 1041 Aquilae,
480 1005 635 1041 Symmachi
651 1010 678 1032 et
702 1003 896 1032 Theodotionis
926 1003 1003 1038 longe

220 1055 356 1082 auctiores
370 1054 468 1080 damus
483 1061 564 1087 quam
581 1052 651 1087 apud
667 1051 794 1078 Drusium
808 1050 967 1077 habeantur.

255 1099 284 1126 In
297 1098 412 1126 Jeremia
435 1104 533 1133 pratter
548 1098 620 1124 illam
648 1105 694 1124 sex
723 1097 911 1123 colunmarum
941 1102 1004 1129 ope-

219 1151 290 1177 ram,
312 1145 396 1171 multa
409 1153 442 1171 ex
469 1143 654 1170 Theodotione
681 1150 744 1169 cum
765 1141 905 1169 asteriscis
926 1141 1005 1167 resti—

219 1190 273 1218 tuit
288 1190 429 1225 Origenes,
447 1197 507 1224 qua:
522 1188 593 1215 LXX
614 1189 779 1222 lnterprctes
792 1187 918 1214 COIISUllO
939 1194 1005 1220 pra:-

219 1236 405 1267 tcrmiserant,
426 1242 454 1262 ut
484 1237 522 1262 ait
546 1235 697 1269 saepissime
728 1233 910 1269 Hieronymus
926 1232 1005 1260 Com-

219 1281 349 1309 mentario
364 1282 390 1308 in
409 1280 564 1308 Jeremiatn.
582 1280 618 1306 lhi
631 1280 715 1306 multa
731 1287 793 1307 cum
807 1278 944 1306 asteriscis
957 1278 1005 1305 ad—

219 1326 275 1353 dita
301 1331 374 1358 sunt,
399 1326 542 1359 mutuoque
562 1325 786 1360 transpositiones
814 1329 901 1357 erant,
925 1329 954 1350 ut
968 1324 1006 1350 ait

220 1370 351 1406 Origenes
362 1371 442 1404 epist.
475 1371 508 1397 ad
537 1370 719 1397 Africanum:
748 1369 836 1396 nam
856 1369 883 1395 δὲ
894 1369 1006 1396 τοιαῦτα

220 1417 268 1443 καὶ
283 1417 311 1443 ἐν
325 1415 364 1451 τῷ
386 1416 504 1451 Ἱερεμίᾳ
528 1417 730 1451 κατενοήσαμεν
740 1435 747 1446 ,
766 1416 794 1441 ἐν
810 1411 831 1448 ᾧ
845 1415 892 1441 καὶ
909 1414 1006 1448 πολλὴν

221 1461 364 1497 μετάθεσιν
377 1462 423 1488 καὶ
436 1461 583 1496 ἐναλλαγὴν
593 1461 642 1495 τῆς
658 1460 757 1493 λέξεως
770 1460 823 1486 τῶν
840 1467 1006 1495 nocente-uo-

1053 228 1116 258 gata
1134 223 1275 250 σείει-ἰδίοις
1299 222 1396 256 posuit,
1421 221 1515 246 docens
1533 220 1646 253 defuisse
1666 227 1726 254 qua:
1747 218 1850 244 addita

1053 274 1168 301 suut;et
1182 277 1273 295 rursus
1292 268 1419 303 quosdam
1446 275 1535 293 tersus
1561 265 1640 292 obelis
1671 264 1848 298 pra’notarit,

1053 316 1188 349 super/luo
1200 323 1307 349 qua‘que
1321 315 1470 347 disignum.
1497 313 1613 346 Cumque
1628 320 1715 338 omnes
1740 311 1849 337 Christi

1055 361 1258 391 Ercleainom
1275 359 1426 386 Cra'torum
1452 367 1530 393 qttam
1557 359 1725 389 Latinorum,
1756 355 1846 391 Syro-

1055 416 1164 442 rumqne
1175 413 1198 433 et
1213 406 1410 440 A‘Igyptiorunt,
1425 406 1492 431 Itane
1508 404 1555 430 sub
1569 405 1704 431 asteriseis
1721 408 1746 430 et
1759 402 1847 429 ubelis

1054 454 1192 480 editionem
1210 453 1306 486 legant.
1338 451 1473 486 ignoscant
1500 451 1580 477 invidi
1602 450 1688 476 labori
1711 458 1782 480 meo,
1799 449 1848 483 qui

1054 500 1123 526 volui
1138 499 1227 525 Imbcri
1255 503 1358 524 nostros
1371 498 1439 531 quod
1455 497 1541 524 στανσί
1554 498 1579 523 in
1594 497 1697 531 Aquila:
1711 502 1736 522 et
1755 495 1847 522 Tlteo-

1053 546 1168 572 dotionis
1181 553 1211 571 ac
1227 544 1376 579 Symmachi
1391 543 1550 570 editionibtts
1562 543 1693 569 lectitant.
1707 542 1742 568 Et
1757 543 1783 568 si
1801 542 1848 568 illi

1053 593 1080 618 in
1097 592 1177 618 tantis
1192 591 1292 618 divitiis
1307 590 1486 616 doctrinarum
1499 597 1549 616 non
1564 594 1734 616 contemnunt
1750 589 1847 615 studia

1053 638 1187 664 hominum
1197 637 1363 667 Juda’orum,
1379 644 1426 662 cur
1438 635 1536 662 Latina
1553 640 1695 669 paupertas
1708 635 1846 669 dispicio!

1054 685 1181 710 hominem
1194 683 1393 710 Christianum?
1404 683 1484 716 Cujus
1500 683 1523 708 si
1534 690 1597 716 opus
1609 682 1762 716 displiceat,
1773 686 1848 707 certe

1054 730 1173 756 voluntas
1194 729 1343 763 recipienda
1370 733 1419 755 est.
1436 728 1491 754 Hoc
1507 733 1596 754 autem
1628 727 1688 754 loco
1706 726 1849 762 Hierony—

1054 784 1116 803 mus
1140 776 1226 810 prima
1254 775 1342 802 fronte
1369 775 1420 802 sibi
1452 774 1503 808 ipsi
1530 781 1682 807 repugnare
1719 773 1845 799 videtur.

1054 821 1199 856 Postquam
1212 821 1284 847 enim
1301 821 1416 851 dixerat,
1433 819 1570 846 Danielem
1589 827 1642 845 non
1657 819 1738 853 juxta
1752 817 1847 851 LXX,

1055 867 1188 902 scdjuxta
1217 865 1429 892 Thcodotionem
1455 864 1591 892 Et‘clcsias
1617 864 1715 898 legere,
1747 864 1847 891 statim

1054 913 1270 947 subjicitomnes
1296 911 1397 938 Christi
1424 911 1570 942 Ecclesias,
1597 915 1650 936 tam
1677 910 1847 937 Grrccorum

1054 967 1135 993 quam
1167 958 1336 989 Latinorum,
1366 957 1551 992 Syrorumque
1575 962 1602 982 et
1628 955 1848 990 IEgyptiorum,

1055 1005 1200 1032 editionem
1224 1003 1366 1038 Vulgatam
1395 1003 1493 1038 legere,
1524 1003 1626 1030 scilicet
1643 1002 1695 1028 τῶν
1712 1005 1752 1033 0’,
1781 1010 1850 1036 quae

1055 1051 1088 1078 ab
1103 1050 1217 1083 Origene
1226 1058 1258 1077 ex
1271 1050 1389 1076 editione
1405 1048 1600 1076 Theodotionis
1617 1053 1695 1074 aucta
1710 1053 1736 1075 et
1747 1056 1850 1075 entert-

1055 1096 1219 1128 dataluerat
1235 1104 1296 1123 cum
1320 1095 1457 1123 asteriscis
1481 1100 1508 1122 et
1525 1095 1619 1121 obelis.
1636 1094 1662 1120 ln
1689 1102 1722 1121 eo
1748 1100 1847 1121 autem

1055 1143 1107 1170 sila
1123 1141 1328 1172 estdillicultas,
1356 1141 1426 1175 quod
1445 1148 1507 1167 cum
1538 1140 1575 1166 ait
1600 1139 1737 1166 Eeclesias
1752 1139 1850 1174 legere

1056 1188 1250 1215 Theodotionis
1265 1187 1421 1217 editionem,
1441 1191 1468 1212 ct
1494 1191 1587 1220 postea
1615 1186 1723 1212 easdem
1752 1185 1850 1220 legere

1055 1235 1200 1262 editionem
1215 1233 1268 1260 τῶν
1297 1234 1325 1259 0’
1352 1232 1536 1267 hexaplarem,
1563 1232 1682 1258 indicare
1713 1232 1848 1259 videatur

1056 1287 1199 1315 utramque
1213 1280 1358 1308 editionem
1373 1281 1398 1306 in
1419 1279 1534 1313 publicis
1553 1278 1679 1305 Ecclesia:
1698 1279 1852 1305 conventi-

1055 1327 1107 1354 bus
1123 1327 1173 1361 legi
1191 1326 1262 1361 quod
1279 1326 1374 1360 utique
1386 1326 1429 1352 vix
1445 1326 1518 1352 credi
1537 1325 1641 1359 possit:
1666 1333 1756 1359 neque
1767 1325 1847 1353 enim

1055 1373 1201 1400 verisimile
1217 1377 1258 1400 cst
1269 1372 1338 1399 duas
1349 1372 1470 1406 ejusdem
1497 1372 1634 1406 propheta:
1650 1371 1789 1398 editiones
1801 1372 1849 1398 in-

1055 1418 1264 1445 discrintinatim
1294 1417 1320 1444 in
1347 1417 1474 1444 omnibus
1497 1416 1628 1444 Ecclesiis
1644 1417 1727 1444 lectas
1745 1416 1847 1444 fuisse.

1055 1463 1166 1491 Certum
1179 1463 1287 1497 quidem
1307 1467 1348 1489 est
1360 1461 1512 1489 Ecclesium
1537 1462 1658 1489 Graecam
1672 1461 1847 1489 Theodotio-

221 1506 311 1543 μένων
326 1506 451 1542 εὕρομεν.
467 1506 494 1533 ld
508 1511 549 1533 est
569 1515 576 1534 :
595 1505 702 1533 Similia
726 1505 809 1532 multa
833 1505 1002 1539 depreltendi-
1018 1521 1039 1549 Ο
1058 1509 1099 1536 "is
1110 1509 1256 1536 editionem
1272 1508 1358 1535 solum
1375 1508 1483 1543 legisse,
1498 1512 1526 1535 υι
1544 1508 1581 1535 ai;
1601 1512 1693 1543 postea
1706 1507 1848 1543 Hierony-

221 1561 279 1580 mus
292 1561 394 1588 quoque
406 1552 433 1579 in
453 1551 580 1584 Ieremia,
597 1552 687 1587 inquo
703 1551 850 1587 frequentes
864 1551 1006 1586 transposi-

222 1599 306 1626 tiones
318 1603 343 1624 et
355 1598 561 1633 permutatione:
582 1597 768 1625 vaticiniorum
781 1597 936 1623 invenimus.
950 1596 1005 1623 Ho-

221 1653 282 1673 rum
296 1646 419 1672 omnium
446 1644 611 1679 peramplam
637 1643 823 1671 collectionem
838 1649 889 1677 ope
907 1650 1005 1668 mann-

221 1691 385 1726 icriptorum
405 1690 519 1717 fecimus
535 1699 542 1716 :
556 1689 670 1716 Drusius
683 1689 850 1724 paucissima
864 1688 951 1716 all'ert.

256 1735 286 1763 In
299 1735 551 1763 Threnisleremim
576 1735 662 1762 solius
679 1733 836 1770 Symmachi
860 1734 1005 1762 editionem

222 1790 285 1810 cum
302 1781 372 1809 LXX
387 1783 476 1817 posuit
492 1780 632 1816 Origenes,
646 1787 676 1808 ut
690 1781 747 1816 ipse
769 1781 796 1808 in
812 1781 929 1816 quadam
943 1785 1006 1807 nota

223 1829 394 1857 testiﬁcatur.
417 1829 472 1855 Cur
497 1832 586 1854 autern
618 1827 661 1855 hic
676 1836 730 1855 non
757 1828 865 1855 solitam
894 1835 1004 1862 operam

223 1875 388 1910 praestiterit.
404 1875 450 1902 sed
465 1875 590 1910 Aquilam
604 1879 630 1902 et
642 1874 856 1902 'l'heodotionctn
871 1873 1005 1906 omiserit,

221 1922 400 1957 coniectando
413 1922 506 1949 solum.
514 1922 603 1949 dicere
620 1929 766 1956 possumus
780 1930 787 1948 :
803 1922 865 1956 quia
877 1921 1005 1948 nimirum

222 1966 330 1993 videbat
356 1965 425 1992 LXX
451 1966 612 2001 lnterpretes
632 1973 686 1992 non
716 1966 830 1993 delicere
858 1973 908 2000 pro
932 1973 1007 1992 more

222 2019 284 2045 auo,
310 2012 357 2040 sed
385 2020 447 2039 cum
473 2013 569 2047 Aquila
590 2017 617 2039 et
642 2012 828 2039 Theodotione
850 2011 1005 2044 convenire,

222 2058 372 2086 asteriscos
386 2058 543 2086 rarissimos
558 2059 660 2094 posuit,
688 2057 744 2084 imo
761 2065 849 2092 neque
874 2057 1006 2084 editiones

224 2104 285 2131 illas
298 2104 331 2130 ad
349 2111 464 2138 quarum
486 2103 564 2130 ﬁdem
589 2111 649 2138 qua:
674 2103 836 2130 deﬁciebant
860 2111 921 2130 cum
935 2108 1007 2131 aste-

224 2149 304 2176 riscis
316 2149 468 2184 supplebat,
480 2157 540 2184 qutc
554 2148 741 2176 redundabant
763 2148 841 2175 obelo
856 2153 949 2175 notare
960 2157 1003 2176 so-

1057 1562 1118 1581 mus
1133 1554 1327 1580 Commentario
1341 1554 1367 1580 in
1383 1553 1530 1584 Danielem,
1552 1561 1611 1586 cap.
1633 1561 1669 1584 tv,
1687 1562 1714 1580 v.
1732 1553 1770 1580 5:
1789 1553 1850 1579 Ea:-

1056 1601 1136 1635 ceptis
1153 1599 1229 1626 LXX
1257 1599 1472 1631 translatoribus,
1494 1599 1538 1634 qui
1564 1599 1618 1626 Ita'c
1642 1599 1730 1625 omnia
1757 1600 1850 1627 nescio

1056 1655 1108 1682 quo
1125 1647 1226 1672 ratione
1238 1646 1433 1680 praeterierunt,
1457 1650 1508 1672 tres
1523 1645 1627 1680 reliqui,
1648 1645 1784 1680 collegam
1803 1646 1850 1672 in-

1057 1692 1192 1726 terpretati
1206 1696 1275 1718 sunt.
1295 1691 1372 1718 Unde
1390 1691 1493 1726 judicio
1516 1691 1702 1725 ntayis:rorum
1716 1690 1850 1718 Ecrlesitz

1057 1738 1138 1764 editio
1153 1745 1243 1764 eorum
1258 1737 1285 1763 in
1298 1737 1344 1763 hoc
1358 1737 1486 1763 volumine
1500 1737 1638 1771 repudiata
1653 1742 1702 1767 est,
1718 1741 1743 1763 et
1760 1736 1851 1764 Tlteo-

1057 1783 1172 1810 dotionis
1201 1782 1277 1818 uulgo
1303 1782 1413 1817 legitur,
1431 1791 1489 1817 quat
1505 1787 1528 1809 et
1551 1781 1670 1813 Hebri-eo,
1695 1787 1720 1809 et
1739 1784 1849 1811 ueteris

1059 1829 1264 1856 translatoribns
1278 1828 1410 1860 congruit.
1429 1827 1478 1854 SS.
1510 1835 1618 1862 quoque
1634 1827 1729 1855 Patres
1743 1828 1848 1862 Graeci,

1056 1874 1277 1909 Chrysostomus,
1295 1872 1482 1900 Thcodorctus
1504 1877 1530 1899 et
1544 1873 1599 1905 alii,
1615 1873 1699 1899 solam
1716 1873 1850 1901 Theodo-

1057 1920 1139 1947 tionis
1150 1920 1297 1947 editionem
1315 1927 1422 1953 semper
1437 1918 1574 1946 allerunt:
1599 1919 1670 1946 unde
1687 1920 1791 1948 accidit
1816 1924 1851 1948 ut

1057 1965 1129 1992 LXX
1151 1966 1328 2000 interpretum
1355 1965 1437 1992 editio
1463 1964 1592 1996 Danielis.
1618 1971 1672 1993 tam
1698 1967 1777 2002 κοινὴ
1799 1967 1850 1994 illa

1057 2019 1138 2045 quatn
1164 2011 1319 2045 hexapiaris
1347 2012 1380 2038 ab
1403 2011 1517 2047 Origene
1545 2012 1697 2045 emendata,
1727 2021 1850 2048 prorsus

1057 2057 1189 2089 interiret,
1201 2057 1322 2091 exceptis
1335 2057 1498 2091 quibusdam
1515 2057 1621 2085 laciniis
1640 2066 1701 2093 qua:
1719 2058 1791 2086 infra
1818 2060 1849 2086 in

1058 2102 1218 2129 collectione
1233 2106 1324 2129 nostra
1339 2103 1526 2130 observantur.
1543 2103 1610 2130 Cum
1627 2104 1664 2130 ait
1680 2104 1765 2138 igitur
1783 2104 1851 2132 llie-

1059 2155 1189 2184 ronymns
1204 2148 1348 2175 editionem
1369 2149 1540 2184 hexaplarem
1557 2149 1582 2175 in
1599 2149 1725 2176 omnibus
1751 2150 1851 2178 Ecule—

225 2196 306 2228 Iebat,
321 2203 336 2222 e
351 2195 459 2230 regione
486 2195 594 2222 locavit.
623 2194 673 2221 llic
697 2199 786 2222 autem
809 2195 888 2230 longe
915 2196 1006 2230 plures
1022 2197 1044 2224 ι)
1059 2194 1107 2221 siis
1121 2194 1201 2220 etiam
1229 2193 1384 2221 Graecorum
1413 2194 1476 2229 legi,
1494 2194 1628 2229 intelligas
1654 2200 1761 2229 oportet
1783 2203 1849 2222 eam

225 2241 381 2277 Symmachi
393 2241 522 2268 lectiones
550 2241 665 2274 damus,
693 2248 775 2275 quam
797 2239 911 2267 Drusius
937 2245 1008 2268 attu-

225 2288 305 2315 lerat.

261 2332 289 2360 ln
305 2332 445 2360 Elechiele
458 2339 507 2366 pro
519 2340 594 2359 more
622 2331 740 2366 Hexapla
759 2331 931 2358 concinnavit
945 2331 1007 2359 0Γί⁴

226 2385 319 2413 genes,
343 2385 376 2405 ac
405 2382 533 2412 praetcrea
561 2377 843 2412 quamplurima,qu:e
858 2377 886 2404 in
906 2379 962 2410 τοῖς
981 2379 1008 2405 0'

227 2423 399 2455 deﬁciebant,
417 2431 449 2450 ex
472 2422 668 2455 Thcodotionc,
692 2423 839 2458 przemissis
859 2425 1008 2459 asteriscis,

228 2468 358 2495 restituit.
379 2463 480 2494 Horum
498 2476 581 2502 porro
594 2473 633 2495 tot
643 2473 773 2504 tantaque
795 2477 828 2496 ex
844 2477 909 2496 mss.
928 2471 1009 2497 colle-

228 2514 328 2549 gimus,
343 2519 372 2540 ut
391 2514 424 2541 iis
439 2520 604 2549 comparata,
616 2523 647 2542 ea
663 2523 723 2550 quae
741 2515 854 2542 Drusius
866 2515 950 2543 edidit
966 2517 1008 2543 ni-

227 2560 264 2588 hil
280 2568 347 2595 pcue
357 2568 419 2587 esse
435 2560 586 2587 videantur.

263 2605 332 2638 Quid
344 2606 370 2632 in
389 2605 497 2632 Daniele
522 2605 648 2640 praestitit
673 2605 804 2640 Origenes
820 2605 899 2633 docet
913 2605 1008 2633 Hiero-

227 2658 326 2686 nymus
335 2649 494 2677 Praelationc
508 2650 533 2676 in
550 2649 684 2676 Danielem
699 2659 705 2676 :
721 2649 854 2676 Lectorem
871 2650 1008 2682 admoneo,

227 2697 327 2731 inquit,
343 2695 480 2722 Danielem
507 2704 557 2722 non
573 2696 653 2730 juxta
666 2695 742 2722 LXX
769 2695 938 2730 lnterpretcs,
964 2697 1009 2723 sed

228 2741 303 2769 iuxta
320 2741 521 2768 Theodotionem
537 2741 670 2768 Ecclesia:
683 2742 777 2776 legere,
791 2742 837 2776 qui
852 2743 940 2776 utique
952 2746 1010 2776 post

227 2788 366 2815 aduentum
382 2787 482 2815 Christi
494 2787 643 2815 incredulus
659 2788 730 2822 fuit:
754 2789 814 2814 licet
831 2797 888 2815 eunt
902 2789 1009 2823 quidam

227 2834 317 2862 dicant
330 2834 493 2868 Ebionitam,
507 2835 552 2870 qui
567 2835 651 2861 altera
669 2843 758 2870 genere
771 2834 881 2862 Juda'us
898 2840 946 2862 est.
957 2834 1009 2862 Sed

1058 2247 1114 2274 prae
1130 2239 1257 2266 manibus
1268 2239 1390 2266 omnium
1407 2240 1526 2267 habitam
1555 2245 1582 2267 et
1602 2240 1727 2274 privatim
1744 2241 1848 2268 lectam

1059 2286 1154 2316 luisse,
1173 2293 1227 2312 non
1261 2291 1349 2313 autem
1377 2286 1404 2313 in
1432 2286 1547 2320 publicis
1573 2287 1765 2319 conventibus,
1798 2288 1849 2314 ubi

1058 2331 1256 2359 Thcodotionis
1282 2333 1364 2360 editio
1388 2341 1440 2360 una
1471 2333 1618 2367 legebatur,
1642 2333 1738 2360 saltem
1771 2334 1850 2368 apud

1059 2377 1177 2406 Graecos.
1191 2377 1227 2404 De
1241 2378 1391 2406 diﬂ'erentia
1403 2387 1482 2414 porro
1497 2378 1690 2406 chraieornm
1704 2379 1849 2412 exempla-

1059 2424 1128 2450 rium
1147 2424 1181 2450 ab
1193 2424 1310 2451 editione
1324 2424 1378 2451 τῶν
1393 2424 1420 2450 0'
1434 2429 1459 2451 et
1471 2423 1673 2455 Theodotionis,
1687 2424 1746 2452 haec
1764 2425 1854 2454 habet

1059 2468 1186 2504 Origenes
1200 2470 1278 2504 epist.
1293 2470 1326 2496 ad
1338 2470 1505 2497 Africanum.

1095 2516 1164 2542 Ἴσθι
1181 2516 1267 2542 τοίνυν
1279 2517 1346 2551 πρὸς
1357 2516 1421 2542 ταῦ-

1059 2569 1102 2592 τα,
1120 2561 1145 2587 τι
1163 2560 1216 2596 χρὴ
1232 2562 1305 2596 ἡμᾶς
1336 2561 1422 2596 πράτ-

1058 2615 1114 2633 τειν
1131 2607 1160 2633 οὺ
1181 2607 1244 2642 περὶ
1271 2607 1324 2633 τῶν
1354 2607 1423 2633 κατὰ

1060 2651 1202 2677 Σωσάνναν
1229 2650 1318 2685 μόνον,
1331 2651 1360 2676 ἐν
1373 2651 1423 2684 μὲν

1059 2696 1099 2731 τῷ
1114 2696 1175 2723 καθ’
1202 2697 1334 2730 Ἕλληνας
1366 2696 1423 2722 Ἐλ-

1060 2742 1160 2777 ληνικῴ
1172 2742 1326 2776 φερομένων
1337 2743 1365 2767 ὲν
1376 2742 1414 2768 πά

1062 2797 1096 2824 σῃ
1115 2788 1261 2823 Ἐχκλησέᾳ
1290 2788 1406 2823 Χριστοῦ
1415 2808 1421 2819 ,

1061 2834 1136 2870 παρὰ
1141 2834 1168 2861 δὲ
1179 2833 1312 2869 Ἐὁραίηις
1324 2834 1361 2870 μὴ
1373 2843 1424 2861 κεμ

1511 2515 1588 2542 Scias
1600 2515 1692 2550 itaque
1713 2516 1747 2542 ad
1775 2517 1850 2550 haec,

1475 2561 1539 2595 quid
1551 2561 1628 2588 nobis
1644 2561 1782 2595 agendum
1809 2563 1849 2589 sit

1475 2614 1529 2634 non
1545 2607 1631 2634 solum
1651 2608 1677 2634 in
1690 2608 1724 2635 iis
1738 2616 1801 2642 qua:
1812 2610 1851 2636 de

1476 2652 1612 2685 Susanna,
1625 2653 1650 2679 in
1660 2653 1756 2681 Grmco
1771 2654 1849 2681 Cra--

1476 2706 1568 2726 corum
1580 2699 1727 2733 exemplari
1743 2708 1792 2734 per
1803 2705 1849 2727 t0—

1477 2749 1532 2771 tam
1559 2743 1662 2771 Christi
1692 2744 1850 2774 Ecclesiam

1475 2789 1711 2822 circumferentur,
1731 2798 1796 2825 qua
1807 2795 1851 2818 ta-

1476 2843 1538 2863 men
1550 2836 1619 2871 apud
1637 2835 1770 2865 Hebrmos
1794 2846 1852 2866 non
