1902 3049
218 81 269 108 107

217 141 274 168 cuti
294 148 406 168 sumus:
427 139 528 174 aliquot
545 143 634 166 tamen
662 143 808 173 supersunt
825 147 893 174 quas
914 139 999 166 inter-
1013 142 1034 169 Α

219 186 322 222 pretari
340 185 440 213 frustra
455 185 628 211 tentavimus.
650 183 670 210 E
697 192 726 212 re
748 190 838 211 autem
853 184 909 212 fore
923 189 1000 218 puta-

221 233 309 259 vimus
343 239 390 258 eas
416 237 511 257 omnes
529 230 571 257 hic
595 230 735 265 proferre:
752 230 840 265 ptimo
859 230 954 265 positis
968 231 1001 257 iis

218 284 335 311 quorum
366 283 462 302 sensus
475 275 502 300 in
518 275 642 301 notitiam
674 274 756 305 venit,
783 279 920 308 postremo
939 274 1000 300 aliis

218 331 279 359 qum
295 323 424 349 hactenus
439 321 537 356 ignota:
552 321 630 348 nobis
646 325 719 348 sunt.

259 365 535 400 Ἑξαπλᾶ,Ήε.τηρΙα.
557 365 618 393 Haec
635 374 686 392 vox
704 366 743 393 sic
759 366 818 393 sine
841 366 1001 400 compendio

217 420 323 447 Semper
347 412 498 439 scribitur:
527 412 674 446 aliquando
702 417 790 439 tamen
822 411 933 444 Ἐξιπλ.
954 419 1002 446 per

216 464 311 485 omnes
333 464 426 488 casus,
452 457 517 491 qui,
545 462 574 483 ut
600 457 769 491 plurimum,
806 464 852 491 per
879 457 1001 491 prazmis-

217 511 277 531 sum
333 502 478 530 articulum
517 502 694 536 indicantur,
722 503 754 530 τὰ
799 503 907 535 Ἐξαπλ.
947 505 1001 536 τοῖς

223 549 334 582 Ἐξαπλ.

253 597 302 622 Δπ.
317 595 473 631 Τετραπλᾶ,
497 595 631 629 Tetrnpla,
655 596 706 623 hac
734 603 852 631 persaepe
874 600 939 623 nota
956 603 1003 630 per

217 647 313 667 omnes
327 647 407 667 casus
420 639 620 675 signiﬁcantur.
631 639 760 675 Exempla
773 648 827 667 non
845 648 930 675 pauca
941 640 1003 668 vide

217 686 244 712 in
262 686 335 713 libro
347 685 410 712 Job.
423 686 579 720 Aliquando
593 686 674 713 etiam
688 687 775 714 solam
789 687 906 714 litteram
919 688 939 713 Δ
963 687 1001 714 si-

217 733 346 767 gniﬁcare
358 737 424 767 puto
437 733 597 768 Tarpa-axi-
625 733 671 760 sed
695 741 739 760 res
755 740 809 759 non
832 740 920 767 usque
934 733 1002 760 adeo

216 779 354 814 explorata
370 783 422 806 est.
438 777 504 806 Vide
522 786 583 813 qme
600 786 631 806 ea
656 779 690 806 dc
717 786 746 806 re
765 778 886 805 diximus
902 777 1000 804 Ezech.

219 833 274 857 va,
290 833 316 853 ι’.
329 825 345 852 4
359 829 386 851 et
397 824 442 855 30,
459 824 486 851 in
501 825 583 852 notis.

252 874 283 898 0.
298 872 329 897 υἱ
349 870 561 906 Ἒὸδθμήκοντα,
574 869 755 905 Septuaginta
766 869 937 904 lnterpretes.

251 918 284 945 Α,
307 917 431 948 Ἀκύλας,
454 916 562 950 Aquila.

250 961 282 988 C.
301 961 457 995 Σύμμαχος,
468 960 665 995 Symmachus.

251 1008 282 1033 8.
299 1007 453 1038 Θεοδοτίων,
469 1005 648 1033 Theodotion.

252 1053 282 1080 Ε.
299 1052 414 1087 Πέμπτη
431 1052 546 1083 ἑκδοςις,
559 1051 659 1085 Quinta
674 1051 767 1079 editio.

253 1101 298 1132 (Γ.
312 1099 398 1134 Ἕκτη
416 1097 626 1130 ἓκδοσῑς,’8ΘΧ13
643 1098 736 1125 editio.

251 1147 281 1172 Ζ.
303 1145 420 1180 Ἑϐδόμη
437 1144 553 1177 ἑκόοσις,
569 1144 690 1180 Septima
705 1145 799 1171 editio.

236 1191 272 1226 μέ
291 1197 317 1219 et
329 1193 374 1218 Λο.
395 1192 501 1224 on-mi,
518 1191 624 1226 Reliqui
650 1192 820 1226 interpretes.
839 1190 888 1218 Ubi
906 1191 1001 1218 adver-

217 1237 326 1264 tendum
342 1242 383 1264 est
401 1237 471 1264 hanc
487 1241 577 1263 notam
591 1237 689 1272 apponi
706 1236 853 1271 aliquando
866 1244 928 1263 cum
943 1244 1002 1263 om-

221 1291 268 1310 nes
283 1283 328 1309 alii
350 1282 510 1316 inlcrpretes
524 1282 550 1308 in
563 1282 688 1309 versione
705 1290 753 1309 sua
771 1282 948 1314 conveniunt,
975 1285 1002 1308 et

217 1337 232 1355 ι
246 1328 315 1355 LXX
331 1327 479 1354 differunt:
495 1328 674 1362 similiterque
689 1332 749 1362 post
761 1327 869 1354 allatam
886 1327 1000 1358 Aquilre,

219 1374 376 1410 Symmachi
391 1374 431 1400 vel
449 1373 646 1400 Theodotionis
676 1373 820 1399 lectionem
834 1382 841 1405 ;
865 1373 888 1399 si
905 1373 1001 1407 reliqui

219 1421 381 1454 interpretes
405 1419 465 1454 pari
492 1419 573 1447 modo
599 1427 661 1446 cum
691 1417 761 1444 LXX
781 1418 1000 1452 interpretentur,

216 1466 282 1493 tunc
296 1467 440 1501 apponitur
452 1470 513 1492 nota
526 1465 552 1498 c",
567 1474 573 1497 ;
593 1473 642 1492 nec
659 1472 722 1492 raro
734 1465 825 1497 etiam,
850 1472 912 1492 cum
931 1472 1002 1492 unus

217 1513 330 1540 omnino
344 1512 432 1539 differt
447 1513 481 1539 ab
496 1511 566 1543 aliis,
583 1512 672 1539 caeteri
689 1515 778 1539 autem
799 1519 909 1546 parvam
923 1511 1001 1538 exhi-

218 1560 283 1586 bent
295 1566 392 1586 vocum
404 1558 625 1593 discrepantiam,
641 1563 706 1585 tunc
729 1558 800 1584 enim
822 1557 941 1593 neglecta
958 1557 1001 1583 illa

218 1605 291 1632 tenui
307 1605 453 1632 lectionum
478 1604 623 1635 varietate,
655 1604 736 1631 unius
762 1603 842 1631 lectio
870 1603 1000 1634 affertur,

218 1651 386 1686 praecedente
403 1655 467 1677 nota
491 1654 515 1686 ὲ
534 1650 575 1676 vel
589 1649 628 1681 λο,
647 1650 718 1684 quod
734 1657 788 1676 non
806 1649 887 1681 semel
899 1649 1001 1684 experti

217 1703 334 1724 sumus:
354 1703 550 1730 nonnunquam
583 1695 664 1722 etiam
696 1695 806 1730 quando
829 1695 884 1721 duo
910 1695 1000 1722 solum

216 1743 407 1775 consentiunt;
418 1742 459 1769 vel
475 1742 555 1769 etiam
569 1750 630 1769 cum
644 1747 723 1768 tenue
735 1741 805 1768 inter
818 1741 893 1776 ipsos
908 1741 1001 1768 discri-

218 1798 279 1816 men
300 1789 453 1821 intervenit,
485 1796 539 1816 una
565 1796 614 1822 pro
641 1788 748 1815 duobus
775 1788 854 1814 lectio
880 1788 1000 1822 ponitur,

217 1844 278 1863 cum
292 1840 356 1862 nota
370 1835 401 1861 Οἱ
413 1835 510 1861 λοιποί.
536 1833 670 1861 Interdum
686 1834 748 1860 item
759 1835 782 1860 οἱ
798 1834 885 1860 λοιποί
903 1834 1002 1861 dicitur

217 1881 328 1916 quando
344 1889 416 1908 unus
434 1884 538 1908 tantum
560 1880 692 1915 interpres
709 1880 819 1907 allatam
847 1880 999 1908 versionem

218 1928 309 1959 habet,
320 1932 350 1954 ut
360 1927 490 1954 exemnlis
503 1934 573 1962 saepe
590 1927 764 1962 probavimus
776 1927 803 1954 in
818 1926 900 1962 hujus
911 1927 1000 1962 operis

216 1974 343 2001 decursu.

251 2021 283 2047 Οἱ
297 2021 333 2051 I",
347 2019 413 2047 Tres
426 2020 596 2054 interpretes,
615 2019 717 2047 scilicet
739 2020 849 2054 Aquila,
877 2019 1000 2054 Symma-

217 2065 285 2093 chus
295 2071 321 2093 et
334 2065 495 2093 Theodotio.
515 2065 665 2093 Rarissime
675 2066 767 2098 etiam,
788 2066 834 2092 ubi
852 2066 893 2092 vel
905 2065 1001 2099 Aquila

218 2114 259 2140 vel
275 2121 346 2140 unus
362 2121 394 2140 ex
411 2113 508 2141 tribus.
521 2111 773 2146 interpretationem
796 2111 875 2138 habet
891 2119 905 2137 a
930 2110 1001 2137 LXX

218 2160 366 2191 diversam,
382 2164 409 2186 et
432 2157 502 2186 LXX
518 2165 579 2185 cum
606 2158 666 2184 aliis
689 2157 797 2184 duobus
823 2157 999 2189 conveniunt,
1017 2165 1038 2191 ι)

218 2210 285 2233 tunc
311 2207 335 2231 oi
362 2205 388 2230 1"
419 2204 573 2239 significare
595 2206 709 2237 possunt
724 2202 793 2228 LXX
811 2208 838 2229 et
852 2203 920 2229 duos
933 2203 1000 2230 alios

219 2251 340 2279 eamdem
350 2250 493 2278 lectionem
503 2249 648 2279 habentes;
658 2248 729 2283 quod
739 2253 1001 2283 postremunttamen

218 2298 388 2333 exploratum
400 2296 489 2323 adhuc
504 2302 558 2321 non
574 2299 626 2321 est.
641 2293 755 2320 Brianus
769 2293 913 2322 Waltonus
926 2299 1002 2329 putat

219 2349 310 2370 notam
340 2343 364 2369 oi
386 2343 412 2368 1"
428 2341 497 2368 alios
524 2346 580 2367 tres
609 2340 769 2374 interpretes
794 2341 924 2372 indicare,
947 2348 1001 2368 non

220 2387 356 2420 Aquilam,
377 2385 493 2421 Symm.,
519 2389 544 2412 et
573 2383 718 2417 Theodot.,
738 2386 785 2412 sed
810 2394 842 2412 ne
869 2386 1002 2421 probabili

220 2433 327 2468 quidem
346 2433 452 2460 ratione
465 2432 573 2464 ductus,
587 2436 617 2458 ut
632 2432 701 2459 infra
716 2433 882 2467 probabitur.

254 2478 285 2504 Οἱ
300 2478 337 2508 A',
355 2477 477 2510 Quatuor
496 2477 666 2512 interpretes.
691 2477 752 2506 Haec
778 2483 840 2506 nota
861 2479 1003 2507 aliquoties

220 2523 337 2551 occurrit
357 2524 383 2550 in
405 2523 513 2553 Hesaia.
534 2528 563 2550 ut
581 2530 640 2558 cap.
666 2531 703 2554 lx.
724 2525 751 2559 Ῡ.
771 2525 813 2556 14,
836 2525 881 2551 ubi
898 2525 931 2552 ad
947 2526 1004 2552 haec

220 2569 351 2596 Hebraica
365 2570 456 2600 verba,
467 2574 552 2598 tb‘th‘t
565 2575 623 2601 im,
639 2570 736 2603 legitur
752 2570 822 2605 apud
839 2570 1002 2604 Curterium,

220 2614 250 2641 υἱ
266 2615 301 2646 Δ¹,
317 2613 396 2646 αὑτός
409 2614 526 2649 κεφαλή,
538 2614 583 2641 ubi
600 2615 626 2641 in
639 2614 707 2641 LXX
723 2615 849 2642 editionis
865 2614 1004 2648 Romanae,

219 2660 286 2694 αὓτη
301 2661 316 2695 ἡ
332 2660 412 2695 ἀρχή.
437 2659 487 2686 llic
506 2665 595 2686 autem
618 2660 648 2686 Οἱ
666 2660 692 2685 Δ¹
708 2668 761 2687 non
776 2660 871 2687 dubito
886 2661 951 2695 quin
967 2661 1005 2687 si-

217 2707 346 2742 gniﬁcent
361 2712 478 2741 quatuor
486 2706 595 2734 Grmcos
606 2707 766 2742 interpretes
775 2708 821 2742 qui
832 2708 858 2734 in
877 2707 1005 2743 llexaplis

217 2758 399 2787 erantnempe
412 2753 455 2784 A.,
466 2752 506 2784 Σ..
519 2753 556 2783 0',
571 2752 601 2778 Θ.
616 2753 705 2779 Altera
721 2761 784 2780 vero
797 2754 885 2784 lectio,
903 2754 971 2788 αὕτη
987 2755 1004 2788 ἡ

218 2798 298 2833 am.
317 2802 374 2824 erat
387 2797 436 2832 τῆς
456 2797 566 2831 Καινῆς,
580 2805 627 2824 seu
639 2796 758 2832 Vulgata:
774 2798 910 2826 editionis.
925 2797 1004 2832 Nam,

1018 815 1041 845 B

1016 1487 1036 1515 C

891 76 1147 105 ΡΒᾸΞΜΜΙΝᾹΒΙᾹ

1794 79 1803 103 ἱ
1810 77 1847 104 (i8

1050 144 1079 165 ut
1099 138 1200 165 dictum
1221 143 1262 165 est
1279 138 1365 173 capite
1385 138 1412 170 5,
1430 138 1512 165 editio
1533 137 1690 172 hexaplaris
1716 136 1773 162 τῶν
1803 137 1848 169 0‘,

1053 184 1130 219 longe
1143 184 1248 212 diversa
1262 189 1319 211 erat
1331 185 1364 211 ab
1380 184 1423 210 illa
1441 185 1535 219 Κοινῇ,
1553 184 1589 210 ita
1603 188 1631 210 ut
1645 183 1729 210 etiam
1743 183 1771 210 in
1785 191 1848 209 ma-

1052 230 1198 264 nuscriptis
1219 230 1272 257 τῶν
1289 230 1327 262 0',
1344 229 1489 257 editionem
1508 228 1699 259 referentibus,
1717 229 1746 255 in
1769 236 1847 255 mar-

1051 276 1113 310 gine
1127 277 1151 302 οἱ
1163 276 1201 308 Ο¹,
1215 276 1293 310 quasi
1311 275 1446 302 diversam
1460 275 1572 302 omnino
1586 275 1847 309 interpretationem

1052 321 1183 348 habentes
1198 328 1213 347 a
1231 320 1318 348 fronte
1335 321 1414 347 varia:
1431 321 1555 348 lectionis
1570 328 1640 355 saepe
1655 325 1846 354 apponantur,

1051 374 1247 401 nonnunquam
1263 367 1324 399 soli,
1344 367 1389 394 sed
1405 366 1574 402 frequentius
1590 374 1653 393 cum
1677 366 1738 392 aliis
1755 366 1847 392 inter-

1051 413 1171 447 pretibus
1202 412 1240 439 sic
1257 421 1263 438 ;
1280 414 1317 445 (γ,
1337 413 1368 444 θ,
1388 413 1428 440 vel
1447 413 1476 445 Σ,
1497 413 1534 445 οι,
1567 412 1597 443 θ,
1628 402 1669 438 vei
1698 412 1731 444 A,
1752 411 1785 444 ε,
1803 411 1847 442 ον.

1051 459 1082 490 Θ,
1098 459 1143 485 ubi
1160 458 1251 485 littera
1279 459 1306 484 θ’
1321 459 1466 486 editionem
1483 458 1654 492 bexaplarem
1672 457 1726 483 τῶν
1742 458 1770 483 0’
1802 457 1847 484 si-

1051 504 1169 540 gniﬁcat.
1192 505 1222 530 Οἱ
1245 505 1271 530 Δ’
1290 509 1378 531 autem
1401 512 1455 532 non
1478 503 1631 538 signiﬁcare
1655 503 1796 538 Tetrapla,
1815 508 1848 530 ut

1051 550 1205 585 suspicatur
1219 550 1333 577 Brianus
1349 550 1490 577 Waltonus
1505 550 1531 576 in
1547 549 1714 584 Appennlice,
1731 557 1760 584 β.
1778 549 1846 580 125,

1053 596 1110 631 ipse
1128 596 1258 623 articulus
1270 595 1374 630 probat.
1392 594 1534 630 Nunquam
1550 595 1622 622 enim
1637 594 1740 622 dicitur
1754 595 1788 621 Οἱ
1799 603 1848 621 τε-

1051 641 1174 676 τραπλοῖ,
1189 642 1219 667 Οἱ
1235 641 1355 673 ἐξαπλοῖ,
1371 641 1417 668 sed
1431 641 1464 667 τὰ
1478 641 1632 676 Τετραπὶᾱ,
1654 641 1689 667 τὰ
1705 639 1846 672 Ἑξαπλί

1053 687 1136 722 Igitur
1153 686 1413 721 quemndmodumoi
1427 686 1462 717 1".
1472 687 1496 712 at
1509 687 1597 722 Τρεῖς,
1613 686 1638 713 id
1649 692 1703 717 est,
1719 685 1785 712 Tres
1801 687 1849 712 in-

1054 738 1186 767 terpretes,
1196 733 1235 759 sic
1246 737 1320 764 nota,
1335 734 1357 759 οἱ
1373 734 1410 763 Δ’,
1421 734 1446 758 οὶ
1457 732 1601 768 Τέτταρες,
1614 731 1738 765 Quatuor
1758 734 1849 759 inter—

1053 784 1136 813 pretes
1158 779 1303 814 signiﬁcat,
1326 784 1354 806 et
1367 779 1487 814 quidem,
1508 783 1537 806 ut
1547 783 1652 806 certum
1672 778 1794 812 videtur,
1811 786 1850 806 eo

1055 833 1109 860 quo
1122 833 1205 860 supra
1216 824 1335 851 diximus
1349 824 1439 851 modo.

1086 871 1121 898 II.
1140 871 1201 898 Haec
1212 871 1299 897 littera
1313 870 1447 906 signiﬁcat
1460 870 1568 901 πάντες,
1581 870 1607 896 id
1622 874 1674 902 est,
1691 877 1790 897 onmes
1800 870 1852 897 in-

1053 922 1183 952 terpretes
1200 924 1272 951 :qua
1293 916 1326 943 de
1340 924 1369 943 re
1387 916 1459 942 nulla
1484 916 1540 951 jam
1571 921 1663 950 potest
1686 923 1749 943 esse
1770 915 1850 943 difﬁ-

1053 964 1157 995 cultas;
1186 962 1320 997 siquidem
1350 962 1396 989 ubi
1417 962 1501 989 codex
1523 961 1679 989 Basiliensis
1695 962 1719 988 ῐΙ
1749 962 1849 994 habet,

1053 1009 1237 1037 Coislinianus
1251 1009 1352 1043 passim
1368 1009 1467 1040 πάντες
1479 1015 1606 1042 expresse
1619 1008 1709 1035 refert.
1722 1007 1852 1035 Joannes

1053 1055 1196 1082 Curterius
1212 1054 1373 1082 Pratfatione
1386 1054 1412 1081 in
1425 1053 1586 1089 Procopium
1601 1059 1678 1088 putat
1693 1053 1847 1089 Iegutdnm

1054 1102 1203 1137 Πάμφιλος,
1225 1101 1390 1135 Pamphilus,
1417 1108 1512 1135 nempe
1527 1105 1629 1136 martyr
1647 1100 1690 1128 ille
1713 1100 1761 1135 qui
1778 1108 1848 1128 cum

1052 1147 1170 1175 Eusebio
1197 1147 1323 1182 llexaplis
1337 1146 1513 1174 emendandis
1529 1151 1556 1173 ct
1571 1147 1742 1174 illustrandis
1758 1155 1850 1174 vaca-

1053 1194 1100 1221 vit.
1127 1193 1159 1221 Et
1182 1193 1291 1228 quidem
1319 1200 1415 1227 negare
1440 1199 1493 1219 non
1520 1192 1609 1219 ausim
1634 1192 1705 1219 hanc
1720 1192 1849 1220 litteram

1052 1239 1192 1275 Pamphilo
1209 1239 1352 1266 indicando
1365 1246 1557 1272 nonnunquam
1577 1238 1712 1272 deputari,
1727 1242 1757 1266 ut
1784 1239 1848 1274 Ὠρ.

1054 1287 1191 1320 Origenem
1214 1285 1363 1320 signiﬁcat;
1382 1283 1429 1311 sed
1456 1284 1558 1310 nullum
1583 1284 1674 1311 adhuc
1691 1291 1723 1311 ea
1746 1283 1782 1310 de
1815 1292 1850 1310 ro

1053 1333 1225 1368 perspicuum
1249 1330 1402 1365 exemplum
1421 1329 1539 1357 occurrit
1560 1329 1638 1362 mihi,
1659 1329 1849 1364 quamobrem

1053 1387 1097 1405 res
1114 1378 1140 1404 in
1152 1377 1235 1404 dubio
1247 1381 1381 1404 versatur.

1086 1427 1159 1461 Πχω
1169 1417 1239 1461 vel-2
1257 1409 1305 1452 ait;
1329 1433 1369 1457 ou,
1385 1425 1483 1460 smpitts
1511 1433 1574 1452 vero
1594 1425 1692 1460 legitur
1709 1410 1765 1452 πᾶν
1793 1433 1850 1460 pro

1053 1473 1087 1499 Π.
1103 1472 1149 1499 Ha:
1165 1476 1235 1499 nota:
1261 1479 1379 1506 persaepe
1405 1475 1552 1498 occurrunt
1578 1471 1605 1498 in
1632 1471 1678 1498 lib.
1692 1471 1785 1498 Judic.
1810 1472 1850 1499 ad

1056 1525 1141 1551 marg.
1167 1517 1226 1543 cod.
1246 1515 1342 1548 Basil.,
1359 1521 1386 1542 et
1405 1515 1550 1550 aliquando
1577 1516 1618 1543 sic
1636 1515 1730 1552 διωρο.
1747 1525 1789 1542 ου.
1807 1517 1849 1544 Π.

1054 1571 1103 1596 χω,
1120 1569 1180 1596 quae
1199 1561 1333 1587 interdum
1351 1561 1516 1595 conjunctim
1529 1560 1623 1595 posita:
1637 1565 1712 1592 sunt,
1728 1569 1786 1588 non
1802 1561 1852 1588 iu—

1053 1607 1208 1642 frequenter
1220 1607 1300 1634 etiam
1313 1611 1483 1641 separantur.
1500 1606 1599 1633 Earum
1611 1614 1695 1642 porro
1707 1607 1853 1642 interpre-

1053 1655 1181 1681 tationem
1197 1653 1374 1688 conjectando
1389 1653 1514 1680 dedimus
1528 1653 1554 1680 in
1567 1658 1629 1680 nota
1641 1654 1673 1679 ad
1685 1653 1751 1680 Jud.
1763 1662 1783 1685 I,
1799 1654 1850 1683 14.

1054 1702 1090 1728 ita
1105 1706 1134 1728 ut
1146 1691 1212 1736 δεῶρ
1225 1699 1357 1734 signiﬁcet
1372 1698 1523 1734 διώρθωσα,
1538 1699 1684 1729 emendavi,
1710 1708 1768 1734 quo
1794 1708 1853 1735 pa-

1053 1754 1097 1774 cto
1112 1747 1209 1782 legitur
1232 1746 1258 1772 in
1274 1746 1395 1780 margine
1415 1745 1516 1772 codicis
1529 1745 1586 1771 RR.
1602 1745 1656 1772 PP.
1668 1744 1852 1774 Jesuitarum

1052 1790 1149 1818 Ezech.
1172 1799 1230 1826 cap.
1246 1799 1306 1823 va,
1333 1799 1358 1821 ν,
1382 1790 1426 1822 l2,
1455 1790 1491 1816 ita
1506 1794 1535 1816 ut
1553 1790 1626 1816 nulla
1643 1790 1718 1817 circa
1748 1796 1852 1818 notam

1052 1837 1122 1864 hanc
1140 1837 1283 1864 difﬁcultas
1299 1843 1442 1870 superesse
1453 1835 1585 1865 videatur,
1596 1843 1627 1860 ou
1644 1834 1785 1869 signiﬁcet
1800 1835 1854 1862 οὖ-

1052 1891 1114 1914 τως,
1133 1883 1182 1909 εἰς.
1203 1881 1252 1908 Ubi
1269 1884 1346 1908 notes
1362 1879 1460 1915 διωρο.
1479 1887 1674 1914 nonnunquam
1694 1880 1761 1914 poni
1786 1880 1854 1909 sine

1051 1929 1196 1964 subjuncto
1214 1937 1243 1954 ou
1254 1936 1261 1943 ·
1278 1934 1449 1962 perspectum
1464 1934 1528 1954 vero
1545 1926 1611 1952 mihi
1624 1925 1734 1953 videtur
1747 1927 1851 1962 διωρθ.

1051 1985 1092 2002 ου.
1119 1975 1275 2010 signiﬁcare
1301 1973 1444 2009 διώρθωσα
1466 1972 1562 2004 οὕτως,
1585 1972 1722 1999 emendavi
1744 1973 1797 2006 sic,
1821 1979 1853 2000 et

1052 2030 1112 2056 cap.
1130 2029 1167 2054 xt,
1182 2022 1208 2054 ᾗ.
1232 2021 1276 2053 54,
1287 2012 1384 2055 Europe,
1394 2019 1532 2054 ἀγαπητὴ,
1545 2019 1690 2050 emendavi,
1700 2019 1853 2055 ἀγαπητὴ,

1052 2067 1158 2099 dilecta,
1180 2066 1242 2101 quia
1260 2066 1336 2100 prius
1353 2065 1490 2100 legebatur
1507 2064 1663 2099 μονογενής,
1691 2065 1852 2099 unigeut’ta.

1053 2111 1120 2139 Nota
1137 2119 1201 2138 vero
1219 2111 1241 2137 Π
1254 2111 1386 2146 signiﬁcat
1402 2110 1471 2136 haud
1483 2109 1563 2136 dubie
1579 2109 1688 2141 πάντες,
1698 2117 1793 2137 omnes
1807 2111 1855 2136 in-

1054 2162 1188 2192 terpreles,
1209 2161 1238 2183 ut
1259 2164 1291 2183 ex
1308 2155 1470 2191 supradictis
1497 2154 1629 2189 liquidum
1654 2160 1698 2182 est
1718 2164 1724 2181 :
1744 2163 1798 2190 χω,
1821 2155 1855 2183 ιιι

1051 2209 1102 2238 est,
1116 2208 1146 2231 ut
1166 2211 1277 2238 prorsus
1297 2203 1432 2234 existimo,
1456 2202 1549 2237 χωρίς,
1570 2201 1726 2235 separatim.
1760 2202 1801 2229 Ita
1819 2207 1858 2230 ut.

1052 2250 1094 2277 ha:
1115 2256 1184 2277 nota:
1197 2242 1262 2283 διῶρ
1277 2257 1319 2281 ου,
1333 2249 1365 2274 Π.
1379 2257 1428 2283 χω,
1440 2248 1496 2275 sive
1506 2247 1684 2281 conjunctim,
1697 2248 1759 2275 sive
1771 2256 1858 2283 sepa-

1053 2295 1132 2323 ratim
1148 2295 1253 2330 posita,
1271 2293 1422 2328 significent
1445 2292 1578 2320 emendavi
1595 2292 1643 2324 sic,
1660 2300 1754 2320 omnes
1767 2301 1857 2328 δερα-

1053 2343 1142 2373 ratim,
1157 2341 1183 2368 id
1198 2345 1249 2372 est,
1264 2348 1358 2367 omnes
1375 2341 1533 2374 interpretes
1554 2338 1702 2373 separatim
1726 2345 1827 2373 specta
1834 2341 1858 2368 ti

1054 2388 1092 2415 sic
1104 2387 1212 2415 habent.
1228 2386 1286 2413 Dixi
1304 2386 1329 2412 in
1343 2390 1405 2412 nota
1416 2384 1479 2411 Jud.
1497 2392 1555 2419 cap.
1570 2392 1588 2416 ι,
1605 2385 1631 2419 Ῡ.
1645 2384 1690 2417 M,
1707 2385 1858 2414 editiones

1055 2434 1199 2469 separatim
1216 2433 1258 2460 vel
1283 2433 1396 2460 seorsim
1414 2431 1526 2466 positas,
1547 2438 1599 2457 non
1615 2438 1662 2458 eas
1686 2431 1860 2466 signiﬁcare

1054 2488 1114 2515 qua:
1131 2480 1156 2506 in
1173 2478 1300 2513 Hexaplis
1321 2478 1414 2512 posita:
1426 2481 1513 2508 erant.
1533 2476 1578 2502 ubi
1595 2476 1703 2511 aliquot
1722 2477 1860 2506 fortasse

1056 2526 1221 2552 mutationes
1240 2525 1352 2551 invecta:
1369 2523 1485 2554 fuerant.
1501 2521 1550 2548 sed
1565 2528 1612 2549 eas
1628 2530 1689 2557 quae
1708 2527 1859 2558 separatis

1055 2571 1082 2598 in
1099 2571 1176 2598 libris
1189 2569 1331 2603 descriptae
1343 2572 1435 2598 erant;
1450 2574 1543 2593 verum
1559 2574 1588 2593 re
1603 2567 1768 2602 diligentius
1784 2577 1861 2598 exa-

1055 2617 1168 2648 minata,
1184 2615 1357 2643 verisimilius
1376 2619 1435 2640 esse
1448 2616 1514 2646 puto
1529 2620 1575 2639 eas
1587 2612 1662 2646 ipsas
1672 2621 1737 2647 qua:
1749 2614 1781 2641 in
1801 2614 1861 2642 He-

1055 2663 1144 2697 xaplis
1161 2661 1302 2695 descripta:
1314 2663 1391 2686 erant
1408 2658 1450 2685 hic
1465 2658 1587 2685 indicari.
1601 2658 1651 2685 Vix
1665 2660 1742 2687 enim
1754 2662 1862 2689 crede-

1056 2715 1112 2734 rem
1128 2706 1254 2733 libranios
1268 2708 1295 2731 et
1305 2703 1464 2730 scholiastas
1477 2703 1522 2737 qui
1540 2703 1691 2736 notas.illas
1706 2707 1861 2742 margina-

1056 2753 1095 2779 les
1114 2753 1281 2781 invcxcrunt,
1306 2752 1402 2783 prrcter
1426 2747 1556 2783 Hexapla,
1582 2749 1615 2775 ad
1634 2757 1751 2778 manum
1768 2753 1860 2781 etiam

1058 2799 1185 2826 habuisse
1203 2796 1333 2825 editiones
1352 2799 1490 2829 separatas
1507 2795 1708 2830 distinct-asque
1728 2797 1860 2833 Aquilae.
