1902 3049
82 98 122 125 109

667 96 699 122 IN
718 93 880 122 HEXAPLA
899 92 1068 120 ORIGENIS.

1617 93 1668 121 ΗΟ

82 157 213 194 Symmachi
244 162 269 184 et
293 156 495 184 Theodotionis.
524 156 621 185 Vocem
656 161 746 184 autem
783 153 982 191 χω--ΑΛρυίΙίι
1011 153 1052 180 vel
1079 152 1269 188 Symmachus,
1295 153 1335 180 vel
1351 151 1500 180 Theodotio
1523 160 1583 180 cum
1598 152 1667 180 LXX

80 206 122 241 ρίς,
133 205 276 239 separatim,
289 204 348 231 ideo
359 204 520 238 apposuisse
531 204 655 231 videntur
666 209 695 230 ut
705 204 836 231 editiones

80 252 127 279 illas
140 252 306 285 interpretum
322 252 520 287 distinguerent
535 259 549 279 a
565 252 726 279 lectionibus
741 259 836 279 eorum

79 305 127 332 qua
139 297 162 324 in
173 297 288 324 editione
312 298 365 324 τῶν
379 299 406 323 0'
423 298 559 332 hexaplari
574 306 635 325 cum
650 298 788 325 asteriscis
799 299 836 325 in-

79 347 141 370 serta:
150 341 260 373 fuerant,
272 350 333 377 qua:
346 343 477 370 lectiones
487 350 540 369 non
553 343 607 378 jam
624 343 780 377 separatim,
790 343 838 371 sed

78 387 219 421 coniunctim
250 395 313 415 cum
340 388 386 414 illa
418 388 488 414 LXX
518 388 695 423 interpretum
721 389 839 416 editione

78 433 243 468 spectabantur
257 442 263 460 :
278 433 344 460 illud
357 441 420 461 vero
435 434 490 469 jam
507 435 584 469 quasi
597 442 646 469 pro
659 440 733 462 certo
749 439 776 462 et
790 442 838 462 cx-

78 480 163 514 plorato
183 479 276 506 habeo.
307 479 343 506 Ut
369 480 401 507 ad
429 480 598 514 supradictas
627 485 706 508 notas
730 481 838 508 redeam

78 525 125 552 Iud.
137 533 153 555 ι,
165 533 191 551 v.
202 525 246 557 2|,
262 525 310 551 ubi
325 526 352 551 in
371 530 444 553 textu
459 525 554 559 legitur
566 526 795 562 ἐκληρονόμησεν,
812 527 838 553 in

78 572 176 604 margine
198 571 301 598 codicis
319 571 478 599 Basiliensis
493 572 589 606 legitur
605 572 715 608 ἐξῆραν,
734 578 760 600 et
776 581 839 600 mox

79 618 182 652 adjicitur
193 610 256 650 πᾶν,
270 618 297 644 id
310 621 364 649 est,
377 626 462 645 omnes
474 619 511 645 sic
522 618 626 649 habent,
639 619 737 654 ὲξῇραν
746 619 840 646 videli-

78 670 116 695 cet,
125 668 147 691 et
160 664 197 691 sic
213 672 285 698 saepe
305 664 361 691 πᾶν
378 665 466 692 solum
476 665 595 699 ponitur.
611 665 679 693 Etv.
692 665 738 697 27,
754 666 799 694 ubi
812 667 839 693 in

78 713 134 734 textu
147 708 300 736 Basiliensis
321 709 422 744 legitur
436 709 525 745 ἐξῇρε,
555 711 581 737 in
601 718 687 746 marg.
714 711 838 743 habetur,

76 754 261 790 ἐκληρονόμησε,
269 763 334 782 eum
345 755 489 790 subjuncta
500 761 574 790 nota,
584 765 663 784 παντ.
673 766 720 792 χω.
730 757 840 789 πάντες

76 801 154 834 χωρίς,
164 809 214 836 qua
229 801 402 837 signiﬁcatur
414 809 508 830 omnes
523 802 683 837 interpretes
696 804 839 838 separatim

75 846 95 873 in
105 847 225 875 columnis
243 848 305 875 suis
330 853 475 883 spectatos,
497 849 712 885 ἐκληρονόμησεν
731 849 840 883 habere,

74 898 95 920 et
110 893 142 921 sic
161 894 305 921 identidem
321 895 419 922 eadem
436 899 496 922 nota
512 904 590 922 παντ.
608 905 658 931 χω.
676 897 794 930 ponitur.
811 897 843 925 Et

75 946 121 973 cap.
140 947 168 970 ιι.
186 948 211 966 v.
225 940 252 973 9,
280 940 310 967 in
331 944 407 967 textu
423 940 542 975 ejusdem
566 941 668 968 codicis
689 941 796 977 legitur,
815 943 843 968 ὲν

75 985 236 1022 eamme;
249 987 296 1014 ubi
310 987 345 1013 ad
362 987 509 1021 marginem
522 987 636 1014 habetur
658 987 738 1015 πάντ.
753 997 794 1014 ου.
809 988 844 1014 ἐν

76 1031 246 1066 θαμναθαρές,
270 1040 335 1067 qua:
351 1037 423 1059 certe
434 1033 500 1059 nihil
519 1033 591 1060 aliud
611 1033 764 1067 signiﬁcare
781 1041 844 1068 pos-

76 1081 124 1103 sunt
136 1086 210 1112 quam
226 1086 326 1105 omnes
346 1078 387 1106 sic
402 1078 500 1105 habere
521 1080 549 1105 ἐν
564 1079 752 1115 Θαμναθαρές.
772 1079 845 1107 Lon-

75 1131 99 1155 ge
107 1123 257 1151 difﬁciliores
276 1124 417 1158 explicatur
434 1128 497 1152 sunt
509 1125 567 1151 aliae
579 1130 649 1152 nota:
665 1125 726 1152 eod.
740 1133 799 1160 cap.
817 1134 842 1158 v,

77 1169 108 1200 l5,
119 1169 157 1196 ubi
169 1170 199 1196 ad
213 1170 293 1202 illud,
309 1170 351 1205 τῷ
364 1170 448 1201 Βαάλ,
459 1171 555 1205 legitur
567 1171 618 1198 hac
630 1170 726 1198 l‘orma.

356 1216 386 1243 θ’.
406 1217 453 1252 τῷ.
467 1217 489 1243 ό.
506 1218 549 1252 τῇ.

357 1264 381 1290 ό.
400 1273 450 1298 χω.
465 1263 491 1290 θ.
504 1273 545 1290 ου.

102 1308 145 1336 Ubi
159 1310 230 1344 prior
248 1316 315 1338 nota
341 1311 414 1338 haud
430 1311 510 1338 dubie
527 1311 660 1346 signiﬁcat
681 1311 845 1339 Theodolio-

77 1362 123 1382 nem
132 1356 222 1391 legere,
234 1357 274 1393 τῷ
288 1358 377 1390 Βαάλ,
390 1357 459 1384 LXX
476 1365 540 1385 vero
554 1360 587 1394 τῇ
603 1358 685 1385 Βαάλ.
697 1358 765 1386 Nota
781 1366 845 1386 vero

78 1407 171 1435 sequens
186 1411 246 1437 qua:
257 1403 300 1430 sic
313 1404 463 1437 exponitur
478 1406 509 1430 υ.
525 1404 618 1439 χωρίς.
633 1404 654 1430 0'
670 1404 766 1436 οὕτως,
780 1404 845 1438 quid

78 1447 116 1473 sibi
126 1448 184 1474 velit
196 1456 249 1475 non
261 1450 334 1476 satis
350 1449 481 1484 intelligo.
498 1449 560 1477 Haec
575 1457 640 1476 vero
661 1455 724 1477 nota
744 1450 844 1485 passim

889 203 1042 227 consonant
1055 204 1082 227 et
1103 199 1244 226 lectionem
1259 199 1357 226 habent
1371 199 1491 226 eamdem
1509 207 1569 233 qua:
1585 199 1611 225 in
1629 203 1669 226 te~

890 250 937 272 xtu
952 245 1006 271 τῶν
1022 246 1050 271 0¹
1066 245 1172 280 legitur,
1190 245 1216 271 in
1231 245 1352 279 margine
1367 244 1495 272 scribitur
1510 245 1542 270 Δ.
1560 244 1590 270 τὸ
1606 243 1669 275 ἔσω,

890 292 919 318 Σ.
938 291 968 318 τὸ
992 291 1055 323 ἔσω,
1073 291 1099 318 id
1115 295 1166 323 est,
1182 290 1278 325 Aquila
1294 290 1335 316 vel
1355 290 1534 324 Symmachus
1555 290 1671 324 idipsum

890 337 1002 369 habent,
1027 337 1099 372 quod
1123 337 1195 364 intus
1210 336 1266 363 sive
1281 335 1307 362 in
1323 340 1394 362 textu
1415 336 1520 370 legitur.
1540 335 1674 362 Peculiari

890 388 980 410 autem
994 382 1074 410 modo
1087 387 1195 409 notatur
1214 382 1222 408 l
1236 381 1301 416 Reg.
1319 389 1381 413 xxv,
1395 381 1438 414 51,
1454 382 1498 408 ubi
1516 381 1628 409 Coisliu.
1647 381 1673 407 in

891 432 966 454 textu
982 428 1036 455 τῶν
1049 428 1087 461 Ο’,
1102 420 1251 463 βδέλυγμός
1266 428 1303 454 ita
1318 427 1425 462 punctis
1440 432 1562 454 notatum
1577 427 1673 458 habet;

890 473 916 499 in
929 473 1049 508 margine
1059 481 1121 501 vero
1131 474 1164 501 A.
1179 474 1210 500 Θ.
1223 473 1253 500 τὸ
1264 473 1328 504 ἔσω,
1345 473 1370 499 id
1383 477 1436 507 est,
1449 472 1545 506 Aquila
1556 477 1581 499 et
1591 471 1676 498 Tllet»

890 519 964 546 dotio
981 520 1081 547 habent
1096 528 1127 548 ea
1150 527 1211 555 quae
1222 519 1304 550 intus,
1323 519 1379 545 sive
1399 519 1426 544 in
1445 523 1515 544 textu
1530 522 1602 548 sunt,
1619 525 1674 544 non

891 569 981 592 notata
993 567 1222 601 punctis,.nempe
1235 566 1348 600 λυγμὸς.
1367 564 1398 591 Et
1413 572 1475 591 vere
1492 564 1535 590 alii
1547 571 1612 591 mss.
1628 564 1676 591 ha—

891 611 954 638 bent
971 613 1004 638 Α.
1021 612 1052 639 8.
1069 612 1181 648 λυγμός,
1200 612 1341 647 singultus.

929 648 984 720 (β.
1000 670 1103 698 Hesaize
1118 679 1173 703 xiv,
1185 678 1210 696 v.
1223 670 1249 701 6,
1264 673 1292 696 et
1308 667 1371 695 alibi
1382 675 1452 702 szepe
1470 667 1603 702 signiﬁcat
1615 665 1676 694 Ori-

891 715 982 753 genes,
1007 723 1036 745 ut
1066 717 1185 745 diximus
1219 716 1427 751 Palaaograpltia:
1454 715 1553 742 Gratus
1567 723 1592 749 p.
1613 715 1677 742 925.

891 764 1010 793 Joannes
1023 764 1165 792 Curterius
1178 764 1251 790 illam
1265 763 1360 798 siglam
1374 763 1508 797 expressit
1534 770 1581 796 per
1604 762 1677 789 litte—

892 819 950 838 ram
971 812 1002 844 Φ,
1018 811 1090 846 quod
1106 815 1198 837 notam
1212 809 1313 837 codicis
1328 808 1513 837 Marchaliani,
1532 815 1604 834 nunc
1619 806 1676 834 RR.

895 857 947 884 PP.
959 857 1134 889 .Iesuitarum,
1149 863 1203 883 n0n
1217 856 1387 891 intelligeret.
1398 854 1465 882 Nam
1481 854 1517 881 ibi
1531 854 1570 882 sic
1584 859 1677 881 notata

894 903 1049 938 depingitur
1063 907 1161 929 uteam
1180 901 1223 928 hic
1237 900 1432 935 expressimus.

928 940 960 975 ait
973 949 1166 984 ἀνεπίγραφος.
1186 947 1260 974 Hanc
1277 951 1369 975 notam
1395 946 1582 982 apponendam
1599 946 1680 974 (luli-

894 1003 966 1028 mus,
980 996 1044 1030 quia
1056 995 1190 1027 Nobilius,
1203 1002 1235 1022 ac
1251 999 1313 1029 post
1323 1002 1385 1022 eum
1406 994 1521 1021 Drusius
1537 995 1679 1022 existima-

894 1045 968 1074 runt,
991 1041 1035 1068 hic
1049 1041 1196 1077 ὰνέσπερον
1211 1040 1367 1076 signiﬁcari,
1384 1048 1498 1075 esseque
1516 1048 1615 1068 nomen
1633 1049 1682 1068 cu-

893 1087 1001 1121 jusdam
1014 1088 1168 1122 interpretis
1183 1087 1225 1114 vel
1236 1087 1400 1119 scholiastae,
1412 1094 1493 1121 quem
1510 1086 1678 1120 Anesperum

895 1139 1003 1163 vocant.
1019 1133 1159 1168 Signiﬁcat
1173 1137 1262 1160 autem
1279 1133 1441 1166 Anonymus,
1457 1132 1499 1159 vel
1518 1132 1550 1159 ad
1564 1133 1680 1159 litteram

895 1180 1105 1215 Anepigraphus,
1135 1178 1191 1206 sive
1214 1179 1269 1204 sine
1292 1178 1407 1204 auctoris
1437 1177 1584 1212 epigraphe.
1613 1177 1680 1204 Vide

894 1225 976 1253 Num.
988 1233 1048 1259 cap.
1068 1231 1142 1255 xxix,
1157 1224 1183 1257 it.
1198 1222 1240 1249 l6.
1257 1222 1291 1249 Ut
1305 1227 1394 1248 autent
1409 1221 1480 1248 scias
1496 1226 1624 1255 quantam
1635 1229 1680 1248 er-

895 1279 988 1299 rorum
1007 1271 1102 1298 silvam
1126 1272 1183 1296 haec
1199 1273 1262 1295 nota
1279 1268 1319 1294 sic
1334 1267 1421 1302 posita
1437 1267 1579 1301 pepererit,
1595 1275 1681 1301 pauca

896 1317 1047 1344 exscribam
1063 1324 1095 1343 ex
1113 1315 1289 1342 adnotatione
1299 1313 1416 1348 quadam
1431 1317 1525 1340 nostra
1545 1313 1570 1339 in
1587 1314 1681 1340 codice

895 1363 1073 1395 Coisliniano,
1081 1368 1194 1388 numero
1208 1360 1231 1387 5.
1249 1359 1348 1386 Eodem
1358 1359 1384 1385 in
1398 1359 1501 1392 codice,
1515 1359 1561 1393 qui
1576 1363 1617 1385 est
1630 1358 1683 1385 Ca-

896 1414 957 1436 tena
983 1410 1010 1435 in
1026 1408 1184 1439 Leviticum,
1208 1405 1351 1437 Numeros,
1371 1404 1684 1439 etc.,imperitus|ibra-

899 1455 956 1482 rius
967 1455 1013 1489 qui
1027 1454 1149 1481 codicem
1165 1452 1284 1487 scripsit,
1302 1452 1374 1478 illam
1398 1455 1489 1477 notam
1517 1451 1543 1477 in
1562 1451 1682 1484 amigra—

77 1494 183 1527 repetitur
196 1503 202 1521 :
218 1495 290 1522 forte
305 1495 444 1529 signiﬁcat
460 1495 632 1530 Septuaginta
652 1495 804 1530 separatim,
821 1501 844 1522 et

899 1501 952 1535 pho
966 1508 1015 1527 suo
1027 1500 1131 1532 videns,
1147 1498 1295 1533 saepissime
1311 1498 1374 1532 legit
1391 1495 1521 1528 ’Avseiov,
1538 1495 1683 1529 aliquando

78 1537 256 1567 Tuodotionem
284 1541 423 1568 similiter.
449 1541 539 1568 Altera
551 1546 613 1568 nota
633 1541 780 1575 saepissime
797 1549 844 1569 oe-

75 1585 152 1617 currit,
170 1594 266 1622 nempe
287 1589 321 1614 0.
342 1586 368 1613 0.
384 1596 434 1621 χω,
451 1587 476 1613 id
494 1591 535 1614 cst
556 1586 626 1612 LXX
648 1592 674 1613 et
697 1586 846 1614 Theodotio

76 1633 198 1664 separatim
210 1633 251 1659 sic
261 1632 377 1659 habent.
390 1631 424 1658 Et
433 1639 490 1666 cap.
510 1640 546 1662 tv,
558 1640 583 1658 v.
598 1631 624 1662 5,
637 1632 683 1658 ubi
693 1632 788 1667 legitur
798 1633 846 1667 τῆς

76 1675 166 1713 liuet-‘1,
177 1678 201 1705 in
217 1679 347 1713 margine
360 1678 490 1711 scriptum
506 1682 565 1705 est:

378 1724 428 1758 τῆς
445 1724 459 1750 6
475 1723 489 1749 ό
504 1732 534 1750 ου

394 1771 408 1796 ό
423 1770 445 1796 0'
461 1779 500 1804 χω

102 1815 208 1844 Primam
224 1825 292 1844 vero
316 1820 412 1843 notam
428 1816 467 1843 sic
482 1816 540 1851 lego
557 1817 587 1842 0.
605 1816 635 1842 Ο.
652 1816 749 1847 οὕτως,
766 1816 791 1842 id
806 1820 848 1842 cst

77 1865 171 1896 utraque
198 1862 283 1889 editio
307 1861 365 1888 τῶν
381 1861 418 1892 0,
437 1868 532 1895 nempe
546 1861 628 1896 Κοινή
653 1865 680 1888 et
695 1860 847 1895 hexaplaris

77 1905 107 1932 sic
116 1907 215 1939 habent,
227 1908 291 1942 τῆς.
303 1907 396 1934 Altera
408 1914 472 1933 vero
481 1911 543 1933 nota
557 1906 587 1932 0.
604 1906 629 1932 θ.
647 1906 728 1941 χωρίς
744 1905 847 1940 signiti—

76 1957 118 1984 cat,
142 1954 166 1979 ni
191 1953 282 1986 fallor,
311 1952 385 1979 LXX
408 1952 564 1986 separatim,
588 1951 613 1978 id
630 1956 671 1978 est
688 1951 798 1986 Καινήν,
822 1956 848 1978 et

77 1998 270 2028 Theodotionem
285 2001 315 2027 in
329 2007 379 2027 sua
398 2000 536 2030 columna,
555 1999 701 2033 separatim
717 1999 791 2030 item,
809 1998 848 2025 sic

76 2043 166 2072 habere.
182 2046 342 2081 Aliquando
362 2046 402 2073 sic
415 2045 576 2072 ordinantur
593 2044 749 2079 hujusmodi
765 2048 847 2076 notae,

77 2090 199 2126 utiEdipo
215 2099 333 2126 prorsus
345 2095 451 2125 egeant,
466 2096 495 2118 ut
506 2098 565 2124 cap.
581 2098 618 2122 iv,
633 2098 658 2116 v.
675 2090 755 2122 12,iri
774 2094 847 2117 textu

77 2135 213 2165 Basiliensis
229 2138 331 2174 legitur
342 2138 392 2168 εἰς,
408 2137 436 2164 in
455 2137 578 2172 margine
590 2144 654 2164 vero
672 2137 717 2164 ἐπί
739 2141 764 2162 et
775 2141 848 2171 post—

76 2190 100 2209 ea
113 2184 308 2219 subiunguntur
326 2189 397 2211 notae
411 2183 462 2211 hoc
474 2184 545 2210 situ:

363 2230 396 2257 0'.
412 2239 459 2265 χω.
477 2231 508 2256 Ο.
525 2239 555 2256 ου

361 2276 384 2302 ό.
400 2275 432 2303 θ’.
446 2276 499 2303 ἀπὸ

404 2322 426 2348 θ’
440 2331 481 2349 ου.

105 2369 132 2396 Ut
140 2375 225 2398 autem
239 2369 434 2403 concludatur,
447 2369 504 2397 haec
515 2378 569 2397 uno
582 2371 665 2398 verbo
673 2370 772 2402 dicam,
786 2371 850 2395 nota

77 2408 188 2444 altiliaud
202 2417 286 2445 dubie
304 2415 461 2451 signiﬁcare
470 2415 584 2449 videtur,
599 2416 750 2452 διώρθωσα,
765 2422 851 2441 corre-

78 2466 108 2495 xi,
119 2465 257 2497 emendavi,
269 2467 301 2490 ut
315 2463 442 2498 exemplo
454 2464 658 2498 comprobatur,
671 2472 703 2490 ου
714 2462 806 2494 οὓτως
818 2460 852 2487 si-

79 2509 99 2535 bi
111 2511 170 2537 velle
183 2512 228 2537 vix
243 2515 285 2538 est
296 2510 371 2545 quod
386 2509 525 2536 dubitetur
537 2516 570 2536 ex
587 2509 761 2543 supradictis;
779 2503 832 2535 πᾶν
843 2529 850 2540 ,

80 2555 154 2592 idest,
167 2558 331 2589 certissime,
346 2555 467 2588 πάντες,
479 2559 510 2583 ut
525 2555 656 2589 exemplis
667 2554 852 2589 frequentibus

80 2604 183 2638 arguitur
194 2613 202 2636 -,
217 2613 258 2639 χω
271 2611 327 2630 non
345 2602 453 2629 videtur
465 2602 538 2629 aliud
551 2608 632 2636 quam
645 2609 734 2635 χωρις
747 2601 852 2635 signifi-

81 2656 131 2676 care
142 2658 227 2684 posse.
240 2648 347 2676 Harum
365 2654 430 2675 vero
443 2652 569 2674 notarum
581 2654 649 2673 usus
665 2653 760 2673 omnes
771 2646 853 2680 expli-

81 2701 140 2727 care,
155 2695 238 2723 donec
249 2695 317 2729 quid
332 2693 433 2721 clarius
449 2696 578 2728 emergat,
597 2693 722 2719 humanae
740 2699 793 2718 non
810 2692 852 2718 vi-

81 2738 146 2766 detur
157 2748 214 2768 esse
230 2740 385 2767 facultatis.

110 2785 141 2811 Τδ
152 2786 212 2812 ἔσω.
229 2786 318 2818 Hujus
332 2789 406 2812 notae
421 2792 486 2812 usus
503 2784 667 2819 conspicuus
681 2787 723 2810 est
737 2782 762 2809 iu
778 2782 852 2809 codi-

84 2830 277 2860 t'eCoisliuiano
291 2831 408 2867 egregia:
427 2837 496 2858 natae
515 2838 530 2858 ι
549 2829 651 2863 saeculi,
679 2829 724 2856 ubi
746 2828 854 2863 quando

905 1547 1048 1581 Ἀνέμων,
1079 1545 1142 1572 item
1171 1544 1344 1579 Ἀναπέμπη,
1368 1541 1431 1570 alibi
1453 1540 1581 1572 'Avosiou,
1598 1540 1681 1567 semel

903 1593 1071 1623 Ἀθανασίου,
1087 1590 1233 1626 aliquando
1244 1590 1323 1618 etiam
1337 1594 1406 1616 recte
1423 1588 1620 1622 dVSWLYpi';OU,
1639 1595 1682 1613 se.-

898 1638 950 1664 mel
962 1638 1025 1664 item
1043 1636 1179 1663 Συνεσίου.
1197 1635 1259 1662 Haec
1269 1642 1350 1669 porro
1367 1638 1428 1660 nota
1445 1638 1536 1660 nostra
1551 1632 1684 1660 asseritur-

897 1692 930 1711 ex
944 1684 1087 1711 collatione
1104 1683 1216 1710 alterius
1231 1683 1340 1709 Catena:
1355 1681 1476 1715 ejusdem
1500 1680 1681 1713 bibliothecze,

898 1731 943 1758 ubi
956 1731 988 1758 ad
999 1731 1103 1766 singula
1119 1738 1200 1765 supra
1212 1734 1359 1757 memorata
1368 1728 1477 1755 nomina
1491 1727 1587 1762 legitur
1599 1727 1682 1753 ἀνεπ-

899 1779 925 1806 id
937 1783 987 1809 est,
1001 1779 1196 1814 ἀνεπιγράφου.

934 1825 1001 1851 ΔΥΝ
1019 1824 1160 1857 διάλειψις,
1186 1824 1254 1850 ΔΥΝ
1271 1825 1429 1853 ἀνάπαυσις.
1455 1822 1500 1850 Sic
1528 1822 1625 1857 legitur
1653 1822 1680 1847 in

899 1871 1019 1905 margine
1033 1870 1133 1897 codicrs
1159 1869 1317 1896 Coisliniani
1346 1869 1429 1896 Levit.
1459 1876 1528 1900 xxv.
1563 1867 1599 1900 6,
1623 1874 1684 1901 quae

899 1917 1047 1951 respiciunt
1060 1924 1152 1942 vocem
1161 1921 1228 1945 nam
1237 1936 1243 1946 ,
1256 1916 1282 1941 in
1292 1914 1363 1941 LXX
1377 1921 1534 1948 expressam
1544 1912 1682 1943 Σάϐϐατα,

901 1962 1028 1990 Sabbata.
1062 1961 1111 1988 Vix
1134 1966 1222 1997 potest
1239 1961 1402 1996 deprehendi
1424 1968 1458 1987 an
1487 1958 1630 1993 legendum
1647 1961 1683 1983 s.t

900 2009 979 2039 ΔΥΗ,
999 2009 1041 2035 vel
1054 2008 1132 2039 ΔΥΝ,
1147 2008 1194 2035 sed
1217 2015 1270 2034 non
1285 2007 1376 2033 dubito
1392 2006 1457 2040 quin
1481 2004 1623 2038 legendum
1648 2004 1684 2029 sit.

899 2054 978 2086 ΔΥΝ,
998 2058 1024 2081 et
1039 2053 1204 2089 signiﬁcetur
1216 2052 1337 2079 δύναται.
1358 2050 1395 2078 ita
1413 2055 1442 2077 ut
1454 2051 1512 2077 haec
1530 2055 1602 2079 nota,
1622 2055 1683 2082 quae

899 2101 1009 2135 respicit
1027 2108 1120 2127 vocem
1132 2104 1207 2132 mw,
1221 2100 1261 2127 sic
1278 2099 1396 2134 legatur,
1410 2098 1529 2128 δύναται,
1541 2095 1682 2129 διάλειψις,

899 2147 1019 2177 δύναται,
1038 2148 1199 2179 ἀνάπαυσις,
1214 2147 1239 2173 id
1254 2151 1305 2177 est,
1317 2154 1367 2172 vox
1383 2144 1519 2171 Σάϐϐατον
1537 2142 1605 2170 valet
1627 2142 1684 2170 sive

864 2185 886 2212 D
900 2194 1042 2230 signiﬁcat.
1063 2194 1190 2224 cessatio,
1202 2198 1225 2220 et
1242 2192 1374 2227 signiﬁcat
1398 2190 1515 2225 requies.

1128 2239 1159 2266 ll.
1176 2240 1212 2266 De
1227 2239 1294 2266 notis
1310 2238 1460 2272 incognilis.

936 2287 955 2326 β.
983 2276 1033 2326 [f1
1062 2286 1089 2315 ῖὶ.
1110 2286 1172 2314 Haec
1198 2289 1260 2312 nota
1291 2284 1424 2318 reperitur
1449 2282 1500 2308 Job
1523 2289 1582 2314 cap.
1618 2286 1682 2308 xvn,

903 2325 972 2373 9.5.
987 2325 1019 2364 ii.
1039 2335 1132 2364 codice
1150 2331 1317 2363 Colbcrtino,
1339 2337 1413 2357 num.
1429 2328 1508 2360 l952,
1526 2327 1570 2354 ubi
1589 2327 1620 2353 ad
1633 2325 1684 2352 hos

903 2389 1020 2421 quatuor
1037 2380 1195 2413 versiculos,

972 2432 1019 2462 Τίς
1035 2431 1107 2456 ἐστιν
1123 2426 1198 2460 οὗτος
1210 2429 1241 2462 τῇ
1257 2426 1326 2462 χειρί
1343 2434 1392 2462 μου
1406 2422 1567 2462 σμνᾷεθήτω]

973 2457 1033 2492 "O‘tt
1047 2465 1160 2500 καρδίαν
1177 2457 1396 2500 οίρτᾧῦίέέρυῷᾳν
1418 2458 1471 2500 ᾁπὺ
1484 2457 1648 2492 φρονήσεως.

973 2502 1023 2528 Διὰ
1036 2496 1114 2537 τοῦᾕο
1126 2500 1156 2537 ob
1173 2499 1209 2533 μὴ
1225 2497 1335 2537 ﬁnitur};
1351 2496 1459 2537 οεὺτούς.

974 2538 1014 2572 Τῇ
1029 2536 1116 2572 μερίδι
1131 2533 1289 2568 ἀναγγέλλει
1304 2533 1401 2562 κακίας
1414 2538 1420 2543 ·

903 2595 962 2622 haec
975 2594 1138 2621 adnotantur
1155 2592 1188 2625 χ(
1205 2590 1236 2616 ὲκ
1259 2588 1284 2615 θ.
1301 2589 1325 2614 οἱ
1341 2587 1379 2618 δ’,
1403 2586 1429 2613 id
1446 2589 1505 2618 est,
1530 2585 1557 2611 Ιιὶ
1576 2588 1690 2619 quatuor

904 2641 1005 2674 στίχοι
1024 2646 1068 2665 seu
1085 2635 1207 2664 versiculi
1222 2642 1253 2661 ea;
1268 2632 1443 2660 Tlteodotione
1453 2638 1463 2663 ;
1480 2630 1578 2657 deinde
1596 2627 1690 2662 adjici-

904 2691 948 2714 tur
965 2684 984 2722 β.
1001 2675 1042 2720 Γῇ
1062 2683 1119 2719 ῑὶ>ίί
1136 2691 1160 2711 c.
1172 2683 1205 2716 ἲ(
1219 2682 1252 2715 Ἀ(
1263 2679 1325 2706 llaec
1341 2683 1429 2705 autem
1443 2676 1692 2722 signiﬁcarepror-

905 2741 952 2760 sus
966 2720 1097 2759 ividentur
1110 2730 1188 2766 μόνος
1202 2728 1269 2764 πρὸς
1281 2725 1387 2760 πρῶτον
1397 2744 1404 2756 ,
1418 2723 1489 2750 solus
1507 2721 1541 2749 ad
1564 2720 1689 2766 primum,

906 2779 932 2806 id
949 2783 1000 2810 est,
1021 2763 1137 2812 primum
1165 2774 1328 2801 versiculum
1352 2778 1385 2798 ex
1417 2767 1602 2812 Theodotione
1629 2763 1688 2791 solo

906 2811 1079 2858 desumptum
1108 2828 1185 2854 esse;
1212 2818 1309 2846 deinde
1339 2815 1488 2844 secundum
1526 2811 1636 2840 tertium
1663 2813 1688 2837 et
