1902 3049
233 93 280 120 HI

897 93 1156 122 PRELIMINARIA

1806 94 1864 120 ΗΞ

222 160 360 190 .quartum
380 154 532 191 Symmachi
553 154 653 190 pariter
670 160 697 182 οι
712 154 908 184 Theodotionis
926 163 986 183 esse
1002 164 1008 182 :
1025 159 1047 186 Α
1062 155 1087 180 1"
1098 163 1180 190 quam
1196 162 1210 181 a
1226 163 1254 182 se
1267 155 1380 183 invicem
1394 154 1503 182 diversi.
1526 154 1592 183 Dein
1613 163 1672 190 cap.
1690 163 1747 182 xui
1762 175 1769 186 ,
1790 155 1808 189 '7
1831 155 1862 186 9.

231 202 357 237 idemque
372 209 438 229 usus
448 201 602 236 hujusmodi
621 206 746 230 notarum
762 202 825 229 alibi
841 202 922 229 etiam
938 209 1016 236 repe-

231 248 310 275 ritur.
327 246 389 274 1153c
407 254 489 282 porro
504 247 549 274 vix
565 247 704 282 quidpiam
726 247 891 275 diﬁicultatis
914 248 1014 275 habere

231 294 396 325 viderentur,
417 293 440 320 si
451 297 590 320 constaret
605 301 767 329 semperque
785 294 854 321 idern
875 298 946 322 esset
963 294 1013 320 ba-

230 347 323 368 rumce
338 343 464 367 notarum
478 347 545 367 usus
561 350 566 368 Ζ
582 347 676 367 verum
694 348 748 367 11011
762 339 798 366 ita
812 347 855 367 res
871 344 929 373 051.;
951 347 1013 367 nam

229 384 278 413 Job
296 393 341 417 xx,
359 385 404 418 23,
422 385 450 412 in
462 385 520 413 haec
533 386 623 419 verba,
637 385 720 417 εἴπως
729 385 870 422 πληρῶσαι
881 386 1012 422 γαστέρα,

227 440 336 464 notatur
352 435 378 462 in
392 436 485 463 eodem
498 436 590 464 codice
598 436 630 463 θ’.
641 437 674 470 Ἀ(
686 434 706 472 ﬁ
725 434 772 472 ΓΠ
799 437 858 464 ἀντὶ
872 437 919 463 τοῦ
927 437 1011 470 ὅπως,

227 488 281 515 quo
301 480 448 516 signiﬁcari
460 481 568 515 quidem
579 481 684 507 videtur
697 481 784 508 solum
799 480 1013 509 Theodotionem

227 528 326 555 habere
339 527 469 560 εἴπως,<ξι
483 527 579 554 indein
597 526 667 553 LXX
680 527 816 554 invectum
828 527 930 561 fuisse;
945 528 1012 555 alios

226 583 316 605 autem
328 578 402 609 ὅπως
415 578 502 612 legere
516 586 523 610 ;
537 577 583 604 sed
599 583 663 604 nota
679 574 698 613 β.
717 563 762 613 [ᾗ
783 578 848 613 quid
874 578 924 606 sibi
949 579 1014 606 velit

226 633 281 652 non
301 625 337 652 ita
354 624 433 652 iacile
447 624 628 652 estdivinarc.
657 623 720 651 Plus
743 624 826 651 etiam
849 625 950 660 negotii
972 624 1013 652 l‘a—

227 671 309 699 cessit
327 671 379 698 alia
393 675 454 698 nota
467 670 518 698 Job
531 678 590 705 cap.
610 679 667 702 xxi,
680 671 708 705 ᾗ.
727 669 773 704 21,
791 670 816 697 in
838 671 920 698 hosce
941 671 1011 698 duos

227 717 373 745 versiculos
391 725 397 744 :

263 764 323 790 Ὀτι
342 763 372 790 τὸ
384 763 488 798 θέλημα
504 761 586 788 αὑτοῦ
603 762 709 798 ὲνῗοζκῳ
723 760 805 798 ᾳρτοὖ
822 761 879 796 μετ’
893 761 976 788 αὑτοῦ

262 799 316 825 Καὶ
330 796 547 834 ἀριθμοῗμηνῶν
564 797 646 824 αὑτοῦ
659 796 833 833 διῃρέθησαν.

1066 202 1098 229 ad
1114 209 1206 229 vocem
1217 201 1363 233 ἀνατεῖλαι,
1378 209 1439 229 cum
1458 216 1487 229 τ-
1501 201 1541 229 sic
1554 209 1583 229 se
1597 202 1678 229 habet
1699 209 1799 236 margo
1813 211 1820 228 :
1836 203 1864 228 ot

1066 248 1091 274 1"
1104 247 1270 282 ἀναγγεῖλαι,
1287 247 1319 275 Θ.
1339 247 1496 282 βλαστῆσαι,
1519 248 1550 274 A.
1574 247 1742 282 ἀναφυῆναιο
1761 254 1865 274 nonne

1065 294 1122 322 hazc
1143 298 1216 322 tanta
1231 299 1340 330 tamque
1351 295 1478 322 distincta
1495 295 1748 329 interpretationum
1765 295 1864 322 varie.

1065 344 1116 373 tas,
1128 339 1286 368 varietatem
1296 339 1385 375 arguit
1393 340 1558 367 auctorum?
1572 339 1693 375 Denique
1702 347 1764 374 cap.
1775 347 1861 371 val.

1064 386 1080 420 it
1096 385 1122 417 8,
1138 386 1171 412 ad
1191 393 1271 413 voces
1286 386 1310 412 ει
1327 386 1372 412 καὶ
1385 385 1436 413 sub
1451 392 1483 412 -ε-
1498 392 1592 421 margo
1606 385 1645 413 sic
1663 385 1761 413 habet:
1777 386 1863 420 ὅμως

1063 431 1086 457 οἱ
1104 431 1140 463 Γ’,
1153 431 1177 457 οἱ
1191 433 1217 457 0¹
1229 430 1256 466 ἢ,
1272 431 1345 466 ὅμως
1361 439 1390 457 τε
1405 431 1436 457 Α.
1455 431 1498 463 Θ..
1516 431 1586 458 unde
1601 435 1708 459 constat
1721 431 1861 466 Aquilam

1064 475 1159 503 saltem
1170 481 1196 503 et
1211 475 1424 504 Theodotionem
1439 484 1492 503 non
1511 476 1600 503 minus
1619 476 1743 504 diversos
1759 483 1829 504 esse
1844 484 1862 503 a

1062 523 1118 554 τοῖς
1130 522 1156 548 1"
1173 530 1255 557 quam
1268 523 1293 549 οἱ
1310 525 1337 549 0¹
1352 528 1425 550 sunt.
1443 522 1536 558 (Forte
1545 531 1590 556 per
1601 523 1625 549 oi
1639 523 1665 548 1"
1679 527 1731 550 tres
1752 523 1861 550 editio-

1063 576 1117 600 nes,
1133 568 1254 604 Origenis
1270 569 1308 596 vel
1324 568 1429 596 Eusebii
1445 568 1566 602 Luciaui,
1590 573 1614 596 et
1628 569 1753 604 Hesychit'
1767 569 1860 596 detto-

1062 615 1175 649 lantur.)

1097 663 1236 691 Hactenus
1253 664 1368 692 Brianus
1382 664 1525 692 Waltonus
1546 664 1599 692 Sed
1615 672 1676 692 cum
1692 664 1858 699 perspicuis

1062 717 1094 736 ac
1109 709 1177 737 bene
1192 710 1285 737 multis
1302 710 1431 745 exemplis
1448 710 1655 745 probaverimus
1676 710 1701 736 οἱ
1728 710 1754 736 1"
1776 709 1854 737 nihil

1062 753 1135 781 aliud
1154 754 1308 789 signiﬁcare
1329 763 1411 790 quam
1436 755 1580 790 Aquilam,
1606 755 1806 791 Symmachum
1829 760 1862 782 et

1062 799 1286 832 Thcodotionem.
1311 801 1382 828 dicet
1408 801 1479 829 haud
1505 801 1588 829 dubie
1613 801 1737 829 eruditus
1764 801 1862 828 lector

262 853 311 882 Ubi
327 854 424 889 legitur
441 854 467 881 in
488 854 585 881 eodem
602 853 696 881 codice
710 854 744 888 Χ
761 853 794 879 ἑκ
807 853 839 880 0'.
860 854 884 880 oi
902 853 923 889 β’
940 853 1011 880 οὕτω
1025 845 1047 873 Β
1062 846 1142 873 aliam
1151 846 1279 874 Waltono
1290 848 1464 882 quaerendam
1479 847 1564 876 fuisse
1578 847 1773 876 difﬁcultatum
1788 856 1860 876 sua-

224 904 271 931 τοῦ
294 904 361 931 Θεοῦ
535 905 566 930 ὲκ
577 903 623 930 τοῦ
644 903 842 939 Ἐϐραῖκοῦ.Τί
850 903 904 939 γὰρ
921 903 1014 939 χρῄζει

224 950 273 985 τῆς
285 949 373 981 οἰκίας
389 949 471 975 αὐτοῦ
490 949 548 984 μεθ’
562 949 669 976 ἑαυτοῦ.
684 948 750 982 Quze
764 949 861 976 omnia
869 949 949 984 quasi
965 950 1013 976 ha-

225 996 349 1023 riolando
371 995 407 1022 ibi
433 995 569 1029 explicare
589 995 680 1022 conati
702 1002 818 1027 sumus;
843 995 888 1022 sed
905 995 963 1022 haec
979 996 1012 1022 ad

224 1042 359 1076 specimen
381 1040 528 1068 sufﬁciant.

260 1089 290 1114 Ol
304 1088 334 1114 1‘.
350 1089 407 1122 χός.
425 1086 487 1114 "ac
500 1093 564 1114 nota
581 1087 696 1114 habetur
716 1087 743 1114 in
766 1087 860 1115 codice
882 1087 940 1114 RR.
957 1087 1010 1116 PP.

223 1133 389 1161 Jesuitarum
405 1133 500 1168 colleg.
519 1133 648 1161 Ludovici
664 1133 765 1168 Magni,
779 1134 826 1168 qui
842 1134 928 1162 codex
945 1141 1010 1169 pro-

224 1181 320 1214 phetas
332 1180 452 1208 minores
463 1185 491 1207 et
512 1183 606 1215 postea
631 1180 750 1215 majores
766 1180 964 1215 complectitur.
980 1179 1009 1206 1n

223 1227 294 1254 hanc
304 1226 385 1261 igitur
402 1233 506 1257 vocem,
520 1218 607 1258 amb,
624 1225 724 1253 Thren.
740 1234 760 1257 ι,
780 1225 807 1257 8,
833 1233 914 1260 quam
938 1225 1009 1252 LXX

223 1273 262 1304 εἰς
273 1272 352 1299 σάλον
365 1275 482 1304 vertunt,
498 1271 538 1298 sic
548 1275 656 1298 notatur
668 1271 700 1299 C.
711 1272 736 1297 cl
747 1271 776 1298 1‘.
792 1274 838 1307 χδς
849 1272 1007 1301 ἀνάστατον.

226 1318 254 1344 Si
271 1321 323 1345 stet
343 1317 387 1344 illa
398 1317 477 1344 lectio
493 1318 557 1351 χός,
579 1317 619 1348 εἰς
638 1316 792 1352 ἀμηχανίαν
814 1325 894 1351 agor;
914 1324 1008 1344 verum

225 1368 292 1398 puto
308 1363 353 1390 hic
364 1365 411 1397 χὸς
427 1370 476 1397 pro
497 1362 551 1397 χῶς
567 1362 634 1396 legi,
656 1367 682 1389 et
704 1362 755 1388 hac
774 1369 841 1389 voce
862 1362 1009 1397 signiﬁcari

223 1408 322 1442 χωρίς,
340 1412 420 1442 atque
435 1408 471 1434 ita
496 1415 593 1434 sensus
612 1407 665 1434 erit
680 1406 884 1443 Symmachum,
904 1408 951 1442 qui
964 1416 1008 1435 so-

223 1455 266 1482 lus
277 1455 305 1482 in
324 1453 440 1482 Threnis
459 1461 521 1481 cum
539 1453 610 1480 LXX
639 1454 666 1481 in
693 1453 820 1488 Hexaplis
838 1453 872 1480 ab
891 1452 1008 1487 Otigenc

223 1500 327 1527 locatus
341 1497 438 1532 fuerat,
455 1502 484 1526 ut
501 1506 580 1534 supra
593 1499 723 1532 diximus,
737 1498 838 1526 habere
845 1498 1004 1531 ἀνάστατον,

223 1551 250 1574 et
277 1551 331 1573 tres
351 1545 513 1580 interpretes
538 1545 691 1580 separatim,
718 1550 744 1572 et
769 1549 845 1573 extra
871 1544 1003 1580 Hexapla,

224 1600 320 1626 nempe
334 1593 459 1628 Aquilam
480 1597 507 1620 et
523 1591 716 1628 Symmachum
737 1598 764 1620 et
780 1591 1006 1624 Theodotionem,

223 1641 345 1668 eamdem
361 1639 488 1674 praeferre
499 1639 654 1667 lectionem.

259 1683 334 1715 οκῶε
357 1683 372 1714 ιῖ
392 1687 422 1714 0.
446 1685 508 1714 Ilaec
531 1686 572 1714 vel
595 1685 692 1713 similis
716 1685 767 1720 ipsi
786 1688 848 1712 nota
874 1683 1008 1718 signiﬁcat

221 1735 323 1770 ὁμοίως
345 1735 399 1766 τοῖς
413 1734 451 1766 0',
467 1740 549 1768 quam
574 1739 635 1760 cum
661 1739 716 1759 non
742 1731 903 1766 intelligeret
926 1729 1006 1757 Joan,

222 1781 374 1814 Curterius,
387 1781 459 1816 ὅμως
474 1788 502 1806 τε
518 1780 545 1805 0'
555 1778 611 1806 fere
624 1785 730 1813 semper
741 1777 814 1813 legit.

225 1836 271 1865 111.
291 1837 421 1865 Probatur
441 1840 533 1863 contra
554 1835 680 1862 Brianum
699 1833 854 1861 Waltonum
879 1839 968 1861 notam
981 1835 1006 1861 οἱ

262 1873 289 1899 Γ¹
304 1873 454 1907 signiﬁcare
472 1877 523 1898 tres
548 1871 700 1906 interpretes
723 1870 857 1905 Aquilam,
884 1869 1007 1905 Symma-

257 1909 334 1936 chum
345 1913 370 1935 et
387 1907 598 1934 Tlteodotionem.

256 1955 371 1982 Brianus
386 1954 528 1982 Waltonus
542 1953 569 1980 in
584 1953 731 1988 Appendice
756 1952 888 1988 Polyglot.
913 1950 1005 1986 Angli-

223 2010 295 2035 cuu.,
309 2009 335 2036 p.
353 2001 414 2034 123,
442 2000 573 2035 exemplis
589 1999 702 2034 probare
728 1998 823 2026 nititur
838 1999 863 2024 οἱ
881 1998 918 2029 Γ’.
945 2005 1006 2032 qua:

224 2046 440 2082 frequentissime
458 2046 486 2073 in
507 2045 599 2073 codice
622 2044 827 2077 Marchaliano,
851 2051 924 2070 nunc
945 2042 1004 2069 RR.

221 2091 274 2120 PP.
285 2092 460 2124 Jesuitarum,
475 2089 605 2122 occurrit,
623 2098 678 2118 non
693 2089 850 2123 signiﬁcare
866 2089 1004 2123 Aquilam,

222 2137 415 2174 Symmachum
430 2140 457 2163 et
472 2135 705 2166 Thcodotionem;
729 2133 789 2168 ejus
806 2132 887 2160 verba
905 2131 1005 2159 referre

221 2192 255 2211 ne
268 2190 411 2220 gravemur
426 2190 434 2210 :

259 2239 269 2256 t
286 2230 317 2256 Οἱ
331 2229 367 2260 1",
383 2228 429 2263 qui
447 2228 527 2255 toties
540 2230 687 2254 occurrunt
713 2225 739 2252 in
762 2225 883 2260 margine
902 2225 1004 2253 codicis

221 2275 407 2307 Marchaliani,
421 2281 476 2301 non
490 2273 617 2300 videntur
631 2271 715 2299 fuisse
739 2271 834 2306 Aquila
847 2291 855 2304 ,
880 2271 1005 2306 Symma-

222 2322 290 2349 chus
308 2325 336 2348 et
352 2318 515 2349 Theodotio,
531 2318 602 2352 quod
619 2316 756 2344 nonnullis
786 2316 891 2343 visum:
922 2317 1005 2351 idque

222 2368 310 2403 primo
325 2366 388 2401 quia
411 2364 516 2392 Hesaia:
538 2371 565 2395 ι,
591 2363 636 2395 29,
657 2362 690 2389 ad
711 2369 801 2389 vocem
829 2362 943 2396 “Λγγαί,
961 2369 1005 2389 se-

222 2413 338 2448 paratim
352 2412 378 2439 hi
391 2418 487 2438 omnes
506 2415 532 2437 et
549 2409 676 2437 distincte
701 2408 884 2442 adducuntur,
898 2409 952 2436 imo
977 2412 1004 2436 et

221 2458 399 2486 diversimode
427 2457 644 2491 interpretantes.
673 2455 704 2482 Θ.
723 2463 788 2483 vero
807 2455 945 2489 signanter
970 2461 1003 2482 eo

222 2505 274 2533 ioci
289 2505 434 2539 κατάδυμα
452 2503 564 2530 vertisse
585 2502 692 2535 dicitur,
710 2501 782 2537 quod
802 2502 945 2536 κατάλυμα
965 2501 1003 2528 le-

222 2551 338 2586 gendum
354 2550 456 2585 potius,
473 2549 516 2576 cui
541 2555 603 2575 mox
620 2548 763 2583 apponitur
779 2549 856 2583 ὅμως
876 2548 900 2574 οἱ
919 2548 954 2574 1".
971 2547 1005 2574 At

222 2603 285 2624 vero
295 2596 317 2624 si
331 2595 396 2623 dicti
410 2595 490 2622 modo
502 2594 661 2629 interpretes
671 2594 750 2621 iidem
763 2599 854 2621 essent
864 2594 911 2629 qui
925 2594 949 2620 οἱ
965 2594 1002 2627 1",

221 2646 294 2670 certe
307 2641 380 2677 quod
397 2640 571 2676 subjungitur
585 2641 659 2675 ὅμως
673 2640 697 2666 οἱ
715 2640 741 2666 1"
759 2648 814 2668 non
837 2640 928 2667 minus
953 2647 1004 2666 nu-

221 2688 322 2724 gaciter
337 2692 364 2714 et
381 2686 470 2721 inepte
483 2686 636 2719 adderetur,
660 2694 741 2721 quam
769 2688 792 2715 si
810 2685 872 2721 quis
891 2685 1002 2718 diceret,

220 2732 329 2765 Clotho,
358 2732 489 2759 Lachesin
513 2736 540 2759 et
556 2732 675 2767 Atropon
689 2752 697 2764 ,
727 2733 869 2761 imminere
893 2731 1003 2759 stamini

221 2779 281 2806 vitae
298 2779 433 2812 humane,
446 2778 511 2814 quin
526 2778 606 2805 etiam
621 2782 647 2805 et
663 2782 717 2807 tres
736 2780 834 2808 Parcas
850 2778 901 2806 hoc
914 2778 1003 2812 ipsum

221 2825 308 2854 faccre
327 2834 333 2841 δ
354 2825 464 2853 fuerunt
484 2831 549 2860 ergo
563 2823 608 2852 alii
620 2828 647 2852 et
659 2824 715 2859 alii,
737 2832 794 2852 non
808 2823 899 2852 minus
913 2831 927 2851 a
945 2824 1002 2856 τοῖς

1063 899 1124 919 rum
1138 892 1313 926 solutionem,
1325 898 1351 920 et
1362 893 1462 921 frustra
1471 901 1606 929 pugnasse
1618 893 1728 921 doctum
1745 894 1859 927 virum,

1062 942 1154 965 notam
1167 939 1191 964 ol
1206 938 1232 964 1"
1243 938 1312 967 alios
1327 947 1342 966 a
1356 940 1514 967 memoratis
1525 939 1686 975 interpretes
1694 940 1738 968 vel
1751 946 1859 968 aucto-

1062 991 1106 1011 res
1117 984 1279 1018 signiﬁcare.

1097 1029 1143 1057 Illa
1159 1038 1222 1058 vero
1241 1035 1304 1057 nota
1319 1031 1343 1056 ot
1367 1031 1393 1057 1"
1412 1039 1465 1058 non
1494 1031 1521 1058 in
1544 1031 1638 1059 codice
1661 1030 1860 1060 Marcbaliano

1060 1079 1166 1102 tantum
1181 1076 1321 1109 occurrit,
1347 1076 1394 1104 sed
1415 1077 1496 1104 etiam
1515 1077 1542 1104 in
1566 1077 1627 1105 aliis
1651 1078 1859 1106 vetustissimis

1060 1122 1216 1156 codicibus,
1235 1125 1269 1150 ad
1295 1123 1379 1151 libros
1410 1124 1528 1151 maxime
1552 1123 1695 1156 Iudicum,
1725 1124 1856 1160 Regum.

1059 1166 1230 1195 Psalmorum
1244 1173 1269 1196 et
1280 1167 1476 1203 Prophetarum
1491 1170 1624 1197 omnium.
1645 1169 1685 1196 Ex
1703 1170 1748 1197 bis
1767 1178 1858 1205 porro

1059 1214 1136 1242 libris
1152 1215 1275 1249 exempla
1287 1215 1484 1248 mutuabimur,
1497 1223 1557 1250 qua:
1573 1215 1640 1242 nihil
1656 1214 1744 1248 dubii,
1761 1221 1792 1244 ut
1805 1224 1857 1244 ar-

1059 1259 1155 1291 bitror,
1172 1259 1336 1294 relinquant.

1091 1305 1154 1333 Jud.
1187 1313 1247 1340 cap.
1272 1313 1299 1338 ι,
1323 1305 1368 1338 5i,
1389 1305 1435 1332 ubi
1463 1305 1624 1334 Hebraicum
1654 1306 1739 1335 habet
1763 1298 1855 1341 55.11.

1057 1351 1141 1378 editio
1157 1349 1279 1378 Romana
1297 1351 1425 1386 Δωμανὰ,
1437 1351 1624 1379 Coislinianus
1641 1353 1856 1381 vetustissimus

1058 1397 1154 1428 codex,
1168 1397 1277 1431 septimi
1291 1397 1398 1426 circiter
1414 1398 1517 1431 saeculi,
1537 1399 1564 1426 in
1576 1400 1700 1435 margine
1716 1400 1802 1428 habet
1816 1400 1855 1429 Ol

1057 1440 1142 1468 Γ¹καὶ
1151 1442 1183 1481 re
1203 1442 1364 1478 'E‘o’paixbv,
1382 1445 1516 1473 Νααλὰλ.
1547 1445 1579 1473 Et
1610 1453 1691 1473 versu
1721 1448 1854 1481 sequenti

1057 1487 1139 1515 Hebr.
1159 1478 1245 1521 :‘rm,
1262 1488 1332 1516 Lxx
1345 1490 1448 1525 Δαλάφ,
1463 1491 1576 1519 Coislin.
1591 1492 1618 1519 in
1630 1478 1808 1528 ιηιπεῖυεξοε
1823 1493 1854 1521 ῖν

1058 1534 1104 1560 και)⁸
1123 1533 1154 1560 τὸ
1178 1534 1339 1570 Ἐὗραῖκὸν,
1361 1536 1475 1564 Ὰαλάϐ.
1497 1536 1614 1570 Quinam
1643 1537 1682 1564 illi
1705 1539 1732 1564 ot
1745 1538 1771 1563 1"
1794 1539 1854 1566 nisi

1057 1579 1166 1614 Aquila,
1182 1579 1363 1615 Symmachus
1377 1586 1404 1609 et
1417 1581 1587 1611 Theodotio?
1597 1584 1737 1618 quomodo
1750 1584 1778 1612 hi
1793 1589 1855 1612 tres

1056 1624 1145 1660 legere
1159 1626 1298 1660 potuerint
1312 1626 1360 1654 has
1377 1635 1457 1655 voces
1474 1627 1632 1662 Hebraicas,
1646 1630 1698 1658 nisi
1713 1635 1745 1657 ut
1763 1638 1853 1665 supra

1056 1671 1182 1706 leguntur
1197 1675 1259 1706 post
1273 1677 1364 1699 notam
1379 1673 1403 1700 oi
1415 1673 1461 1700 1"?
1473 1673 1528 1701 Cur
1545 1682 1609 1702 vero
1620 1675 1788 1704 scholiastes
1804 1677 1856 1705 ille

1056 1717 1158 1744 codicis
1171 1717 1284 1745 Coislin.
1301 1723 1355 1745 tres
1373 1717 1434 1746 illos
1446 1718 1536 1747 claros
1556 1720 1718 1755 interpretes
1745 1722 1855 1749 omise-

1056 1763 1101 1795 rit,
1125 1771 1195 1798 quos
1221 1771 1292 1798 saepe
1319 1764 1466 1799 separatim
1483 1765 1510 1792 in
1537 1765 1656 1793 medium
1674 1767 1800 1798 adducit,
1821 1772 1857 1795 ut

1055 1813 1111 1837 tres
1133 1810 1201 1837 alias
1225 1810 1368 1842 editiones,
1385 1819 1446 1846 quae
1468 1820 1603 1847 nusquam
1626 1817 1674 1840 aut
1694 1815 1855 1849 separatim

1056 1859 1103 1883 aut
1114 1856 1281 1891 conjunctim
1292 1862 1479 1885 memorantur
1490 1858 1653 1886 adduceret?
1664 1859 1745 1892 Quod
1755 1865 1854 1888 autem

1055 1905 1142 1939 magis
1157 1909 1234 1939 urget
1250 1904 1344 1931 eodem
1365 1912 1439 1940 cap.,
1456 1913 1483 1932 v.
1502 1905 1547 1933 55.
1563 1905 1604 1933 Ad
1624 1906 1674 1934 has
1696 1914 1780 1934 voces
1797 1906 1856 1935 He-

1055 1950 1161 1978 braicas
1171 1942 1315 1982 ωτώυωιπ
1325 1942 1414 1995 ῃῖννκι
1425 1955 1501 1979 notat
1511 1951 1706 1985 Coislinianus,
1720 1954 1754 1980 Οἱ
1762 1953 1791 1979 1"
1803 1955 1855 1981 καὶ

1055 1995 1085 2022 τὺ
1106 1996 1264 2031 Ἐὃραῖκὸν,
1280 1996 1314 2023 ἐν
1332 1997 1430 2024 Λὶλὼν
1454 1997 1503 2025 καὶ
1525 1997 1559 2024 ἐν
1580 1999 1752 2031 Σα.ιασει’ν;
1771 1998 1855 2026 Basi-

1055 2041 1149 2068 liensis
1161 2048 1224 2068 vero
1238 2041 1322 2069 codex
1338 2046 1521 2077 pervetustus,
1540 2043 1572 2070 Ol
1587 2043 1685 2076 λοιποὶ,
1701 2044 1855 2072 ὲνΔιλὼν

1056 2087 1104 2113 καὶ
1122 2087 1157 2114 ἐν
1171 2087 1327 2115 Σαλαϐείν.
1344 2086 1429 2115 Nemo
1444 2088 1582 2124 ambigere
1597 2094 1685 2124 potest
1699 2091 1725 2117 ot
1740 2091 1768 2116 1"
1784 2097 1814 2118 et
1827 2093 1855 2118 οι

1056 2133 1144 2160 λοιποί
1157 2133 1274 2168 idipsum
1298 2141 1358 2162 esse
1375 2142 1381 2160 :
1397 2135 1421 2160 οἱ
1437 2134 1525 2161 λοιποί
1548 2139 1649 2168 autem,
1677 2143 1728 2164 seu
1752 2137 1853 2173 reliqui

1019 2191 1044 2220 υ
1057 2179 1222 2213 interpretes,
1236 2185 1265 2206 ut
1275 2179 1408 2214 liquidum
1421 2184 1473 2214 est,
1487 2180 1569 2208 iidem
1584 2188 1692 2216 semper
1705 2186 1784 2216 sunt,
1801 2184 1854 2216 qui

1055 2225 1082 2253 in
1095 2224 1320 2260 chaplislocum
1337 2225 1481 2253 habebant.
1497 2225 1530 2254 Et
1550 2226 1612 2254 Jud.
1633 2234 1694 2261 cap.
1711 2236 1766 2260 xtl,
1787 2230 1804 2263 ᾗ
1825 2230 1853 2262 1,

1055 2271 1087 2298 ad
1098 2279 1189 2299 vocem
1200 2273 1322 2304 ἤπιοι
1333 2272 1488 2307 Ρβορῤᾶν.
1499 2273 1533 2300 At
1545 2273 1695 2300 secundum
1708 2273 1838 2311 Hierony
1846 2290 1854 2295 -

1055 2317 1180 2349 mum,A.
1195 2317 1225 2344 Σ.
1237 2317 1281 2355 hic
1289 2317 1388 2353 βορῤᾶν
1402 2318 1512 2352 habent,
1529 2322 1608 2353 atque
1619 2318 1702 2346 etiam
1717 2318 1855 2348 Theodo-

1055 2365 1094 2390 tio
1110 2363 1135 2390 in
1152 2368 1225 2391 textu
1235 2363 1288 2390 τῶν
1304 2365 1344 2396 0',
1355 2365 1402 2399 qui
1419 2365 1453 2392 ad
1468 2364 1682 2392 Theodotionem
1701 2373 1852 2394 correctus

1055 2408 1153 2437 fuerat.
1169 2409 1220 2437 Ubi
1232 2415 1309 2438 notes
1324 2409 1469 2449 Eusebium
1484 2415 1511 2438 et
1528 2409 1741 2446 Hieronymum,
1760 2412 1852 2448 Aqui-

1055 2456 1108 2483 lam
1123 2461 1150 2483 et
1172 2455 1365 2492 Symmachum
1395 2461 1518 2488 tantum,
1537 2455 1755 2484 Tbeodotionetn
1783 2466 1852 2486 vero

1054 2501 1194 2529 rarissime
1207 2509 1419 2530 commemorare
1436 2502 1462 2528 in
1474 2501 1542 2529 libro
1557 2501 1593 2528 De
1605 2501 1670 2528 locis
1689 2502 1849 2532 Hebraicis.

1057 2546 1108 2574 Sed
1123 2555 1155 2574 en
1167 2547 1320 2582 exemplum
1343 2547 1409 2574 adeo
1427 2547 1609 2580 perspicuum,
1640 2551 1670 2573 ut
1687 2554 1722 2574 ne
1745 2549 1851 2577 mutire

1056 2593 1164 2627 quidem
1185 2598 1279 2621 contra
1305 2593 1384 2620 liceat
1411 2600 1470 2626 cap.
1502 2600 1536 2619 xv
1561 2591 1636 2625 Jud.,
1668 2593 1684 2627 ᾖ
1708 2593 1737 2621 9.
1760 2594 1847 2622 llebr.

1055 2630 1129 2670 γ1⁵³1³73,
1147 2638 1217 2665 LXX
1231 2639 1260 2664 ὲν
1272 2638 1348 2673 Λεχί,
1357 2637 1470 2664 Coislin.
1481 2639 1577 2665 veroin
1587 2638 1722 2673 margine,
1734 2640 1767 2667 Οἱ
1778 2641 1803 2666 1"
1812 2641 1851 2668 ἐν·

1054 2684 1181 2720 σιάγονι,
1199 2684 1366 2716 Basiliensis,
1380 2685 1411 2710 Οἱ
1425 2684 1522 2716 iota-cat,
1544 2684 1579 2711 ὲν
1596 2684 1729 2718 σιάτονι,
1758 2686 1849 2715 Euse-

1054 2731 1125 2763 bius,
1137 2733 1169 2759 A.
1182 2732 1210 2758 Σ.
1223 2731 1257 2758 ἐν
1268 2730 1395 2765 (miram,
1408 2729 1599 2766 Hieronymus,
1612 2732 1711 2766 Aquila
1722 2738 1748 2759 et
1764 2732 1849 2761 Theo-

1055 2778 1126 2805 dotio
1141 2779 1349 2811 interpretantur
1364 2776 1520 2809 maxillam;
1534 2777 1591 2811 ipsa
1603 2775 1665 2804 luce
1680 2778 1789 2807 clarius
1803 2785 1850 2808 est

1055 2823 1099 2851 hic
1109 2824 1133 2849 οἱ
1148 2823 1179 2857 1‘"
1202 2823 1226 2849 τί
1241 2821 1338 2855 λοιποί,
1351 2826 1378 2850 et
1393 2822 1436 2852 Α..
1449 2822 1491 2856 Σ.,
1508 2821 1539 2848 Θ.
1559 2821 1678 2856 idipsum
1697 2829 1773 2851 csse.
