  <div class='ocr_page' id='page_1' title='image "/cluster/home/n/w/nwhite01/storage/ocr_20150623/15/njp.32101010944542/072.png"; bbox 0 0 1902 3049; ppageno 0'>
   <div class='ocr_carea' id='block_1_1' title="bbox 60 122 1100 160">
    <p class='ocr_par' dir='ltr' id='par_1_1' title="bbox 60 122 1100 160">
     <span class='ocr_line' id='line_1_1' title="bbox 60 122 1100 160; baseline -0.008 -2"><span class='ocrx_word' id='word_1_1' title='bbox 60 129 103 160; x_wconf 71' lang='lat'><strong>“5</strong></span> <span class='ocrx_word' id='word_1_2' title='bbox 698 126 730 154; x_wconf 79' lang='lat' dir='ltr'><strong>IN</strong></span> <span class='ocrx_word' id='word_1_3' title='bbox 750 124 910 154; x_wconf 74' lang='lat' dir='ltr'><strong>HEXAPLA</strong></span> <span class='ocrx_word' id='word_1_4' title='bbox 929 122 1100 153; x_wconf 81' lang='lat' dir='ltr'><strong>ORlGENlS.</strong></span> 
     </span>
    </p>
   </div>
   <div class='ocr_carea' id='block_1_2' title="bbox 1632 120 1682 147">
    <p class='ocr_par' dir='ltr' id='par_1_2' title="bbox 1632 120 1682 147">
     <span class='ocr_line' id='line_1_2' title="bbox 1632 120 1682 147; baseline 0.02 -1"><span class='ocrx_word' id='word_1_5' title='bbox 1632 120 1682 147; x_wconf 68' lang='grc'>114</span> 
     </span>
    </p>
   </div>
   <div class='ocr_carea' id='block_1_3' title="bbox 91 182 1682 226">
    <p class='ocr_par' dir='ltr' id='par_1_3' title="bbox 91 182 1682 226">
     <span class='ocr_line' id='line_1_3' title="bbox 91 182 1682 226; baseline -0.007 -7"><span class='ocrx_word' id='word_1_6' title='bbox 91 190 213 226; x_wconf 81' lang='lat' dir='ltr'><strong>Ejusucm</strong></span> <span class='ocrx_word' id='word_1_7' title='bbox 225 190 442 226; x_wconf 76' lang='lat' dir='ltr'><strong>perspicuitatis</strong></span> <span class='ocrx_word' id='word_1_8' title='bbox 453 195 496 218; x_wconf 87' lang='lat' dir='ltr'><strong>est</strong></span> <span class='ocrx_word' id='word_1_9' title='bbox 508 190 584 218; x_wconf 82' lang='lat' dir='ltr'><strong>locus</strong></span> <span class='ocrx_word' id='word_1_10' title='bbox 597 190 682 217; x_wconf 85' lang='lat' dir='ltr'><strong>illelll</strong></span> <span class='ocrx_word' id='word_1_11' title='bbox 699 190 764 225; x_wconf 76' lang='lat' dir='ltr'><strong>lleg.</strong></span> <span class='ocrx_word' id='word_1_12' title='bbox 778 197 845 221; x_wconf 78' lang='lat' dir='ltr'><strong>xvii,</strong></span> <span class='ocrx_word' id='word_1_13' title='bbox 863 191 884 219; x_wconf 80' lang='grc' dir='ltr'><strong>Α</strong></span> <span class='ocrx_word' id='word_1_14' title='bbox 898 192 980 215; x_wconf 67' lang='lat' dir='ltr'><strong>vectae</strong></span> <span class='ocrx_word' id='word_1_15' title='bbox 993 186 1111 218; x_wconf 86' lang='lat' dir='ltr'><strong>fuerant,</strong></span> <span class='ocrx_word' id='word_1_16' title='bbox 1128 184 1200 221; x_wconf 85' lang='lat' dir='ltr'><strong>quod</strong></span> <span class='ocrx_word' id='word_1_17' title='bbox 1215 183 1399 212; x_wconf 85' lang='lat' dir='ltr'><strong>certissimum</strong></span> <span class='ocrx_word' id='word_1_18' title='bbox 1415 187 1467 214; x_wconf 86' lang='lat' dir='ltr'><strong>est,</strong></span> <span class='ocrx_word' id='word_1_19' title='bbox 1494 182 1519 210; x_wconf 90' lang='lat' dir='ltr'><strong>id</strong></span> <span class='ocrx_word' id='word_1_20' title='bbox 1540 188 1604 209; x_wconf 88' lang='lat' dir='ltr'><strong>vero</strong></span> <span class='ocrx_word' id='word_1_21' title='bbox 1619 182 1682 216; x_wconf 86' lang='lat' dir='ltr'><strong>qui-</strong></span> 
     </span>
    </p>
   </div>
   <div class='ocr_carea' id='block_1_4' title="bbox 65 235 849 272">
    <p class='ocr_par' dir='ltr' id='par_1_4' title="bbox 65 235 849 272">
     <span class='ocr_line' id='line_1_4' title="bbox 65 235 849 272; baseline -0.004 -7"><span class='ocrx_word' id='word_1_22' title='bbox 65 238 87 269; x_wconf 80' lang='lat'><strong>6,</strong></span> <span class='ocrx_word' id='word_1_23' title='bbox 98 237 138 264; x_wconf 81' lang='lat' dir='ltr'><strong>ubi</strong></span> <span class='ocrx_word' id='word_1_24' title='bbox 154 237 240 265; x_wconf 77' lang='lat' dir='ltr'><strong>codex</strong></span> <span class='ocrx_word' id='word_1_25' title='bbox 260 237 364 272; x_wconf 80' lang='lat' dir='ltr'><strong>Regius</strong></span> <span class='ocrx_word' id='word_1_26' title='bbox 380 237 468 264; x_wconf 93' lang='lat' dir='ltr'><strong>habet</strong></span> <span class='ocrx_word' id='word_1_27' title='bbox 483 247 489 263; x_wconf 91' lang='lat'>:</span> <span class='ocrx_word' id='word_1_28' title='bbox 508 238 552 268; x_wconf 86' lang='lat' dir='ltr'><strong>A.,</strong></span> <span class='ocrx_word' id='word_1_29' title='bbox 569 238 609 268; x_wconf 81' lang='lat'><strong>2.,</strong></span> <span class='ocrx_word' id='word_1_30' title='bbox 625 237 670 268; x_wconf 78' lang='lat'><strong>8.,</strong></span> <span class='ocrx_word' id='word_1_31' title='bbox 691 236 782 271; x_wconf 77' lang='grc' dir='ltr'><em>ἄρτον</em></span> <span class='ocrx_word' id='word_1_32' title='bbox 800 235 849 262; x_wconf 75' lang='grc' dir='ltr'><strong>καὶ</strong></span> 
     </span>
    </p>
   </div>
   <div class='ocr_carea' id='block_1_5' title="bbox 67 281 850 319">
    <p class='ocr_par' dir='ltr' id='par_1_5' title="bbox 67 281 850 319">
     <span class='ocr_line' id='line_1_5' title="bbox 67 281 850 319; baseline 0 -9"><span class='ocrx_word' id='word_1_33' title='bbox 67 284 142 319; x_wconf 66' lang='grc' dir='ltr'><strong>κρέας</strong></span> <span class='ocrx_word' id='word_1_34' title='bbox 153 283 185 310; x_wconf 82' lang='grc' dir='ltr'><strong>τὸ</strong></span> <span class='ocrx_word' id='word_1_35' title='bbox 200 284 288 317; x_wconf 79' lang='grc' dir='ltr'><strong>πρωῒ.</strong></span> <span class='ocrx_word' id='word_1_36' title='bbox 300 288 327 311; x_wconf 89' lang='lat' dir='ltr'><strong>et</strong></span> <span class='ocrx_word' id='word_1_37' title='bbox 342 281 534 311; x_wconf 77' lang='lat' dir='ltr'><strong>COislinianus</strong></span> <span class='ocrx_word' id='word_1_38' title='bbox 547 283 614 310; x_wconf 75' lang='lat' dir='ltr'><strong>alter</strong></span> <span class='ocrx_word' id='word_1_39' title='bbox 627 283 712 310; x_wconf 76' lang='lat' dir='ltr'><strong>codex</strong></span> <span class='ocrx_word' id='word_1_40' title='bbox 728 283 850 310; x_wconf 80' lang='lat' dir='ltr'><strong>eamdem</strong></span> 
     </span>
    </p>
   </div>
   <div class='ocr_carea' id='block_1_6' title="bbox 68 328 851 365">
    <p class='ocr_par' dir='ltr' id='par_1_6' title="bbox 68 328 851 365">
     <span class='ocr_line' id='line_1_6' title="bbox 68 328 851 365; baseline -0.003 -7"><span class='ocrx_word' id='word_1_41' title='bbox 68 330 198 358; x_wconf 70' lang='lat' dir='ltr'><strong>lectionem</strong></span> <span class='ocrx_word' id='word_1_42' title='bbox 221 329 320 362; x_wconf 85' lang='lat' dir='ltr'><strong>affert,</strong></span> <span class='ocrx_word' id='word_1_43' title='bbox 338 330 485 365; x_wconf 69' lang='lat' dir='ltr'><strong>prmmissa</strong></span> <span class='ocrx_word' id='word_1_44' title='bbox 507 334 570 357; x_wconf 87' lang='lat' dir='ltr'><strong>nota</strong></span> <span class='ocrx_word' id='word_1_45' title='bbox 598 330 622 355; x_wconf 78' lang='lat' dir='ltr'><strong>oi</strong></span> <span class='ocrx_word' id='word_1_46' title='bbox 640 329 676 355; x_wconf 92' lang='grc' dir='ltr'><strong>Γ¹.</strong></span> <span class='ocrx_word' id='word_1_47' title='bbox 694 328 764 362; x_wconf 86' lang='lat' dir='ltr'><strong>Quid</strong></span> <span class='ocrx_word' id='word_1_48' title='bbox 787 336 851 363; x_wconf 74' lang='lat' dir='ltr'><strong>ergo</strong></span> 
     </span>
    </p>
   </div>
   <div class='ocr_carea' id='block_1_7' title="bbox 68 373 850 410">
    <p class='ocr_par' dir='ltr' id='par_1_7' title="bbox 68 373 850 410">
     <span class='ocr_line' id='line_1_7' title="bbox 68 373 850 410; baseline -0.004 -7"><span class='ocrx_word' id='word_1_49' title='bbox 68 380 121 403; x_wconf 85' lang='lat' dir='ltr'><strong>sunt</strong></span> <span class='ocrx_word' id='word_1_50' title='bbox 133 376 158 401; x_wconf 69' lang='grc' dir='ltr'><strong>οἱ</strong></span> <span class='ocrx_word' id='word_1_51' title='bbox 174 375 201 401; x_wconf 77' lang='lat' dir='ltr'><strong>I&quot;</strong></span> <span class='ocrx_word' id='word_1_52' title='bbox 216 375 294 402; x_wconf 81' lang='lat' dir='ltr'><strong>aliud</strong></span> <span class='ocrx_word' id='word_1_53' title='bbox 317 383 401 410; x_wconf 89' lang='lat' dir='ltr'><strong>quam</strong></span> <span class='ocrx_word' id='word_1_54' title='bbox 416 375 462 406; x_wconf 67' lang='lat' dir='ltr'><strong>1L,</strong></span> <span class='ocrx_word' id='word_1_55' title='bbox 480 375 521 407; x_wconf 87' lang='lat'><strong>2.,</strong></span> <span class='ocrx_word' id='word_1_56' title='bbox 535 375 571 402; x_wconf 77' lang='lat'><strong>8?</strong></span> <span class='ocrx_word' id='word_1_57' title='bbox 588 374 619 402; x_wconf 85' lang='lat' dir='ltr'><strong>Et</strong></span> <span class='ocrx_word' id='word_1_58' title='bbox 636 373 669 401; x_wconf 85' lang='lat' dir='ltr'><strong>IV</strong></span> <span class='ocrx_word' id='word_1_59' title='bbox 694 373 759 409; x_wconf 79' lang='lat' dir='ltr'><strong>Reg.</strong></span> <span class='ocrx_word' id='word_1_60' title='bbox 781 381 850 406; x_wconf 79' lang='lat' dir='ltr'><strong>ml,</strong></span> 
     </span>
    </p>
   </div>
   <div class='ocr_carea' id='block_1_8' title="bbox 67 413 852 456">
    <p class='ocr_par' dir='ltr' id='par_1_8' title="bbox 67 413 852 456">
     <span class='ocr_line' id='line_1_8' title="bbox 67 413 852 456; baseline -0.001 -8"><span class='ocrx_word' id='word_1_61' title='bbox 67 421 106 454; x_wconf 69' lang='lat'><strong>20.</strong></span> <span class='ocrx_word' id='word_1_62' title='bbox 120 413 250 450; x_wconf 56' lang='lat' dir='ltr'><strong>mm</strong></span> <span class='ocrx_word' id='word_1_63' title='bbox 268 421 306 453; x_wconf 76' lang='lat'><strong>1&quot;,</strong></span> <span class='ocrx_word' id='word_1_64' title='bbox 322 422 357 447; x_wconf 81' lang='grc' dir='ltr'><strong>ὲν</strong></span> <span class='ocrx_word' id='word_1_65' title='bbox 372 421 489 455; x_wconf 74' lang='grc' dir='ltr'><strong>εἰρήνη,</strong></span> <span class='ocrx_word' id='word_1_66' title='bbox 504 422 567 456; x_wconf 85' lang='lat' dir='ltr'><strong>quid</strong></span> <span class='ocrx_word' id='word_1_67' title='bbox 586 420 659 448; x_wconf 82' lang='lat' dir='ltr'><strong>aliud</strong></span> <span class='ocrx_word' id='word_1_68' title='bbox 678 425 782 448; x_wconf 75' lang='lat' dir='ltr'><strong>vertere</strong></span> <span class='ocrx_word' id='word_1_69' title='bbox 803 427 852 455; x_wconf 84' lang='lat' dir='ltr'><strong>po-</strong></span> 
     </span>
    </p>
   </div>
   <div class='ocr_carea' id='block_1_9' title="bbox 69 467 851 502">
    <p class='ocr_par' dir='ltr' id='par_1_9' title="bbox 69 467 851 502">
     <span class='ocr_line' id='line_1_9' title="bbox 69 467 851 502; baseline -0.001 -7"><span class='ocrx_word' id='word_1_70' title='bbox 69 473 169 495; x_wconf 81' lang='lat' dir='ltr'><strong>luerunt.</strong></span> <span class='ocrx_word' id='word_1_71' title='bbox 184 469 230 499; x_wconf 78' lang='lat' dir='ltr'><strong>A.,</strong></span> <span class='ocrx_word' id='word_1_72' title='bbox 248 468 292 499; x_wconf 92' lang='lat'><strong>2.,</strong></span> <span class='ocrx_word' id='word_1_73' title='bbox 310 467 358 499; x_wconf 80' lang='lat'><strong>6.,</strong></span> <span class='ocrx_word' id='word_1_74' title='bbox 378 475 461 502; x_wconf 87' lang='lat' dir='ltr'><strong>quam</strong></span> <span class='ocrx_word' id='word_1_75' title='bbox 471 468 505 494; x_wconf 83' lang='grc' dir='ltr'><strong>ἐν</strong></span> <span class='ocrx_word' id='word_1_76' title='bbox 514 468 616 502; x_wconf 70' lang='grc' dir='ltr'><strong>ειρήνῃ</strong></span> <span class='ocrx_word' id='word_1_77' title='bbox 628 468 640 494; x_wconf 85' lang='lat'><strong><em>?</em></strong></span> <span class='ocrx_word' id='word_1_78' title='bbox 652 467 748 495; x_wconf 81' lang='lat' dir='ltr'><strong>Moneo</strong></span> <span class='ocrx_word' id='word_1_79' title='bbox 761 471 851 494; x_wconf 84' lang='lat' dir='ltr'><strong>tamen</strong></span> 
     </span>
    </p>
   </div>
   <div class='ocr_carea' id='block_1_10' title="bbox 69 513 852 550">
    <p class='ocr_par' dir='ltr' id='par_1_10' title="bbox 69 513 852 550">
     <span class='ocr_line' id='line_1_10' title="bbox 69 513 852 550; baseline 0 -10"><span class='ocrx_word' id='word_1_80' title='bbox 69 514 138 541; x_wconf 76' lang='lat' dir='ltr'><strong>aliam</strong></span> <span class='ocrx_word' id='word_1_81' title='bbox 156 514 196 541; x_wconf 86' lang='lat' dir='ltr'><strong>ibi</strong></span> <span class='ocrx_word' id='word_1_82' title='bbox 219 513 384 550; x_wconf 81' lang='lat' dir='ltr'><strong>Symmachi</strong></span> <span class='ocrx_word' id='word_1_83' title='bbox 404 514 547 542; x_wconf 72' lang='lat' dir='ltr'><strong>lectionem</strong></span> <span class='ocrx_word' id='word_1_84' title='bbox 567 513 656 541; x_wconf 77' lang='lat' dir='ltr'><strong>efferri</strong></span> <span class='ocrx_word' id='word_1_85' title='bbox 669 534 676 546; x_wconf 89' lang='lat'><strong>,</strong></span> <span class='ocrx_word' id='word_1_86' title='bbox 693 521 806 548; x_wconf 90' lang='lat' dir='ltr'><strong>nempe,</strong></span> <span class='ocrx_word' id='word_1_87' title='bbox 824 514 852 539; x_wconf 81' lang='grc' dir='ltr'><strong>ἐν</strong></span> 
     </span>
    </p>
   </div>
   <div class='ocr_carea' id='block_1_11' title="bbox 74 559 852 596">
    <p class='ocr_par' dir='ltr' id='par_1_11' title="bbox 74 559 852 596">
     <span class='ocr_line' id='line_1_11' title="bbox 74 559 852 596; baseline 0.001 -10"><span class='ocrx_word' id='word_1_88' title='bbox 74 560 245 596; x_wconf 72' lang='grc' dir='ltr'><strong>Ἰερουσαλὴμ</strong></span> <span class='ocrx_word' id='word_1_89' title='bbox 258 582 266 593; x_wconf 84' lang='grc'><strong>,</strong></span> <span class='ocrx_word' id='word_1_90' title='bbox 284 561 331 588; x_wconf 85' lang='lat' dir='ltr'><strong>sed</strong></span> <span class='ocrx_word' id='word_1_91' title='bbox 356 560 423 587; x_wconf 89' lang='lat' dir='ltr'><strong>illud</strong></span> <span class='ocrx_word' id='word_1_92' title='bbox 437 560 503 587; x_wconf 85' lang='lat' dir='ltr'><strong>nihil</strong></span> <span class='ocrx_word' id='word_1_93' title='bbox 526 560 626 595; x_wconf 74' lang='lat' dir='ltr'><strong>negotii</strong></span> <span class='ocrx_word' id='word_1_94' title='bbox 652 559 773 593; x_wconf 74' lang='lat' dir='ltr'><strong>facessit,</strong></span> <span class='ocrx_word' id='word_1_95' title='bbox 789 567 852 587; x_wconf 84' lang='lat' dir='ltr'><strong>nam</strong></span> 
     </span>
    </p>
   </div>
   <div class='ocr_carea' id='block_1_12' title="bbox 70 606 852 641">
    <p class='ocr_par' dir='ltr' id='par_1_12' title="bbox 70 606 852 641">
     <span class='ocr_line' id='line_1_12' title="bbox 70 606 852 641; baseline 0 -7"><span class='ocrx_word' id='word_1_96' title='bbox 70 614 130 641; x_wconf 63' lang='lat' dir='ltr'><strong>sepe</strong></span> <span class='ocrx_word' id='word_1_97' title='bbox 146 606 211 633; x_wconf 68' lang='lat' dir='ltr'><strong>duae</strong></span> <span class='ocrx_word' id='word_1_98' title='bbox 227 606 390 641; x_wconf 80' lang='lat' dir='ltr'><strong>Symmachi</strong></span> <span class='ocrx_word' id='word_1_99' title='bbox 407 607 537 634; x_wconf 87' lang='lat' dir='ltr'><strong>lectiones</strong></span> <span class='ocrx_word' id='word_1_100' title='bbox 548 606 740 641; x_wconf 79' lang='lat' dir='ltr'><strong>proferuntur,</strong></span> <span class='ocrx_word' id='word_1_101' title='bbox 758 612 788 634; x_wconf 91' lang='lat' dir='ltr'><strong>ut</strong></span> <span class='ocrx_word' id='word_1_102' title='bbox 805 616 852 635; x_wconf 90' lang='lat' dir='ltr'><strong>su-</strong></span> 
     </span>
    </p>
   </div>
   <div class='ocr_carea' id='block_1_13' title="bbox 69 652 855 687">
    <p class='ocr_par' dir='ltr' id='par_1_13' title="bbox 69 652 855 687">
     <span class='ocr_line' id='line_1_13' title="bbox 69 652 855 687; baseline 0.001 -8"><span class='ocrx_word' id='word_1_103' title='bbox 69 660 109 687; x_wconf 76' lang='lat' dir='ltr'><strong>pra</strong></span> <span class='ocrx_word' id='word_1_104' title='bbox 122 652 257 686; x_wconf 76' lang='lat' dir='ltr'><strong>diximus,</strong></span> <span class='ocrx_word' id='word_1_105' title='bbox 271 660 304 679; x_wconf 82' lang='lat' dir='ltr'><strong>ex</strong></span> <span class='ocrx_word' id='word_1_106' title='bbox 321 652 429 680; x_wconf 87' lang='lat' dir='ltr'><strong>duabus</strong></span> <span class='ocrx_word' id='word_1_107' title='bbox 445 660 539 687; x_wconf 81' lang='lat' dir='ltr'><strong>nempe</strong></span> <span class='ocrx_word' id='word_1_108' title='bbox 553 653 612 685; x_wconf 75' lang='lat' dir='ltr'><strong>ejus</strong></span> <span class='ocrx_word' id='word_1_109' title='bbox 629 652 794 680; x_wconf 86' lang='lat' dir='ltr'><strong>cditionibus</strong></span> <span class='ocrx_word' id='word_1_110' title='bbox 808 653 855 680; x_wconf 86' lang='lat' dir='ltr'><strong>de—</strong></span> 
     </span>
    </p>
   </div>
   <div class='ocr_carea' id='block_1_14' title="bbox 69 704 186 733">
    <p class='ocr_par' dir='ltr' id='par_1_14' title="bbox 69 704 186 733">
     <span class='ocr_line' id='line_1_14' title="bbox 69 704 186 733; baseline 0 -7"><span class='ocrx_word' id='word_1_111' title='bbox 69 704 186 733; x_wconf 71' lang='lat' dir='ltr'><strong>sumptae.</strong></span> 
     </span>
    </p>
   </div>
   <div class='ocr_carea' id='block_1_15' title="bbox 97 743 856 780">
    <p class='ocr_par' dir='ltr' id='par_1_15' title="bbox 97 743 856 780">
     <span class='ocr_line' id='line_1_15' title="bbox 97 743 856 780; baseline 0.001 -9"><span class='ocrx_word' id='word_1_112' title='bbox 97 743 198 772; x_wconf 81' lang='lat' dir='ltr'><strong>Psalm.</strong></span> <span class='ocrx_word' id='word_1_113' title='bbox 229 753 315 777; x_wconf 77' lang='lat' dir='ltr'><strong>xux,</strong></span> <span class='ocrx_word' id='word_1_114' title='bbox 341 745 372 776; x_wconf 85' lang='lat' dir='ltr'><strong>l,</strong></span> <span class='ocrx_word' id='word_1_115' title='bbox 403 745 537 772; x_wconf 81' lang='lat' dir='ltr'><strong>Eusebius</strong></span> <span class='ocrx_word' id='word_1_116' title='bbox 560 750 586 772; x_wconf 83' lang='lat' dir='ltr'><strong>et</strong></span> <span class='ocrx_word' id='word_1_117' title='bbox 609 745 786 780; x_wconf 89' lang='lat' dir='ltr'><strong>manuscripti</strong></span> <span class='ocrx_word' id='word_1_118' title='bbox 805 745 856 772; x_wconf 59' lang='lat' dir='ltr'><strong>hav</strong></span> 
     </span>
    </p>
   </div>
   <div class='ocr_carea' id='block_1_16' title="bbox 68 791 855 826">
    <p class='ocr_par' dir='ltr' id='par_1_16' title="bbox 68 791 855 826">
     <span class='ocr_line' id='line_1_16' title="bbox 68 791 855 826; baseline 0.001 -8"><span class='ocrx_word' id='word_1_119' title='bbox 68 792 123 818; x_wconf 83' lang='lat' dir='ltr'><strong>bent</strong></span> <span class='ocrx_word' id='word_1_120' title='bbox 140 800 146 817; x_wconf 88' lang='lat'><strong>:</strong></span> <span class='ocrx_word' id='word_1_121' title='bbox 165 792 200 818; x_wconf 81' lang='grc' dir='ltr'><strong>Α.</strong></span> <span class='ocrx_word' id='word_1_122' title='bbox 213 812 220 822; x_wconf 85' lang='grc'><strong>,</strong></span> <span class='ocrx_word' id='word_1_123' title='bbox 238 793 289 823; x_wconf 89' lang='grc' dir='ltr'><strong>Σ.,</strong></span> <span class='ocrx_word' id='word_1_124' title='bbox 313 792 358 823; x_wconf 81' lang='grc'>8,,</span> <span class='ocrx_word' id='word_1_125' title='bbox 383 792 505 826; x_wconf 72' lang='grc' dir='ltr'><strong>ισχψὸς</strong></span> <span class='ocrx_word' id='word_1_126' title='bbox 524 794 540 819; x_wconf 85' lang='grc' dir='ltr'><strong><em>ό</em></strong></span> <span class='ocrx_word' id='word_1_127' title='bbox 569 794 651 825; x_wconf 80' lang='grc' dir='ltr'><strong>Θεός,</strong></span> <span class='ocrx_word' id='word_1_128' title='bbox 669 791 855 820; x_wconf 88' lang='lat' dir='ltr'><strong>Theodoretus</strong></span> 
     </span>
    </p>
   </div>
   <div class='ocr_carea' id='block_1_17' title="bbox 68 837 855 873">
    <p class='ocr_par' dir='ltr' id='par_1_17' title="bbox 68 837 855 873">
     <span class='ocr_line' id='line_1_17' title="bbox 68 837 855 873; baseline 0 -9"><span class='ocrx_word' id='word_1_129' title='bbox 68 845 134 870; x_wconf 78' lang='lat' dir='ltr'><strong>vero,</strong></span> <span class='ocrx_word' id='word_1_130' title='bbox 155 838 190 864; x_wconf 84' lang='grc' dir='ltr'><strong>Οἱ</strong></span> <span class='ocrx_word' id='word_1_131' title='bbox 211 838 248 870; x_wconf 85' lang='grc' dir='ltr'><strong>Γ’,</strong></span> <span class='ocrx_word' id='word_1_132' title='bbox 270 837 396 872; x_wconf 66' lang='grc' dir='ltr'><strong>ὶσχιζρὸς</strong></span> <span class='ocrx_word' id='word_1_133' title='bbox 421 840 437 864; x_wconf 86' lang='lat' dir='ltr'>d</span> <span class='ocrx_word' id='word_1_134' title='bbox 460 839 547 871; x_wconf 81' lang='grc' dir='ltr'><strong>Θεός,</strong></span> <span class='ocrx_word' id='word_1_135' title='bbox 561 838 616 873; x_wconf 88' lang='lat' dir='ltr'><strong>jam</strong></span> <span class='ocrx_word' id='word_1_136' title='bbox 633 846 697 873; x_wconf 79' lang='lat' dir='ltr'><strong>ergo</strong></span> <span class='ocrx_word' id='word_1_137' title='bbox 724 846 738 865; x_wconf 87' lang='lat' dir='ltr'><strong>a</strong></span> <span class='ocrx_word' id='word_1_138' title='bbox 762 838 855 865; x_wconf 90' lang='lat' dir='ltr'><strong>multis</strong></span> 
     </span>
    </p>
   </div>
   <div class='ocr_carea' id='block_1_18' title="bbox 68 884 856 918">
    <p class='ocr_par' dir='ltr' id='par_1_18' title="bbox 68 884 856 918">
     <span class='ocr_line' id='line_1_18' title="bbox 68 884 856 918; baseline -0.001 -7"><span class='ocrx_word' id='word_1_139' title='bbox 68 889 133 911; x_wconf 79' lang='lat' dir='ltr'><strong>retro</strong></span> <span class='ocrx_word' id='word_1_140' title='bbox 148 884 264 911; x_wconf 60' lang='lat' dir='ltr'><strong>saeculis</strong></span> <span class='ocrx_word' id='word_1_141' title='bbox 277 884 397 911; x_wconf 90' lang='lat' dir='ltr'><strong>obtinuit</strong></span> <span class='ocrx_word' id='word_1_142' title='bbox 415 892 480 912; x_wconf 89' lang='lat' dir='ltr'><strong>usus</strong></span> <span class='ocrx_word' id='word_1_143' title='bbox 495 890 522 912; x_wconf 93' lang='lat' dir='ltr'><strong>ut</strong></span> <span class='ocrx_word' id='word_1_144' title='bbox 539 886 582 918; x_wconf 81' lang='lat' dir='ltr'><strong>A.,</strong></span> <span class='ocrx_word' id='word_1_145' title='bbox 596 885 638 917; x_wconf 88' lang='lat'><strong>2.,</strong></span> <span class='ocrx_word' id='word_1_146' title='bbox 651 884 682 910; x_wconf 87' lang='grc' dir='ltr'><strong>Θ.</strong></span> <span class='ocrx_word' id='word_1_147' title='bbox 700 885 856 912; x_wconf 82' lang='lat' dir='ltr'><strong>dicerentur</strong></span> 
     </span>
    </p>
   </div>
   <div class='ocr_carea' id='block_1_19' title="bbox 66 929 854 966">
    <p class='ocr_par' dir='ltr' id='par_1_19' title="bbox 66 929 854 966">
     <span class='ocr_line' id='line_1_19' title="bbox 66 929 854 966; baseline 0 -10"><span class='ocrx_word' id='word_1_148' title='bbox 66 931 87 956; x_wconf 76' lang='lat' dir='ltr'><strong>ei</strong></span> <span class='ocrx_word' id='word_1_149' title='bbox 102 931 126 956; x_wconf 76' lang='grc' dir='ltr'><strong>Γ</strong></span> <span class='ocrx_word' id='word_1_150' title='bbox 139 930 180 957; x_wconf 67' lang='lat' dir='ltr'><strong>vel</strong></span> <span class='ocrx_word' id='word_1_151' title='bbox 192 931 219 956; x_wconf 77' lang='lat' dir='ltr'><strong>ot</strong></span> <span class='ocrx_word' id='word_1_152' title='bbox 233 932 320 966; x_wconf 73' lang='grc' dir='ltr'><strong>τρεῖς.</strong></span> <span class='ocrx_word' id='word_1_153' title='bbox 338 929 547 958; x_wconf 74' lang='lat' dir='ltr'><strong>Evidentissime</strong></span> <span class='ocrx_word' id='word_1_154' title='bbox 559 935 648 958; x_wconf 87' lang='lat' dir='ltr'><strong>autem</strong></span> <span class='ocrx_word' id='word_1_155' title='bbox 662 931 766 965; x_wconf 87' lang='lat' dir='ltr'><strong>psalmo</strong></span> <span class='ocrx_word' id='word_1_156' title='bbox 780 938 854 962; x_wconf 84' lang='lat' dir='ltr'><strong>xctu,</strong></span> 
     </span>
    </p>
   </div>
   <div class='ocr_carea' id='block_1_20' title="bbox 67 975 856 1013">
    <p class='ocr_par' dir='ltr' id='par_1_20' title="bbox 67 975 856 1013">
     <span class='ocr_line' id='line_1_20' title="bbox 67 975 856 1013; baseline 0.001 -11"><span class='ocrx_word' id='word_1_157' title='bbox 67 976 106 1003; x_wconf 82' lang='lat' dir='ltr'><strong>ubi</strong></span> <span class='ocrx_word' id='word_1_158' title='bbox 117 975 190 1003; x_wconf 74' lang='lat' dir='ltr'><strong>LXX</strong></span> <span class='ocrx_word' id='word_1_159' title='bbox 204 977 317 1003; x_wconf 83' lang='lat' dir='ltr'><strong>titulum</strong></span> <span class='ocrx_word' id='word_1_160' title='bbox 329 976 429 1003; x_wconf 81' lang='lat' dir='ltr'><strong>habent</strong></span> <span class='ocrx_word' id='word_1_161' title='bbox 447 977 577 1012; x_wconf 74' lang='grc' dir='ltr'><strong>;Ψαλμ.δς</strong></span> <span class='ocrx_word' id='word_1_162' title='bbox 595 977 633 1013; x_wconf 83' lang='grc' dir='ltr'><strong>τῷ</strong></span> <span class='ocrx_word' id='word_1_163' title='bbox 657 977 754 1008; x_wconf 75' lang='grc' dir='ltr'><strong>Δαυῖδ,</strong></span> <span class='ocrx_word' id='word_1_164' title='bbox 771 977 856 1004; x_wconf 86' lang='lat' dir='ltr'><strong>codex</strong></span> 
     </span>
    </p>
   </div>
   <div class='ocr_carea' id='block_1_21' title="bbox 67 1022 857 1058">
    <p class='ocr_par' dir='ltr' id='par_1_21' title="bbox 67 1022 857 1058">
     <span class='ocr_line' id='line_1_21' title="bbox 67 1022 857 1058; baseline 0.003 -11"><span class='ocrx_word' id='word_1_165' title='bbox 67 1029 131 1048; x_wconf 88' lang='lat' dir='ltr'><strong>unus</strong></span> <span class='ocrx_word' id='word_1_166' title='bbox 146 1022 241 1054; x_wconf 81' lang='lat' dir='ltr'><strong>habet,</strong></span> <span class='ocrx_word' id='word_1_167' title='bbox 261 1022 463 1057; x_wconf 71' lang='grc' dir='ltr'><strong>’Δνεπὶγραφος</strong></span> <span class='ocrx_word' id='word_1_168' title='bbox 478 1023 552 1058; x_wconf 76' lang='grc' dir='ltr'>παρὰ</span> <span class='ocrx_word' id='word_1_169' title='bbox 575 1024 629 1054; x_wconf 84' lang='grc' dir='ltr'><strong>τοῖς</strong></span> <span class='ocrx_word' id='word_1_170' title='bbox 643 1023 669 1048; x_wconf 80' lang='lat' dir='ltr'><strong>I&quot;</strong></span> <span class='ocrx_word' id='word_1_171' title='bbox 689 1023 736 1049; x_wconf 73' lang='grc' dir='ltr'><strong>καὶ</strong></span> <span class='ocrx_word' id='word_1_172' title='bbox 759 1023 786 1048; x_wconf 87' lang='grc' dir='ltr'><strong>Ε¹</strong></span> <span class='ocrx_word' id='word_1_173' title='bbox 809 1022 857 1049; x_wconf 67' lang='grc' dir='ltr'><strong>καὶ</strong></span> 
     </span>
    </p>
   </div>
   <div class='ocr_carea' id='block_1_22' title="bbox 67 1068 855 1104">
    <p class='ocr_par' dir='ltr' id='par_1_22' title="bbox 67 1068 855 1104">
     <span class='ocr_line' id='line_1_22' title="bbox 67 1068 855 1104; baseline 0.003 -11"><span class='ocrx_word' id='word_1_174' title='bbox 67 1068 107 1100; x_wconf 71' lang='grc' dir='ltr'><strong>ς’.</strong></span> <span class='ocrx_word' id='word_1_175' title='bbox 121 1068 148 1094; x_wconf 93' lang='lat' dir='ltr'><strong>ld</strong></span> <span class='ocrx_word' id='word_1_176' title='bbox 174 1072 219 1095; x_wconf 91' lang='lat' dir='ltr'><strong>est</strong></span> <span class='ocrx_word' id='word_1_177' title='bbox 237 1068 362 1102; x_wconf 84' lang='lat' dir='ltr'><strong>psalmus</strong></span> <span class='ocrx_word' id='word_1_178' title='bbox 376 1073 450 1096; x_wconf 82' lang='lat' dir='ltr'><strong>caret</strong></span> <span class='ocrx_word' id='word_1_179' title='bbox 468 1069 644 1104; x_wconf 89' lang='lat' dir='ltr'><strong>inscriptione</strong></span> <span class='ocrx_word' id='word_1_180' title='bbox 659 1069 730 1103; x_wconf 85' lang='lat' dir='ltr'><strong>apud</strong></span> <span class='ocrx_word' id='word_1_181' title='bbox 750 1074 804 1096; x_wconf 78' lang='lat' dir='ltr'><strong>tres</strong></span> <span class='ocrx_word' id='word_1_182' title='bbox 816 1070 855 1095; x_wconf 91' lang='lat' dir='ltr'><strong>in-</strong></span> 
     </span>
    </p>
   </div>
   <div class='ocr_carea' id='block_1_23' title="bbox 66 1113 857 1149">
    <p class='ocr_par' dir='ltr' id='par_1_23' title="bbox 66 1113 857 1149">
     <span class='ocr_line' id='line_1_23' title="bbox 66 1113 857 1149; baseline 0.003 -10"><span class='ocrx_word' id='word_1_183' title='bbox 66 1117 206 1147; x_wconf 80' lang='lat' dir='ltr'><strong>terpretes.</strong></span> <span class='ocrx_word' id='word_1_184' title='bbox 223 1118 248 1140; x_wconf 85' lang='lat' dir='ltr'><strong>ct</strong></span> <span class='ocrx_word' id='word_1_185' title='bbox 268 1114 339 1148; x_wconf 85' lang='lat' dir='ltr'><strong>apud</strong></span> <span class='ocrx_word' id='word_1_186' title='bbox 355 1113 484 1146; x_wconf 86' lang='lat' dir='ltr'><strong>Quintam</strong></span> <span class='ocrx_word' id='word_1_187' title='bbox 497 1120 522 1141; x_wconf 89' lang='lat' dir='ltr'><strong>et</strong></span> <span class='ocrx_word' id='word_1_188' title='bbox 538 1114 659 1141; x_wconf 79' lang='lat' dir='ltr'><strong>Sextam.</strong></span> <span class='ocrx_word' id='word_1_189' title='bbox 677 1115 718 1141; x_wconf 78' lang='lat' dir='ltr'><strong>An</strong></span> <span class='ocrx_word' id='word_1_190' title='bbox 733 1115 794 1149; x_wconf 89' lang='lat' dir='ltr'><strong>quis</strong></span> <span class='ocrx_word' id='word_1_191' title='bbox 810 1122 857 1141; x_wconf 89' lang='lat' dir='ltr'><strong>nc-</strong></span> 
     </span>
    </p>
   </div>
   <div class='ocr_carea' id='block_1_24' title="bbox 67 1158 857 1195">
    <p class='ocr_par' dir='ltr' id='par_1_24' title="bbox 67 1158 857 1195">
     <span class='ocr_line' id='line_1_24' title="bbox 67 1158 857 1195; baseline 0.004 -11"><span class='ocrx_word' id='word_1_192' title='bbox 67 1158 162 1193; x_wconf 75' lang='lat' dir='ltr'><strong>garerit</strong></span> <span class='ocrx_word' id='word_1_193' title='bbox 177 1158 225 1185; x_wconf 87' lang='lat' dir='ltr'><strong>hic</strong></span> <span class='ocrx_word' id='word_1_194' title='bbox 242 1160 300 1190; x_wconf 78' lang='grc' dir='ltr'><strong>τοῖς</strong></span> <span class='ocrx_word' id='word_1_195' title='bbox 314 1158 341 1184; x_wconf 85' lang='lat' dir='ltr'><strong>I“</strong></span> <span class='ocrx_word' id='word_1_196' title='bbox 358 1159 512 1193; x_wconf 76' lang='lat' dir='ltr'><strong>significare</strong></span> <span class='ocrx_word' id='word_1_197' title='bbox 538 1159 661 1195; x_wconf 80' lang='lat' dir='ltr'><strong>Aquilam</strong></span> <span class='ocrx_word' id='word_1_198' title='bbox 681 1165 708 1187; x_wconf 90' lang='lat' dir='ltr'><strong>et</strong></span> <span class='ocrx_word' id='word_1_199' title='bbox 733 1160 857 1195; x_wconf 77' lang='lat' dir='ltr'><strong>Symma-</strong></span> 
     </span>
    </p>
   </div>
   <div class='ocr_carea' id='block_1_25' title="bbox 65 1204 858 1240">
    <p class='ocr_par' dir='ltr' id='par_1_25' title="bbox 65 1204 858 1240">
     <span class='ocr_line' id='line_1_25' title="bbox 65 1204 858 1240; baseline 0.004 -10"><span class='ocrx_word' id='word_1_200' title='bbox 65 1204 140 1230; x_wconf 83' lang='lat' dir='ltr'><strong>chum</strong></span> <span class='ocrx_word' id='word_1_201' title='bbox 155 1209 184 1232; x_wconf 86' lang='lat' dir='ltr'><strong>et</strong></span> <span class='ocrx_word' id='word_1_202' title='bbox 200 1204 443 1231; x_wconf 78' lang='lat' dir='ltr'><strong>Theodotionem?</strong></span> <span class='ocrx_word' id='word_1_203' title='bbox 460 1204 558 1232; x_wconf 83' lang='lat' dir='ltr'><strong>Eadem</strong></span> <span class='ocrx_word' id='word_1_204' title='bbox 574 1213 639 1232; x_wconf 87' lang='lat' dir='ltr'><strong>vero</strong></span> <span class='ocrx_word' id='word_1_205' title='bbox 653 1206 712 1240; x_wconf 84' lang='lat' dir='ltr'><strong>ipsa</strong></span> <span class='ocrx_word' id='word_1_206' title='bbox 731 1212 794 1233; x_wconf 84' lang='lat' dir='ltr'><strong>nota</strong></span> <span class='ocrx_word' id='word_1_207' title='bbox 816 1214 858 1234; x_wconf 87' lang='lat' dir='ltr'><strong>re-</strong></span> 
     </span>
    </p>
   </div>
   <div class='ocr_carea' id='block_1_26' title="bbox 67 1249 540 1284">
    <p class='ocr_par' dir='ltr' id='par_1_26' title="bbox 67 1249 540 1284">
     <span class='ocr_line' id='line_1_26' title="bbox 67 1249 540 1284; baseline 0.004 -8"><span class='ocrx_word' id='word_1_208' title='bbox 67 1250 164 1284; x_wconf 58' lang='lat' dir='ltr'><strong>peritur</strong></span> <span class='ocrx_word' id='word_1_209' title='bbox 177 1249 214 1277; x_wconf 89' lang='lat' dir='ltr'><strong>ad</strong></span> <span class='ocrx_word' id='word_1_210' title='bbox 233 1250 347 1277; x_wconf 87' lang='lat' dir='ltr'><strong>initium</strong></span> <span class='ocrx_word' id='word_1_211' title='bbox 366 1250 464 1284; x_wconf 85' lang='lat' dir='ltr'><strong>psalmi</strong></span> <span class='ocrx_word' id='word_1_212' title='bbox 481 1258 540 1278; x_wconf 78' lang='lat' dir='ltr'><strong>xcv.</strong></span> 
     </span>
    </p>
   </div>
   <div class='ocr_carea' id='block_1_27' title="bbox 98 1293 858 1330">
    <p class='ocr_par' dir='ltr' id='par_1_27' title="bbox 98 1293 858 1330">
     <span class='ocr_line' id='line_1_27' title="bbox 98 1293 858 1330; baseline 0.004 -9"><span class='ocrx_word' id='word_1_213' title='bbox 98 1293 207 1322; x_wconf 64' lang='lat' dir='ltr'><strong>Hesaize</strong></span> <span class='ocrx_word' id='word_1_214' title='bbox 235 1302 306 1322; x_wconf 67' lang='lat' dir='ltr'><strong>vero</strong></span> <span class='ocrx_word' id='word_1_215' title='bbox 327 1302 389 1330; x_wconf 78' lang='lat' dir='ltr'><strong>cap.</strong></span> <span class='ocrx_word' id='word_1_216' title='bbox 419 1303 438 1327; x_wconf 85' lang='grc' dir='ltr'>ι,</span> <span class='ocrx_word' id='word_1_217' title='bbox 465 1296 480 1329; x_wconf 59' lang='grc' dir='ltr'><em>ᾗ</em></span> <span class='ocrx_word' id='word_1_218' title='bbox 504 1296 530 1329; x_wconf 69' lang='grc' dir='ltr'>Δ,</span> <span class='ocrx_word' id='word_1_219' title='bbox 557 1297 639 1326; x_wconf 80' lang='lat' dir='ltr'><strong>codex</strong></span> <span class='ocrx_word' id='word_1_220' title='bbox 659 1296 858 1324; x_wconf 75' lang='lat' dir='ltr'><strong>Marchalianus</strong></span> 
     </span>
    </p>
   </div>
   <div class='ocr_carea' id='block_1_28' title="bbox 68 1340 858 1376">
    <p class='ocr_par' dir='ltr' id='par_1_28' title="bbox 68 1340 858 1376">
     <span class='ocr_line' id='line_1_28' title="bbox 68 1340 858 1376; baseline 0.001 -9"><span class='ocrx_word' id='word_1_221' title='bbox 68 1340 139 1368; x_wconf 69' lang='lat' dir='ltr'><strong>habet</strong></span> <span class='ocrx_word' id='word_1_222' title='bbox 158 1349 165 1366; x_wconf 89' lang='lat'><strong>:</strong></span> <span class='ocrx_word' id='word_1_223' title='bbox 187 1341 222 1367; x_wconf 81' lang='grc' dir='ltr'>υἱ</span> <span class='ocrx_word' id='word_1_224' title='bbox 242 1341 282 1372; x_wconf 84' lang='grc' dir='ltr'><strong>Γ’,</strong></span> <span class='ocrx_word' id='word_1_225' title='bbox 303 1341 567 1376; x_wconf 67' lang='grc' dir='ltr'><strong>πονηρευομένων,</strong></span> <span class='ocrx_word' id='word_1_226' title='bbox 595 1343 657 1370; x_wconf 88' lang='lat' dir='ltr'><strong>licet</strong></span> <span class='ocrx_word' id='word_1_227' title='bbox 679 1347 770 1369; x_wconf 87' lang='lat' dir='ltr'><strong>notam</strong></span> <span class='ocrx_word' id='word_1_228' title='bbox 790 1344 813 1369; x_wconf 88' lang='lat' dir='ltr'><strong>ot</strong></span> <span class='ocrx_word' id='word_1_229' title='bbox 833 1343 858 1368; x_wconf 65' lang='grc' dir='ltr'><strong>[ν</strong></span> 
     </span>
    </p>
   </div>
   <div class='ocr_carea' id='block_1_29' title="bbox 66 1385 856 1424">
    <p class='ocr_par' dir='ltr' id='par_1_29' title="bbox 66 1385 856 1424">
     <span class='ocr_line' id='line_1_29' title="bbox 66 1385 856 1424; baseline 0.003 -11"><span class='ocrx_word' id='word_1_230' title='bbox 66 1385 205 1414; x_wconf 80' lang='lat' dir='ltr'><strong>Curterius</strong></span> <span class='ocrx_word' id='word_1_231' title='bbox 218 1395 282 1414; x_wconf 87' lang='lat' dir='ltr'><strong>non</strong></span> <span class='ocrx_word' id='word_1_232' title='bbox 300 1387 489 1422; x_wconf 77' lang='lat' dir='ltr'><strong>cxscripserit.</strong></span> <span class='ocrx_word' id='word_1_233' title='bbox 517 1388 554 1415; x_wconf 90' lang='lat' dir='ltr'><strong>lbi</strong></span> <span class='ocrx_word' id='word_1_234' title='bbox 570 1396 635 1416; x_wconf 90' lang='lat' dir='ltr'><strong>vero</strong></span> <span class='ocrx_word' id='word_1_235' title='bbox 651 1388 831 1424; x_wconf 83' lang='lat' dir='ltr'><strong>Hieronymus</strong></span> <span class='ocrx_word' id='word_1_236' title='bbox 849 1398 856 1415; x_wconf 83' lang='lat' dir='ltr'><em>z</em></span> 
     </span>
    </p>
   </div>
   <div class='ocr_carea' id='block_1_30' title="bbox 67 1430 858 1468">
    <p class='ocr_par' dir='ltr' id='par_1_30' title="bbox 67 1430 858 1468">
     <span class='ocr_line' id='line_1_30' title="bbox 67 1430 858 1468; baseline 0.001 -10"><span class='ocrx_word' id='word_1_237' title='bbox 67 1430 168 1465; x_wconf 71' lang='lat' dir='ltr'><strong>Ceteri,</strong></span> <span class='ocrx_word' id='word_1_238' title='bbox 185 1437 332 1467; x_wconf 73' lang='lat' dir='ltr'><strong>sequentes</strong></span> <span class='ocrx_word' id='word_1_239' title='bbox 349 1432 500 1465; x_wconf 65' lang='lat' dir='ltr'><strong>Hebraeum,</strong></span> <span class='ocrx_word' id='word_1_240' title='bbox 516 1433 858 1468; x_wconf 75' lang='lat' dir='ltr'><strong>uenstxinterpretatisunt</strong></span> 
     </span>
    </p>
   </div>
   <div class='ocr_carea' id='block_1_31' title="bbox 70 1479 835 1513">
    <p class='ocr_par' dir='ltr' id='par_1_31' title="bbox 70 1479 835 1513">
     <span class='ocr_line' id='line_1_31' title="bbox 70 1479 835 1513; baseline 0.003 -10"><span class='ocrx_word' id='word_1_241' title='bbox 70 1487 79 1503; x_wconf 77' lang='lat'><strong>(</strong></span> <span class='ocrx_word' id='word_1_242' title='bbox 96 1479 297 1513; x_wconf 77' lang='lat' dir='ltr'><strong>pessimorum.</strong></span> <span class='ocrx_word' id='word_1_243' title='bbox 314 1488 324 1504; x_wconf 77' lang='grc' dir='ltr'><strong>ι</strong></span> <span class='ocrx_word' id='word_1_244' title='bbox 340 1479 459 1511; x_wconf 82' lang='lat' dir='ltr'><strong>Quinam</strong></span> <span class='ocrx_word' id='word_1_245' title='bbox 472 1479 509 1506; x_wconf 90' lang='lat' dir='ltr'><strong>illi</strong></span> <span class='ocrx_word' id='word_1_246' title='bbox 525 1480 624 1512; x_wconf 74' lang='lat' dir='ltr'><strong>czeteri,</strong></span> <span class='ocrx_word' id='word_1_247' title='bbox 638 1479 691 1506; x_wconf 90' lang='lat' dir='ltr'><strong>nisi</strong></span> <span class='ocrx_word' id='word_1_248' title='bbox 705 1480 748 1511; x_wconf 83' lang='lat' dir='ltr'><strong>A.,</strong></span> <span class='ocrx_word' id='word_1_249' title='bbox 760 1480 801 1511; x_wconf 85' lang='lat'><strong>2.,</strong></span> <span class='ocrx_word' id='word_1_250' title='bbox 814 1479 835 1505; x_wconf 88' lang='grc' dir='ltr'>Θ</span> 
     </span>
    </p>
   </div>
   <div class='ocr_carea' id='block_1_32' title="bbox 67 1500 893 1567">
    <p class='ocr_par' dir='ltr' id='par_1_32' title="bbox 67 1500 893 1567">
     <span class='ocr_line' id='line_1_32' title="bbox 72 1500 857 1513; baseline 0.003 -8"><span class='ocrx_word' id='word_1_251' title='bbox 72 1500 78 1503; x_wconf 92' lang='grc'>.</span> <span class='ocrx_word' id='word_1_252' title='bbox 96 1500 226 1513; x_wconf 66' lang='lat' dir='ltr'><strong>,w-.....,.</strong></span> <span class='ocrx_word' id='word_1_253' title='bbox 236 1500 297 1505; x_wconf 58' lang='grc' dir='ltr'><strong>ω...</strong></span> <span class='ocrx_word' id='word_1_254' title='bbox 314 1500 322 1504; x_wconf 83' lang='grc'>.</span> <span class='ocrx_word' id='word_1_255' title='bbox 343 1500 459 1511; x_wconf 55' lang='grc' dir='ltr'><strong>νων...</strong></span> <span class='ocrx_word' id='word_1_256' title='bbox 525 1500 624 1512; x_wconf 53' lang='lat' dir='ltr'><strong>“mm,</strong></span> <span class='ocrx_word' id='word_1_257' title='bbox 638 1500 691 1506; x_wconf 86' lang='lat'><strong>......</strong></span> <span class='ocrx_word' id='word_1_258' title='bbox 705 1500 748 1511; x_wconf 86' lang='lat'><strong>.-.,</strong></span> <span class='ocrx_word' id='word_1_259' title='bbox 762 1500 801 1511; x_wconf 86' lang='lat'><strong>_.,</strong></span> <span class='ocrx_word' id='word_1_260' title='bbox 816 1500 857 1511; x_wconf 73' lang='grc' dir='ltr'><strong>ν..</strong></span> 
     </span>
     <span class='ocr_line' id='line_1_33' title="bbox 67 1524 893 1567; baseline -0.001 -15"><span class='ocrx_word' id='word_1_261' title='bbox 67 1525 108 1558; x_wconf 84' lang='lat' dir='ltr'><strong>qui</strong></span> <span class='ocrx_word' id='word_1_262' title='bbox 122 1531 147 1552; x_wconf 87' lang='lat' dir='ltr'><strong>et</strong></span> <span class='ocrx_word' id='word_1_263' title='bbox 162 1526 188 1551; x_wconf 73' lang='lat' dir='ltr'><strong>o&#39;t</strong></span> <span class='ocrx_word' id='word_1_264' title='bbox 204 1525 255 1550; x_wconf 80' lang='lat'><strong>1&quot;?</strong></span> <span class='ocrx_word' id='word_1_265' title='bbox 271 1524 305 1551; x_wconf 85' lang='lat' dir='ltr'><strong>Et</strong></span> <span class='ocrx_word' id='word_1_266' title='bbox 322 1524 414 1552; x_wconf 84' lang='lat' dir='ltr'><strong>llesai.</strong></span> <span class='ocrx_word' id='word_1_267' title='bbox 431 1533 469 1558; x_wconf 78' lang='lat' dir='ltr'><strong>vr,</strong></span> <span class='ocrx_word' id='word_1_268' title='bbox 485 1524 512 1559; x_wconf 87' lang='lat'><strong>6,</strong></span> <span class='ocrx_word' id='word_1_269' title='bbox 526 1525 587 1553; x_wconf 87' lang='lat' dir='ltr'><strong>cod.</strong></span> <span class='ocrx_word' id='word_1_270' title='bbox 608 1525 738 1552; x_wconf 79' lang='lat' dir='ltr'><strong>Marchal.</strong></span> <span class='ocrx_word' id='word_1_271' title='bbox 750 1546 757 1558; x_wconf 82' lang='lat'><strong>,</strong></span> <span class='ocrx_word' id='word_1_272' title='bbox 775 1525 806 1552; x_wconf 86' lang='grc' dir='ltr'><strong>Οἱ</strong></span> <span class='ocrx_word' id='word_1_273' title='bbox 821 1525 857 1558; x_wconf 79' lang='lat' dir='ltr'><strong>I‘,</strong></span> <span class='ocrx_word' id='word_1_274' title='bbox 872 1538 893 1567; x_wconf 66' lang='grc' dir='ltr'>ρ</span> 
     </span>
    </p>
   </div>
   <div class='ocr_carea' id='block_1_33' title="bbox 66 1569 859 1606">
    <p class='ocr_par' dir='ltr' id='par_1_33' title="bbox 66 1569 859 1606">
     <span class='ocr_line' id='line_1_34' title="bbox 66 1569 859 1606; baseline 0.003 -10"><span class='ocrx_word' id='word_1_275' title='bbox 66 1571 97 1596; x_wconf 78' lang='grc' dir='ltr'><strong>ἐν</strong></span> <span class='ocrx_word' id='word_1_276' title='bbox 110 1570 145 1605; x_wconf 77' lang='grc' dir='ltr'><em>τῇ</em></span> <span class='ocrx_word' id='word_1_277' title='bbox 160 1571 238 1606; x_wconf 78' lang='grc' dir='ltr'><strong>χειρὶ</strong></span> <span class='ocrx_word' id='word_1_278' title='bbox 257 1571 370 1597; x_wconf 84' lang='grc' dir='ltr'><strong>αὐτοῦ·</strong></span> <span class='ocrx_word' id='word_1_279' title='bbox 385 1570 564 1606; x_wconf 76' lang='lat' dir='ltr'><strong>Hieronymus</strong></span> <span class='ocrx_word' id='word_1_280' title='bbox 576 1579 649 1603; x_wconf 85' lang='lat' dir='ltr'><strong>vero,</strong></span> <span class='ocrx_word' id='word_1_281' title='bbox 665 1571 770 1605; x_wconf 77' lang='lat' dir='ltr'><strong>Aquila,</strong></span> <span class='ocrx_word' id='word_1_282' title='bbox 784 1569 859 1606; x_wconf 84' lang='lat' dir='ltr'><strong>Sym.</strong></span> 
     </span>
    </p>
   </div>
   <div class='ocr_carea' id='block_1_34' title="bbox 66 1616 860 1652">
    <p class='ocr_par' dir='ltr' id='par_1_34' title="bbox 66 1616 860 1652">
     <span class='ocr_line' id='line_1_35' title="bbox 66 1616 860 1652; baseline 0 -9"><span class='ocrx_word' id='word_1_283' title='bbox 66 1624 87 1643; x_wconf 78' lang='grc' dir='ltr'>ει</span> <span class='ocrx_word' id='word_1_284' title='bbox 105 1616 268 1648; x_wconf 76' lang='lat' dir='ltr'><strong>Tlieodotio,</strong></span> <span class='ocrx_word' id='word_1_285' title='bbox 286 1626 295 1642; x_wconf 81' lang='grc' dir='ltr'><strong>ι</strong></span> <span class='ocrx_word' id='word_1_286' title='bbox 317 1617 344 1643; x_wconf 92' lang='lat' dir='ltr'><strong>in</strong></span> <span class='ocrx_word' id='word_1_287' title='bbox 369 1625 451 1644; x_wconf 87' lang='lat' dir='ltr'><strong>manu</strong></span> <span class='ocrx_word' id='word_1_288' title='bbox 472 1617 531 1651; x_wconf 80' lang='lat' dir='ltr'><strong>ejus</strong></span> <span class='ocrx_word' id='word_1_289' title='bbox 544 1625 560 1649; x_wconf 70' lang='grc' dir='ltr'>ς,</span> <span class='ocrx_word' id='word_1_290' title='bbox 572 1627 581 1643; x_wconf 71' lang='grc' dir='ltr'><strong>ι</strong></span> <span class='ocrx_word' id='word_1_291' title='bbox 598 1617 662 1652; x_wconf 91' lang='lat' dir='ltr'><strong>quid</strong></span> <span class='ocrx_word' id='word_1_292' title='bbox 679 1617 795 1644; x_wconf 86' lang='lat' dir='ltr'><strong>clarius?</strong></span> <span class='ocrx_word' id='word_1_293' title='bbox 809 1616 860 1644; x_wconf 85' lang='lat' dir='ltr'><strong>Sed</strong></span> 
     </span>
    </p>
   </div>
   <div class='ocr_carea' id='block_1_35' title="bbox 67 1662 859 1698">
    <p class='ocr_par' dir='ltr' id='par_1_35' title="bbox 67 1662 859 1698">
     <span class='ocr_line' id='line_1_36' title="bbox 67 1662 859 1698; baseline 0 -8"><span class='ocrx_word' id='word_1_294' title='bbox 67 1664 134 1698; x_wconf 83' lang='lat' dir='ltr'><strong>quod</strong></span> <span class='ocrx_word' id='word_1_295' title='bbox 151 1664 223 1690; x_wconf 82' lang='lat' dir='ltr'><strong>nihil</strong></span> <span class='ocrx_word' id='word_1_296' title='bbox 250 1663 391 1697; x_wconf 77' lang='lat' dir='ltr'><strong>relinquat</strong></span> <span class='ocrx_word' id='word_1_297' title='bbox 408 1663 484 1690; x_wconf 92' lang='lat' dir='ltr'><strong>dubii</strong></span> <span class='ocrx_word' id='word_1_298' title='bbox 505 1663 562 1698; x_wconf 82' lang='lat' dir='ltr'><strong>ipse</strong></span> <span class='ocrx_word' id='word_1_299' title='bbox 573 1662 715 1690; x_wconf 86' lang='lat' dir='ltr'><strong>Curterius</strong></span> <span class='ocrx_word' id='word_1_300' title='bbox 736 1671 767 1690; x_wconf 85' lang='lat' dir='ltr'><strong>ex</strong></span> <span class='ocrx_word' id='word_1_301' title='bbox 794 1671 859 1691; x_wconf 87' lang='lat' dir='ltr'><strong>mss.</strong></span> 
     </span>
    </p>
   </div>
   <div class='ocr_carea' id='block_1_36' title="bbox 67 1708 862 1744">
    <p class='ocr_par' dir='ltr' id='par_1_36' title="bbox 67 1708 862 1744">
     <span class='ocr_line' id='line_1_37' title="bbox 67 1708 862 1744; baseline 0.001 -9"><span class='ocrx_word' id='word_1_302' title='bbox 67 1708 169 1736; x_wconf 73' lang='lat' dir='ltr'><strong>llesaiaa</strong></span> <span class='ocrx_word' id='word_1_303' title='bbox 182 1717 248 1739; x_wconf 75' lang='lat' dir='ltr'><strong>vni,</strong></span> <span class='ocrx_word' id='word_1_304' title='bbox 271 1708 318 1739; x_wconf 71' lang='lat' dir='ltr'><strong>2i,</strong></span> <span class='ocrx_word' id='word_1_305' title='bbox 334 1708 380 1734; x_wconf 72' lang='grc' dir='ltr'><strong>Διὸ</strong></span> <span class='ocrx_word' id='word_1_306' title='bbox 393 1708 424 1743; x_wconf 87' lang='grc' dir='ltr'>δὴ</span> <span class='ocrx_word' id='word_1_307' title='bbox 440 1708 485 1734; x_wconf 77' lang='grc' dir='ltr'><strong>καὶ</strong></span> <span class='ocrx_word' id='word_1_308' title='bbox 501 1708 527 1734; x_wconf 78' lang='grc' dir='ltr'><strong>οἱ</strong></span> <span class='ocrx_word' id='word_1_309' title='bbox 545 1710 634 1744; x_wconf 76' lang='grc' dir='ltr'><strong>τρεῖς,</strong></span> <span class='ocrx_word' id='word_1_310' title='bbox 666 1708 793 1740; x_wconf 75' lang='grc' dir='ltr'><strong>Ἀκύλας,</strong></span> <span class='ocrx_word' id='word_1_311' title='bbox 816 1709 862 1736; x_wconf 76' lang='grc' dir='ltr'><strong>καὶ</strong></span> 
     </span>
    </p>
   </div>
   <div class='ocr_carea' id='block_1_37' title="bbox 67 1753 863 1790">
    <p class='ocr_par' dir='ltr' id='par_1_37' title="bbox 67 1753 863 1790">
     <span class='ocr_line' id='line_1_38' title="bbox 67 1753 863 1790; baseline 0.003 -10"><span class='ocrx_word' id='word_1_312' title='bbox 67 1754 168 1789; x_wconf 59' lang='grc' dir='ltr'><strong>Συμμη</strong></span> <span class='ocrx_word' id='word_1_313' title='bbox 183 1754 233 1781; x_wconf 74' lang='grc' dir='ltr'><strong>καὶ</strong></span> <span class='ocrx_word' id='word_1_314' title='bbox 242 1753 392 1780; x_wconf 72' lang='grc' dir='ltr'><strong>Θεοόοτίων</strong></span> <span class='ocrx_word' id='word_1_315' title='bbox 401 1753 488 1786; x_wconf 78' lang='grc' dir='ltr'>οὕτως</span> <span class='ocrx_word' id='word_1_316' title='bbox 499 1755 686 1790; x_wconf 78' lang='grc' dir='ltr'><strong>ὴρμήνευσαν·</strong></span> <span class='ocrx_word' id='word_1_317' title='bbox 701 1755 786 1786; x_wconf 82' lang='lat' dir='ltr'><strong>idest,</strong></span> <span class='ocrx_word' id='word_1_318' title='bbox 798 1763 863 1790; x_wconf 80' lang='lat' dir='ltr'><strong>qua-</strong></span> 
     </span>
    </p>
   </div>
   <div class='ocr_carea' id='block_1_38' title="bbox 67 1799 864 1836">
    <p class='ocr_par' dir='ltr' id='par_1_38' title="bbox 67 1799 864 1836">
     <span class='ocr_line' id='line_1_39' title="bbox 67 1799 864 1836; baseline 0.001 -10"><span class='ocrx_word' id='word_1_319' title='bbox 67 1806 169 1834; x_wconf 80' lang='lat' dir='ltr'><strong>propter</strong></span> <span class='ocrx_word' id='word_1_320' title='bbox 189 1807 244 1827; x_wconf 87' lang='lat' dir='ltr'><strong>tres</strong></span> <span class='ocrx_word' id='word_1_321' title='bbox 263 1800 420 1833; x_wconf 79' lang='lat' dir='ltr'><strong>interpretes</strong></span> <span class='ocrx_word' id='word_1_322' title='bbox 438 1799 543 1835; x_wconf 83' lang='lat' dir='ltr'><strong>Aquila,</strong></span> <span class='ocrx_word' id='word_1_323' title='bbox 555 1799 726 1836; x_wconf 81' lang='lat' dir='ltr'><strong>Symmachus</strong></span> <span class='ocrx_word' id='word_1_324' title='bbox 740 1806 763 1828; x_wconf 83' lang='lat' dir='ltr'><strong>et</strong></span> <span class='ocrx_word' id='word_1_325' title='bbox 781 1800 864 1827; x_wconf 82' lang='lat' dir='ltr'><strong>Theo-</strong></span> 
     </span>
    </p>
   </div>
   <div class='ocr_carea' id='block_1_39' title="bbox 68 1844 860 1879">
    <p class='ocr_par' dir='ltr' id='par_1_39' title="bbox 68 1844 860 1879">
     <span class='ocr_line' id='line_1_40' title="bbox 68 1844 860 1879; baseline 0 -6"><span class='ocrx_word' id='word_1_326' title='bbox 68 1847 148 1879; x_wconf 73' lang='lat' dir='ltr'><strong>datio,</strong></span> <span class='ocrx_word' id='word_1_327' title='bbox 160 1847 201 1873; x_wconf 83' lang='lat' dir='ltr'><strong>sic</strong></span> <span class='ocrx_word' id='word_1_328' title='bbox 215 1845 426 1872; x_wconf 81' lang='lat' dir='ltr'><strong>transtulerunt.</strong></span> <span class='ocrx_word' id='word_1_329' title='bbox 455 1844 483 1872; x_wconf 88' lang='lat' dir='ltr'><strong>Si</strong></span> <span class='ocrx_word' id='word_1_330' title='bbox 503 1846 559 1872; x_wconf 77' lang='lat' dir='ltr'><strong>ha&#39;c</strong></span> <span class='ocrx_word' id='word_1_331' title='bbox 580 1846 742 1873; x_wconf 83' lang='lat' dir='ltr'><strong>advertisset</strong></span> <span class='ocrx_word' id='word_1_332' title='bbox 765 1845 860 1873; x_wconf 80' lang='lat' dir='ltr'><strong>Walto</strong></span> 
     </span>
    </p>
   </div>
   <div class='ocr_carea' id='block_1_40' title="bbox 70 1892 863 1928">
    <p class='ocr_par' dir='ltr' id='par_1_40' title="bbox 70 1892 863 1928">
     <span class='ocr_line' id='line_1_41' title="bbox 70 1892 863 1928; baseline -0.001 -9"><span class='ocrx_word' id='word_1_333' title='bbox 70 1901 131 1924; x_wconf 86' lang='lat' dir='ltr'><strong>nus,</strong></span> <span class='ocrx_word' id='word_1_334' title='bbox 145 1899 293 1927; x_wconf 82' lang='lat' dir='ltr'><strong>nunquam</strong></span> <span class='ocrx_word' id='word_1_335' title='bbox 310 1895 438 1926; x_wconf 75' lang='lat' dir='ltr'><strong>negasset</strong></span> <span class='ocrx_word' id='word_1_336' title='bbox 453 1892 476 1917; x_wconf 83' lang='grc' dir='ltr'><strong>οἱ</strong></span> <span class='ocrx_word' id='word_1_337' title='bbox 493 1892 518 1917; x_wconf 87' lang='grc' dir='ltr'><strong>Γ’</strong></span> <span class='ocrx_word' id='word_1_338' title='bbox 535 1892 593 1919; x_wconf 89' lang='lat' dir='ltr'><strong>sive</strong></span> <span class='ocrx_word' id='word_1_339' title='bbox 609 1892 634 1918; x_wconf 78' lang='lat' dir='ltr'><strong>oi</strong></span> <span class='ocrx_word' id='word_1_340' title='bbox 653 1893 727 1928; x_wconf 78' lang='grc' dir='ltr'>τρεῖς</span> <span class='ocrx_word' id='word_1_341' title='bbox 742 1900 802 1920; x_wconf 84' lang='lat' dir='ltr'><strong>esse</strong></span> <span class='ocrx_word' id='word_1_342' title='bbox 819 1893 863 1923; x_wconf 79' lang='lat' dir='ltr'><strong>A.,</strong></span> 
     </span>
    </p>
   </div>
   <div class='ocr_carea' id='block_1_41' title="bbox 70 1939 862 1976">
    <p class='ocr_par' dir='ltr' id='par_1_41' title="bbox 70 1939 862 1976">
     <span class='ocr_line' id='line_1_42' title="bbox 70 1939 862 1976; baseline 0 -8"><span class='ocrx_word' id='word_1_343' title='bbox 70 1942 108 1973; x_wconf 87' lang='lat'><strong>2.,</strong></span> <span class='ocrx_word' id='word_1_344' title='bbox 126 1942 157 1968; x_wconf 87' lang='grc' dir='ltr'><strong>Θ.</strong></span> <span class='ocrx_word' id='word_1_345' title='bbox 182 1941 277 1976; x_wconf 68' lang='lat' dir='ltr'><strong>Hique</strong></span> <span class='ocrx_word' id='word_1_346' title='bbox 289 1940 465 1975; x_wconf 90' lang='lat' dir='ltr'><strong>perspicuum</strong></span> <span class='ocrx_word' id='word_1_347' title='bbox 487 1945 528 1969; x_wconf 83' lang='lat' dir='ltr'><strong>est</strong></span> <span class='ocrx_word' id='word_1_348' title='bbox 540 1940 606 1967; x_wconf 90' lang='lat' dir='ltr'><strong>illud</strong></span> <span class='ocrx_word' id='word_1_349' title='bbox 632 1939 737 1968; x_wconf 72' lang='lat' dir='ltr'><strong>llesaia:</strong></span> <span class='ocrx_word' id='word_1_350' title='bbox 762 1948 800 1973; x_wconf 76' lang='lat' dir='ltr'><strong>xt,</strong></span> <span class='ocrx_word' id='word_1_351' title='bbox 820 1941 862 1972; x_wconf 81' lang='grc'>15,</span> 
     </span>
    </p>
   </div>
   <div class='ocr_carea' id='block_1_42' title="bbox 72 1986 865 2022">
    <p class='ocr_par' dir='ltr' id='par_1_42' title="bbox 72 1986 865 2022">
     <span class='ocr_line' id='line_1_43' title="bbox 72 1986 865 2022; baseline -0.001 -9"><span class='ocrx_word' id='word_1_352' title='bbox 72 1989 113 2014; x_wconf 82' lang='lat' dir='ltr'><strong>ubi</strong></span> <span class='ocrx_word' id='word_1_353' title='bbox 127 1987 271 2015; x_wconf 82' lang='lat' dir='ltr'><strong>Eusebius</strong></span> <span class='ocrx_word' id='word_1_354' title='bbox 288 1987 327 2013; x_wconf 88' lang='lat' dir='ltr'><strong>ait</strong></span> <span class='ocrx_word' id='word_1_355' title='bbox 344 1996 350 2013; x_wconf 91' lang='lat'>:</span> <span class='ocrx_word' id='word_1_356' title='bbox 367 1987 398 2013; x_wconf 78' lang='lat' dir='ltr'><strong>Oi</strong></span> <span class='ocrx_word' id='word_1_357' title='bbox 408 1988 481 2022; x_wconf 79' lang='grc' dir='ltr'>τρεῖς</span> <span class='ocrx_word' id='word_1_358' title='bbox 504 1986 655 2022; x_wconf 75' lang='grc' dir='ltr'><strong>συμφώνως</strong></span> <span class='ocrx_word' id='word_1_359' title='bbox 675 1986 760 2018; x_wconf 73' lang='grc' dir='ltr'>οὕτως</span> <span class='ocrx_word' id='word_1_360' title='bbox 775 1987 865 2022; x_wconf 75' lang='grc' dir='ltr'><strong>ἡρμή-</strong></span> 
     </span>
    </p>
   </div>
   <div class='ocr_carea' id='block_1_43' title="bbox 70 2031 865 2068">
    <p class='ocr_par' dir='ltr' id='par_1_43' title="bbox 70 2031 865 2068">
     <span class='ocr_line' id='line_1_44' title="bbox 70 2031 865 2068; baseline -0.003 -8"><span class='ocrx_word' id='word_1_361' title='bbox 70 2043 177 2065; x_wconf 53' lang='lat' dir='ltr'><strong>auara,</strong></span> <span class='ocrx_word' id='word_1_362' title='bbox 209 2033 261 2060; x_wconf 82' lang='grc' dir='ltr'><strong>καὶ</strong></span> <span class='ocrx_word' id='word_1_363' title='bbox 280 2033 491 2068; x_wconf 75' lang='grc' dir='ltr'><strong>ἀναθεματίσει</strong></span> <span class='ocrx_word' id='word_1_364' title='bbox 515 2031 625 2067; x_wconf 83' lang='grc' dir='ltr'><strong>Κύριος</strong></span> <span class='ocrx_word' id='word_1_365' title='bbox 650 2033 707 2066; x_wconf 79' lang='grc' dir='ltr'><strong>τὴν</strong></span> <span class='ocrx_word' id='word_1_366' title='bbox 721 2032 865 2067; x_wconf 73' lang='grc' dir='ltr'><strong>γλῶσσαν</strong></span> 
     </span>
    </p>
   </div>
   <div class='ocr_carea' id='block_1_44' title="bbox 71 2077 865 2114">
    <p class='ocr_par' dir='ltr' id='par_1_44' title="bbox 71 2077 865 2114">
     <span class='ocr_line' id='line_1_45' title="bbox 71 2077 865 2114; baseline -0.003 -8"><span class='ocrx_word' id='word_1_367' title='bbox 71 2079 233 2112; x_wconf 66' lang='grc' dir='ltr'><strong>θαλάσσης</strong></span> <span class='ocrx_word' id='word_1_368' title='bbox 247 2079 413 2112; x_wconf 71' lang='grc' dir='ltr'><strong>Αἰγύπτου.</strong></span> <span class='ocrx_word' id='word_1_369' title='bbox 432 2078 470 2105; x_wconf 88' lang='lat' dir='ltr'><strong>lbi</strong></span> <span class='ocrx_word' id='word_1_370' title='bbox 486 2086 550 2106; x_wconf 85' lang='lat' dir='ltr'><strong>vero</strong></span> <span class='ocrx_word' id='word_1_371' title='bbox 565 2077 748 2114; x_wconf 81' lang='lat' dir='ltr'><strong>Hieronymus</strong></span> <span class='ocrx_word' id='word_1_372' title='bbox 762 2087 768 2104; x_wconf 91' lang='lat'>:</span> <span class='ocrx_word' id='word_1_373' title='bbox 788 2077 865 2104; x_wconf 81' lang='lat' dir='ltr'><strong>Deso-</strong></span> 
     </span>
    </p>
   </div>
   <div class='ocr_carea' id='block_1_45' title="bbox 71 2123 865 2160">
    <p class='ocr_par' dir='ltr' id='par_1_45' title="bbox 71 2123 865 2160">
     <span class='ocr_line' id='line_1_46' title="bbox 71 2123 865 2160; baseline 0 -10"><span class='ocrx_word' id='word_1_374' title='bbox 71 2125 135 2152; x_wconf 80' lang='lat' dir='ltr'><strong>labit</strong></span> <span class='ocrx_word' id='word_1_375' title='bbox 152 2125 239 2160; x_wconf 82' lang='lat' dir='ltr'><strong>igitur</strong></span> <span class='ocrx_word' id='word_1_376' title='bbox 249 2125 304 2151; x_wconf 78' lang='lat' dir='ltr'><strong>sive</strong></span> <span class='ocrx_word' id='word_1_377' title='bbox 316 2124 466 2158; x_wconf 71' lang='lat' dir='ltr'><strong>interﬁciat,</strong></span> <span class='ocrx_word' id='word_1_378' title='bbox 478 2123 525 2151; x_wconf 84' lang='lat' dir='ltr'><strong>hoc</strong></span> <span class='ocrx_word' id='word_1_379' title='bbox 539 2129 588 2156; x_wconf 80' lang='lat' dir='ltr'><strong>est,</strong></span> <span class='ocrx_word' id='word_1_380' title='bbox 609 2124 817 2159; x_wconf 78' lang='grc' dir='ltr'><strong>ἀναθεματισει,</strong></span> <span class='ocrx_word' id='word_1_381' title='bbox 837 2129 865 2150; x_wconf 80' lang='grc' dir='ltr'><strong>ιιι</strong></span> 
     </span>
    </p>
   </div>
   <div class='ocr_carea' id='block_1_46' title="bbox 73 2169 897 2205">
    <p class='ocr_par' dir='ltr' id='par_1_46' title="bbox 73 2169 897 2205">
     <span class='ocr_line' id='line_1_47' title="bbox 73 2169 897 2205; baseline -0.002 -7"><span class='ocrx_word' id='word_1_382' title='bbox 73 2169 220 2198; x_wconf 73' lang='lat' dir='ltr'><strong>Tltcotlotia</strong></span> <span class='ocrx_word' id='word_1_383' title='bbox 236 2191 243 2202; x_wconf 94' lang='lat'><strong>,</strong></span> <span class='ocrx_word' id='word_1_384' title='bbox 279 2170 378 2204; x_wconf 81' lang='lat' dir='ltr'><strong>Aquila</strong></span> <span class='ocrx_word' id='word_1_385' title='bbox 398 2176 423 2197; x_wconf 86' lang='lat' dir='ltr'><strong>et</strong></span> <span class='ocrx_word' id='word_1_386' title='bbox 456 2169 627 2205; x_wconf 80' lang='lat' dir='ltr'><strong>Symmachus</strong></span> <span class='ocrx_word' id='word_1_387' title='bbox 663 2170 864 2203; x_wconf 82' lang='lat' dir='ltr'><strong>transtulerunt,</strong></span> <span class='ocrx_word' id='word_1_388' title='bbox 885 2172 897 2182; x_wconf 88' lang='grc'><strong><em>⁸</em></strong></span> 
     </span>
    </p>
   </div>
   <div class='ocr_carea' id='block_1_47' title="bbox 901 226 1685 267">
    <p class='ocr_par' dir='ltr' id='par_1_47' title="bbox 901 226 1685 267">
     <span class='ocr_line' id='line_1_48' title="bbox 901 226 1685 267; baseline -0.009 -6"><span class='ocrx_word' id='word_1_389' title='bbox 901 233 1016 261; x_wconf 84' lang='lat' dir='ltr'><strong>busnam</strong></span> <span class='ocrx_word' id='word_1_390' title='bbox 1037 232 1109 266; x_wconf 85' lang='lat' dir='ltr'><strong>aliis,</strong></span> <span class='ocrx_word' id='word_1_391' title='bbox 1124 239 1206 267; x_wconf 81' lang='lat' dir='ltr'><strong>quam</strong></span> <span class='ocrx_word' id='word_1_392' title='bbox 1225 231 1346 266; x_wconf 58' lang='lat' dir='ltr'><strong>Aquila},</strong></span> <span class='ocrx_word' id='word_1_393' title='bbox 1369 229 1532 265; x_wconf 79' lang='lat' dir='ltr'><strong>Symmacho</strong></span> <span class='ocrx_word' id='word_1_394' title='bbox 1549 232 1576 256; x_wconf 86' lang='lat' dir='ltr'><strong>et</strong></span> <span class='ocrx_word' id='word_1_395' title='bbox 1598 226 1685 255; x_wconf 73' lang='lat' dir='ltr'><strong>Thett-</strong></span> 
     </span>
    </p>
   </div>
   <div class='ocr_carea' id='block_1_48' title="bbox 901 275 1684 313">
    <p class='ocr_par' dir='ltr' id='par_1_48' title="bbox 901 275 1684 313">
     <span class='ocr_line' id='line_1_49' title="bbox 901 275 1684 313; baseline -0.006 -6"><span class='ocrx_word' id='word_1_396' title='bbox 901 280 1004 308; x_wconf 90' lang='lat' dir='ltr'><strong>dotioni</strong></span> <span class='ocrx_word' id='word_1_397' title='bbox 1029 278 1176 307; x_wconf 83' lang='lat' dir='ltr'><strong>convenire</strong></span> <span class='ocrx_word' id='word_1_398' title='bbox 1199 277 1323 313; x_wconf 83' lang='lat' dir='ltr'><strong>possint?</strong></span> <span class='ocrx_word' id='word_1_399' title='bbox 1345 281 1372 304; x_wconf 88' lang='lat' dir='ltr'><strong>et</strong></span> <span class='ocrx_word' id='word_1_400' title='bbox 1396 275 1534 311; x_wconf 91' lang='lat' dir='ltr'><strong>quomodo</strong></span> <span class='ocrx_word' id='word_1_401' title='bbox 1549 275 1684 310; x_wconf 77' lang='lat' dir='ltr'><strong>quadrare</strong></span> 
     </span>
    </p>
   </div>
   <div class='ocr_carea' id='block_1_49' title="bbox 902 320 1684 357">
    <p class='ocr_par' dir='ltr' id='par_1_49' title="bbox 902 320 1684 357">
     <span class='ocr_line' id='line_1_50' title="bbox 902 320 1684 357; baseline -0.006 -4"><span class='ocrx_word' id='word_1_402' title='bbox 902 326 992 353; x_wconf 79' lang='lat' dir='ltr'><strong>valeat</strong></span> <span class='ocrx_word' id='word_1_403' title='bbox 1007 326 1048 352; x_wconf 59' lang='lat' dir='ltr'><strong>&#39;ad</strong></span> <span class='ocrx_word' id='word_1_404' title='bbox 1065 324 1197 352; x_wconf 81' lang='lat' dir='ltr'><strong>editiones</strong></span> <span class='ocrx_word' id='word_1_405' title='bbox 1211 323 1332 355; x_wconf 86' lang='lat' dir='ltr'><strong>Eusebii,</strong></span> <span class='ocrx_word' id='word_1_406' title='bbox 1354 321 1467 350; x_wconf 87' lang='lat' dir='ltr'><strong>Luciani</strong></span> <span class='ocrx_word' id='word_1_407' title='bbox 1492 327 1519 349; x_wconf 85' lang='lat' dir='ltr'><strong>et</strong></span> <span class='ocrx_word' id='word_1_408' title='bbox 1546 320 1684 357; x_wconf 82' lang='lat' dir='ltr'><strong>llcsychii,</strong></span> 
     </span>
    </p>
   </div>
   <div class='ocr_carea' id='block_1_50' title="bbox 901 367 1683 407">
    <p class='ocr_par' dir='ltr' id='par_1_50' title="bbox 901 367 1683 407">
     <span class='ocr_line' id='line_1_51' title="bbox 901 367 1683 407; baseline -0.008 -7"><span class='ocrx_word' id='word_1_409' title='bbox 901 380 962 407; x_wconf 64' lang='lat' dir='ltr'><strong>quae</strong></span> <span class='ocrx_word' id='word_1_410' title='bbox 977 372 1069 400; x_wconf 87' lang='lat' dir='ltr'><strong>multis</strong></span> <span class='ocrx_word' id='word_1_411' title='bbox 1085 375 1146 407; x_wconf 88' lang='lat' dir='ltr'><strong>post</strong></span> <span class='ocrx_word' id='word_1_412' title='bbox 1170 369 1314 404; x_wconf 65' lang='lat' dir='ltr'><strong>Origenem</strong></span> <span class='ocrx_word' id='word_1_413' title='bbox 1341 368 1420 396; x_wconf 87' lang='lat' dir='ltr'><strong>annis</strong></span> <span class='ocrx_word' id='word_1_414' title='bbox 1437 367 1526 402; x_wconf 89' lang='lat' dir='ltr'><strong>primo</strong></span> <span class='ocrx_word' id='word_1_415' title='bbox 1548 367 1683 402; x_wconf 84' lang='lat' dir='ltr'><strong>prodiere.</strong></span> 
     </span>
    </p>
   </div>
   <div class='ocr_carea' id='block_1_51' title="bbox 902 409 1684 450">
    <p class='ocr_par' dir='ltr' id='par_1_51' title="bbox 902 409 1684 450">
     <span class='ocr_line' id='line_1_52' title="bbox 902 409 1684 450; baseline -0.012 -5"><span class='ocrx_word' id='word_1_416' title='bbox 902 417 970 445; x_wconf 79' lang='lat' dir='ltr'><strong>Nota</strong></span> <span class='ocrx_word' id='word_1_417' title='bbox 982 417 1007 443; x_wconf 81' lang='lat' dir='ltr'><strong>ot</strong></span> <span class='ocrx_word' id='word_1_418' title='bbox 1021 417 1058 449; x_wconf 79' lang='grc' dir='ltr'><strong>Γ¹.</strong></span> <span class='ocrx_word' id='word_1_419' title='bbox 1067 416 1197 444; x_wconf 85' lang='lat' dir='ltr'><strong>asterisco</strong></span> <span class='ocrx_word' id='word_1_420' title='bbox 1211 414 1362 450; x_wconf 69' lang='lat' dir='ltr'><strong>praemisso,</strong></span> <span class='ocrx_word' id='word_1_421' title='bbox 1373 411 1486 438; x_wconf 87' lang='lat' dir='ltr'><strong>habetur</strong></span> <span class='ocrx_word' id='word_1_422' title='bbox 1497 411 1578 438; x_wconf 86' lang='lat' dir='ltr'><strong>etiam</strong></span> <span class='ocrx_word' id='word_1_423' title='bbox 1585 409 1684 437; x_wconf 81' lang='lat' dir='ltr'><strong>Ezech.</strong></span> 
     </span>
    </p>
   </div>
   <div class='ocr_carea' id='block_1_52' title="bbox 903 457 1684 497">
    <p class='ocr_par' dir='ltr' id='par_1_52' title="bbox 903 457 1684 497">
     <span class='ocr_line' id='line_1_53' title="bbox 903 457 1684 497; baseline -0.01 -7"><span class='ocrx_word' id='word_1_424' title='bbox 903 472 941 497; x_wconf 69' lang='grc' dir='ltr'><strong>χι,</strong></span> <span class='ocrx_word' id='word_1_425' title='bbox 956 463 1000 495; x_wconf 84' lang='grc'><strong>15,</strong></span> <span class='ocrx_word' id='word_1_426' title='bbox 1013 463 1058 490; x_wconf 91' lang='lat' dir='ltr'><strong>ubi</strong></span> <span class='ocrx_word' id='word_1_427' title='bbox 1072 461 1179 490; x_wconf 89' lang='lat' dir='ltr'><strong>nonnisi</strong></span> <span class='ocrx_word' id='word_1_428' title='bbox 1195 461 1227 488; x_wconf 88' lang='lat' dir='ltr'><strong>ad</strong></span> <span class='ocrx_word' id='word_1_429' title='bbox 1242 460 1287 492; x_wconf 73' lang='lat' dir='ltr'><strong>A.,</strong></span> <span class='ocrx_word' id='word_1_430' title='bbox 1300 459 1340 490; x_wconf 87' lang='lat'><strong>2.,</strong></span> <span class='ocrx_word' id='word_1_431' title='bbox 1362 458 1406 487; x_wconf 83' lang='grc' dir='ltr'><strong>Θ..</strong></span> <span class='ocrx_word' id='word_1_432' title='bbox 1429 457 1563 492; x_wconf 83' lang='lat' dir='ltr'><strong>pertinere</strong></span> <span class='ocrx_word' id='word_1_433' title='bbox 1585 460 1684 490; x_wconf 84' lang='lat' dir='ltr'><strong>potest,</strong></span> 
     </span>
    </p>
   </div>
   <div class='ocr_carea' id='block_1_53' title="bbox 903 500 1685 542">
    <p class='ocr_par' dir='ltr' id='par_1_53' title="bbox 903 500 1685 542">
     <span class='ocr_line' id='line_1_54' title="bbox 903 500 1685 542; baseline -0.013 -6"><span class='ocrx_word' id='word_1_434' title='bbox 903 513 933 536; x_wconf 87' lang='lat' dir='ltr'><strong>ut</strong></span> <span class='ocrx_word' id='word_1_435' title='bbox 944 509 1029 542; x_wconf 88' lang='lat' dir='ltr'><strong>liquet</strong></span> <span class='ocrx_word' id='word_1_436' title='bbox 1045 512 1102 534; x_wconf 90' lang='lat' dir='ltr'><strong>tum</strong></span> <span class='ocrx_word' id='word_1_437' title='bbox 1113 514 1146 534; x_wconf 74' lang='lat' dir='ltr'><strong>ex</strong></span> <span class='ocrx_word' id='word_1_438' title='bbox 1162 505 1306 535; x_wconf 87' lang='lat' dir='ltr'><strong>asterisco,</strong></span> <span class='ocrx_word' id='word_1_439' title='bbox 1326 508 1384 530; x_wconf 91' lang='lat' dir='ltr'><strong>tum</strong></span> <span class='ocrx_word' id='word_1_440' title='bbox 1404 510 1436 529; x_wconf 79' lang='lat' dir='ltr'><strong>ex</strong></span> <span class='ocrx_word' id='word_1_441' title='bbox 1455 500 1575 528; x_wconf 89' lang='lat' dir='ltr'><strong>vertendi</strong></span> <span class='ocrx_word' id='word_1_442' title='bbox 1599 507 1685 527; x_wconf 87' lang='lat' dir='ltr'><strong>more.</strong></span> 
     </span>
    </p>
   </div>
   <div class='ocr_carea' id='block_1_54' title="bbox 903 545 1686 584">
    <p class='ocr_par' dir='ltr' id='par_1_54' title="bbox 903 545 1686 584">
     <span class='ocr_line' id='line_1_55' title="bbox 903 545 1686 584; baseline -0.019 1"><span class='ocrx_word' id='word_1_443' title='bbox 903 553 937 580; x_wconf 81' lang='lat' dir='ltr'><strong>Et</strong></span> <span class='ocrx_word' id='word_1_444' title='bbox 950 553 1036 580; x_wconf 83' lang='lat' dir='ltr'><strong>Ezech</strong></span> <span class='ocrx_word' id='word_1_445' title='bbox 1063 560 1109 584; x_wconf 67' lang='grc' dir='ltr'>ιι,</span> <span class='ocrx_word' id='word_1_446' title='bbox 1125 551 1169 583; x_wconf 74' lang='grc'><strong>44,</strong></span> <span class='ocrx_word' id='word_1_447' title='bbox 1185 554 1245 581; x_wconf 61' lang='grc' dir='ltr'><strong>ἐι-ττι</strong></span> <span class='ocrx_word' id='word_1_448' title='bbox 1257 554 1323 580; x_wconf 67' lang='grc' dir='ltr'><strong>τω,</strong></span> <span class='ocrx_word' id='word_1_449' title='bbox 1335 547 1395 576; x_wconf 87' lang='lat' dir='ltr'><strong>cod.</strong></span> <span class='ocrx_word' id='word_1_450' title='bbox 1409 546 1552 577; x_wconf 82' lang='lat' dir='ltr'><strong>Marclial.,</strong></span> <span class='ocrx_word' id='word_1_451' title='bbox 1567 547 1599 579; x_wconf 57' lang='grc' dir='ltr'><strong><em>χ</em></strong></span> <span class='ocrx_word' id='word_1_452' title='bbox 1613 546 1638 571; x_wconf 83' lang='lat' dir='ltr'><strong>ot</strong></span> <span class='ocrx_word' id='word_1_453' title='bbox 1649 545 1686 576; x_wconf 59' lang='grc' dir='ltr'><strong>ιν,</strong></span> 
     </span>
    </p>
   </div>
   <div class='ocr_carea' id='block_1_55' title="bbox 903 590 1687 632">
    <p class='ocr_par' dir='ltr' id='par_1_55' title="bbox 903 590 1687 632">
     <span class='ocr_line' id='line_1_56' title="bbox 903 590 1687 632; baseline -0.013 -6"><span class='ocrx_word' id='word_1_454' title='bbox 903 598 983 632; x_wconf 74' lang='grc' dir='ltr'><strong>λέγει</strong></span> <span class='ocrx_word' id='word_1_455' title='bbox 998 598 1117 632; x_wconf 81' lang='grc' dir='ltr'><strong>Κύριος’</strong></span> <span class='ocrx_word' id='word_1_456' title='bbox 1133 602 1159 624; x_wconf 90' lang='lat' dir='ltr'><strong>et</strong></span> <span class='ocrx_word' id='word_1_457' title='bbox 1174 603 1246 627; x_wconf 79' lang='lat' dir='ltr'><strong>mv,</strong></span> <span class='ocrx_word' id='word_1_458' title='bbox 1260 595 1287 627; x_wconf 77' lang='grc'>4,</span> <span class='ocrx_word' id='word_1_459' title='bbox 1302 597 1373 626; x_wconf 68' lang='lat' dir='ltr'><strong>mm,</strong></span> <span class='ocrx_word' id='word_1_460' title='bbox 1392 594 1424 627; x_wconf 61' lang='lat' dir='ltr'><strong>)K</strong></span> <span class='ocrx_word' id='word_1_461' title='bbox 1437 593 1462 618; x_wconf 83' lang='lat' dir='ltr'><strong>oi</strong></span> <span class='ocrx_word' id='word_1_462' title='bbox 1478 592 1504 618; x_wconf 81' lang='lat' dir='ltr'><strong>l&quot;</strong></span> <span class='ocrx_word' id='word_1_463' title='bbox 1518 590 1630 626; x_wconf 83' lang='grc' dir='ltr'><strong>Κυρίου,</strong></span> <span class='ocrx_word' id='word_1_464' title='bbox 1648 590 1687 617; x_wconf 71' lang='grc' dir='ltr'><strong>εἰ·</strong></span> 
     </span>
    </p>
   </div>
   <div class='ocr_carea' id='block_1_56' title="bbox 904 637 1689 679">
    <p class='ocr_par' dir='ltr' id='par_1_56' title="bbox 904 637 1689 679">
     <span class='ocr_line' id='line_1_57' title="bbox 904 637 1689 679; baseline -0.01 -8"><span class='ocrx_word' id='word_1_465' title='bbox 904 645 1033 679; x_wconf 81' lang='lat' dir='ltr'><strong>miliaque</strong></span> <span class='ocrx_word' id='word_1_466' title='bbox 1049 643 1131 670; x_wconf 92' lang='lat' dir='ltr'><strong>multa</strong></span> <span class='ocrx_word' id='word_1_467' title='bbox 1143 642 1262 677; x_wconf 81' lang='lat' dir='ltr'><strong>adjicere</strong></span> <span class='ocrx_word' id='word_1_468' title='bbox 1276 647 1429 676; x_wconf 86' lang='lat' dir='ltr'><strong>possemus.</strong></span> <span class='ocrx_word' id='word_1_469' title='bbox 1447 639 1544 666; x_wconf 84' lang='lat' dir='ltr'><strong>Verum</strong></span> <span class='ocrx_word' id='word_1_470' title='bbox 1559 637 1614 664; x_wconf 69' lang='lat' dir='ltr'><strong>haec</strong></span> <span class='ocrx_word' id='word_1_471' title='bbox 1628 637 1689 672; x_wconf 76' lang='lat' dir='ltr'><strong>plus</strong></span> 
     </span>
    </p>
   </div>
   <div class='ocr_carea' id='block_1_57' title="bbox 904 690 1180 726">
    <p class='ocr_par' dir='ltr' id='par_1_57' title="bbox 904 690 1180 726">
     <span class='ocr_line' id='line_1_58' title="bbox 904 690 1180 726; baseline -0.004 -9"><span class='ocrx_word' id='word_1_472' title='bbox 904 698 986 726; x_wconf 86' lang='lat' dir='ltr'><strong>quam</strong></span> <span class='ocrx_word' id='word_1_473' title='bbox 1001 690 1068 718; x_wconf 80' lang='lat' dir='ltr'><strong>satis</strong></span> <span class='ocrx_word' id='word_1_474' title='bbox 1090 693 1180 717; x_wconf 83' lang='lat' dir='ltr'><strong>erunt.</strong></span> 
     </span>
    </p>
   </div>
   <div class='ocr_carea' id='block_1_58' title="bbox 940 728 1689 770">
    <p class='ocr_par' dir='ltr' id='par_1_58' title="bbox 940 728 1689 770">
     <span class='ocr_line' id='line_1_59' title="bbox 940 728 1689 770; baseline -0.009 -8"><span class='ocrx_word' id='word_1_475' title='bbox 940 734 988 763; x_wconf 91' lang='lat' dir='ltr'><strong>llis</strong></span> <span class='ocrx_word' id='word_1_476' title='bbox 1002 735 1152 770; x_wconf 88' lang='lat' dir='ltr'><strong>perspectis</strong></span> <span class='ocrx_word' id='word_1_477' title='bbox 1169 741 1250 761; x_wconf 89' lang='lat' dir='ltr'><strong>nemo</strong></span> <span class='ocrx_word' id='word_1_478' title='bbox 1271 740 1325 759; x_wconf 91' lang='lat' dir='ltr'><strong>non</strong></span> <span class='ocrx_word' id='word_1_479' title='bbox 1342 735 1424 762; x_wconf 80' lang='lat' dir='ltr'><strong>otcat.</strong></span> <span class='ocrx_word' id='word_1_480' title='bbox 1440 730 1568 758; x_wconf 79' lang='lat' dir='ltr'><strong>lli-ianum</strong></span> <span class='ocrx_word' id='word_1_481' title='bbox 1585 728 1689 756; x_wconf 73' lang='lat' dir='ltr'><strong>Walte-</strong></span> 
     </span>
    </p>
   </div>
   <div class='ocr_carea' id='block_1_59' title="bbox 905 774 1692 816">
    <p class='ocr_par' dir='ltr' id='par_1_59' title="bbox 905 774 1692 816">
     <span class='ocr_line' id='line_1_60' title="bbox 905 774 1692 816; baseline -0.009 -8"><span class='ocrx_word' id='word_1_482' title='bbox 905 790 982 813; x_wconf 90' lang='lat' dir='ltr'><strong>num,</strong></span> <span class='ocrx_word' id='word_1_483' title='bbox 1006 782 1033 807; x_wconf 92' lang='lat' dir='ltr'><strong>in</strong></span> <span class='ocrx_word' id='word_1_484' title='bbox 1046 785 1287 816; x_wconf 84' lang='lat' dir='ltr'><strong>quantumcunque</strong></span> <span class='ocrx_word' id='word_1_485' title='bbox 1302 786 1331 806; x_wconf 91' lang='lat' dir='ltr'><strong>se</strong></span> <span class='ocrx_word' id='word_1_486' title='bbox 1342 776 1497 813; x_wconf 72' lang='grc' dir='ltr'>ἀμηχανίαν</span> <span class='ocrx_word' id='word_1_487' title='bbox 1515 783 1548 803; x_wconf 83' lang='lat' dir='ltr'><strong>ex</strong></span> <span class='ocrx_word' id='word_1_488' title='bbox 1567 774 1692 811; x_wconf 58' lang='lat' dir='ltr'><strong>praemis-</strong></span> 
     </span>
    </p>
   </div>
   <div class='ocr_carea' id='block_1_60' title="bbox 907 821 1691 859">
    <p class='ocr_par' dir='ltr' id='par_1_60' title="bbox 907 821 1691 859">
     <span class='ocr_line' id='line_1_61' title="bbox 907 821 1691 859; baseline -0.01 -4"><span class='ocrx_word' id='word_1_489' title='bbox 907 827 945 856; x_wconf 90' lang='lat' dir='ltr'><strong>sis</strong></span> <span class='ocrx_word' id='word_1_490' title='bbox 960 827 1168 854; x_wconf 80' lang='lat' dir='ltr'><strong>difficultatibus</strong></span> <span class='ocrx_word' id='word_1_491' title='bbox 1184 825 1331 852; x_wconf 78' lang='lat' dir='ltr'><strong>deductum</strong></span> <span class='ocrx_word' id='word_1_492' title='bbox 1343 827 1460 859; x_wconf 85' lang='lat' dir='ltr'><strong>putaret,</strong></span> <span class='ocrx_word' id='word_1_493' title='bbox 1477 830 1531 850; x_wconf 91' lang='lat' dir='ltr'><strong>non</strong></span> <span class='ocrx_word' id='word_1_494' title='bbox 1544 821 1610 849; x_wconf 89' lang='lat' dir='ltr'><strong>satis</strong></span> <span class='ocrx_word' id='word_1_495' title='bbox 1623 828 1691 848; x_wconf 89' lang='lat' dir='ltr'><strong>con-</strong></span> 
     </span>
    </p>
   </div>
   <div class='ocr_carea' id='block_1_61' title="bbox 907 866 1693 904">
    <p class='ocr_par' dir='ltr' id='par_1_61' title="bbox 907 866 1693 904">
     <span class='ocr_line' id='line_1_62' title="bbox 907 866 1693 904; baseline -0.008 -4"><span class='ocrx_word' id='word_1_496' title='bbox 907 873 978 901; x_wconf 91' lang='lat' dir='ltr'><strong>sulto</strong></span> <span class='ocrx_word' id='word_1_497' title='bbox 996 872 1104 904; x_wconf 82' lang='lat' dir='ltr'><strong>fecisse,</strong></span> <span class='ocrx_word' id='word_1_498' title='bbox 1125 879 1186 899; x_wconf 90' lang='lat' dir='ltr'><strong>cum</strong></span> <span class='ocrx_word' id='word_1_499' title='bbox 1214 875 1245 898; x_wconf 88' lang='lat' dir='ltr'><strong>ut.</strong></span> <span class='ocrx_word' id='word_1_500' title='bbox 1261 870 1294 898; x_wconf 87' lang='lat' dir='ltr'><strong>iis</strong></span> <span class='ocrx_word' id='word_1_501' title='bbox 1311 877 1340 897; x_wconf 89' lang='lat' dir='ltr'><strong>se</strong></span> <span class='ocrx_word' id='word_1_502' title='bbox 1364 868 1525 904; x_wconf 74' lang='lat' dir='ltr'><strong>expediret,</strong></span> <span class='ocrx_word' id='word_1_503' title='bbox 1548 866 1693 894; x_wconf 80' lang='lat' dir='ltr'><strong>afﬁrmavit</strong></span> 
     </span>
    </p>
   </div>
   <div class='ocr_carea' id='block_1_62' title="bbox 907 912 1693 953">
    <p class='ocr_par' dir='ltr' id='par_1_62' title="bbox 907 912 1693 953">
     <span class='ocr_line' id='line_1_63' title="bbox 907 912 1693 953; baseline -0.008 -8"><span class='ocrx_word' id='word_1_504' title='bbox 907 919 966 945; x_wconf 74' lang='lat' dir='ltr'><strong>oiI&quot;</strong></span> <span class='ocrx_word' id='word_1_505' title='bbox 980 926 1033 945; x_wconf 89' lang='lat' dir='ltr'><strong>non</strong></span> <span class='ocrx_word' id='word_1_506' title='bbox 1048 917 1203 953; x_wconf 80' lang='lat' dir='ltr'><strong>signiﬁcare</strong></span> <span class='ocrx_word' id='word_1_507' title='bbox 1225 916 1351 951; x_wconf 77' lang='lat' dir='ltr'><strong>Aquilam</strong></span> <span class='ocrx_word' id='word_1_508' title='bbox 1364 936 1372 949; x_wconf 91' lang='lat'><strong>,</strong></span> <span class='ocrx_word' id='word_1_509' title='bbox 1386 914 1461 950; x_wconf 83' lang='lat' dir='ltr'><strong>Sym.</strong></span> <span class='ocrx_word' id='word_1_510' title='bbox 1481 919 1508 941; x_wconf 90' lang='lat' dir='ltr'><strong>et</strong></span> <span class='ocrx_word' id='word_1_511' title='bbox 1528 912 1693 941; x_wconf 82' lang='lat' dir='ltr'><strong>Theodotio-</strong></span> 
     </span>
    </p>
   </div>
   <div class='ocr_carea' id='block_1_63' title="bbox 908 958 1711 999">
    <p class='ocr_par' dir='ltr' id='par_1_63' title="bbox 908 958 1711 999">
     <span class='ocr_line' id='line_1_64' title="bbox 908 958 1711 999; baseline -0.009 -6"><span class='ocrx_word' id='word_1_512' title='bbox 908 973 968 994; x_wconf 89' lang='lat' dir='ltr'><strong>nem</strong></span> <span class='ocrx_word' id='word_1_513' title='bbox 985 973 991 990; x_wconf 90' lang='lat'>:</span> <span class='ocrx_word' id='word_1_514' title='bbox 1006 972 1067 992; x_wconf 89' lang='lat' dir='ltr'><strong>nam</strong></span> <span class='ocrx_word' id='word_1_515' title='bbox 1082 964 1189 999; x_wconf 84' lang='lat' dir='ltr'><strong>quidvis</strong></span> <span class='ocrx_word' id='word_1_516' title='bbox 1202 963 1294 998; x_wconf 89' lang='lat' dir='ltr'><strong>potius</strong></span> <span class='ocrx_word' id='word_1_517' title='bbox 1302 962 1393 990; x_wconf 84' lang='lat' dir='ltr'><strong>dicere</strong></span> <span class='ocrx_word' id='word_1_518' title='bbox 1407 960 1527 996; x_wconf 90' lang='lat' dir='ltr'><strong>oportuit</strong></span> <span class='ocrx_word' id='word_1_519' title='bbox 1538 966 1619 995; x_wconf 86' lang='lat' dir='ltr'><strong>quam</strong></span> <span class='ocrx_word' id='word_1_520' title='bbox 1634 965 1693 986; x_wconf 86' lang='lat' dir='ltr'><strong>rem</strong></span> <span class='ocrx_word' id='word_1_521' title='bbox 1704 958 1711 970; x_wconf 94' lang='lat'>&#39;</span> 
     </span>
    </p>
   </div>
   <div class='ocr_carea' id='block_1_64' title="bbox 907 1011 1219 1045">
    <p class='ocr_par' dir='ltr' id='par_1_64' title="bbox 907 1011 1219 1045">
     <span class='ocr_line' id='line_1_65' title="bbox 907 1011 1219 1045; baseline -0.006 -6"><span class='ocrx_word' id='word_1_522' title='bbox 907 1011 1091 1039; x_wconf 83' lang='lat' dir='ltr'><strong>certissimam</strong></span> <span class='ocrx_word' id='word_1_523' title='bbox 1106 1017 1219 1045; x_wconf 79' lang='lat' dir='ltr'><strong>negare.</strong></span> 
     </span>
    </p>
   </div>
   <div class='ocr_carea' id='block_1_65' title="bbox 942 1054 1692 1090">
    <p class='ocr_par' dir='ltr' id='par_1_65' title="bbox 942 1054 1692 1090">
     <span class='ocr_line' id='line_1_66' title="bbox 942 1054 1692 1090; baseline -0.007 -5"><span class='ocrx_word' id='word_1_524' title='bbox 942 1057 1001 1085; x_wconf 88' lang='lat' dir='ltr'><strong>Jam</strong></span> <span class='ocrx_word' id='word_1_525' title='bbox 1024 1057 1058 1084; x_wconf 89' lang='lat' dir='ltr'><strong>ad</strong></span> <span class='ocrx_word' id='word_1_526' title='bbox 1085 1056 1176 1084; x_wconf 84' lang='lat' dir='ltr'><strong>Briani</strong></span> <span class='ocrx_word' id='word_1_527' title='bbox 1205 1055 1327 1083; x_wconf 85' lang='lat' dir='ltr'><strong>Waltoni</strong></span> <span class='ocrx_word' id='word_1_528' title='bbox 1352 1057 1518 1090; x_wconf 72' lang='lat' dir='ltr'><strong>argumenta,</strong></span> <span class='ocrx_word' id='word_1_529' title='bbox 1539 1054 1692 1080; x_wconf 77' lang='lat' dir='ltr'><strong>veniamus.</strong></span> 
     </span>
    </p>
   </div>
   <div class='ocr_carea' id='block_1_66' title="bbox 906 1099 1693 1136">
    <p class='ocr_par' dir='ltr' id='par_1_66' title="bbox 906 1099 1693 1136">
     <span class='ocr_line' id='line_1_67' title="bbox 906 1099 1693 1136; baseline -0.01 -4"><span class='ocrx_word' id='word_1_530' title='bbox 906 1104 998 1132; x_wconf 82' lang='lat' dir='ltr'><strong>llesai.</strong></span> <span class='ocrx_word' id='word_1_531' title='bbox 1012 1112 1040 1136; x_wconf 86' lang='lat' dir='ltr'><strong>x,</strong></span> <span class='ocrx_word' id='word_1_532' title='bbox 1054 1103 1100 1135; x_wconf 72' lang='lat'><strong>29,</strong></span> <span class='ocrx_word' id='word_1_533' title='bbox 1125 1103 1159 1130; x_wconf 83' lang='lat' dir='ltr'><strong>ad</strong></span> <span class='ocrx_word' id='word_1_534' title='bbox 1184 1110 1270 1130; x_wconf 82' lang='lat' dir='ltr'><strong>vacem</strong></span> <span class='ocrx_word' id='word_1_535' title='bbox 1285 1101 1379 1136; x_wconf 83' lang='grc' dir='ltr'><strong>ἀγγαι,</strong></span> <span class='ocrx_word' id='word_1_536' title='bbox 1396 1100 1494 1135; x_wconf 87' lang='lat' dir='ltr'><strong>inquit,</strong></span> <span class='ocrx_word' id='word_1_537' title='bbox 1512 1099 1655 1134; x_wconf 64' lang='lat' dir='ltr'><strong>separatim</strong></span> <span class='ocrx_word' id='word_1_538' title='bbox 1667 1101 1693 1124; x_wconf 69' lang='lat' dir='ltr'><strong>et</strong></span> 
     </span>
    </p>
   </div>
   <div class='ocr_carea' id='block_1_67' title="bbox 908 1144 1692 1183">
    <p class='ocr_par' dir='ltr' id='par_1_67' title="bbox 908 1144 1692 1183">
     <span class='ocr_line' id='line_1_68' title="bbox 908 1144 1692 1183; baseline -0.01 -5"><span class='ocrx_word' id='word_1_539' title='bbox 908 1152 1032 1178; x_wconf 76' lang='lat' dir='ltr'><strong>distincte</strong></span> <span class='ocrx_word' id='word_1_540' title='bbox 1044 1149 1212 1176; x_wconf 78' lang='lat' dir='ltr'><strong>adducuntur</strong></span> <span class='ocrx_word' id='word_1_541' title='bbox 1229 1147 1338 1183; x_wconf 72' lang='lat' dir='ltr'><strong>(Aquila</strong></span> <span class='ocrx_word' id='word_1_542' title='bbox 1349 1167 1356 1180; x_wconf 90' lang='lat'><strong>,</strong></span> <span class='ocrx_word' id='word_1_543' title='bbox 1377 1147 1479 1182; x_wconf 81' lang='lat' dir='ltr'><strong>Symm.</strong></span> <span class='ocrx_word' id='word_1_544' title='bbox 1493 1150 1518 1172; x_wconf 82' lang='lat' dir='ltr'><strong>et</strong></span> <span class='ocrx_word' id='word_1_545' title='bbox 1539 1144 1692 1177; x_wconf 75' lang='lat' dir='ltr'><strong>Tlieodotio)</strong></span> 
     </span>
    </p>
   </div>
   <div class='ocr_carea' id='block_1_68' title="bbox 908 1192 1694 1229">
    <p class='ocr_par' dir='ltr' id='par_1_68' title="bbox 908 1192 1694 1229">
     <span class='ocr_line' id='line_1_69' title="bbox 908 1192 1694 1229; baseline -0.009 -5"><span class='ocrx_word' id='word_1_546' title='bbox 908 1199 960 1224; x_wconf 83' lang='lat' dir='ltr'><strong>imo</strong></span> <span class='ocrx_word' id='word_1_547' title='bbox 974 1203 997 1224; x_wconf 85' lang='lat' dir='ltr'><strong>et</strong></span> <span class='ocrx_word' id='word_1_548' title='bbox 1010 1195 1182 1223; x_wconf 81' lang='lat' dir='ltr'><strong>diversimode</strong></span> <span class='ocrx_word' id='word_1_549' title='bbox 1195 1195 1406 1229; x_wconf 72' lang='lat' dir='ltr'><strong>interpretantes.</strong></span> <span class='ocrx_word' id='word_1_550' title='bbox 1424 1192 1456 1219; x_wconf 87' lang='grc' dir='ltr'><strong>Θ.</strong></span> <span class='ocrx_word' id='word_1_551' title='bbox 1474 1200 1533 1218; x_wconf 86' lang='lat' dir='ltr'><strong>vero</strong></span> <span class='ocrx_word' id='word_1_552' title='bbox 1558 1192 1694 1226; x_wconf 81' lang='lat' dir='ltr'><strong>signanter</strong></span> 
     </span>
    </p>
   </div>
   <div class='ocr_carea' id='block_1_69' title="bbox 908 1237 1694 1277">
    <p class='ocr_par' dir='ltr' id='par_1_69' title="bbox 908 1237 1694 1277">
     <span class='ocr_line' id='line_1_70' title="bbox 908 1237 1694 1277; baseline -0.008 -7"><span class='ocrx_word' id='word_1_553' title='bbox 908 1252 937 1271; x_wconf 84' lang='lat' dir='ltr'><strong>eo</strong></span> <span class='ocrx_word' id='word_1_554' title='bbox 952 1243 1003 1270; x_wconf 83' lang='lat' dir='ltr'><strong>loci</strong></span> <span class='ocrx_word' id='word_1_555' title='bbox 1020 1242 1163 1277; x_wconf 74' lang='grc' dir='ltr'><strong>κατὰδυμσ.</strong></span> <span class='ocrx_word' id='word_1_556' title='bbox 1181 1241 1288 1268; x_wconf 78' lang='lat' dir='ltr'><strong>uertisse</strong></span> <span class='ocrx_word' id='word_1_557' title='bbox 1315 1239 1429 1271; x_wconf 78' lang='lat' dir='ltr'><strong>dicitur,</strong></span> <span class='ocrx_word' id='word_1_558' title='bbox 1444 1238 1531 1273; x_wconf 81' lang='lat' dir='ltr'><strong>(quod</strong></span> <span class='ocrx_word' id='word_1_559' title='bbox 1550 1237 1694 1272; x_wconf 64' lang='grc' dir='ltr'><strong>κατάλυμα</strong></span> 
     </span>
    </p>
   </div>
   <div class='ocr_carea' id='block_1_70' title="bbox 909 1281 1695 1326">
    <p class='ocr_par' dir='ltr' id='par_1_70' title="bbox 909 1281 1695 1326">
     <span class='ocr_line' id='line_1_71' title="bbox 909 1281 1695 1326; baseline -0.011 -9"><span class='ocrx_word' id='word_1_560' title='bbox 909 1290 1044 1326; x_wconf 80' lang='lat' dir='ltr'><strong>legendum</strong></span> <span class='ocrx_word' id='word_1_561' title='bbox 1061 1287 1177 1323; x_wconf 83' lang='lat' dir='ltr'><strong>potius,)</strong></span> <span class='ocrx_word' id='word_1_562' title='bbox 1197 1287 1239 1313; x_wconf 87' lang='lat' dir='ltr'><strong>cui</strong></span> <span class='ocrx_word' id='word_1_563' title='bbox 1253 1293 1313 1312; x_wconf 65' lang='lat' dir='ltr'><strong>mox</strong></span> <span class='ocrx_word' id='word_1_564' title='bbox 1328 1285 1469 1320; x_wconf 85' lang='lat' dir='ltr'><strong>apponitur</strong></span> <span class='ocrx_word' id='word_1_565' title='bbox 1478 1284 1553 1319; x_wconf 80' lang='grc' dir='ltr'><strong>ὅμως</strong></span> <span class='ocrx_word' id='word_1_566' title='bbox 1567 1283 1591 1309; x_wconf 85' lang='grc' dir='ltr'><strong>οι</strong></span> <span class='ocrx_word' id='word_1_567' title='bbox 1606 1282 1641 1309; x_wconf 87' lang='grc' dir='ltr'><strong>Γ¹.</strong></span> <span class='ocrx_word' id='word_1_568' title='bbox 1659 1281 1695 1308; x_wconf 80' lang='lat' dir='ltr'><strong>At</strong></span> 
     </span>
    </p>
   </div>
   <div class='ocr_carea' id='block_1_71' title="bbox 909 1327 1693 1367">
    <p class='ocr_par' dir='ltr' id='par_1_71' title="bbox 909 1327 1693 1367">
     <span class='ocr_line' id='line_1_72' title="bbox 909 1327 1693 1367; baseline -0.011 -4"><span class='ocrx_word' id='word_1_569' title='bbox 909 1344 968 1364; x_wconf 83' lang='lat' dir='ltr'><strong>vero</strong></span> <span class='ocrx_word' id='word_1_570' title='bbox 981 1336 1003 1362; x_wconf 88' lang='lat' dir='ltr'><strong>si</strong></span> <span class='ocrx_word' id='word_1_571' title='bbox 1013 1335 1078 1362; x_wconf 80' lang='lat' dir='ltr'><strong>dicti</strong></span> <span class='ocrx_word' id='word_1_572' title='bbox 1094 1335 1172 1361; x_wconf 87' lang='lat' dir='ltr'><strong>modo</strong></span> <span class='ocrx_word' id='word_1_573' title='bbox 1188 1334 1341 1367; x_wconf 84' lang='lat' dir='ltr'><strong>interpretes</strong></span> <span class='ocrx_word' id='word_1_574' title='bbox 1358 1331 1439 1358; x_wconf 81' lang='lat' dir='ltr'><strong>iidem</strong></span> <span class='ocrx_word' id='word_1_575' title='bbox 1452 1333 1537 1357; x_wconf 78' lang='lat' dir='ltr'><strong>essent</strong></span> <span class='ocrx_word' id='word_1_576' title='bbox 1556 1328 1600 1364; x_wconf 85' lang='lat' dir='ltr'><strong>qui</strong></span> <span class='ocrx_word' id='word_1_577' title='bbox 1617 1327 1642 1355; x_wconf 79' lang='grc' dir='ltr'>οἱ</span> <span class='ocrx_word' id='word_1_578' title='bbox 1656 1328 1693 1359; x_wconf 74' lang='lat'><strong>1&quot;,</strong></span> 
     </span>
    </p>
   </div>
   <div class='ocr_carea' id='block_1_72' title="bbox 909 1377 1695 1417">
    <p class='ocr_par' dir='ltr' id='par_1_72' title="bbox 909 1377 1695 1417">
     <span class='ocr_line' id='line_1_73' title="bbox 909 1377 1695 1417; baseline -0.011 -8"><span class='ocrx_word' id='word_1_579' title='bbox 909 1386 977 1409; x_wconf 80' lang='lat' dir='ltr'><strong>certe</strong></span> <span class='ocrx_word' id='word_1_580' title='bbox 987 1381 1055 1417; x_wconf 79' lang='lat' dir='ltr'><strong>quod</strong></span> <span class='ocrx_word' id='word_1_581' title='bbox 1069 1380 1237 1415; x_wconf 85' lang='lat' dir='ltr'><strong>subjungitur</strong></span> <span class='ocrx_word' id='word_1_582' title='bbox 1252 1380 1326 1414; x_wconf 81' lang='grc' dir='ltr'><strong>ὅμως</strong></span> <span class='ocrx_word' id='word_1_583' title='bbox 1338 1379 1362 1404; x_wconf 82' lang='grc' dir='ltr'><strong>οἱ</strong></span> <span class='ocrx_word' id='word_1_584' title='bbox 1375 1377 1412 1410; x_wconf 72' lang='lat'><strong>1&quot;,</strong></span> <span class='ocrx_word' id='word_1_585' title='bbox 1434 1385 1486 1403; x_wconf 84' lang='lat' dir='ltr'><strong>non</strong></span> <span class='ocrx_word' id='word_1_586' title='bbox 1505 1377 1591 1402; x_wconf 81' lang='lat' dir='ltr'><strong>minus</strong></span> <span class='ocrx_word' id='word_1_587' title='bbox 1612 1382 1695 1408; x_wconf 84' lang='lat' dir='ltr'><strong>nuga-</strong></span> 
     </span>
    </p>
   </div>
   <div class='ocr_carea' id='block_1_73' title="bbox 909 1418 1694 1460">
    <p class='ocr_par' dir='ltr' id='par_1_73' title="bbox 909 1418 1694 1460">
     <span class='ocr_line' id='line_1_74' title="bbox 909 1418 1694 1460; baseline -0.013 -6"><span class='ocrx_word' id='word_1_588' title='bbox 909 1427 974 1454; x_wconf 81' lang='lat' dir='ltr'><strong>citer</strong></span> <span class='ocrx_word' id='word_1_589' title='bbox 986 1431 1010 1453; x_wconf 84' lang='lat' dir='ltr'><strong>et</strong></span> <span class='ocrx_word' id='word_1_590' title='bbox 1025 1426 1110 1460; x_wconf 81' lang='lat' dir='ltr'><strong>inepte</strong></span> <span class='ocrx_word' id='word_1_591' title='bbox 1125 1424 1277 1455; x_wconf 73' lang='lat' dir='ltr'><strong>adderetur,</strong></span> <span class='ocrx_word' id='word_1_592' title='bbox 1294 1430 1371 1458; x_wconf 86' lang='lat' dir='ltr'><strong>quum</strong></span> <span class='ocrx_word' id='word_1_593' title='bbox 1388 1423 1410 1448; x_wconf 78' lang='lat' dir='ltr'><strong>si</strong></span> <span class='ocrx_word' id='word_1_594' title='bbox 1425 1421 1483 1456; x_wconf 79' lang='lat' dir='ltr'><strong>quis</strong></span> <span class='ocrx_word' id='word_1_595' title='bbox 1502 1421 1613 1450; x_wconf 79' lang='lat' dir='ltr'><strong>diceret,</strong></span> <span class='ocrx_word' id='word_1_596' title='bbox 1633 1418 1694 1445; x_wconf 78' lang='lat' dir='ltr'><strong>Clo-</strong></span> 
     </span>
    </p>
   </div>
   <div class='ocr_carea' id='block_1_74' title="bbox 911 1465 1694 1505">
    <p class='ocr_par' dir='ltr' id='par_1_74' title="bbox 911 1465 1694 1505">
     <span class='ocr_line' id='line_1_75' title="bbox 911 1465 1694 1505; baseline -0.011 -5"><span class='ocrx_word' id='word_1_597' title='bbox 911 1473 964 1505; x_wconf 83' lang='lat' dir='ltr'><strong>tho,</strong></span> <span class='ocrx_word' id='word_1_598' title='bbox 983 1472 1111 1499; x_wconf 69' lang='lat' dir='ltr'><strong>Lachesin</strong></span> <span class='ocrx_word' id='word_1_599' title='bbox 1124 1476 1147 1498; x_wconf 90' lang='lat' dir='ltr'><strong>et</strong></span> <span class='ocrx_word' id='word_1_600' title='bbox 1163 1471 1290 1504; x_wconf 83' lang='lat' dir='ltr'><strong>Atropon,</strong></span> <span class='ocrx_word' id='word_1_601' title='bbox 1307 1469 1441 1496; x_wconf 81' lang='lat' dir='ltr'><strong>imminere</strong></span> <span class='ocrx_word' id='word_1_602' title='bbox 1452 1467 1559 1494; x_wconf 85' lang='lat' dir='ltr'><strong>stamini</strong></span> <span class='ocrx_word' id='word_1_603' title='bbox 1573 1466 1634 1493; x_wconf 69' lang='lat' dir='ltr'><strong>vita</strong></span> <span class='ocrx_word' id='word_1_604' title='bbox 1645 1465 1694 1491; x_wconf 84' lang='lat' dir='ltr'><strong>Im-</strong></span> 
     </span>
    </p>
   </div>
   <div class='ocr_carea' id='block_1_75' title="bbox 911 1512 1694 1554">
    <p class='ocr_par' dir='ltr' id='par_1_75' title="bbox 911 1512 1694 1554">
     <span class='ocr_line' id='line_1_76' title="bbox 911 1512 1694 1554; baseline -0.011 -8"><span class='ocrx_word' id='word_1_605' title='bbox 911 1527 1006 1551; x_wconf 65' lang='lat' dir='ltr'><strong>manis,</strong></span> <span class='ocrx_word' id='word_1_606' title='bbox 1023 1519 1086 1554; x_wconf 84' lang='lat' dir='ltr'><strong>quin</strong></span> <span class='ocrx_word' id='word_1_607' title='bbox 1104 1518 1185 1544; x_wconf 84' lang='lat' dir='ltr'><strong>etiam</strong></span> <span class='ocrx_word' id='word_1_608' title='bbox 1205 1521 1229 1543; x_wconf 87' lang='lat' dir='ltr'><strong>et</strong></span> <span class='ocrx_word' id='word_1_609' title='bbox 1242 1521 1292 1543; x_wconf 85' lang='lat' dir='ltr'><strong>tres</strong></span> <span class='ocrx_word' id='word_1_610' title='bbox 1308 1516 1408 1543; x_wconf 77' lang='lat' dir='ltr'><strong>Parcas</strong></span> <span class='ocrx_word' id='word_1_611' title='bbox 1430 1515 1477 1541; x_wconf 83' lang='lat' dir='ltr'><strong>hoc</strong></span> <span class='ocrx_word' id='word_1_612' title='bbox 1489 1514 1575 1548; x_wconf 81' lang='lat' dir='ltr'><strong>ipsum</strong></span> <span class='ocrx_word' id='word_1_613' title='bbox 1588 1512 1694 1547; x_wconf 71' lang='lat' dir='ltr'><strong>facere;</strong></span> 
     </span>
    </p>
   </div>
   <div class='ocr_carea' id='block_1_76' title="bbox 913 1559 1695 1600">
    <p class='ocr_par' dir='ltr' id='par_1_76' title="bbox 913 1559 1695 1600">
     <span class='ocr_line' id='line_1_77' title="bbox 913 1559 1695 1600; baseline -0.013 -8"><span class='ocrx_word' id='word_1_614' title='bbox 913 1566 1019 1600; x_wconf 70' lang='lat' dir='ltr'><strong>fuerunt</strong></span> <span class='ocrx_word' id='word_1_615' title='bbox 1034 1572 1094 1599; x_wconf 85' lang='lat' dir='ltr'><strong>ergo</strong></span> <span class='ocrx_word' id='word_1_616' title='bbox 1111 1563 1157 1590; x_wconf 76' lang='lat' dir='ltr'><strong>alii</strong></span> <span class='ocrx_word' id='word_1_617' title='bbox 1168 1567 1192 1590; x_wconf 84' lang='lat' dir='ltr'><strong>et</strong></span> <span class='ocrx_word' id='word_1_618' title='bbox 1203 1562 1262 1595; x_wconf 80' lang='lat' dir='ltr'><strong>alii,</strong></span> <span class='ocrx_word' id='word_1_619' title='bbox 1276 1570 1325 1589; x_wconf 85' lang='lat' dir='ltr'><strong>non</strong></span> <span class='ocrx_word' id='word_1_620' title='bbox 1340 1561 1426 1587; x_wconf 79' lang='lat' dir='ltr'><strong>minus</strong></span> <span class='ocrx_word' id='word_1_621' title='bbox 1440 1568 1456 1587; x_wconf 89' lang='lat' dir='ltr'><strong>a</strong></span> <span class='ocrx_word' id='word_1_622' title='bbox 1467 1561 1524 1591; x_wconf 67' lang='grc' dir='ltr'><strong>τοῖς</strong></span> <span class='ocrx_word' id='word_1_623' title='bbox 1541 1559 1565 1584; x_wconf 87' lang='grc' dir='ltr'><strong>Γ¹</strong></span> <span class='ocrx_word' id='word_1_624' title='bbox 1581 1565 1661 1593; x_wconf 63' lang='lat' dir='ltr'><strong>quam</strong></span> <span class='ocrx_word' id='word_1_625' title='bbox 1679 1565 1695 1582; x_wconf 85' lang='grc' dir='ltr'>α</span> 
     </span>
    </p>
   </div>
   <div class='ocr_carea' id='block_1_77' title="bbox 912 1608 1174 1638">
    <p class='ocr_par' dir='ltr' id='par_1_77' title="bbox 912 1608 1174 1638">
     <span class='ocr_line' id='line_1_78' title="bbox 912 1608 1174 1638; baseline -0.004 0"><span class='ocrx_word' id='word_1_626' title='bbox 912 1619 939 1638; x_wconf 85' lang='lat' dir='ltr'><strong>se</strong></span> <span class='ocrx_word' id='word_1_627' title='bbox 947 1608 1056 1637; x_wconf 75' lang='lat' dir='ltr'><strong>invicem</strong></span> <span class='ocrx_word' id='word_1_628' title='bbox 1068 1609 1174 1638; x_wconf 77' lang='lat' dir='ltr'><strong>diversi.</strong></span> 
     </span>
    </p>
   </div>
   <div class='ocr_carea' id='block_1_78' title="bbox 946 1650 1694 1691">
    <p class='ocr_par' dir='ltr' id='par_1_78' title="bbox 946 1650 1694 1691">
     <span class='ocr_line' id='line_1_79' title="bbox 946 1650 1694 1691; baseline -0.013 -7"><span class='ocrx_word' id='word_1_629' title='bbox 946 1655 982 1684; x_wconf 82' lang='lat' dir='ltr'><strong>Ut</strong></span> <span class='ocrx_word' id='word_1_630' title='bbox 1009 1655 1181 1691; x_wconf 40' lang='lat' dir='ltr'><strong>propositam.</strong></span> <span class='ocrx_word' id='word_1_631' title='bbox 1199 1653 1387 1682; x_wconf 80' lang='lat' dir='ltr'><strong>difficultatem</strong></span> <span class='ocrx_word' id='word_1_632' title='bbox 1415 1651 1522 1679; x_wconf 85' lang='lat' dir='ltr'><strong>facilius</strong></span> <span class='ocrx_word' id='word_1_633' title='bbox 1551 1650 1694 1684; x_wconf 76' lang='lat' dir='ltr'><strong>intenigas,</strong></span> 
     </span>
    </p>
   </div>
   <div class='ocr_carea' id='block_1_79' title="bbox 913 1693 1707 1736">
    <p class='ocr_par' dir='ltr' id='par_1_79' title="bbox 913 1693 1707 1736">
     <span class='ocr_line' id='line_1_80' title="bbox 913 1693 1707 1736; baseline -0.014 -6"><span class='ocrx_word' id='word_1_634' title='bbox 913 1703 1041 1730; x_wconf 76' lang='lat' dir='ltr'><strong>observes</strong></span> <span class='ocrx_word' id='word_1_635' title='bbox 1056 1705 1172 1736; x_wconf 90' lang='lat' dir='ltr'><strong>oportet,</strong></span> <span class='ocrx_word' id='word_1_636' title='bbox 1186 1699 1229 1733; x_wconf 87' lang='lat' dir='ltr'><strong>hic</strong></span> <span class='ocrx_word' id='word_1_637' title='bbox 1242 1700 1269 1727; x_wconf 90' lang='lat' dir='ltr'><strong>in</strong></span> <span class='ocrx_word' id='word_1_638' title='bbox 1287 1703 1360 1726; x_wconf 81' lang='lat' dir='ltr'><strong>textu</strong></span> <span class='ocrx_word' id='word_1_639' title='bbox 1374 1697 1476 1725; x_wconf 89' lang='lat' dir='ltr'><strong>codicis</strong></span> <span class='ocrx_word' id='word_1_640' title='bbox 1492 1693 1667 1722; x_wconf 85' lang='lat' dir='ltr'><strong>Marchaliani</strong></span> <span class='ocrx_word' id='word_1_641' title='bbox 1680 1700 1707 1722; x_wconf 7' lang='lat' dir='ltr'><strong>at</strong></span> 
     </span>
    </p>
   </div>
   <div class='ocr_carea' id='block_1_80' title="bbox 914 1739 1698 1783">
    <p class='ocr_par' dir='ltr' id='par_1_80' title="bbox 914 1739 1698 1783">
     <span class='ocr_line' id='line_1_81' title="bbox 914 1739 1698 1783; baseline -0.017 -6"><span class='ocrx_word' id='word_1_642' title='bbox 914 1749 1039 1777; x_wconf 82' lang='lat' dir='ltr'><strong>Curlerio</strong></span> <span class='ocrx_word' id='word_1_643' title='bbox 1054 1749 1120 1776; x_wconf 81' lang='lat' dir='ltr'><strong>editi</strong></span> <span class='ocrx_word' id='word_1_644' title='bbox 1134 1747 1197 1783; x_wconf 81' lang='lat' dir='ltr'><strong>legi,</strong></span> <span class='ocrx_word' id='word_1_645' title='bbox 1211 1746 1266 1773; x_wconf 75' lang='grc' dir='ltr'><strong>Καὶ</strong></span> <span class='ocrx_word' id='word_1_646' title='bbox 1282 1745 1341 1781; x_wconf 74' lang='grc' dir='ltr'><strong>ἥξει</strong></span> <span class='ocrx_word' id='word_1_647' title='bbox 1357 1745 1396 1776; x_wconf 77' lang='grc' dir='ltr'><strong>εἰς</strong></span> <span class='ocrx_word' id='word_1_648' title='bbox 1426 1743 1532 1778; x_wconf 73' lang='grc' dir='ltr'><strong>’Δγγα1.</strong></span> <span class='ocrx_word' id='word_1_649' title='bbox 1552 1740 1635 1772; x_wconf 80' lang='grc' dir='ltr'>Φόϐος</span> <span class='ocrx_word' id='word_1_650' title='bbox 1650 1739 1698 1774; x_wconf 80' lang='grc' dir='ltr'><strong>λή-</strong></span> 
     </span>
    </p>
   </div>
   <div class='ocr_carea' id='block_1_81' title="bbox 913 1788 1697 1830">
    <p class='ocr_par' dir='ltr' id='par_1_81' title="bbox 913 1788 1697 1830">
     <span class='ocr_line' id='line_1_82' title="bbox 913 1788 1697 1830; baseline -0.015 -7"><span class='ocrx_word' id='word_1_651' title='bbox 913 1796 993 1830; x_wconf 73' lang='grc' dir='ltr'>ψεται</span> <span class='ocrx_word' id='word_1_652' title='bbox 1017 1795 1107 1830; x_wconf 79' lang='grc' dir='ltr'><strong>Ῥαμὰ</strong></span> <span class='ocrx_word' id='word_1_653' title='bbox 1125 1793 1202 1820; x_wconf 83' lang='grc' dir='ltr'>πόλιν</span> <span class='ocrx_word' id='word_1_654' title='bbox 1224 1792 1324 1819; x_wconf 79' lang='grc' dir='ltr'><strong>Σαούλ·</strong></span> <span class='ocrx_word' id='word_1_655' title='bbox 1345 1790 1470 1825; x_wconf 81' lang='grc' dir='ltr'><strong>φεύξεται</strong></span> <span class='ocrx_word' id='word_1_656' title='bbox 1487 1788 1619 1822; x_wconf 77' lang='grc' dir='ltr'><strong>θυγάτηρ,</strong></span> <span class='ocrx_word' id='word_1_657' title='bbox 1643 1790 1697 1812; x_wconf 84' lang='lat' dir='ltr'><strong>etc.</strong></span> 
     </span>
    </p>
   </div>
   <div class='ocr_carea' id='block_1_82' title="bbox 915 1833 1698 1876">
    <p class='ocr_par' dir='ltr' id='par_1_82' title="bbox 915 1833 1698 1876">
     <span class='ocr_line' id='line_1_83' title="bbox 915 1833 1698 1876; baseline -0.013 -8"><span class='ocrx_word' id='word_1_658' title='bbox 915 1842 942 1868; x_wconf 88' lang='lat' dir='ltr'><strong>In</strong></span> <span class='ocrx_word' id='word_1_659' title='bbox 961 1841 1082 1876; x_wconf 76' lang='lat' dir='ltr'><strong>margine</strong></span> <span class='ocrx_word' id='word_1_660' title='bbox 1096 1833 1207 1867; x_wconf 65' lang='lat' dir='ltr'><strong>vero‘ad</strong></span> <span class='ocrx_word' id='word_1_661' title='bbox 1224 1845 1317 1866; x_wconf 86' lang='lat' dir='ltr'><strong>vocem</strong></span> <span class='ocrx_word' id='word_1_662' title='bbox 1341 1836 1447 1871; x_wconf 74' lang='grc' dir='ltr'><strong>Ἀγγαί,</strong></span> <span class='ocrx_word' id='word_1_663' title='bbox 1469 1835 1517 1862; x_wconf 89' lang='lat' dir='ltr'><strong>has</strong></span> <span class='ocrx_word' id='word_1_664' title='bbox 1536 1838 1614 1861; x_wconf 84' lang='lat' dir='ltr'><strong>notas</strong></span> <span class='ocrx_word' id='word_1_665' title='bbox 1632 1839 1698 1859; x_wconf 92' lang='lat' dir='ltr'><strong>con-</strong></span> 
     </span>
    </p>
   </div>
   <div class='ocr_carea' id='block_1_83' title="bbox 915 1886 1138 1923">
    <p class='ocr_par' dir='ltr' id='par_1_83' title="bbox 915 1886 1138 1923">
     <span class='ocr_line' id='line_1_84' title="bbox 915 1886 1138 1923; baseline -0.022 -6"><span class='ocrx_word' id='word_1_666' title='bbox 915 1892 1061 1923; x_wconf 81' lang='lat' dir='ltr'><strong>sequenter</strong></span> <span class='ocrx_word' id='word_1_667' title='bbox 1075 1886 1138 1921; x_wconf 81' lang='lat' dir='ltr'><strong>legi.</strong></span> 
     </span>
    </p>
   </div>
   <div class='ocr_carea' id='block_1_84' title="bbox 1021 1931 1298 1963">
    <p class='ocr_par' dir='ltr' id='par_1_84' title="bbox 1021 1931 1298 1963">
     <span class='ocr_line' id='line_1_85' title="bbox 1021 1931 1298 1963; baseline -0.014 -2"><span class='ocrx_word' id='word_1_668' title='bbox 1021 1935 1053 1963; x_wconf 72' lang='grc' dir='ltr'><strong>Α.</strong></span> <span class='ocrx_word' id='word_1_669' title='bbox 1068 1931 1298 1959; x_wconf 79' lang='grc' dir='ltr'><strong>ΑΥΛΙΣΤΗΡΙΟΝ</strong></span> 
     </span>
    </p>
   </div>
   <div class='ocr_carea' id='block_1_85' title="bbox 1022 1977 1240 2007">
    <p class='ocr_par' dir='ltr' id='par_1_85' title="bbox 1022 1977 1240 2007">
     <span class='ocr_line' id='line_1_86' title="bbox 1022 1977 1240 2007; baseline -0.014 -2"><span class='ocrx_word' id='word_1_670' title='bbox 1022 1980 1049 2007; x_wconf 91' lang='grc' dir='ltr'>Σ.</span> <span class='ocrx_word' id='word_1_671' title='bbox 1066 1977 1240 2005; x_wconf 77' lang='grc' dir='ltr'><strong>ΑΥΛΙΣΜΟΣ</strong></span> 
     </span>
    </p>
   </div>
   <div class='ocr_carea' id='block_1_86' title="bbox 1021 2021 1370 2054">
    <p class='ocr_par' dir='ltr' id='par_1_86' title="bbox 1021 2021 1370 2054">
     <span class='ocr_line' id='line_1_87' title="bbox 1021 2021 1370 2054; baseline -0.017 -1"><span class='ocrx_word' id='word_1_672' title='bbox 1021 2027 1051 2054; x_wconf 79' lang='grc' dir='ltr'><strong>Β.</strong></span> <span class='ocrx_word' id='word_1_673' title='bbox 1070 2024 1260 2052; x_wconf 81' lang='grc' dir='ltr'><strong>ΚΑΤΑΛΥΜΑ</strong></span> <span class='ocrx_word' id='word_1_674' title='bbox 1279 2021 1370 2049; x_wconf 81' lang='grc' dir='ltr'><strong>ΟΜΩΣ</strong></span> 
     </span>
    </p>
   </div>
   <div class='ocr_carea' id='block_1_87' title="bbox 1022 2072 1096 2100">
    <p class='ocr_par' dir='ltr' id='par_1_87' title="bbox 1022 2072 1096 2100">
     <span class='ocr_line' id='line_1_88' title="bbox 1022 2072 1096 2100; baseline -0.027 0"><span class='ocrx_word' id='word_1_675' title='bbox 1022 2074 1054 2100; x_wconf 88' lang='grc'>01</span> <span class='ocrx_word' id='word_1_676' title='bbox 1067 2072 1096 2098; x_wconf 86' lang='grc' dir='ltr'><strong>Γ.</strong></span> 
     </span>
    </p>
   </div>
   <div class='ocr_carea' id='block_1_88' title="bbox 1023 2114 1347 2153">
    <p class='ocr_par' dir='ltr' id='par_1_88' title="bbox 1023 2114 1347 2153">
     <span class='ocr_line' id='line_1_89' title="bbox 1023 2114 1347 2153; baseline -0.009 -8"><span class='ocrx_word' id='word_1_677' title='bbox 1023 2121 1056 2153; x_wconf 55' lang='grc' dir='ltr'><strong>ζεῖ(</strong></span> <span class='ocrx_word' id='word_1_678' title='bbox 1071 2115 1291 2145; x_wconf 79' lang='grc' dir='ltr'><strong>ΧΡΕΜΕΤῙΣΟΝ</strong></span> <span class='ocrx_word' id='word_1_679' title='bbox 1304 2114 1347 2142; x_wconf 75' lang='grc' dir='ltr'><strong>ΦΩ</strong></span> 
     </span>
    </p>
   </div>
   <div class='ocr_carea' id='block_1_89' title="bbox 1023 2164 1176 2192">
    <p class='ocr_par' dir='ltr' id='par_1_89' title="bbox 1023 2164 1176 2192">
     <span class='ocr_line' id='line_1_90' title="bbox 1023 2164 1176 2192; baseline -0.013 0"><span class='ocrx_word' id='word_1_680' title='bbox 1023 2165 1096 2192; x_wconf 81' lang='grc' dir='ltr'><strong>ΝΗΝ</strong></span> <span class='ocrx_word' id='word_1_681' title='bbox 1111 2164 1176 2191; x_wconf 85' lang='grc' dir='ltr'><strong>ΣΟΥ</strong></span> 
     </span>
    </p>
   </div>
   <div class='ocr_carea' id='block_1_90' title="bbox 74 2201 853 2252">
    <p class='ocr_par' dir='ltr' id='par_1_90' title="bbox 74 2201 852 2252">
     <span class='ocr_line' id='line_1_91' title="bbox 74 2201 852 2252; baseline 0 -9"><span class='ocrx_word' id='word_1_682' title='bbox 74 2227 83 2242; x_wconf 80' lang='grc' dir='ltr'><strong>ι</strong></span> <span class='ocrx_word' id='word_1_683' title='bbox 99 2201 335 2252; x_wconf 18' lang='grc' dir='ltr'><strong>Ιίηςιιαιηνγηανῖδ</strong></span> <span class='ocrx_word' id='word_1_684' title='bbox 354 2201 502 2251; x_wconf 38' lang='grc' dir='ltr'><strong>[Εεῃιριίῖν</strong></span> <span class='ocrx_word' id='word_1_685' title='bbox 529 2216 562 2243; x_wconf 86' lang='grc' dir='ltr'><strong>Ει</strong></span> <span class='ocrx_word' id='word_1_686' title='bbox 591 2216 694 2244; x_wconf 75' lang='lat' dir='ltr'><strong>llesaicc</strong></span> <span class='ocrx_word' id='word_1_687' title='bbox 721 2224 784 2249; x_wconf 78' lang='lat' dir='ltr'><strong>LIV,</strong></span> <span class='ocrx_word' id='word_1_688' title='bbox 819 2215 852 2243; x_wconf 83' lang='grc'>16</span> 
     </span>
    </p>
   </div>
   <div class='ocr_carea' id='block_1_91' title="bbox 913 2201 1701 2252">
    <p class='ocr_par' dir='ltr' id='par_1_91' title="bbox 952 2201 1701 2246">
     <span class='ocr_line' id='line_1_92' title="bbox 952 2201 1701 2246; baseline -0.015 -7"><span class='ocrx_word' id='word_1_689' title='bbox 952 2211 1002 2239; x_wconf 81' lang='lat' dir='ltr'><strong>llic</strong></span> <span class='ocrx_word' id='word_1_690' title='bbox 1026 2211 1047 2238; x_wconf 91' lang='lat' dir='ltr'><strong>si</strong></span> <span class='ocrx_word' id='word_1_691' title='bbox 1065 2211 1138 2246; x_wconf 80' lang='grc' dir='ltr'><strong>ὅμως</strong></span> <span class='ocrx_word' id='word_1_692' title='bbox 1149 2210 1173 2236; x_wconf 78' lang='grc' dir='ltr'><strong>οἱ</strong></span> <span class='ocrx_word' id='word_1_693' title='bbox 1187 2209 1212 2235; x_wconf 86' lang='grc' dir='ltr'><strong>Γ¹</strong></span> <span class='ocrx_word' id='word_1_694' title='bbox 1225 2225 1234 2244; x_wconf 47' lang='grc' dir='ltr'>κ</span> <span class='ocrx_word' id='word_1_695' title='bbox 1246 2215 1302 2243; x_wconf 78' lang='lat' dir='ltr'><strong>.ege</strong></span> <span class='ocrx_word' id='word_1_696' title='bbox 1322 2205 1420 2242; x_wconf 75' lang='grc' dir='ltr'>ὁμοίως</span> <span class='ocrx_word' id='word_1_697' title='bbox 1440 2204 1464 2231; x_wconf 80' lang='grc' dir='ltr'>οἱ</span> <span class='ocrx_word' id='word_1_698' title='bbox 1486 2204 1531 2238; x_wconf 86' lang='grc' dir='ltr'><strong>Γ’)</strong></span> <span class='ocrx_word' id='word_1_699' title='bbox 1546 2201 1701 2230; x_wconf 85' lang='lat' dir='ltr'><strong>necessario</strong></span> 
     </span>
    </p>
   </div>
   <div class='ocr_carea' id='block_1_92' title="bbox 72 2262 864 2297">
    <p class='ocr_par' dir='ltr' id='par_1_92' title="bbox 72 2262 864 2297">
     <span class='ocr_line' id='line_1_93' title="bbox 72 2262 864 2297; baseline 0 -8"><span class='ocrx_word' id='word_1_700' title='bbox 72 2269 153 2296; x_wconf 73' lang='lat' dir='ltr'><strong>m,</strong></span> <span class='ocrx_word' id='word_1_701' title='bbox 176 2263 241 2289; x_wconf 87' lang='lat' dir='ltr'><strong>cod.</strong></span> <span class='ocrx_word' id='word_1_702' title='bbox 258 2262 390 2289; x_wconf 84' lang='lat' dir='ltr'><strong>Marchal.</strong></span> <span class='ocrx_word' id='word_1_703' title='bbox 413 2262 444 2289; x_wconf 81' lang='lat' dir='ltr'><strong>Oi</strong></span> <span class='ocrx_word' id='word_1_704' title='bbox 471 2263 564 2294; x_wconf 76' lang='grc' dir='ltr'><strong>Γ¹,ἐν</strong></span> <span class='ocrx_word' id='word_1_705' title='bbox 577 2263 665 2297; x_wconf 81' lang='grc' dir='ltr'><strong>πυρί’</strong></span> <span class='ocrx_word' id='word_1_706' title='bbox 692 2263 802 2297; x_wconf 86' lang='lat' dir='ltr'><strong>quinam</strong></span> <span class='ocrx_word' id='word_1_707' title='bbox 827 2263 864 2289; x_wconf 92' lang='lat' dir='ltr'><strong>illi</strong></span> 
     </span>
    </p>
   </div>
   <div class='ocr_carea' id='block_1_93' title="bbox 73 2308 866 2344">
    <p class='ocr_par' dir='ltr' id='par_1_93' title="bbox 73 2308 866 2344">
     <span class='ocr_line' id='line_1_94' title="bbox 73 2308 866 2344; baseline 0.003 -9"><span class='ocrx_word' id='word_1_708' title='bbox 73 2314 127 2336; x_wconf 85' lang='lat' dir='ltr'><strong>tres</strong></span> <span class='ocrx_word' id='word_1_709' title='bbox 145 2309 201 2336; x_wconf 86' lang='lat' dir='ltr'><strong>nisi</strong></span> <span class='ocrx_word' id='word_1_710' title='bbox 220 2309 265 2341; x_wconf 87' lang='lat' dir='ltr'><strong>A.,</strong></span> <span class='ocrx_word' id='word_1_711' title='bbox 281 2309 323 2340; x_wconf 91' lang='lat'><strong>2.,</strong></span> <span class='ocrx_word' id='word_1_712' title='bbox 337 2308 392 2335; x_wconf 77' lang='lat'><strong>8.?</strong></span> <span class='ocrx_word' id='word_1_713' title='bbox 407 2316 469 2335; x_wconf 89' lang='lat' dir='ltr'><strong>nam</strong></span> <span class='ocrx_word' id='word_1_714' title='bbox 487 2309 624 2344; x_wconf 91' lang='lat' dir='ltr'><strong>quomodo</strong></span> <span class='ocrx_word' id='word_1_715' title='bbox 638 2308 682 2342; x_wconf 82' lang='lat' dir='ltr'><strong>A.,</strong></span> <span class='ocrx_word' id='word_1_716' title='bbox 694 2309 736 2341; x_wconf 84' lang='lat'><strong>2.,</strong></span> <span class='ocrx_word' id='word_1_717' title='bbox 749 2308 866 2341; x_wconf 40' lang='lat' dir='ltr'><strong>eum:</strong></span> 
     </span>
    </p>
   </div>
   <div class='ocr_carea' id='block_1_94' title="bbox 74 2354 864 2390">
    <p class='ocr_par' dir='ltr' id='par_1_94' title="bbox 74 2354 864 2390">
     <span class='ocr_line' id='line_1_95' title="bbox 74 2354 864 2390; baseline 0 -9"><span class='ocrx_word' id='word_1_718' title='bbox 74 2359 180 2382; x_wconf 84' lang='lat' dir='ltr'><strong>vertere</strong></span> <span class='ocrx_word' id='word_1_719' title='bbox 195 2355 346 2390; x_wconf 88' lang='lat' dir='ltr'><strong>potuerint,</strong></span> <span class='ocrx_word' id='word_1_720' title='bbox 360 2355 411 2382; x_wconf 86' lang='lat' dir='ltr'><strong>nisi</strong></span> <span class='ocrx_word' id='word_1_721' title='bbox 424 2356 454 2381; x_wconf 79' lang='grc' dir='ltr'><strong>ἐν</strong></span> <span class='ocrx_word' id='word_1_722' title='bbox 470 2354 554 2390; x_wconf 66' lang='lat' dir='ltr'><strong>napi?</strong></span> <span class='ocrx_word' id='word_1_723' title='bbox 566 2354 638 2382; x_wconf 87' lang='lat' dir='ltr'><strong>Idem</strong></span> <span class='ocrx_word' id='word_1_724' title='bbox 656 2355 732 2382; x_wconf 87' lang='lat' dir='ltr'><strong>dicas</strong></span> <span class='ocrx_word' id='word_1_725' title='bbox 743 2362 803 2389; x_wconf 90' lang='lat' dir='ltr'><strong>cap.</strong></span> <span class='ocrx_word' id='word_1_726' title='bbox 822 2363 864 2386; x_wconf 84' lang='lat' dir='ltr'><strong>LV,</strong></span> 
     </span>
    </p>
   </div>
   <div class='ocr_carea' id='block_1_95' title="bbox 78 2399 863 2444">
    <p class='ocr_par' dir='ltr' id='par_1_95' title="bbox 78 2399 863 2444">
     <span class='ocr_line' id='line_1_96' title="bbox 78 2399 863 2444; baseline 0.001 -18"><span class='ocrx_word' id='word_1_727' title='bbox 78 2399 102 2432; x_wconf 86' lang='grc' dir='ltr'>Ι,</span> <span class='ocrx_word' id='word_1_728' title='bbox 123 2400 169 2427; x_wconf 90' lang='lat' dir='ltr'><strong>ubi</strong></span> <span class='ocrx_word' id='word_1_729' title='bbox 184 2403 218 2443; x_wconf 67' lang='grc' dir='ltr'><strong>ῖἽἿ</strong></span> <span class='ocrx_word' id='word_1_730' title='bbox 233 2401 258 2426; x_wconf 69' lang='grc' dir='ltr'><strong>οἱ</strong></span> <span class='ocrx_word' id='word_1_731' title='bbox 286 2401 312 2426; x_wconf 83' lang='grc' dir='ltr'><strong>Γ¹</strong></span> <span class='ocrx_word' id='word_1_732' title='bbox 331 2399 412 2428; x_wconf 79' lang='grc' dir='ltr'>οἶνον.</span> <span class='ocrx_word' id='word_1_733' title='bbox 434 2399 468 2444; x_wconf 57' lang='lat' dir='ltr'><strong>lit</strong></span> <span class='ocrx_word' id='word_1_734' title='bbox 482 2400 546 2427; x_wconf 89' lang='lat' dir='ltr'><strong>ibid.</strong></span> <span class='ocrx_word' id='word_1_735' title='bbox 560 2409 587 2426; x_wconf 91' lang='lat' dir='ltr'><strong>v.</strong></span> <span class='ocrx_word' id='word_1_736' title='bbox 606 2401 632 2433; x_wconf 83' lang='lat'><strong>5,</strong></span> <span class='ocrx_word' id='word_1_737' title='bbox 646 2404 696 2444; x_wconf 68' lang='grc' dir='ltr'><strong>ῘΠ,</strong></span> <span class='ocrx_word' id='word_1_738' title='bbox 712 2401 736 2427; x_wconf 76' lang='lat'><strong>0’.</strong></span> <span class='ocrx_word' id='word_1_739' title='bbox 751 2400 776 2426; x_wconf 92' lang='grc' dir='ltr'><strong>Γ¹</strong></span> <span class='ocrx_word' id='word_1_740' title='bbox 790 2401 863 2427; x_wconf 72' lang='grc' dir='ltr'><strong>ἰδού·</strong></span> 
     </span>
    </p>
   </div>
   <div class='ocr_carea' id='block_1_96' title="bbox 74 2437 868 2481">
    <p class='ocr_par' dir='ltr' id='par_1_96' title="bbox 74 2437 868 2481">
     <span class='ocr_line' id='line_1_97' title="bbox 74 2437 868 2481; baseline 0.003 -9"><span class='ocrx_word' id='word_1_741' title='bbox 74 2451 100 2472; x_wconf 91' lang='lat' dir='ltr'><strong>et</strong></span> <span class='ocrx_word' id='word_1_742' title='bbox 111 2454 174 2481; x_wconf 87' lang='lat' dir='ltr'><strong>cap.</strong></span> <span class='ocrx_word' id='word_1_743' title='bbox 188 2437 251 2480; x_wconf 75' lang='grc' dir='ltr'><strong>ἰνι,</strong></span> <span class='ocrx_word' id='word_1_744' title='bbox 271 2447 321 2478; x_wconf 87' lang='lat' dir='ltr'><strong>l0,</strong></span> <span class='ocrx_word' id='word_1_745' title='bbox 336 2451 393 2478; x_wconf 65' lang='lat' dir='ltr'><strong>Tm</strong></span> <span class='ocrx_word' id='word_1_746' title='bbox 415 2437 462 2477; x_wconf 63' lang='lat' dir='ltr'><strong>N5.</strong></span> <span class='ocrx_word' id='word_1_747' title='bbox 480 2447 505 2473; x_wconf 77' lang='grc' dir='ltr'><strong>οἱ</strong></span> <span class='ocrx_word' id='word_1_748' title='bbox 526 2447 565 2478; x_wconf 79' lang='lat' dir='ltr'><strong>l&quot;,</strong></span> <span class='ocrx_word' id='word_1_749' title='bbox 586 2437 815 2481; x_wconf 70' lang='grc' dir='ltr'><strong>οὺκ’ἕγνωσων·</strong></span> <span class='ocrx_word' id='word_1_750' title='bbox 840 2451 868 2474; x_wconf 86' lang='lat' dir='ltr'><strong>et</strong></span> 
     </span>
    </p>
   </div>
   <div class='ocr_carea' id='block_1_97' title="bbox 74 2492 867 2534">
    <p class='ocr_par' dir='ltr' id='par_1_97' title="bbox 74 2492 867 2534">
     <span class='ocr_line' id='line_1_98' title="bbox 74 2492 867 2534; baseline 0.003 -15"><span class='ocrx_word' id='word_1_751' title='bbox 74 2500 152 2526; x_wconf 78' lang='lat' dir='ltr'><strong>tvm,</strong></span> <span class='ocrx_word' id='word_1_752' title='bbox 167 2493 196 2524; x_wconf 71' lang='grc'>4,</span> <span class='ocrx_word' id='word_1_753' title='bbox 214 2498 245 2534; x_wconf 66' lang='grc' dir='ltr'><strong>τῇ</strong></span> <span class='ocrx_word' id='word_1_754' title='bbox 258 2493 282 2519; x_wconf 74' lang='grc' dir='ltr'><strong>οἱ</strong></span> <span class='ocrx_word' id='word_1_755' title='bbox 297 2493 334 2524; x_wconf 84' lang='grc' dir='ltr'><strong>Γ¹,</strong></span> <span class='ocrx_word' id='word_1_756' title='bbox 350 2493 425 2519; x_wconf 75' lang='grc' dir='ltr'><strong>ἰδού.</strong></span> <span class='ocrx_word' id='word_1_757' title='bbox 455 2492 571 2526; x_wconf 86' lang='lat' dir='ltr'><strong>Quinam</strong></span> <span class='ocrx_word' id='word_1_758' title='bbox 588 2493 632 2520; x_wconf 83' lang='lat' dir='ltr'><strong>alii</strong></span> <span class='ocrx_word' id='word_1_759' title='bbox 652 2493 756 2528; x_wconf 90' lang='lat' dir='ltr'><strong>possint</strong></span> <span class='ocrx_word' id='word_1_760' title='bbox 776 2493 803 2520; x_wconf 91' lang='lat' dir='ltr'><strong>in</strong></span> <span class='ocrx_word' id='word_1_761' title='bbox 825 2493 867 2521; x_wconf 91' lang='lat' dir='ltr'><strong>his</strong></span> 
     </span>
    </p>
   </div>
   <div class='ocr_carea' id='block_1_98' title="bbox 73 2539 868 2575">
    <p class='ocr_par' dir='ltr' id='par_1_98' title="bbox 73 2539 868 2575">
     <span class='ocr_line' id='line_1_99' title="bbox 73 2539 868 2575; baseline 0.004 -10"><span class='ocrx_word' id='word_1_762' title='bbox 73 2539 208 2574; x_wconf 72' lang='lat' dir='ltr'><strong>exemplis</strong></span> <span class='ocrx_word' id='word_1_763' title='bbox 223 2539 337 2574; x_wconf 75' lang='lat' dir='ltr'><strong>intelligi</strong></span> <span class='ocrx_word' id='word_1_764' title='bbox 357 2540 381 2566; x_wconf 87' lang='grc' dir='ltr'><strong>οἱ</strong></span> <span class='ocrx_word' id='word_1_765' title='bbox 399 2539 424 2565; x_wconf 85' lang='grc' dir='ltr'><strong>Γ¹</strong></span> <span class='ocrx_word' id='word_1_766' title='bbox 444 2539 496 2567; x_wconf 86' lang='lat' dir='ltr'><strong>nisi</strong></span> <span class='ocrx_word' id='word_1_767' title='bbox 508 2539 617 2574; x_wconf 84' lang='lat' dir='ltr'><strong>Aquila,</strong></span> <span class='ocrx_word' id='word_1_768' title='bbox 640 2539 822 2575; x_wconf 84' lang='lat' dir='ltr'><strong>Symmachus</strong></span> <span class='ocrx_word' id='word_1_769' title='bbox 841 2545 868 2568; x_wconf 85' lang='lat' dir='ltr'><strong>et</strong></span> 
     </span>
    </p>
   </div>
   <div class='ocr_carea' id='block_1_99' title="bbox 74 2579 782 2612">
    <p class='ocr_par' dir='ltr' id='par_1_99' title="bbox 74 2579 782 2612">
     <span class='ocr_line' id='line_1_100' title="bbox 74 2579 782 2612; baseline -0.003 -2"><span class='ocrx_word' id='word_1_770' title='bbox 74 2583 227 2612; x_wconf 86' lang='lat' dir='ltr'><strong>Theodotio</strong></span> <span class='ocrx_word' id='word_1_771' title='bbox 239 2585 250 2610; x_wconf 82' lang='lat'><strong>?</strong></span> <span class='ocrx_word' id='word_1_772' title='bbox 778 2579 782 2582; x_wconf 82' lang='grc'><em>”</em></span> 
     </span>
    </p>
   </div>
   <div class='ocr_carea' id='block_1_100' title="bbox 112 2624 866 2665">
    <p class='ocr_par' dir='ltr' id='par_1_100' title="bbox 112 2624 866 2665">
     <span class='ocr_line' id='line_1_101' title="bbox 112 2624 866 2665; baseline 0.009 -8"><span class='ocrx_word' id='word_1_773' title='bbox 112 2629 233 2665; x_wconf 84' lang='lat' dir='ltr'><strong>ldipsum</strong></span> <span class='ocrx_word' id='word_1_774' title='bbox 252 2636 343 2659; x_wconf 86' lang='lat' dir='ltr'><strong>autem</strong></span> <span class='ocrx_word' id='word_1_775' title='bbox 354 2631 457 2659; x_wconf 75' lang='lat' dir='ltr'><strong>dixeris</strong></span> <span class='ocrx_word' id='word_1_776' title='bbox 470 2630 567 2660; x_wconf 85' lang='lat' dir='ltr'><strong>Ezecb.</strong></span> <span class='ocrx_word' id='word_1_777' title='bbox 581 2640 619 2665; x_wconf 84' lang='grc' dir='ltr'><strong>ιν,</strong></span> <span class='ocrx_word' id='word_1_778' title='bbox 636 2633 677 2665; x_wconf 79' lang='grc'>15,</span> <span class='ocrx_word' id='word_1_779' title='bbox 691 2638 762 2662; x_wconf 63' lang='lat' dir='ltr'><strong>itm:</strong></span> <span class='ocrx_word' id='word_1_780' title='bbox 773 2624 866 2665; x_wconf 58' lang='lat' dir='ltr'><strong>D1315,</strong></span> 
     </span>
    </p>
   </div>
   <div class='ocr_carea' id='block_1_101' title="bbox 73 2677 869 2713">
    <p class='ocr_par' dir='ltr' id='par_1_101' title="bbox 73 2677 869 2713">
     <span class='ocr_line' id='line_1_102' title="bbox 73 2677 869 2713; baseline 0.004 -10"><span class='ocrx_word' id='word_1_781' title='bbox 73 2677 121 2703; x_wconf 91' lang='lat' dir='ltr'><strong>ubi</strong></span> <span class='ocrx_word' id='word_1_782' title='bbox 133 2677 219 2704; x_wconf 81' lang='lat' dir='ltr'><strong>codex</strong></span> <span class='ocrx_word' id='word_1_783' title='bbox 231 2677 373 2710; x_wconf 78' lang='lat' dir='ltr'><strong>Marchal.,</strong></span> <span class='ocrx_word' id='word_1_784' title='bbox 385 2679 420 2713; x_wconf 73' lang='grc' dir='ltr'><strong>&gt;ε&lt;</strong></span> <span class='ocrx_word' id='word_1_785' title='bbox 433 2678 459 2704; x_wconf 80' lang='lat'><strong>0’.</strong></span> <span class='ocrx_word' id='word_1_786' title='bbox 473 2678 510 2710; x_wconf 85' lang='lat' dir='ltr'><strong>I&quot;,</strong></span> <span class='ocrx_word' id='word_1_787' title='bbox 527 2679 579 2705; x_wconf 80' lang='grc' dir='ltr'><strong>τὸν</strong></span> <span class='ocrx_word' id='word_1_788' title='bbox 586 2678 677 2713; x_wconf 81' lang='grc' dir='ltr'><em>ἄρτον</em></span> <span class='ocrx_word' id='word_1_789' title='bbox 689 2678 787 2706; x_wconf 80' lang='grc' dir='ltr'><em>αὐτῶν</em></span> <span class='ocrx_word' id='word_1_790' title='bbox 797 2678 869 2706; x_wconf 77' lang='grc' dir='ltr'><strong>ἀκά-</strong></span> 
     </span>
    </p>
   </div>
   <div class='ocr_carea' id='block_1_102' title="bbox 75 2724 870 2757">
    <p class='ocr_par' dir='ltr' id='par_1_102' title="bbox 75 2724 870 2757">
     <span class='ocr_line' id='line_1_103' title="bbox 75 2724 870 2757; baseline 0.003 -7"><span class='ocrx_word' id='word_1_791' title='bbox 75 2724 202 2757; x_wconf 73' lang='grc' dir='ltr'><strong>θαρτον·</strong></span> <span class='ocrx_word' id='word_1_792' title='bbox 221 2724 267 2751; x_wconf 92' lang='lat' dir='ltr'><strong>ubi</strong></span> <span class='ocrx_word' id='word_1_793' title='bbox 287 2724 438 2752; x_wconf 83' lang='lat' dir='ltr'><strong>notandum</strong></span> <span class='ocrx_word' id='word_1_794' title='bbox 456 2728 499 2752; x_wconf 83' lang='lat' dir='ltr'><strong>est</strong></span> <span class='ocrx_word' id='word_1_795' title='bbox 514 2724 559 2752; x_wconf 89' lang='lat' dir='ltr'><strong>hic</strong></span> <span class='ocrx_word' id='word_1_796' title='bbox 577 2729 603 2752; x_wconf 91' lang='lat' dir='ltr'><strong>et</strong></span> <span class='ocrx_word' id='word_1_797' title='bbox 619 2725 646 2752; x_wconf 88' lang='lat' dir='ltr'><strong>in</strong></span> <span class='ocrx_word' id='word_1_798' title='bbox 669 2725 758 2753; x_wconf 87' lang='lat' dir='ltr'><strong>allatis</strong></span> <span class='ocrx_word' id='word_1_799' title='bbox 777 2733 870 2752; x_wconf 83' lang='lat' dir='ltr'><strong>exem-</strong></span> 
     </span>
    </p>
   </div>
   <div class='ocr_carea' id='block_1_103' title="bbox 76 2768 868 2805">
    <p class='ocr_par' dir='ltr' id='par_1_103' title="bbox 76 2768 868 2805">
     <span class='ocr_line' id='line_1_104' title="bbox 76 2768 868 2805; baseline 0.005 -11"><span class='ocrx_word' id='word_1_800' title='bbox 76 2768 128 2802; x_wconf 83' lang='lat' dir='ltr'><strong>plis</strong></span> <span class='ocrx_word' id='word_1_801' title='bbox 138 2777 209 2804; x_wconf 69' lang='lat' dir='ltr'><strong>saepe</strong></span> <span class='ocrx_word' id='word_1_802' title='bbox 218 2774 312 2797; x_wconf 80' lang='lat' dir='ltr'><strong>notaui</strong></span> <span class='ocrx_word' id='word_1_803' title='bbox 324 2770 349 2796; x_wconf 71' lang='lat' dir='ltr'><strong>oi</strong></span> <span class='ocrx_word' id='word_1_804' title='bbox 363 2770 388 2796; x_wconf 88' lang='lat'><strong>[&quot;</strong></span> <span class='ocrx_word' id='word_1_805' title='bbox 397 2770 572 2805; x_wconf 72' lang='lat' dir='ltr'><strong>praemissum</strong></span> <span class='ocrx_word' id='word_1_806' title='bbox 585 2771 745 2799; x_wconf 87' lang='lat' dir='ltr'><strong>asteriscum</strong></span> <span class='ocrx_word' id='word_1_807' title='bbox 759 2771 868 2801; x_wconf 83' lang='lat' dir='ltr'><strong>habere.</strong></span> 
     </span>
    </p>
   </div>
   <div class='ocr_carea' id='block_1_104' title="bbox 76 2815 869 2852">
    <p class='ocr_par' dir='ltr' id='par_1_104' title="bbox 76 2815 869 2852">
     <span class='ocr_line' id='line_1_105' title="bbox 76 2815 869 2852; baseline 0.004 -12"><span class='ocrx_word' id='word_1_808' title='bbox 76 2815 139 2848; x_wconf 86' lang='lat' dir='ltr'><strong>quia</strong></span> <span class='ocrx_word' id='word_1_809' title='bbox 156 2816 285 2843; x_wconf 73' lang='lat' dir='ltr'><strong>lectiones</strong></span> <span class='ocrx_word' id='word_1_810' title='bbox 310 2816 392 2843; x_wconf 90' lang='lat' dir='ltr'><strong>trium</strong></span> <span class='ocrx_word' id='word_1_811' title='bbox 415 2816 597 2852; x_wconf 86' lang='lat' dir='ltr'><strong>interpretum</strong></span> <span class='ocrx_word' id='word_1_812' title='bbox 615 2825 676 2845; x_wconf 91' lang='lat' dir='ltr'><strong>cum</strong></span> <span class='ocrx_word' id='word_1_813' title='bbox 695 2817 827 2845; x_wconf 81' lang='lat' dir='ltr'><strong>asterisco</strong></span> <span class='ocrx_word' id='word_1_814' title='bbox 842 2817 869 2843; x_wconf 92' lang='lat' dir='ltr'><strong>in</strong></span> 
     </span>
    </p>
   </div>
   <div class='ocr_carea' id='block_1_105' title="bbox 78 2860 870 2898">
    <p class='ocr_par' dir='ltr' id='par_1_105' title="bbox 78 2860 870 2898">
     <span class='ocr_line' id='line_1_106' title="bbox 78 2860 870 2898; baseline 0.001 -12"><span class='ocrx_word' id='word_1_815' title='bbox 78 2860 221 2889; x_wconf 72' lang='lat' dir='ltr'><strong>editionem</strong></span> <span class='ocrx_word' id='word_1_816' title='bbox 237 2861 291 2887; x_wconf 81' lang='grc' dir='ltr'><strong>τῶν</strong></span> <span class='ocrx_word' id='word_1_817' title='bbox 308 2860 337 2889; x_wconf 87' lang='lat'><strong>0&#39;</strong></span> <span class='ocrx_word' id='word_1_818' title='bbox 352 2861 534 2898; x_wconf 77' lang='lat' dir='ltr'><strong>hexaplarem</strong></span> <span class='ocrx_word' id='word_1_819' title='bbox 553 2861 588 2888; x_wconf 84' lang='lat' dir='ltr'><strong>ab</strong></span> <span class='ocrx_word' id='word_1_820' title='bbox 614 2862 673 2896; x_wconf 88' lang='lat' dir='ltr'><strong>ipso</strong></span> <span class='ocrx_word' id='word_1_821' title='bbox 692 2860 806 2896; x_wconf 82' lang='lat' dir='ltr'><strong>Origene</strong></span> <span class='ocrx_word' id='word_1_822' title='bbox 827 2860 870 2887; x_wconf 89' lang='lat' dir='ltr'><strong>in-</strong></span> 
     </span>
    </p>
   </div>
   <div class='ocr_carea' id='block_1_106' title="bbox 917 2250 1702 2293">
    <p class='ocr_par' dir='ltr' id='par_1_106' title="bbox 917 2250 1702 2293">
     <span class='ocr_line' id='line_1_107' title="bbox 917 2250 1702 2293; baseline -0.015 -7"><span class='ocrx_word' id='word_1_823' title='bbox 917 2257 1098 2293; x_wconf 80' lang='lat' dir='ltr'><strong>conjungatur</strong></span> <span class='ocrx_word' id='word_1_824' title='bbox 1109 2264 1170 2284; x_wconf 83' lang='lat' dir='ltr'><strong>cum</strong></span> <span class='ocrx_word' id='word_1_825' title='bbox 1183 2256 1227 2288; x_wconf 78' lang='lat' dir='ltr'><strong>A.,</strong></span> <span class='ocrx_word' id='word_1_826' title='bbox 1242 2255 1284 2287; x_wconf 93' lang='lat'><strong>2.,</strong></span> <span class='ocrx_word' id='word_1_827' title='bbox 1295 2254 1339 2287; x_wconf 79' lang='lat'><strong>8.,</strong></span> <span class='ocrx_word' id='word_1_828' title='bbox 1355 2250 1625 2287; x_wconf 85' lang='lat' dir='ltr'><strong>interpretationibus</strong></span> <span class='ocrx_word' id='word_1_829' title='bbox 1634 2256 1702 2283; x_wconf 59' lang='lat' dir='ltr'><strong>prai-</strong></span> 
     </span>
    </p>
   </div>
   <div class='ocr_carea' id='block_1_107' title="bbox 917 2296 1702 2340">
    <p class='ocr_par' dir='ltr' id='par_1_107' title="bbox 917 2296 1702 2340">
     <span class='ocr_line' id='line_1_108' title="bbox 917 2296 1702 2340; baseline -0.015 -7"><span class='ocrx_word' id='word_1_830' title='bbox 917 2304 1031 2340; x_wconf 82' lang='lat' dir='ltr'><strong>positis,</strong></span> <span class='ocrx_word' id='word_1_831' title='bbox 1053 2303 1089 2330; x_wconf 84' lang='lat' dir='ltr'><strong>ita</strong></span> <span class='ocrx_word' id='word_1_832' title='bbox 1114 2306 1144 2328; x_wconf 95' lang='lat' dir='ltr'><strong>ut</strong></span> <span class='ocrx_word' id='word_1_833' title='bbox 1161 2305 1222 2336; x_wconf 90' lang='lat' dir='ltr'><strong>post</strong></span> <span class='ocrx_word' id='word_1_834' title='bbox 1238 2300 1328 2328; x_wconf 87' lang='lat' dir='ltr'><strong>datam</strong></span> <span class='ocrx_word' id='word_1_835' title='bbox 1350 2298 1521 2340; x_wconf 78' lang='lat' dir='ltr'><strong>singulorum</strong></span> <span class='ocrx_word' id='word_1_836' title='bbox 1547 2296 1702 2327; x_wconf 87' lang='lat' dir='ltr'><strong>lectionem,</strong></span> 
     </span>
    </p>
   </div>
   <div class='ocr_carea' id='block_1_108' title="bbox 917 2337 1703 2389">
    <p class='ocr_par' dir='ltr' id='par_1_108' title="bbox 917 2337 1703 2389">
     <span class='ocr_line' id='line_1_109' title="bbox 917 2337 1703 2389; baseline -0.01 -11"><span class='ocrx_word' id='word_1_837' title='bbox 917 2337 978 2387; x_wconf 59' lang='lat' dir='ltr'><strong>qua</strong></span> <span class='ocrx_word' id='word_1_838' title='bbox 998 2349 1108 2384; x_wconf 86' lang='lat' dir='ltr'><strong>respicit</strong></span> <span class='ocrx_word' id='word_1_839' title='bbox 1120 2356 1214 2376; x_wconf 89' lang='lat' dir='ltr'><strong>vocem</strong></span> <span class='ocrx_word' id='word_1_840' title='bbox 1232 2347 1392 2375; x_wconf 88' lang='lat' dir='ltr'><strong>Hebraicam</strong></span> <span class='ocrx_word' id='word_1_841' title='bbox 1406 2337 1479 2389; x_wconf 55' lang='grc' dir='ltr'>τιθῶ,</span> <span class='ocrx_word' id='word_1_842' title='bbox 1496 2344 1559 2371; x_wconf 90' lang='lat' dir='ltr'><strong>huic</strong></span> <span class='ocrx_word' id='word_1_843' title='bbox 1571 2342 1703 2377; x_wconf 76' lang='lat' dir='ltr'><strong>adjungtt-</strong></span> 
     </span>
    </p>
   </div>
   <div class='ocr_carea' id='block_1_109' title="bbox 919 2388 1702 2432">
    <p class='ocr_par' dir='ltr' id='par_1_109' title="bbox 919 2388 1702 2432">
     <span class='ocr_line' id='line_1_110' title="bbox 919 2388 1702 2432; baseline -0.013 -8"><span class='ocrx_word' id='word_1_844' title='bbox 919 2401 961 2425; x_wconf 88' lang='lat' dir='ltr'><strong>tur</strong></span> <span class='ocrx_word' id='word_1_845' title='bbox 975 2396 1074 2432; x_wconf 77' lang='grc' dir='ltr'><strong>ὁμοίως</strong></span> <span class='ocrx_word' id='word_1_846' title='bbox 1088 2395 1112 2421; x_wconf 73' lang='lat' dir='ltr'><strong>oi</strong></span> <span class='ocrx_word' id='word_1_847' title='bbox 1124 2395 1161 2428; x_wconf 79' lang='lat' dir='ltr'><strong>I&quot;,</strong></span> <span class='ocrx_word' id='word_1_848' title='bbox 1177 2397 1250 2422; x_wconf 83' lang='lat' dir='ltr'><strong>recte</strong></span> <span class='ocrx_word' id='word_1_849' title='bbox 1261 2393 1343 2420; x_wconf 67' lang='lat' dir='ltr'><strong>haeret</strong></span> <span class='ocrx_word' id='word_1_850' title='bbox 1356 2388 1510 2421; x_wconf 87' lang='lat' dir='ltr'><strong>Waltonus,</strong></span> <span class='ocrx_word' id='word_1_851' title='bbox 1527 2397 1588 2416; x_wconf 91' lang='lat' dir='ltr'><strong>cum</strong></span> <span class='ocrx_word' id='word_1_852' title='bbox 1605 2388 1702 2416; x_wconf 84' lang='lat' dir='ltr'><strong>dicitur</strong></span> 
     </span>
    </p>
   </div>
   <div class='ocr_carea' id='block_1_110' title="bbox 919 2433 1703 2473">
    <p class='ocr_par' dir='ltr' id='par_1_110' title="bbox 919 2433 1703 2473">
     <span class='ocr_line' id='line_1_111' title="bbox 919 2433 1703 2473; baseline -0.014 -2"><span class='ocrx_word' id='word_1_853' title='bbox 919 2449 974 2471; x_wconf 91' lang='lat' dir='ltr'><strong>tres</strong></span> <span class='ocrx_word' id='word_1_854' title='bbox 988 2442 1113 2470; x_wconf 90' lang='lat' dir='ltr'><strong>similiter</strong></span> <span class='ocrx_word' id='word_1_855' title='bbox 1131 2440 1256 2471; x_wconf 87' lang='lat' dir='ltr'><strong>vertisse,</strong></span> <span class='ocrx_word' id='word_1_856' title='bbox 1275 2442 1418 2473; x_wconf 85' lang='lat' dir='ltr'><strong>postquam</strong></span> <span class='ocrx_word' id='word_1_857' title='bbox 1435 2436 1548 2464; x_wconf 64' lang='lat' dir='ltr'><strong>diversae</strong></span> <span class='ocrx_word' id='word_1_858' title='bbox 1566 2435 1646 2462; x_wconf 92' lang='lat' dir='ltr'><strong>trium</strong></span> <span class='ocrx_word' id='word_1_859' title='bbox 1665 2433 1703 2461; x_wconf 88' lang='lat' dir='ltr'><strong>le-</strong></span> 
     </span>
    </p>
   </div>
   <div class='ocr_carea' id='block_1_111' title="bbox 919 2481 1704 2518">
    <p class='ocr_par' dir='ltr' id='par_1_111' title="bbox 919 2481 1704 2518">
     <span class='ocr_line' id='line_1_112' title="bbox 919 2481 1704 2518; baseline -0.013 0"><span class='ocrx_word' id='word_1_860' title='bbox 919 2490 1024 2518; x_wconf 90' lang='lat' dir='ltr'><strong>ctiones</strong></span> <span class='ocrx_word' id='word_1_861' title='bbox 1040 2488 1127 2516; x_wconf 66' lang='lat' dir='ltr'><strong>allatae</strong></span> <span class='ocrx_word' id='word_1_862' title='bbox 1145 2491 1219 2515; x_wconf 84' lang='lat' dir='ltr'><strong>sunt.</strong></span> <span class='ocrx_word' id='word_1_863' title='bbox 1236 2485 1337 2513; x_wconf 83' lang='lat' dir='ltr'><strong>Verum</strong></span> <span class='ocrx_word' id='word_1_864' title='bbox 1360 2484 1445 2511; x_wconf 87' lang='lat' dir='ltr'><strong>facilis</strong></span> <span class='ocrx_word' id='word_1_865' title='bbox 1468 2483 1519 2511; x_wconf 90' lang='lat' dir='ltr'><strong>erit</strong></span> <span class='ocrx_word' id='word_1_866' title='bbox 1538 2481 1704 2510; x_wconf 75' lang='lat' dir='ltr'><strong>difﬁcultatis</strong></span> 
     </span>
    </p>
   </div>
   <div class='ocr_carea' id='block_1_112' title="bbox 919 2528 1703 2578">
    <p class='ocr_par' dir='ltr' id='par_1_112' title="bbox 919 2528 1703 2578">
     <span class='ocr_line' id='line_1_113' title="bbox 919 2528 1703 2578; baseline -0.013 -14"><span class='ocrx_word' id='word_1_867' title='bbox 919 2536 1029 2578; x_wconf 65' lang='lat' dir='ltr'><strong>solutioz</strong></span> <span class='ocrx_word' id='word_1_868' title='bbox 1045 2535 1068 2562; x_wconf 94' lang='lat' dir='ltr'><strong>si</strong></span> <span class='ocrx_word' id='word_1_869' title='bbox 1084 2534 1208 2562; x_wconf 86' lang='lat' dir='ltr'><strong>dicamus</strong></span> <span class='ocrx_word' id='word_1_870' title='bbox 1222 2531 1321 2568; x_wconf 80' lang='grc' dir='ltr'>ὁμοίως</span> <span class='ocrx_word' id='word_1_871' title='bbox 1333 2531 1357 2558; x_wconf 78' lang='grc' dir='ltr'><strong>οἱ</strong></span> <span class='ocrx_word' id='word_1_872' title='bbox 1374 2530 1399 2556; x_wconf 83' lang='lat' dir='ltr'><strong>I&quot;</strong></span> <span class='ocrx_word' id='word_1_873' title='bbox 1411 2530 1546 2564; x_wconf 85' lang='lat' dir='ltr'><strong>respicere</strong></span> <span class='ocrx_word' id='word_1_874' title='bbox 1557 2528 1703 2564; x_wconf 87' lang='lat' dir='ltr'><strong>quamdam</strong></span> 
     </span>
    </p>
   </div>
   <div class='ocr_carea' id='block_1_113' title="bbox 919 2574 1706 2616">
    <p class='ocr_par' dir='ltr' id='par_1_113' title="bbox 919 2574 1706 2616">
     <span class='ocr_line' id='line_1_114' title="bbox 919 2574 1706 2616; baseline -0.013 -6"><span class='ocrx_word' id='word_1_875' title='bbox 919 2590 952 2610; x_wconf 86' lang='lat' dir='ltr'><strong>ex</strong></span> <span class='ocrx_word' id='word_1_876' title='bbox 971 2574 1148 2616; x_wconf 81' lang='lat' dir='ltr'><strong>seqiientibus</strong></span> <span class='ocrx_word' id='word_1_877' title='bbox 1164 2577 1339 2609; x_wconf 87' lang='lat' dir='ltr'><strong>vocibus,vel</strong></span> <span class='ocrx_word' id='word_1_878' title='bbox 1354 2576 1496 2608; x_wconf 83' lang='lat' dir='ltr'><strong>clausulis,</strong></span> <span class='ocrx_word' id='word_1_879' title='bbox 1515 2578 1542 2602; x_wconf 91' lang='lat' dir='ltr'><strong>et</strong></span> <span class='ocrx_word' id='word_1_880' title='bbox 1561 2574 1630 2601; x_wconf 84' lang='lat' dir='ltr'><strong>male</strong></span> <span class='ocrx_word' id='word_1_881' title='bbox 1642 2580 1706 2600; x_wconf 82' lang='lat' dir='ltr'><strong>con-</strong></span> 
     </span>
    </p>
   </div>
   <div class='ocr_carea' id='block_1_114' title="bbox 917 2620 1693 2664">
    <p class='ocr_par' dir='ltr' id='par_1_114' title="bbox 917 2620 1693 2664">
     <span class='ocr_line' id='line_1_115' title="bbox 917 2620 1693 2664; baseline -0.013 -8"><span class='ocrx_word' id='word_1_882' title='bbox 917 2628 995 2664; x_wconf 84' lang='lat' dir='ltr'><strong>jungi</strong></span> <span class='ocrx_word' id='word_1_883' title='bbox 1018 2627 1088 2654; x_wconf 88' lang='lat' dir='ltr'><strong>hanc</strong></span> <span class='ocrx_word' id='word_1_884' title='bbox 1110 2630 1202 2653; x_wconf 84' lang='lat' dir='ltr'><strong>notam</strong></span> <span class='ocrx_word' id='word_1_885' title='bbox 1219 2632 1281 2652; x_wconf 93' lang='lat' dir='ltr'><strong>cum</strong></span> <span class='ocrx_word' id='word_1_886' title='bbox 1303 2622 1465 2658; x_wconf 63' lang='lat' dir='ltr'><strong>praecedenti</strong></span> <span class='ocrx_word' id='word_1_887' title='bbox 1479 2641 1486 2654; x_wconf 90' lang='lat'><strong>,</strong></span> <span class='ocrx_word' id='word_1_888' title='bbox 1503 2620 1576 2656; x_wconf 84' lang='lat' dir='ltr'><strong>quod</strong></span> <span class='ocrx_word' id='word_1_889' title='bbox 1595 2626 1693 2647; x_wconf 85' lang='lat' dir='ltr'><strong>sexcen</strong></span> 
     </span>
    </p>
   </div>
   <div class='ocr_carea' id='block_1_115' title="bbox 921 2667 1704 2707">
    <p class='ocr_par' dir='ltr' id='par_1_115' title="bbox 921 2667 1704 2707">
     <span class='ocr_line' id='line_1_116' title="bbox 921 2667 1704 2707; baseline -0.011 -6"><span class='ocrx_word' id='word_1_890' title='bbox 921 2675 971 2701; x_wconf 89' lang='lat' dir='ltr'><strong>ties</strong></span> <span class='ocrx_word' id='word_1_891' title='bbox 984 2673 1091 2700; x_wconf 89' lang='lat' dir='ltr'><strong>accidit.</strong></span> <span class='ocrx_word' id='word_1_892' title='bbox 1106 2672 1199 2707; x_wconf 84' lang='lat' dir='ltr'><strong>Itaque</strong></span> <span class='ocrx_word' id='word_1_893' title='bbox 1210 2671 1318 2706; x_wconf 89' lang='lat' dir='ltr'><strong>opinor,</strong></span> <span class='ocrx_word' id='word_1_894' title='bbox 1333 2669 1434 2705; x_wconf 82' lang='grc' dir='ltr'><strong>ὁμοίως</strong></span> <span class='ocrx_word' id='word_1_895' title='bbox 1453 2668 1483 2695; x_wconf 73' lang='lat' dir='ltr'><strong>oi</strong></span> <span class='ocrx_word' id='word_1_896' title='bbox 1493 2668 1522 2694; x_wconf 79' lang='lat' dir='ltr'><strong>I‘&quot;</strong></span> <span class='ocrx_word' id='word_1_897' title='bbox 1535 2667 1704 2702; x_wconf 75' lang='lat' dir='ltr'><strong>conjungcn-</strong></span> 
     </span>
    </p>
   </div>
   <div class='ocr_carea' id='block_1_116' title="bbox 921 2710 1705 2752">
    <p class='ocr_par' dir='ltr' id='par_1_116' title="bbox 921 2710 1705 2752">
     <span class='ocr_line' id='line_1_117' title="bbox 921 2710 1705 2752; baseline -0.013 -4"><span class='ocrx_word' id='word_1_898' title='bbox 921 2720 985 2748; x_wconf 91' lang='lat' dir='ltr'><strong>dum</strong></span> <span class='ocrx_word' id='word_1_899' title='bbox 996 2727 1056 2747; x_wconf 88' lang='lat' dir='ltr'><strong>csse</strong></span> <span class='ocrx_word' id='word_1_900' title='bbox 1067 2726 1129 2746; x_wconf 92' lang='lat' dir='ltr'><strong>cum</strong></span> <span class='ocrx_word' id='word_1_901' title='bbox 1142 2717 1263 2752; x_wconf 86' lang='lat' dir='ltr'><strong>sequenti</strong></span> <span class='ocrx_word' id='word_1_902' title='bbox 1273 2716 1389 2744; x_wconf 88' lang='lat' dir='ltr'><strong>lectione</strong></span> <span class='ocrx_word' id='word_1_903' title='bbox 1401 2715 1542 2750; x_wconf 78' lang='lat' dir='ltr'><strong>marginali</strong></span> <span class='ocrx_word' id='word_1_904' title='bbox 1560 2714 1593 2748; x_wconf 54' lang='grc' dir='ltr'>Χ</span> <span class='ocrx_word' id='word_1_905' title='bbox 1604 2710 1705 2748; x_wconf 71' lang='grc' dir='ltr'><strong>χρεμέ-</strong></span> 
     </span>
    </p>
   </div>
   <div class='ocr_carea' id='block_1_117' title="bbox 921 2754 1707 2806">
    <p class='ocr_par' dir='ltr' id='par_1_117' title="bbox 921 2754 1707 2806">
     <span class='ocr_line' id='line_1_118' title="bbox 921 2754 1707 2806; baseline -0.015 -12"><span class='ocrx_word' id='word_1_906' title='bbox 921 2775 994 2794; x_wconf 74' lang='grc' dir='ltr'>τισον</span> <span class='ocrx_word' id='word_1_907' title='bbox 1010 2766 1100 2800; x_wconf 81' lang='grc' dir='ltr'><strong>φωνήν</strong></span> <span class='ocrx_word' id='word_1_908' title='bbox 1112 2773 1168 2795; x_wconf 83' lang='grc' dir='ltr'><strong>σου,</strong></span> <span class='ocrx_word' id='word_1_909' title='bbox 1182 2755 1248 2806; x_wconf 54' lang='grc' dir='ltr'>τηρ</span> <span class='ocrx_word' id='word_1_910' title='bbox 1262 2754 1328 2791; x_wconf 58' lang='lat'><strong>75:15:</strong></span> <span class='ocrx_word' id='word_1_911' title='bbox 1342 2770 1348 2788; x_wconf 87' lang='lat'>:</span> <span class='ocrx_word' id='word_1_912' title='bbox 1366 2769 1427 2788; x_wconf 88' lang='lat' dir='ltr'><strong>nam</strong></span> <span class='ocrx_word' id='word_1_913' title='bbox 1441 2761 1480 2788; x_wconf 91' lang='lat' dir='ltr'><strong>sic</strong></span> <span class='ocrx_word' id='word_1_914' title='bbox 1494 2760 1544 2786; x_wconf 77' lang='lat' dir='ltr'><strong>llas</strong></span> <span class='ocrx_word' id='word_1_915' title='bbox 1553 2765 1633 2786; x_wconf 87' lang='lat' dir='ltr'><strong>voces</strong></span> <span class='ocrx_word' id='word_1_916' title='bbox 1648 2764 1707 2783; x_wconf 89' lang='lat' dir='ltr'><strong>ver-</strong></span> 
     </span>
    </p>
   </div>
   <div class='ocr_carea' id='block_1_118' title="bbox 923 2803 1706 2843">
    <p class='ocr_par' dir='ltr' id='par_1_118' title="bbox 923 2803 1706 2843">
     <span class='ocr_line' id='line_1_119' title="bbox 923 2803 1706 2843; baseline -0.014 -4"><span class='ocrx_word' id='word_1_917' title='bbox 923 2817 978 2839; x_wconf 87' lang='lat' dir='ltr'><strong>tere</strong></span> <span class='ocrx_word' id='word_1_918' title='bbox 995 2811 1082 2839; x_wconf 87' lang='lat' dir='ltr'><strong>solent</strong></span> <span class='ocrx_word' id='word_1_919' title='bbox 1101 2811 1151 2843; x_wconf 86' lang='lat' dir='ltr'><strong>A.,</strong></span> <span class='ocrx_word' id='word_1_920' title='bbox 1164 2803 1213 2840; x_wconf 11' lang='lat'><strong>2.,,</strong></span> <span class='ocrx_word' id='word_1_921' title='bbox 1227 2803 1258 2835; x_wconf 80' lang='grc' dir='ltr'><strong>Θ.</strong></span> <span class='ocrx_word' id='word_1_922' title='bbox 1284 2809 1378 2842; x_wconf 88' lang='lat' dir='ltr'><strong>Itaque</strong></span> <span class='ocrx_word' id='word_1_923' title='bbox 1401 2813 1498 2833; x_wconf 74' lang='lat' dir='ltr'><strong>sensus</strong></span> <span class='ocrx_word' id='word_1_924' title='bbox 1519 2803 1706 2831; x_wconf 76' lang='lat' dir='ltr'><strong>eritsimititer</strong></span> 
     </span>
    </p>
   </div>
   <div class='ocr_carea' id='block_1_119' title="bbox 923 2847 1706 2892">
    <p class='ocr_par' dir='ltr' id='par_1_119' title="bbox 923 2847 1706 2892">
     <span class='ocr_line' id='line_1_120' title="bbox 923 2847 1706 2892; baseline -0.017 -7"><span class='ocrx_word' id='word_1_925' title='bbox 923 2863 974 2885; x_wconf 84' lang='lat' dir='ltr'><strong>tres</strong></span> <span class='ocrx_word' id='word_1_926' title='bbox 986 2858 1148 2892; x_wconf 83' lang='lat' dir='ltr'><strong>interpretes,</strong></span> <span class='ocrx_word' id='word_1_927' title='bbox 1165 2862 1259 2890; x_wconf 85' lang='lat' dir='ltr'><strong>nempe</strong></span> <span class='ocrx_word' id='word_1_928' title='bbox 1271 2855 1316 2887; x_wconf 83' lang='lat' dir='ltr'><strong>A.,</strong></span> <span class='ocrx_word' id='word_1_929' title='bbox 1329 2854 1370 2887; x_wconf 85' lang='lat'><strong>2.,</strong></span> <span class='ocrx_word' id='word_1_930' title='bbox 1384 2853 1426 2885; x_wconf 77' lang='lat'><strong>8.,</strong></span> <span class='ocrx_word' id='word_1_931' title='bbox 1440 2850 1600 2887; x_wconf 78' lang='grc' dir='ltr'><strong>χρεμέτισον</strong></span> <span class='ocrx_word' id='word_1_932' title='bbox 1615 2847 1706 2884; x_wconf 79' lang='grc' dir='ltr'><strong>φωνήν</strong></span> 
     </span>
    </p>
   </div>
  </div>
