1902 3049
216 125 266 151 1εὸ

891 124 1148 152 ΡΠᾸΞΙΑΙΜΙΝΑΒΙΑ

1779 123 1833 150 Ηϐ

216 190 272 209 σου.
297 182 358 210 llaec
381 184 491 210 omnino
514 184 672 211 verisimilia
692 192 765 212 sunt.
788 185 816 212 Si
833 190 920 212 tamen
941 185 995 212 alio
1010 188 1030 215 A
1045 190 1228 212 commentum
1241 185 1274 212 de
1290 185 1377 212 tribus
1394 184 1559 212 editionibus
1575 184 1631 219 jam
1654 183 1834 211 exsumatum

216 229 297 257 modo
311 235 337 256 te
351 230 475 264 expedire
492 230 574 262 velis,
590 238 655 258 cave
673 230 749 258 dicas
767 239 885 266 unquam
896 253 904 262 ,
927 232 952 257 οἰ
969 232 995 257 I"

216 283 268 302 non
284 276 434 310 significare
450 276 494 309 A.,
508 277 549 308 Σ.,
563 277 606 310 8.,
625 277 651 304 id
667 277 765 311 quippe
781 285 833 304 non
856 277 918 304 licet
934 282 995 312 post

217 324 255 346 tot
265 321 343 346 allata
359 321 526 348 testimonia.
537 321 672 349 Caeterum
687 322 761 357 ὅμως
779 322 849 349 male
869 330 884 349 a
902 321 996 349 Curte—

216 366 257 393 rio
270 367 368 394 lectum
383 366 468 394 fuisse
480 375 529 402 pro
546 368 657 403 ὁμοίως,
671 376 742 403 saepe
753 368 932 396 ostendimus.
947 368 995 396 Hic

215 413 293 439 etiam
306 413 376 440 male
388 414 542 449 κατάδυμα,
556 423 605 450 pro
621 415 764 450 κατάλυμα
777 415 874 450 legitur
884 436 891 448 ,
908 421 937 443 ut
951 416 995 443 ob-

214 463 302 486 servat
319 457 473 487 Waltonus.

249 505 373 532 Alterum
399 505 518 534 Waltoni
545 511 732 542 argumentum
758 507 910 542 hujusmodi
930 513 972 535 est
987 495 1003 535 ε’

214 549 280 575 Dein
295 558 354 584 cap.
370 559 433 583 ml,
451 553 479 586 Ῡ.
497 552 522 584 9,
543 553 577 578 ad
592 561 678 579 vocem
690 553 827 579 ἀνατεῖλαι
838 561 896 579 cum
912 568 942 580 τ
958 553 995 579 sic

213 605 240 623 se
257 596 335 623 habet
349 605 438 633 margo
447 606 457 624 :
469 599 499 624 Οἱ
515 599 552 631 Γ¹,
564 599 746 634 ἀναγγεῖλαι,
764 600 795 626 Θ.
807 599 994 633 βλαστῆσαι,

213 643 245 668 Δ.
260 642 450 676 ἀναφυῆναι;
467 651 551 670 nonne
567 645 622 672 huic
644 650 717 671 tanta
744 649 848 679 tamque
869 644 996 671 distincta

213 688 445 722 intepretationum
454 690 568 717 uarietas
581 691 733 717 varietatem
745 691 832 724 arguit
846 692 996 718 auctorum?

250 732 312 760 Haec
325 735 348 761 si
364 735 518 763 accuratius
533 736 717 763 examinasset
731 735 886 768 Waltonus,
908 737 996 763 mani-

214 779 280 807 festa
292 780 333 807 vel
346 781 451 808 librarii
467 781 509 808 vel
520 781 637 809 Curterii
656 782 755 809 menda
770 782 825 810 duo
845 781 996 817 deprehen-

214 826 309 854 disset.
326 826 445 854 Primum
460 833 512 860 est,
531 828 604 863 quod
617 829 641 854 οἱ
661 829 687 854 Γ¹
705 829 811 863 legatur
828 836 877 863 pro
894 829 932 862 0’,
949 828 993 860 0.,

1045 234 1097 258 est.-

1081 277 1157 310 Quod
1175 277 1206 304 ad
1227 282 1318 304 notam
1330 285 1394 304 vero
1415 277 1602 310 attinet,‘dico
1625 277 1660 304 ita
1685 276 1835 310 legendum

1045 329 1116 353 csse,
1137 322 1252 358 Ὁμοίως
1265 322 1289 348 οἱ
1299 323 1335 354 Γ’,
1353 323 1376 348 ot
1389 323 1427 354 0’,
1444 322 1460 357 ἢ
1474 322 1573 357 ὁμοίως
1596 323 1651 353 τοῖς
1672 323 1722 352 A’.,
1739 321 1784 349 Θ..
1801 325 1837 346 ιιι

1045 369 1146 404 passim
1172 369 1302 403 probatur
1326 368 1352 396 in
1380 370 1452 396 notis
1482 369 1515 395 ad
1537 368 1687 396 Ilesaiam:
1713 375 1776 394 nam
1802 367 1836 394 in

1046 414 1230 442 Marchaliano
1247 414 1351 447 codice,
1371 414 1416 441 ubi
1433 414 1507 449 ὅμως
1521 414 1635 448 legitur,
1653 417 1714 447 post
1728 412 1764 440 bl.
1787 419 1837 439 su-

1046 469 1094 495 pra
1114 460 1241 488 scribitur
1255 460 1354 487 lineola
1369 468 1430 495 qua:
1439 459 1573 494 signiﬁcat
1588 467 1612 486 οι
1629 469 1635 485 :
1650 458 1834 493 quamobrem

1046 507 1187 542 legendum
1201 507 1316 542 ὁμοίως·
1335 506 1380 533 ubi
1393 505 1534 533 Curterius
1560 505 1623 539 legit
1643 512 1689 536 τε,
1705 503 1727 529 Τ
1740 502 1836 530 solum

1047 553 1171 584 habetur,
1200 560 1282 587 supra
1299 552 1387 586 posita
1406 559 1521 578 recurva
1550 551 1632 582 linea,
1662 557 1723 584 qua:
1747 548 1839 576 efﬁcit

1047 598 1190 625 articulum
1206 599 1272 630 τοῖς,
1285 603 1315 625 ut
1336 598 1402 632 ipsis
1420 597 1507 625 oculis
1529 595 1643 631 inspexi.
1662 594 1718 622 Hac
1741 595 1838 629 posita

1045 644 1160 671 lectione
1174 644 1236 671 dico
1253 644 1368 678 primam
1383 647 1475 670 notam
1493 642 1608 677 Ὁμοίως
1615 642 1640 668 at
1651 642 1676 668 Γ
1693 641 1735 669 vel
1749 641 1839 676 perti—

1046 698 1109 717 nere
1124 690 1157 717 ad
1181 691 1298 724 aliquam
1309 698 1403 717 vocem
1417 690 1494 724 prius
1510 689 1625 723 positam
1636 708 1644 721 ,
1663 688 1706 715 vel
1726 687 1839 723 signifi-

1046 744 1108 763 care
1123 741 1177 763 tres
1192 736 1350 771 interpretes
1378 736 1401 762 εξ
1426 735 1471 762 καί
1492 735 1601 768 habere,
1628 735 1664 761 ita
1687 739 1779 761 tamen
1803 739 1839 761 ut

1045 783 1070 808 οἱ
1084 783 1111 809 0’
1128 782 1144 818 ἢ
1159 783 1259 817 ὁμοίως
1268 784 1323 814 τοῖς
1344 783 1386 814 A.,
1403 782 1434 809 Θ.
1452 781 1478 808 id
1495 786 1546 814 est,
1562 779 1633 808 LXX
1647 785 1673 808 et
1687 780 1786 815 Aquila
1805 784 1839 807 et

1047 828 1197 856 Theodotio
1213 829 1231 864 ἦ
1249 837 1298 863 pro
1311 830 1335 855 et
1348 828 1475 856 habeant.
1495 827 1528 855 Ut
1551 832 1581 854 ut
1597 835 1660 855 vero
1679 827 1726 858 sit,
1752 834 1837 853 erro-

213 871 241 898 itl
260 877 300 899 est
321 872 391 898 LXX
405 878 431 900 et
443 872 633 908 Symmachus,
649 882 709 908 quae
721 873 834 901 mutatio
856 873 952 901 facilis.
965 872 994 899 id
1011 866 1031 892 Β
1047 883 1104 902 rem
1117 875 1221 902 librarii
1234 875 1276 902 his
1290 876 1316 902 in
1333 875 1442 902 casibus
1461 875 1551 910 potius
1564 875 1710 909 suspiceris
1721 893 1728 905 ,
1747 880 1836 908 quam

213 925 280 945 vero
295 917 375 945 docet
399 919 494 945 eadem
509 919 671 946 Gurteriana
694 919 788 953 editio,
810 919 855 946 ubi
879 919 911 946 ad
938 919 995 946 haec

213 961 295 987 verba
309 961 406 996 legitur
419 963 448 989 in
463 962 659 990 Commentario
674 963 810 998 Procopii,
822 965 836 990 ὁ
850 963 995 998 Σύμμαχος

213 1005 300 1040 εἷπεν,
314 1008 368 1043 πρὸ
376 1008 423 1034 τοῦ
437 1009 606 1042 ἀναγγεῖλαι,
618 1014 670 1037 etc.
696 1009 850 1037 Secundum
867 1009 994 1037 mendum

213 1058 266 1086 est,
281 1053 353 1088 quod
371 1054 515 1088 utrobique
532 1055 636 1088 legatur
654 1055 811 1090 ἀναγγεῖλαι
829 1063 876 1090 pro
890 1056 996 1082 ἀνατεῖ-

213 1096 268 1131 λαι,
288 1107 427 1133 nunquam
443 1100 515 1126 enim
533 1108 626 1127 vocem
641 1106 759 1131 nzrman
777 1102 902 1129 vertisset
917 1100 996 1137 Sym-

214 1146 328 1174 machus
339 1147 507 1180 ἀναγγεῖλαι.
533 1147 626 1182 Itaque
637 1153 728 1175 notam
744 1149 783 1176 sic
806 1149 879 1183 legas
899 1150 938 1181 0',
952 1149 994 1180 Σ.,

212 1192 381 1224 ἀνατεῖλαι,
396 1194 426 1220 Θ.
453 1192 629 1227 ,ϐλαστῆσαι
642 1215 649 1226 ,
673 1195 705 1221 Δ.
724 1194 904 1229 ἀναφυῆναι.
927 1193 996 1221 Nam

214 1237 285 1264 LXX
303 1243 332 1265 ut
346 1238 527 1274 Symmachus
536 1241 673 1267 ἀνατεῖλαι
688 1241 815 1275 primitus
829 1241 959 1268 habuere.

248 1285 370 1313 Tertium
381 1292 571 1322 argumentum
585 1287 686 1322 profert
695 1287 838 1315 Waltonus
851 1295 858 1313 :
869 1287 994 1323 Denique,

215 1332 266 1364 ait,
282 1340 340 1366 cap.
357 1341 430 1364 Lm,
451 1341 474 1359 υ.
489 1333 516 1366 8,
543 1333 576 1359 ad
596 1342 670 1360 voces
683 1335 706 1360 εἰ
721 1335 768 1360 καί
791 1334 838 1360 sub
855 1341 886 1361 -ε-
904 1343 996 1368 margo

214 1378 252 1403 sic
265 1378 351 1408 habet,
367 1379 462 1413 Ὅμως
472 1380 496 1406 οἱ
509 1381 547 1411 0',
563 1380 590 1414 ἢ,
605 1381 678 1414 ὅμως
694 1388 723 1406 τε
737 1381 780 1412 A.,
795 1380 838 1410 Θ.,
855 1380 923 1406 unde
934 1388 997 1406 con-

215 1427 268 1448 atu
283 1423 407 1457 Aquilam
421 1424 514 1450 saltem
527 1429 551 1450 et
568 1424 768 1451 Theodotionem
787 1433 837 1450 non
850 1425 936 1450 minus
953 1424 996 1450 di-

214 1475 300 1495 versos
313 1477 368 1495 esse
385 1477 400 1495 a
414 1471 469 1500 τοῖς
484 1470 509 1495 Γ¹
521 1478 600 1504 quam
614 1472 637 1496 οἱ
654 1471 680 1497 Ο¹
695 1475 765 1497 sunt.
782 1470 873 1505 (Forte
881 1479 925 1504 per
939 1471 963 1496 οἱ
973 1470 996 1495 Γ¹

1046 928 1102 948 rem
1121 921 1181 948 luce
1206 921 1348 948 clariorem
1375 928 1466 955 neges,
1492 920 1617 947 videlicet
1641 920 1702 951 τοὺς
1728 919 1754 944 Γ¹
1770 926 1839 946 esse

1045 966 1183 1000 Aquilam,
1196 965 1389 1001 Symmachum
1405 971 1433 993 et
1450 965 1674 992 Theodotiouem.

1080 1011 1159 1038 Certe
1170 1012 1298 1039 librarios
1313 1012 1339 1038 in
1352 1011 1509 1046 hujusmodi
1522 1012 1593 1038 notis
1605 1019 1658 1038 non
1674 1010 1840 1045 infrequen-

1047 1061 1086 1083 ter
1096 1065 1187 1084 errare
1198 1057 1437 1092 deprehendimus,
1450 1057 1600 1085 utCoislin.
1614 1056 1731 1084 eximius
1745 1056 1840 1084 codex

1046 1102 1078 1128 lll
1094 1103 1160 1138 Reg.
1178 1111 1223 1135 xv,
1242 1103 1274 1130 12
1289 1113 1296 1130 :
1311 1106 1349 1136 U',
1363 1104 1400 1136 Ρ,
1414 1103 1463 1135 τὰς
1475 1103 1585 1134 τελετὰς
1599 1123 1606 1135 ,
1626 1103 1726 1138 ὁμοίως
1747 1103 1773 1128 οἱ
1794 1102 1839 1134 1",

1046 1149 1092 1176 ubi
1105 1150 1149 1176 illa
1167 1150 1290 1185 repetitio
1305 1149 1351 1176 τοῦ
1366 1150 1391 1176 Γ¹
1403 1150 1469 1177 vitio
1485 1150 1595 1177 inducta
1613 1149 1682 1181 fuit;
1703 1153 1731 1176 et
1755 1147 1839 1174 Vati-

1046 1203 1132 1224 canus
1148 1197 1244 1231 psalm.
1263 1205 1318 1229 xvn,
1335 1196 1363 1229 2,
1377 1197 1404 1223 in
1419 1197 1476 1224 haec
1491 1197 1572 1223 verba
1591 1197 1614 1222 οἱ
1632 1194 1765 1230 ὀφθαλμοί
1785 1203 1839 1220 σου

1046 1242 1086 1269 sic
1096 1247 1170 1270 notat
1184 1251 1191 1269 :
1211 1245 1257 1275 A.,
1273 1243 1315 1274 Σ,,
1326 1242 1370 1274 6.,
1383 1243 1482 1278 ὁμοίως
1506 1242 1532 1268 οἱ
1545 1242 1571 1268 Γ¹
1581 1263 1588 1274 ,
1606 1248 1764 1276 quanquam
1789 1240 1841 1267 hic

1046 1293 1119 1315 recte
1129 1289 1257 1324 explicari
1276 1289 1374 1323 possit,
1389 1288 1496 1323 Aquila,
1511 1287 1683 1322 Symmachus
1703 1291 1727 1312 et
1746 1284 1839 1312 Theo-

1046 1334 1129 1365 dotio,
1149 1339 1200 1361 tres
1216 1334 1339 1361 similiter
1347 1334 1452 1367 habent,
1468 1333 1541 1368 quod
1553 1333 1591 1360 ita
1599 1332 1702 1360 Gallice
1713 1331 1840 1366 exprimi

1047 1380 1145 1411 valeat,
1163 1380 1277 1414 Aquila,
1291 1378 1450 1414 Symmaque
1473 1384 1497 1405 et
1515 1378 1676 1405 Theodotion
1701 1381 1746 1403 out
1771 1380 1839 1402 tau;

1048 1425 1112 1450 trois
1125 1424 1156 1450 de
1172 1425 1261 1451 méme.
1275 1423 1337 1451 Haec
1346 1424 1470 1458 pluribus
1484 1423 1610 1458 persequi
1623 1429 1735 1449 necesse
1749 1421 1840 1448 duxi-

1048 1478 1120 1501 mus,
1133 1478 1166 1497 ne
1182 1470 1360 1498 eruditissimi
1377 1470 1445 1497 etde
1461 1469 1598 1504 republica
1613 1467 1742 1495 litteraria
1761 1466 1840 1493 bene

217 1519 269 1540 tres
280 1515 417 1548 editiones,
433 1515 553 1550 Origenis
567 1517 606 1543 vel
618 1516 734 1549 Eusebii,
749 1516 860 1543 Luciani
875 1521 899 1542 et
912 1515 997 1550 Hesy-
1010 1531 1030 1560 ε
1048 1516 1138 1543 meriti
1154 1516 1204 1543 viri
1220 1519 1320 1544 conatu
1332 1523 1346 1542 a
1363 1523 1426 1542 vera
1443 1514 1576 1543 sententia
1591 1513 1700 1549 quidam
1714 1511 1840 1539 abduce-

213 1560 267 1587 ξιιὅέ
282 1561 461 1599 deuoluitur.)
475 1561 609 1590 Hactenus
620 1562 772 1590 Waltonus.
784 1562 921 1590 Posterius
932 1569 995 1589 vero

1049 1567 1150 1590 rentur.

707 1705 894 1750 CAPUT
931 1704 1311 1751 UNDECIMUM.

213 1865 233 1892 ι.
246 1863 561 1900 ῌθκεριῳςᾳπῃροεταρὶκι
572 1871 692 1900 perpauca
704 1863 765 1889 facta
777 1867 844 1900 _sun_t,
855 1871 950 1900 ignare.
967 1864 998 1889 Il.
1008 1863 1276 1900 Farimlleraplorum
1287 1860 1539 1900 leclianeiipmajgi

1542 1859 1612 1883 nibus
1625 1858 1762 1884 Bibliorurn
1781 1864 1840 1885 cor-

262 1890 340 1921 lectae.
353 1895 394 1920 Ill.
407 1890 551 1925 Quitiamex
563 1890 723 1926 scriptoribus
733 1890 908 1920 ecclesiasticis
920 1896 1086 1927 Hexaplorum
1097 1895 1164 1919 libris
1175 1890 1229 1918 sint
1240 1892 1286 1917 usi.
1301 1892 1340 1917 IV.
1354 1892 1510 1922 Quandonam
1520 1890 1628 1921 Hexapla
1640 1890 1773 1921 perierinL

213 1966 234 1994 ι.
250 1967 428 2001 Ileraploram
441 1967 591 2001 apographa
599 1975 729 2001 perpauca
739 1967 811 2001 facta
822 1972 892 1999 sunt,
904 1975 994 2001 quare.

248 2014 361 2046 Quanta:
379 2012 460 2039 fuerit
484 2021 573 2047 opera:
601 2012 718 2047 llexapla
742 2012 867 2047 Origenis
891 2013 995 2046 integra

211 2059 375 2092 describere,
388 2064 413 2085 et
431 2067 474 2086 res
494 2059 551 2093 ipsa
567 2067 614 2092 per
628 2067 658 2085 se
668 2059 768 2085 clamat
783 2077 790 2089 ,
818 2063 845 2085 et
864 2057 995 2092 Hierony-

213 2114 275 2133 mus
286 2106 453 2136 testilicatur,
466 2105 512 2139 qui
527 2105 564 2131 ait
578 2104 741 2131 Prml‘atione
752 2105 778 2130 in
791 2104 888 2130 librum
901 2103 994 2136 Josue,

212 2151 332 2186 llexapla
352 2156 460 2185 sumptu
476 2155 502 2178 et
522 2150 614 2177 labore
627 2143 747 2177 maxime
771 2150 901 2184 indigere.
924 2148 996 2176 Sane

1049 1973 1130 2000 quam
1148 1964 1288 1991 minimam
1302 1969 1367 1989 sane
1382 1965 1470 1988 textus
1489 1958 1584 1986 Biblici
1598 1963 1702 1992 partem
1715 1958 1839 1992 singulis

1049 2010 1076 2036 in
1093 2009 1198 2044 paginis
1214 2007 1306 2035 haberi
1322 2013 1431 2034 necesse
1453 2004 1523 2031 fuit:
1541 2003 1641 2038 quibus
1667 2004 1814 2038 perpensis
1829 2024 1838 2035 ,

1049 2055 1093 2082 vix
1112 2054 1307 2089 quinquaginta
1335 2052 1430 2086 ampla:
1457 2050 1536 2076 molis
1552 2049 1737 2076 voluminibus
1753 2057 1839 2076 com-

1048 2095 1177 2135 prehendi
1194 2098 1309 2132 llexapla
1322 2097 1413 2123 omnia
1428 2095 1550 2130 potuisse
1567 2094 1728 2129 putaverint.
1747 2094 1833 2121 Cum-

1049 2154 1101 2182 que
1117 2145 1174 2180 ipse
1192 2144 1331 2179 Origenes,
1347 2143 1393 2178 qui
1417 2142 1520 2177 primus
1537 2141 1719 2176 llexaplorum
1744 2149 1837 2175 opus,

212 2174 303 2231 quivi;
319 2174 455 2230 conjicere
469 2197 539 2224 valet
555 2197 650 2231 quanti
674 2195 776 2222 laboris
800 2195 881 2222 fuerit
894 2196 996 2223 Graecis
1010 2174 1034 2224 ἱ)
1049 2197 1186 2226 Sumptum
1201 2190 1397 2224 suppeditante,
1413 2193 1443 2216 ut
1461 2193 1582 2223 putatur,
1595 2187 1753 2220 Ambrosio,
1765 2195 1840 2214 con—

212 2241 398 2276 calligraphis,
412 2241 497 2268 Biblia
515 2248 592 2269 sacra
613 2241 731 2275 primum
749 2239 880 2268 Hebraica
894 2241 994 2276 lingua,

212 2296 293 2323 quam
312 2293 341 2315 ut
357 2289 503 2323 plurimum
515 2289 686 2324 ignorabant,
695 2288 853 2323 depingere;
866 2287 996 2316 [Iebraica

212 2335 309 2363 deinde
323 2336 425 2363 Grmcis
440 2335 538 2363 litteris
550 2344 565 2362 e
579 2336 689 2371 regione
700 2335 867 2370 perscribere
877 2335 894 2368 ;“
903 2340 996 2370 postea

213 2389 277 2408 vero
294 2386 412 2415 quatuor
432 2386 462 2408 ut
482 2382 636 2414 minimum,
657 2381 802 2417 aliquando
828 2389 876 2409 sex
895 2382 935 2408 vel
954 2386 996 2408 se—

212 2431 285 2460 ptem
299 2426 474 2461 interpretum
486 2426 628 2459 editiones,
642 2435 696 2454 uno
709 2431 867 2461 conspectu,
878 2431 904 2454 ct
917 2434 932 2453 e
952 2435 995 2453 re-

212 2473 293 2509 gione
306 2481 415 2507 ponere,
432 2481 463 2499 ea
479 2473 582 2500 scilicet
596 2474 779 2505 accuratione,
796 2478 821 2500 et
840 2481 892 2500 una
914 2473 994 2499 aliam

214 2527 267 2546 non
283 2519 434 2546 excederet.
454 2518 480 2544 Id
501 2526 566 2546 sane
587 2524 716 2553 praestare
729 2519 807 2554 pauci
824 2526 855 2545 ex
872 2518 996 2553 calligra-

212 2565 273 2599 phis
287 2569 421 2599 poterant.
443 2564 482 2590 Ad
498 2565 563 2595 ha-e,
578 2574 640 2592 cum
656 2566 702 2592 illo
714 2573 781 2597 aevo,
796 2565 822 2591 in
843 2564 919 2591 libris
942 2564 996 2591 sal-

211 2617 266 2639 tem
281 2610 446 2644 hujusmodi,
460 2612 566 2638 nonnisi
582 2612 697 2638 uncialis
716 2611 858 2638 character
876 2618 994 2644 usurpa—

210 2661 298 2688 retur,
315 2657 361 2691 qui
381 2658 458 2691 longe
471 2657 558 2691 majus
573 2658 689 2691 spatium
707 2657 867 2691 occupabat,
881 2664 911 2682 ac
927 2663 995 2690 pra:-

211 2709 252 2730 ter
270 2703 330 2730 illas
346 2702 471 2730 Hebraici
489 2709 577 2730 textus
594 2704 826 2737 interpretumque
840 2703 992 2733 columnas,

212 2750 296 2776 multa
315 2748 342 2776 in
359 2749 526 2782 marginibus
544 2747 672 2783 Origenes
691 2748 845 2783 apposueril
857 2769 864 2779 ,
892 2747 993 2774 monita

211 2794 325 2826 hCilil'Ci,
345 2794 484 2821 nominum
515 2794 686 2828 propriorum
712 2793 883 2820 aliorutnoue
910 2793 993 2819 inter—

213 2838 387 2871 pzetationes,
402 2848 462 2874 qua:
478 2840 547 2868 latos
562 2840 697 2875 margines
714 2839 921 2871 desiderabant;
936 2845 994 2872 per-

1047 2236 1178 2268 cinnavit,
1191 2235 1242 2262 etsi
1259 2234 1456 2270 tachygraphos
1475 2237 1576 2267 septem
1594 2236 1620 2259 et
1634 2232 1748 2259 totidem
1776 2233 1841 2259 cal-

1046 2283 1184 2318 ligraphos
1212 2282 1244 2308 ad
1275 2289 1384 2308 manum
1404 2288 1510 2315 semper
1533 2279 1659 2310 haberet,
1675 2278 1710 2305 iis
1737 2284 1838 2306 tamen

1048 2328 1210 2356 adornandis
1226 2328 1325 2354 multos
1344 2325 1546 2360 consumpserit
1567 2332 1670 2356 annos,
1686 2324 1839 2358 probabile

1047 2382 1112 2402 sane
1124 2379 1165 2402 est
1176 2380 1325 2409 perpaucos
1339 2377 1399 2407 post
1410 2370 1550 2406 Origenem
1562 2371 1656 2401 fuisse,
1669 2370 1717 2405 qui
1733 2370 1839 2405 hujus.

1047 2421 1119 2448 modi
1135 2420 1287 2452 conunoda,
1300 2427 1352 2447 una
1364 2426 1426 2446 cum
1444 2417 1610 2451 adipiscendi
1623 2416 1762 2443 desiderio
1773 2437 1781 2448 ,
1806 2423 1839 2444 et

1047 2467 1176 2502 pecunias
1190 2471 1215 2494 et
1229 2466 1410 2501 calligraphos
1425 2468 1452 2492 et
1464 2464 1636 2490 membranas
1647 2471 1696 2497 pro
1703 2468 1768 2490 voto
1781 2463 1837 2490 ha-

1046 2515 1164 2542 bueriut.

1082 2560 1113 2587 II.
1135 2559 1221 2586 Varia-
1241 2558 1419 2590 Iloxaplorum
1442 2556 1563 2582 lectiones
1580 2556 1607 2582 in
1627 2555 1795 2586 nun‘qinibu:

1290 2593 1435 2620 Bibltorum
1452 2591 1574 2618 collcctw.

1082 2652 1149 2680 Hinc
1162 2657 1251 2679 autem
1262 2649 1350 2677 evenit
1360 2652 1388 2674 ut
1397 2647 1517 2682 plerique
1530 2655 1544 2673 a
1559 2651 1612 2673 tam
1625 2645 1711 2672 ardua
1723 2653 1755 2673 re
1768 2653 1837 2674 δας-

1045 2698 1168 2734 cipiemla
1202 2696 1332 2727 deterriti,
1362 2702 1417 2728 quo
1440 2693 1590 2720 minoribus
1607 2692 1739 2726 impensis
1769 2701 1837 2727 qua

1045 2746 1178 2780 pra‘cipua
1194 2743 1220 2769 in
1239 2741 1345 2775 Eraplis
1356 2743 1432 2767 erant
1445 2740 1676 2768 nanciscerentur.
1695 2739 1836 2767 lectiones

1045 2791 1158 2825 Aquilae,
1176 2786 1340 2822 Symmachi,
1357 2784 1560 2817 Theodotionis,
1579 2789 1659 2818 atque
1675 2784 1754 2813 alias.
1769 2793 1838 2817 quia.

1047 2837 1156 2870 majoris
1173 2841 1231 2861 esse
1250 2831 1377 2859 momenti
1395 2831 1551 2858 videbantur
1564 2849 1571 2861 ,
1600 2829 1626 2855 in
1645 2830 1833 2862 marginibus.
