1902 3049
64 133 101 163 III

699 135 732 162 IN
752 133 913 162 HE’XAPIA
933 132 1104 161 ORIGENIS.

1636 131 1686 160 H8

64 198 250 233 exemplarium
263 198 319 224 τῶν
336 201 364 225 0'
374 199 501 226 exscribi
511 203 645 226 curarent.
657 197 690 224 Et
700 197 763 232 quia
774 197 801 223 in
812 196 858 223 de—
872 197 894 225 Α
908 194 957 228 qui
970 193 1095 228 llexaplis
1105 195 1167 220 sunt
1181 192 1233 222 usi.
1252 192 1274 218 si
1287 191 1409 226 quatdam
1427 191 1471 218 hic
1485 189 1578 226 paucis
1602 190 1682 226 profo

65 244 135 276 lectu,
154 243 322 278 opinionum
339 245 507 279 plerumque
521 243 634 271 divortia
657 243 714 270 fieri
741 242 827 269 solent
843 262 851 274 ,

63 290 117 317 dum
133 289 205 316 alius
225 290 305 317 aliud
320 290 513 318 adnotandum
539 294 621 324 putat,
635 288 696 315 inde
711 287 809 315 accidit
824 292 852 313 ut

62 336 86 364 in
95 336 179 362 variis
194 336 352 364 Bibliorum
370 336 514 364 codicibus
533 336 660 362 lectiones
675 335 850 369 interpretum

63 382 137 409 variae
149 382 300 416 descripta:
312 382 387 415 sint;
403 383 442 408 ita
467 386 493 408 et
518 382 595 416 pauci
611 381 779 415 reperiantur
795 389 852 407 ma-

61 429 189 463 nuscripti
203 430 254 463 qui
270 429 384 456 easdem
397 432 590 463 repraesentem
605 437 611 454 :
642 427 704 454 inde
718 434 783 454 vero
810 427 852 453 fa—

58 480 129 501 ctum
146 479 190 502 est
204 479 235 501 ut
252 475 337 509 longe
347 476 566 509 pluresveterum
582 474 709 502 lectiones
726 474 809 501 variis
825 475 852 501 in

59 519 134 546 libris
162 527 227 547 sese
248 520 412 547 obtulerint.
440 519 513 546 Inter
539 520 589 547 hos
613 524 703 547 autem
724 520 850 553 codices,

58 566 137 600 longe
162 574 284 593 caeteros
307 571 439 601 superant
455 566 613 593 Coisliniani
638 567 691 594 duo
708 576 714 593 :
735 574 852 602 quorum

57 620 128 639 unus
142 613 249 639 unciali
279 612 387 647 quadro
419 612 574 640 charactere
605 613 756 647 descriptus
775 618 852 640 sexto

55 657 169 685 circiter
185 658 229 685 vel
245 660 365 699 septimo
382 658 498 691 szeeulo,
521 659 707 693 complectitur
725 659 852 686 Octateu-

56 704 140 731 chum
152 709 185 731 et
209 705 298 731 libros
317 704 419 739 Regum
435 724 442 736 ,
473 712 534 731 cum
562 705 722 740 quibusdam
741 705 804 733 hinc
827 710 853 733 et

56 750 120 777 inde
137 750 277 782 hiatibus,
304 752 351 785 qui
369 755 520 785 temporum
549 751 647 786 injuria
669 752 828 779 acciderunt
844 761 851 785 ;

55 797 128 824 alter
143 804 214 823 vero
230 797 333 824 decimi
349 798 451 829 saeculi,
466 798 548 824 libros
564 797 666 832 Regum
681 817 688 830 ,
715 797 852 832 Paralipo-

55 851 172 875 menon,
188 843 321 874 Esdram,
338 842 490 877 Estherem,
510 843 613 875 Judith,
630 848 657 871 et
670 843 851 877 Machabteos,

56 896 121 915 cum
142 896 248 924 magna
263 888 291 914 in
305 889 388 916 libros
397 889 499 924 Regum
513 889 767 924 iuterpretationum
783 897 855 916 mar-

56 934 194 968 gmalium
221 934 301 968 copia
315 942 322 960 :
339 934 384 960 sed
400 934 443 961 hic
456 955 464 968 ,
488 939 518 961 ut
540 939 567 962 et
584 935 629 962 alii
649 942 744 962 omnes
759 943 856 962 manu-

58 978 169 1012 scripti,
186 979 215 1004 iu
238 979 317 1005 libris
342 978 571 1013 Paralipomenibu
586 988 690 1014 pauca;
708 980 735 1007 in
752 981 856 1008 caeteris

58 1024 129 1050 nihil
143 1024 237 1052 habet.
251 1024 300 1052 His
311 1026 414 1052 accedit
432 1025 531 1061 Regius
543 1026 639 1054 decimi
663 1027 733 1054 tertii
750 1027 857 1054 circiter

58 1072 167 1103 saeculi,
185 1072 234 1106 qui
254 1073 353 1099 multas
367 1073 393 1098 in
408 1072 488 1100 libris
505 1073 606 1108 Regum
635 1073 766 1101 lectiones
780 1078 855 1100 vete-

59 1126 122 1144 rum
141 1118 235 1144 affert.
263 1119 362 1152 Magno
380 1119 443 1144 item
467 1119 527 1145 usui
550 1119 600 1146 fuit
624 1121 708 1149 codex
729 1119 785 1147 RR.
803 1120 854 1147 PP.

61 1163 156 1190 Sancti
172 1162 269 1189 Basilii
281 1162 385 1196 Romae,
398 1163 496 1190 decimi
513 1171 586 1197 saec,
600 1173 680 1199 quem
691 1164 856 1192 Basilianum

60 1216 209 1238 vocamus.
224 1209 277 1236 hac
294 1210 462 1244 supellectile
489 1211 628 1246 marginali
649 1216 764 1239 onustus
776 1233 782 1245 ,
810 1213 856 1246 qui

62 1254 284 1290 Heptateuchum
300 1256 431 1287 continet,
451 1256 498 1283 sed
513 1261 565 1283 tota
585 1264 651 1291 pene
664 1257 763 1284 Genesi
779 1262 857 1284 trun—

65 1307 141 1328 catus
155 1307 210 1328 est.
223 1300 279 1328 Nec
300 1302 547 1336 praetermittemus
567 1302 666 1337 Regius
693 1303 760 1330 alter
779 1311 854 1330 num.

66 1347 144 1379 1871,
161 1347 264 1374 decimi
283 1348 387 1379 saeculi,
399 1356 433 1375 ex
444 1348 521 1383 cujus
532 1349 698 1384 titarginibus
713 1349 797 1376 multa
811 1357 857 1376 ex—

66 1396 229 1430 cerpsimus.
250 1395 324 1422 Inter
342 1396 582 1430 praestantissimos
597 1397 795 1431 computandus
811 1405 857 1424 co—

66 1441 116 1467 dex
134 1440 338 1476 Prophetarum
368 1441 537 1468 bibliotheca
552 1441 609 1470 RR.
626 1441 678 1468 PP.
692 1441 855 1470 Jesuitarum

67 1486 168 1521 collegii
200 1485 332 1513 Ludovici
350 1485 460 1521 Magni,
478 1487 549 1514 unde
565 1487 649 1514 multa
666 1488 693 1514 in
709 1487 855 1515 Jeremiam

68 1536 95 1559 (ι
107 1531 281 1559 Ezechielcm
308 1532 423 1558 mutuati
443 1540 557 1559 sumus:
583 1540 645 1559 nam
664 1533 775 1561 llesaias
799 1534 855 1568 jam

67 1578 151 1605 chtns
165 1586 181 1604 a
199 1577 307 1604 Joanne
323 1577 450 1604 Cttrterio
465 1577 563 1610 fuerat,
583 1583 610 1606 et
634 1579 659 1606 iu
675 1580 779 1607 emteris
795 1587 857 1614 pro-

67 1625 151 1660 thetis
166 1625 225 1652 fere
240 1625 308 1652 nihil
332 1624 522 1659 marginalium
539 1625 789 1659 interpretationum
808 1626 857 1653 ha—

70 1670 154 1696 betur.
172 1669 278 1697 Praeter
293 1675 414 1696 veterum
429 1669 609 1705 interpretum
633 1671 764 1699 lectiones
777 1692 784 1704 ,
815 1672 858 1699 hic

69 1717 189 1744 asterisci
207 1721 235 1744 et
260 1717 331 1744 obcli
349 1717 451 1751 passim
467 1737 474 1749 ,
501 1725 696 1752 nonnunquam
712 1718 739 1745 in
762 1723 834 1746 textu
849 1739 857 1751 ,

69 1763 163 1797 inpius
180 1763 208 1789 iu
230 1763 402 1797 marginibus
420 1762 595 1790 adnotantur.
625 1763 663 1790 Ex
690 1764 743 1791 hoc
767 1764 859 1792 codice

68 1808 142 1843 plura
160 1816 311 1843 excerpere
322 1813 489 1843 poteramus,
506 1809 557 1836 nisi
571 1809 735 1845 praecipitem
751 1811 776 1838 ei
793 1819 860 1846 ope-

68 1861 124 1881 ram
138 1855 206 1881 dare
223 1855 313 1882 coacti
329 1862 453 1882 essemus
468 1864 475 1882 :
499 1863 560 1882 nam
574 1856 606 1883 ad
621 1861 740 1891 quatuor
755 1861 859 1884 tantum

70 1899 134 1931 dies,
152 1905 270 1935 rogante
283 1899 430 1927 Maecenate
446 1905 540 1928 nostro
559 1909 613 1929 cm.
630 1903 703 1929 card.
712 1902 859 1936 d‘Estrées,

68 1944 124 1979 ejus
140 1945 221 1972 nobis
241 1945 321 1980 copia
338 1945 408 1972 facta
422 1950 472 1974 est.
491 1945 684 1974 Memorandus
700 1948 762 1974 item
776 1949 859 1975 codex

67 1990 245 2019 Colbertinus
262 1992 289 2018 in
304 1991 420 2025 Jobum,
447 1999 543 2019 recens
565 1992 685 2027 quidem,
707 1994 752 2021 sed
768 2001 801 2021 ex
816 2002 861 2021 ve-

70 2038 130 2070 teri,
144 2042 176 2064 ιιι
194 2037 327 2070 creditur,
343 2037 507 2072 descriptus,
522 2039 593 2065 unde
606 2039 689 2066 multa
702 2039 735 2066 ad
753 2040 862 2067 institu-

70 2087 125 2109 tum
140 2088 268 2110 nostrum
284 2084 434 2118 spectantia
451 2084 567 2111 tnutuati
581 2092 686 2112 sumus.
695 2083 754 2112 Non
771 2089 862 2112 taeen-

69 2129 119 2156 dns
132 2130 200 2156 item
223 2129 390 2156 Barbcrinus
403 2129 431 2156 in
451 2129 609 2165 Prophetas,
625 2131 703 2165 cujus
719 2131 808 2158 varias
825 2131 861 2158 le~

69 2176 176 2202 ctioucs
195 2176 222 2202 in
241 2175 398 2210 Appendice
416 2176 626 2211 Polyglouorum
647 2177 730 2204 edidit
746 2176 862 2204 Briauus

73 2220 231 2248 Waltonus.
244 2221 281 2248 De
293 2222 354 2249 aliis
365 2223 560 2256 manuscriptis
574 2223 688 2249 minoris
697 2223 784 2257 pretii,
795 2231 861 2257 quo-

71 2275 131 2294 rum
147 2276 277 2302 magnam
293 2269 398 2303 copiam
410 2270 482 2296 nat-ti
498 2277 604 2301 sumus,
622 2269 648 2296 in
665 2269 754 2296 fronte
771 2269 864 2304 singu-

74 2313 161 2341 lorum
179 2314 313 2341 libroruin
328 2320 420 2342 aetum
440 2319 491 2342 est.
505 2314 553 2342 Hm
573 2315 659 2342 nobis.
672 2315 863 2350 IIctaplariutu

75 2360 333 2395 interpretationum
347 2361 469 2395 reliquias
486 2364 632 2395 supersunt
657 2361 683 2388 in
708 2362 863 2389 manuscri-

77 2407 139 2440 ptis.
157 2405 225 2433 Nam
243 2405 362 2441 Hexapla
380 2407 449 2441 ipsa,
467 2411 496 2434 ut
510 2407 544 2434 ab
560 2406 676 2442 Origene
702 2407 865 2434 concinnata

77 2450 195 2484 fuerant,
213 2452 251 2478 ita
270 2451 395 2479 funditus
422 2452 582 2486 perierunt,
601 2456 630 2478 ιιι
658 2460 691 2478 ue
705 2452 864 2486 particulam

77 2499 184 2532 quidem
196 2506 290 2525 eorum
309 2498 356 2525 ulli
372 2498 479 2532 uspiam
491 2498 648 2532 conspicere
659 2498 774 2526 licuerit.

79 2555 120 2583 III.
133 2556 249 2589 Quinam
265 2556 477 2590 exscriploribus
491 2556 676 2584 ecclesiasticis
688 2556 867 2592 Hexaplorum

368 2591 446 2618 libris
459 2592 511 2618 sint
527 2593 578 2618 usi.

112 2636 216 2665 Przter-
226 2637 335 2665 codices
353 2637 556 2672 manuscriplos
567 2659 576 2672 ,
598 2639 669 2666 unde
693 2644 812 2666 veterum
830 2639 868 2666 in-

80 2685 302 2719 terpretationum
324 2692 388 2719 pars
405 2692 507 2719 magna
521 2684 620 2718 prodit,
640 2685 760 2720 amplam
788 2685 867 2712 nobis

81 2737 193 2766 segetem
210 2731 373 2759 obtulerunt
397 2731 561 2765 scriptorum
580 2736 699 2759 veterum
723 2732 868 2760 Commen-

83 2778 149 2810 tarii,
167 2779 213 2813 qui
226 2786 278 2813 pro
298 2778 403 2805 litteras
416 2785 499 2805 sensu
522 2779 693 2813 assequeudo
708 2779 869 2813 plerumque

82 2824 186 2858 Aquilre,
208 2824 382 2860 Symmachi,
399 2823 595 2851 Theodotionis
604 2824 774 2859 aliorumque
787 2825 870 2852 inter-

84 2877 177 2900 nretum
194 2873 331 2901 lectiones
356 2876 536 2906 usurparunt.
554 2872 590 2900 De
606 2872 722 2907 singulis
734 2880 817 2908 porro
836 2873 869 2900 iis

905 247 1007 270 ramus,
1022 246 1074 265 non
1089 238 1222 272 ingratum
1240 237 1332 263 lectori
1347 237 1408 263 erit.

940 285 1091 312 Pinrnttus
1107 287 1219 318 martyr,
1247 282 1307 310 idco
1321 283 1394 317 prior
1415 286 1573 309 numeratur
1585 301 1593 313 ,
1623 280 1685 315 quia

905 337 1049 366 antequam
1067 330 1137 358 ullus
1149 330 1311 363 scriptorum
1337 329 1383 362 qui
1402 332 1547 362 supersunt
1561 326 1686 361 Hexapli:

905 382 1038 410 uteretur,
1056 377 1163 404 codices
1179 375 1359 410 Hexaplorum
1375 382 1436 400 cum
1461 374 1577 400 Eusebio
1593 380 1687 400 emen-

905 424 985 451 dasse
1012 423 1098 449 fertur
1111 422 1139 448 in
1157 426 1219 448 nota
1237 421 1339 448 codicis
1356 419 1413 446 RR.
1431 419 1482 446 PP.
1499 418 1663 446 Jesuitarum
1680 437 1688 449 ,

905 470 1036 504 exscripti
1053 469 1085 496 ad
1100 468 1178 495 ﬁdem
1192 467 1381 502 Hexaplorum,
1394 473 1455 500 qua:
1463 473 1543 500 penes
1551 464 1689 499 Apollina-

906 516 976 542 rium
986 514 1203 542 emnobiarcham
1217 513 1433 544 asset-\abantur,
1444 517 1473 538 ut
1487 511 1513 537 in
1523 511 1614 538 eadem
1625 514 1688 538 uota

905 561 1014 588 dicitur.

941 608 1073 634 Eusenos
1080 606 1222 641 Pamphili,
1235 609 1330 640 prteter
1338 613 1398 632 eam
1405 604 1521 640 Ilexapla
1529 601 1687 632 emendandi

906 662 1026 689 operam,
1052 661 1134 688 quam
1149 660 1209 680 eum
1227 651 1366 686 Pamphilo
1380 652 1511 685 suscepit.
1527 650 1629 678 scholia
1643 650 1690 676 in-

906 709 986 736 super
999 700 1107 734 adjecit,
1129 704 1157 727 ut
1172 699 1200 726 in
1213 698 1307 726 eadem
1325 704 1386 724 nota
1403 697 1497 724 fertur.
1515 696 1554 723 Ad
1574 697 1630 723 haec
1641 703 1689 722 au-

906 750 958 773 tem
971 746 1128 772 innumeras
1142 752 1210 779 pene
1223 749 1342 771 veterum
1355 743 1529 777 interpretum
1543 741 1574 768 A.
1593 741 1622 768 S.
1637 739 1689 767 Th.

906 790 1036 818 lectiones
1058 790 1168 821 attulit.
1195 789 1396 817 Commentariis
1425 789 1451 814 in
1479 787 1602 814 Psolmos
1623 792 1646 813 ει
1663 786 1691 812 in

908 836 1045 869 IIesaiam,
1061 837 1087 863 in
1101 836 1170 863 libro
1187 836 1225 862 De
1243 835 1307 861 locis
1326 834 1474 863 Hebraicis.
1503 833 1529 859 in
1550 832 1691 867 Prapara-

871 879 893 906 Β
908 885 975 911 tione
988 887 1015 911 et
1031 882 1261 910 Demonstrutione
1278 880 1436 915 evangelica,
1453 879 1517 906 etin
1533 879 1690 913 fragmentis

907 929 1172 957 Commentariorum
1187 928 1215 954 in
1233 927 1300 954 alias
1323 926 1470 961 Scriptura:
1482 930 1585 960 partes.
1602 924 1692 957 Quare

907 982 1005 1010 magno
1022 974 1100 1002 nobis
1113 974 1139 1000 in
1155 973 1198 1001 his
1210 972 1322 1000 edendis
1336 971 1458 999 subsidio
1469 971 1529 998 fuit.

941 1033 1122 1064 ATHANASIUS,
1139 1030 1267 1066 Hexaplis
1280 1038 1335 1058 non
1364 1031 1400 1057 ita
1428 1029 1585 1064 frequenter
1602 1037 1668 1056 usus
1683 1049 1690 1061 ,

906 1078 985 1106 binas
997 1083 1086 1105 tamen
1101 1077 1205 1112 Aquila:
1216 1077 1347 1104 lectiones
1363 1075 1544 1110 suppeditavit
1557 1084 1564 1107 ;
1578 1075 1691 1101 alteram

907 1123 933 1150 in
945 1123 1014 1150 libro
1026 1123 1070 1150 cui
1087 1122 1182 1149 titulus
1198 1131 1205 1148 :
1223 1121 1319 1148 Omnia
1330 1121 1394 1147 mihi
1413 1121 1512 1147 tradita
1527 1124 1586 1146 sunt
1600 1128 1616 1145 α
1638 1118 1693 1146 Pa-

908 1174 962 1202 tre;
979 1170 1090 1197 alternat
1103 1169 1130 1196 in
1147 1167 1348 1196 Commentariis
1364 1167 1391 1193 in
1408 1166 1541 1193 Psalmos.

942 1217 1115 1247 CKALCIDIIJS,
1129 1215 1175 1250 qui
1187 1222 1220 1241 an
1235 1213 1418 1245 Christianus,
1429 1221 1462 1239 an
1477 1212 1585 1248 gentilis
1600 1212 1692 1243 fuerit,

907 1262 1044 1288 incertum
1055 1265 1107 1292 est,
1123 1260 1218 1286 eodem
1231 1259 1339 1286 circiter
1354 1263 1485 1292 tempore.
1510 1256 1692 1291 Hexaplorurn

907 1307 997 1334 locum
1014 1305 1114 1337 attulit,
1132 1309 1161 1332 ut
1177 1304 1268 1331 rideas
1286 1304 1312 1330 in
1330 1302 1465 1338 principio
1486 1302 1610 1329 Genesis.
1641 1301 1693 1329 Alii

908 1361 970 1380 eum
986 1357 1064 1380 aztate
1076 1352 1156 1386 longe
1176 1350 1357 1386 posteriorem
1384 1356 1444 1376 esse
1469 1353 1585 1383 putant;
1605 1348 1650 1375 sed
1667 1348 1694 1375 id

907 1399 1059 1433 disquirere
1070 1407 1124 1426 non
1141 1402 1183 1425 est
1198 1397 1339 1432 praesentis
1354 1395 1479 1423 instituti.

941 1446 1077 1473 As'remus
1092 1445 1225 1480 sophista,
1241 1443 1287 1478 qui
1300 1443 1394 1470 eodem
1403 1449 1471 1476 pene
1485 1445 1606 1474 tempore
1620 1438 1696 1466 Com-

907 1492 1036 1519 mentario
1047 1492 1076 1518 in
1084 1490 1206 1518 Psalmos
1223 1488 1374 1518 adornavit,
1385 1495 1418 1514 an
1431 1486 1558 1520 Hexaplis
1571 1485 1607 1512 sit
1617 1492 1694 1517 usus,

871 1555 891 1584 α
909 1545 1004 1569 necne,
1023 1537 1144 1564 nondum
1160 1536 1196 1562 ita
1214 1539 1385 1569 perspectum
1403 1536 1454 1584 est.

945 1582 1064 1610 Dlnrnus
1073 1588 1171 1612 caecus,
1184 1578 1396 1610 Alexandrinus,
1406 1575 1589 1611 Hexaplorum
1603 1575 1696 1602 lectio-

911 1637 960 1657 nes
972 1630 998 1656 iu
1016 1626 1229 1656 Commentariis
1246 1625 1303 1653 suis
1319 1624 1418 1657 attulit,
1435 1623 1481 1650 sed
1510 1630 1564 1649 non
1582 1621 1619 1649 ita
1638 1621 1694 1648 fre.-

911 1679 1037 1710 quenter.

947 1719 1108 1747 Tueononus
1122 1717 1291 1750 IIeraelcota,
1303 1716 1432 1747 Arianus,
1459 1714 1578 1749 IIexapla
1594 1713 1696 1748 passim

913 1766 1050 1798 adhibuit,
1067 1773 1154 1799 eaque
1169 1765 1247 1792 docte
1264 1762 1400 1795 tractavit,
1418 1767 1448 1789 ut
1473 1761 1566 1789 multis
1581 1761 1608 1787 in
1629 1760 1697 1787 locis

913 1813 1007 1840 videre
1022 1817 1073 1839 est.
1090 1810 1156 1846 Ejus
1171 1809 1436 1838 Commentariorum
1463 1807 1613 1842 fragmenta
1630 1806 1698 1832 bene

914 1858 1001 1886 multa
1015 1861 1124 1885 exstant
1140 1858 1167 1884 in
1184 1856 1294 1884 Catenis
1306 1855 1398 1883 variis.

945 1904 1074 1931 Eussatus
1098 1903 1247 1930 Emesenus
1275 1902 1302 1928 in
1331 1900 1551 1932 Commentariis,
1580 1905 1698 1933 quorum

914 1950 1064 1985 fragmenta
1078 1949 1184 1975 Catena
1201 1947 1339 1979 exhibent,
1355 1946 1483 1980 Hexaplis
1497 1950 1539 1972 est
1559 1953 1635 1975 usus.
1653 1943 1699 1970 sed

915 2004 988 2027 raro,
1006 1999 1035 2022 ut
1053 1995 1171 2022 videtur.

950 2041 1077 2068 IIILAﬂIllS
1094 2040 1177 2068 semel
1188 2039 1307 2074 Hexapla
1329 2045 1476 2073 usurpasse
1491 2034 1700 2071 deprehenditur

916 2088 1109 2116 Commentario
1119 2088 1145 2113 in
1162 2086 1295 2113 Psalmos.

952 2134 1082 2162 EUSEBIUS
1100 2131 1279 2160 Vercellensis
1301 2130 1510 2158 Commentarios
1539 2126 1647 2154 Eusebii
1672 2126 1700 2153 in

916 2179 1037 2206 Psalmos
1053 2177 1148 2205 Latine
1163 2177 1312 2210 transtulit,
1338 2175 1500 2203 lectionibus
1520 2173 1702 2207 Ilexaplorum

879 2237 900 2264 ι)
909 2232 1065 2260 respersos.
1076 2248 1080 2250 .

952 2271 1088 2298 Diononus
1098 2269 1252 2302 Tarsensis,
1267 2269 1294 2295 in
1324 2274 1400 2295 saera
1419 2265 1558 2300 Scriptura
1582 2263 1702 2298 apprime

915 2322 1052 2350 versatus,
1066 2317 1248 2351 Ilexaplorum
1259 2315 1382 2342 notitiam
1395 2313 1502 2348 plenam
1518 2311 1645 2338 habuisse
1658 2309 1700 2336 vi-

915 2364 1004 2396 detur,
1022 2367 1051 2390 ut
1067 2370 1098 2390 ex
1109 2362 1168 2397 ejus
1183 2361 1343 2396 fragmentis
1354 2367 1414 2395 qua:
1434 2359 1461 2386 in
1476 2357 1590 2385 Catenis
1609 2363 1704 2390 super-

918 2415 991 2442 sunt,
1005 2408 1226 2444 deprehenditur.

953 2456 1114 2483 EPIPIIANIUS
1131 2454 1224 2490 Cypri,
1237 2453 1366 2480 lectiones
1389 2455 1510 2478 veterum
1526 2450 1704 2483 interpretum

917 2511 971 2530 non
989 2502 1073 2530 semel
1088 2501 1188 2532 attulit,
1202 2505 1228 2527 et
1250 2498 1395 2527 Historiam
1414 2497 1594 2531 Hexaplorum
1608 2494 1706 2530 partim

918 2557 950 2577 ex
966 2548 1092 2583 Origene,
1107 2552 1138 2575 ut
1155 2547 1271 2577 videtur,
1295 2549 1445 2575 mutuatus,
1472 2543 1532 2570 fuse
1551 2542 1704 2577 descripsit.

954 2595 1076 2622 BASILIUS
1087 2593 1264 2621 Ctesariensis
1286 2591 1446 2626 hexaplares
1471 2588 1707 2624 interpretationes

921 2648 1016 2676 parum
1033 2639 1168 2667 tractavit.

955 2687 1107 2714 Gneoomus
1121 2686 1184 2713 item
1203 2683 1351 2720 Nyssenus,
1371 2683 1432 2718 ejus
1456 2681 1551 2714 frater,
1580 2678 1708 2713 Hexaplis

920 2742 983 2761 l‘al‘O
999 2741 1064 2760 IISllS
1081 2738 1132 2760 est.

957 2781 1152 2806 APOLLINARIUS
1165 2778 1336 2807 Laodiccnus
1363 2777 1388 2803 iu
1407 2771 1626 2802 Commentariis
1652 2770 1709 2797 suis

922 2825 1104 2860 Ilcxaplorum
1119 2824 1248 2852 lectiones
1266 2822 1426 2858 parcissime
1442 2819 1541 2847 attulit.

958 2872 1113 2899 Antmosms
1140 2869 1349 2898 Mediolanensis
1373 2867 1509 2895 modicum
1528 2863 1710 2898 IIexaplorum
