1902 3049
240 137 291 164 119

912 134 1167 164 PRAELIMINARIA

1802 135 1850 161 120

238 202 319 224 usum
331 194 457 222 habuisse
479 194 699 229 deprehenditur,
730 195 907 230 similiterque
930 196 1019 222 ACGU-
1035 196 1058 224 Α
1105 193 1256 222 Puocopius
1267 195 1379 221 Gazzeus
1394 195 1420 220 in
1438 192 1634 224 Octaleurltum,
1648 195 1673 218 in
1691 192 1774 218 libros
1799 191 1852 219 Re-

238 249 331 270 srisus
343 247 367 269 ct
376 241 564 269 PHILASTIUUS.

275 287 399 319 RUFINUS,
417 288 462 322 qui
489 294 613 323 magnam
635 287 758 324 Origenis
782 296 892 323 operum
917 292 1019 323 partem

238 333 332 361 Latine
348 335 540 368 interpretatus
552 339 602 366 est,
617 333 797 369 llexaplorum
825 335 947 361 notitiam
965 334 1019 368 ple-

238 388 299 407 nam
317 380 445 407 habuisse
457 380 561 407 videtur
577 388 583 406 :
599 381 698 415 quibus
713 385 801 408 tamen
817 388 880 407 raro
889 385 930 406 est
942 387 1018 413 usus,

237 429 266 452 ut
281 433 313 451 ex
336 425 406 460 cjus,
429 433 488 460 quae
506 431 660 461 supersunt,
677 426 784 461 scriptis
799 426 1017 460 deprehenditur.

272 468 387 498 Joansss
406 471 617 499 Cnnvsosrouus
645 472 772 499 lectiones
791 476 911 498 veterum
936 471 1019 498 inter-

234 520 340 550 pretum
354 516 571 552 frequentissime
579 518 690 553 profert,
706 517 822 545 maxime
836 523 925 545 autem
941 517 1020 544 Com—

235 563 372 589 mentariis
385 564 411 590 in
426 563 558 599 Psalmos,
577 565 621 592 ubi
638 572 700 592 raro
723 564 884 599 interpretes
909 564 1018 592 nomine

235 615 286 635 suo
301 609 437 644 exprimit,
455 610 500 638 sed
512 618 576 638 voce
592 612 701 642 Ἀλλος
712 611 808 638 utitur.

269 653 440 683 Iimnosvuus
455 656 515 691 plus
530 664 611 692 quam
625 657 715 684 cmtcri
731 664 837 690 omnes,
849 663 906 684 uno
922 656 1018 684 fortas-

234 699 272 726 sis
282 699 398 728 Eusebio
407 706 528 737 excepto,
543 702 669 738 Hexaplis
679 708 720 731 est
731 711 796 731 usus
813 711 819 730 ε
835 703 868 730 de
886 703 1018 738 Hexaplo—

234 754 293 773 rutn
313 746 408 774 ordine
419 755 489 783 saepe
502 748 642 782 disseruit,
655 749 687 776 de
697 749 812 784 singulis
827 749 1018 784 interpretibus

233 791 318 818 multa
334 791 401 819 dixit
419 802 426 820 :
443 801 536 821 eorum
550 793 786 829 interpretationes
800 794 826 821 in
845 794 1019 822 Commenta-

232 838 281 866 riis
295 839 352 866 suis
367 844 392 866 et
406 839 432 866 in
448 840 509 868 aliis
529 841 670 875 opusoulis
691 849 761 876 saepe
785 841 883 868 attulit.
915 840 1018 869 Editio-

232 891 293 910 nem
316 884 440 913 Latinam
457 891 573 913 veterem
589 886 724 921 adjunctis
749 887 887 914 asteriscis
906 892 933 914 et
952 887 1017 914 obe-

230 930 265 968 lis
286 931 444 965 publicavit.
469 931 601 959 Praeterea
624 932 873 967 interpretationem
893 931 1018 959 Latinam

231 984 330 1004 novatn
343 977 496 1011 adornavit,
519 985 579 1012 qua:
609 978 739 1006 hodierna
768 978 879 1013 Vulgata
904 983 956 1012 est,
973 978 1018 1006 ubi

231 1023 340 1058 Aquila,
364 1022 538 1059 Symmacho,
564 1028 659 1051 etnon
673 1024 756 1052 semel
785 1024 866 1052 Sexta
888 1024 1016 1057 editione,

231 1068 341 1102 quando
354 1076 385 1095 ea
396 1068 498 1102 aderat,
512 1077 578 1097 usus
589 1074 639 1097 est.
655 1069 688 1096 Et.
703 1071 730 1096 in
742 1070 803 1098 aliis
820 1070 929 1105 quidem
940 1069 1016 1098 libris

232 1113 424 1150 Symmachum
447 1114 604 1150 frequenter
635 1115 769 1151 sequitur,
796 1116 921 1151 Aquilam
952 1117 1016 1144 item

230 1167 284 1186 non
302 1168 382 1193 raro;
404 1160 431 1188 in
449 1159 566 1189 Psalmis
578 1169 651 1195 vero,
674 1162 778 1197 Aquila:
807 1168 837 1190 ut
868 1163 1015 1197 plurimum

231 1206 323 1237 lueret,
337 1205 500 1242 Symmacho
529 1207 736 1243 infrequentius,
765 1209 910 1244 aliquando
934 1209 1015 1237 etiam

231 1251 301 1278 LXX
318 1251 411 1280 Latine
420 1253 556 1288 exprimit.
574 1253 636 1282 llam
647 1256 764 1290 sparsim
780 1255 970 1284 adnotavimus
987 1256 1014 1283 in

230 1296 312 1331 hujus
326 1298 416 1332 operis
429 1299 555 1327 decursu.

265 1343 413 1372 Hssvcuius
430 1344 615 1378 Salonitanus,
625 1347 671 1381 qui
686 1355 700 1374 a
713 1348 850 1376 nonnullis
861 1356 921 1376 cum
938 1349 1014 1377 Jero-

229 1390 390 1424 solymitano
411 1390 596 1424 confunditur,
627 1393 851 1421 Commentarium
878 1395 962 1422 edidit
986 1396 1013 1422 in

228 1435 383 1468 Letviticum,
405 1445 484 1472 queui
512 1437 606 1465 Latine
627 1439 752 1473 primitus
780 1440 911 1475 scriptum
929 1441 1013 1469 fuisse

229 1490 341 1516 prorsus
358 1483 484 1511 existimo
499 1493 505 1511 :
522 1492 609 1520 neque
624 1485 696 1512 enim
708 1487 843 1514 ullatenus
859 1487 911 1516 olet
930 1488 1013 1516 inter-

229 1528 407 1562 pretationem
420 1537 452 1556 ex
466 1529 558 1557 Graeco
570 1530 678 1558 factam.
693 1530 731 1558 lbi
755 1539 819 1559 vero
834 1538 954 1560 veterum
968 1534 1011 1561 in-

229 1578 376 1608 terpretum
393 1575 509 1610 Aquilae,
531 1575 687 1611 Symmachi
707 1582 734 1604 et
758 1577 951 1607 Theodotionis
973 1581 1011 1608 le-

228 1620 333 1646 ctiones
350 1619 505 1654 frequenter
522 1622 642 1649 adhibet.
657 1622 859 1652 Commentaria
872 1625 947 1652 illum
962 1634 1011 1654 sua

228 1671 282 1691 non
294 1664 397 1699 Grece,
410 1667 455 1694 sed
469 1666 563 1695 Latine
583 1669 700 1696 edidisse
714 1669 756 1696 vel
784 1670 847 1697 hinc
867 1671 1010 1707 evincitur,

228 1712 300 1747 quod
317 1713 346 1739 in
366 1711 475 1741 Catenis
492 1713 593 1742 GI‘IBCiS
609 1715 636 1742 in
651 1715 804 1750 Leviticum,
831 1725 892 1752 qua:
915 1727 1011 1755 magno

228 1766 342 1787 numero
355 1759 440 1787 variis
452 1760 478 1787 in
494 1760 665 1789 bibliothecis
679 1761 823 1796 habentur,
833 1764 899 1791 nihil
911 1772 943 1791 ex
959 1765 1010 1792 lle-

228 1805 323 1840 sychio
334 1805 427 1833 Graec
441 1806 546 1841 uspiam
566 1812 732 1842 compareat.

262 1849 422 1879 Taaooonos
434 1851 639 1887 Mopsuestenus
654 1854 732 1889 cujus
746 1859 772 1882 et
794 1854 1010 1884 Commentario-

226 1904 286 1922 rum
306 1896 457 1931 fragmenta
472 1898 499 1925 in
514 1898 623 1926 Catenis
637 1904 754 1934 exstant,
767 1906 793 1928 et
813 1901 1009 1930 Commentario

225 1941 254 1968 in
270 1940 416 1977 Prophetas
431 1943 536 1979 integra
549 1944 576 1971 iu
593 1945 923 1981 bibliothecisservantur,
938 1947 1008 1974 LXX

226 1996 332 2024 semper
347 1990 479 2025 sequitur,
496 1990 677 2026 chaplorum
694 2001 756 2020 vero
774 1994 1009 2028 interpretationes

224 2035 313 2063 varias
325 2043 420 2070 parum
433 2037 533 2065 adiisse
544 2038 659 2066 videtur.

260 2079 365 2108 νισι-οη
379 2081 575 2114 Antiochenus,
598 2084 624 2110 iu
653 2082 811 2118 fragmentis
835 2082 1008 2112 Commenta-

223 2127 338 2160 riorum,
354 2135 416 2162 quae
431 2128 458 2155 in
472 2128 582 2157 Catenis
599 2134 753 2164 supersunt,
770 2130 930 2165 interpretes
957 2130 1009 2158 Hea

226 2173 367 2207 xaplorum
381 2181 442 2201 raro
456 2175 614 2202 adhibuisse
626 2175 845 2210 deprehenditur.

1071 248 1132 275 gum
1148 245 1172 267 et
1184 239 1411 275 Paralipomenén
1425 244 1449 266 et
1462 239 1489 265 in
1506 237 1852 270 ﬂesaiam,Commentaria

1069 286 1163 319 edidit,
1176 294 1207 314 ac
1223 293 1341 321 persmpe
1355 285 1589 320 interpretationes
1605 289 1725 312 veterum
1745 292 1808 319 qua:
1824 285 1851 311 in

1070 330 1197 366 Hexaplis
1205 336 1282 359 erant
1290 331 1317 358 in
1324 331 1442 359 medium
1455 331 1577 363 adduxit,
1587 330 1759 364 maximeque
1773 329 1851 357 Com-

1070 378 1199 405 mentario
1212 378 1238 405 in
1255 377 1392 409 Hesaiam,
1406 385 1486 412 quem
1501 377 1539 405 ita
1550 377 1674 404 mutilum
1689 376 1722 404 ad
1736 383 1788 404 nos
1803 376 1850 403 de-

1069 425 1175 452 venisse
1188 425 1320 452 dolemus.

1103 470 1272 498 ANASTASIUS
1297 470 1432 498 secundus
1460 469 1655 503 Antiochcnus,
1679 476 1734 497 non
1769 468 1850 496 infre-

1068 521 1184 551 quenter
1195 518 1222 544 in
1235 524 1284 544 suo
1308 516 1491 544 Hexaemeron
1523 523 1605 551 opere
1626 520 1747 543 veterum
1765 515 1849 542 inter-

1068 567 1174 597 pretum
1189 562 1338 597 fragmenta
1355 563 1453 590 attulit.

1102 608 1278 642 Auasnsms,
1296 608 1421 636 Nicaanus
1446 607 1627 643 metropolita.
1657 607 1852 635 Commentario

1067 656 1095 682 in
1112 654 1233 682 Psalmos
1250 655 1352 688 Graec,
1367 655 1415 689 qui
1430 654 1535 689 integer
1555 657 1678 694 servatur
1699 652 1726 679 in
1754 652 1851 679 biblio-

1068 700 1144 728 theca
1157 700 1334 733 Coisliniana,
1353 705 1472 728 veterum
1485 700 1661 734 interpretum
1671 698 1800 726 lectiones
1809 705 1853 726 ra-

1068 752 1099 773 ro
1112 745 1231 772 adhibet.

1104 791 1253 819 Hesvcnlus
1291 790 1535 827 Jerosolymitanus
1572 790 1798 817 Commentariun:
1824 789 1851 817 in

1069 837 1190 865 Psatmos
1202 838 1303 870 emisit,
1325 839 1371 872 qui
1390 837 1522 872 hodieque
1538 836 1563 863 in
1587 836 1689 872 aliquot
1704 836 1853 863 bibliothe-

1070 885 1109 912 cis
1120 884 1211 912 Graece
1225 888 1389 917 asset-vatur,
1406 884 1484 919 cujus
1496 889 1523 910 et
1537 883 1686 918 fragmenta
1702 884 1729 910 in
1742 882 1852 911 Catenis

1069 930 1139 957 edita
1150 933 1224 961 sunt,
1233 933 1354 957 veterum
1364 929 1539 964 interpretum
1554 928 1681 955 lectiones
1692 927 1852 964 infrequen-

1069 981 1110 1003 ter
1124 975 1223 1002 attulit.

1103 1017 1319 1051 OLvuPtononus,
1335 1019 1478 1054 episcopus
1493 1019 1600 1048 Tricces
1613 1021 1639 1047 in
1652 1020 1805 1053 Thessalia,
1820 1024 1852 1047 ut

1068 1064 1095 1091 in
1109 1065 1203 1093 codice
1216 1066 1334 1100 quodam
1363 1064 1531 1093 Coisliniano
1556 1066 1653 1094 decimi
1680 1066 1788 1094 circiter
1808 1067 1851 1094 vel

1068 1110 1201 1138 undecimi
1214 1111 1306 1138 saeculi
1323 1110 1433 1145 dicitur,
1449 1111 1652 1140 Commentariis
1665 1113 1693 1139 in
1715 1112 1853 1140 Ecclesia»

1066 1158 1132 1186 διέτη,
1146 1155 1173 1182 in
1184 1154 1234 1182 Job
1249 1156 1312 1182 etin
1323 1155 1475 1189 Jeremiam,
1488 1157 1654 1189 nobilitatur,
1668 1158 1713 1185 ubi
1723 1157 1852 1193 Hexaplis

1067 1199 1295 1234 frequentissime,
1312 1203 1428 1231 maxime
1439 1203 1466 1230 in
1480 1202 1539 1236 Job,
1559 1211 1624 1231 usus
1637 1207 1688 1231 est.

1100 1245 1256 1275 Eurnrmus
1282 1247 1441 1283 Zygabenus
1458 1249 1653 1277 Commentario
1675 1251 1702 1277 in
1724 1250 1849 1279 Psalmos

1065 1293 1165 1324 emisit,
1180 1293 1227 1320 ubi
1244 1293 1436 1328 Hexaplarium
1451 1295 1600 1323 editionum
1617 1296 1849 1324 Iectionibus‘ali-

1064 1338 1174 1372 quando
1188 1339 1282 1372 utitur,
1302 1347 1335 1367 ex
1354 1340 1522 1375 marginibus
1534 1340 1637 1368 scilicet
1651 1340 1800 1369 Bibliorum
1821 1345 1850 1368 et

1063 1389 1096 1409 ex
1119 1383 1179 1410 aliis
1193 1384 1397 1412 commentariis
1407 1389 1559 1417 mutuatus;
1581 1385 1623 1412 vix
1637 1387 1709 1413 enim
1735 1391 1850 1421 putave—

1064 1428 1114 1454 rim
1129 1428 1245 1463 Hexapla
1262 1430 1294 1457 ad
1306 1430 1366 1465 ejus
1378 1435 1483 1466 tempus
1510 1431 1660 1465 devenisse,
1692 1439 1756 1460 nam
1778 1432 1849 1460 vixit

1064 1473 1206 1501 undecimo
1216 1475 1324 1502 saeculo.

1193 1520 1238 1549 IV.
1260 1521 1434 1554 Quandonam
1447 1522 1569 1557 Hexapla
1582 1524 1715 1558 perierint.

1097 1565 1156 1594 Jam
1173 1572 1256 1595 restat
1268 1573 1297 1595 ut
1310 1568 1495 1603 disquiramus
1510 1577 1565 1604 quo
1588 1575 1707 1604 tempore
1723 1575 1777 1598 tam
1795 1578 1848 1598 no-

1061 1613 1115 1640 bile
1129 1618 1258 1649 tantoque
1269 1614 1362 1642 labore
1375 1620 1481 1650 partum
1491 1624 1560 1651 opus
1571 1615 1836 1644 funditusinterierit

1062 1657 1089 1685 ld
1100 1665 1133 1686 ex
1149 1659 1265 1687 raritate
1274 1660 1469 1694 exemplarium
1492 1661 1633 1695 accidisse,
1651 1665 1681 1689 ut
1706 1670 1788 1697 supra
1805 1663 1850 1690 di.-

1061 1709 1134 1732 ctum
1150 1709 1200 1738 est,
1217 1710 1319 1733 certum
1330 1706 1461 1734 habemus
1477 1715 1483 1733 :
1499 1707 1578 1735 initio
1592 1708 1665 1734 enim
1677 1709 1745 1736 satis
1760 1708 1849 1736 habe-

1061 1750 1137 1784 bant,
1155 1751 1177 1779 si
1192 1759 1250 1785 eas,
1279 1759 1347 1786 quas
1366 1752 1491 1784 meliores
1515 1753 1706 1781 existimabant
1722 1758 1848 1781 veterum

1061 1798 1237 1833 interpretum
1266 1799 1413 1834 lectiones,
1441 1800 1468 1828 in
1493 1801 1660 1837 marginibus
1692 1801 1848 1830 Bibliorum

1060 1844 1252 1873 describerent.
1283 1846 1384 1874 lnﬁmis
1411 1854 1474 1875 vero
1502 1848 1608 1876 sarculis
1627 1848 1708 1876 etiam
1736 1848 1770 1875 ab
1795 1848 1849 1876 hac

1060 1890 1250 1925 marginalium
1272 1890 1419 1919 lectionum
1437 1892 1610 1920 adnotatione
1629 1897 1763 1921 cessatum
1780 1898 1844 1926 est;

1061 1937 1131 1963 unde
1156 1936 1286 1971 contingit
1323 1941 1353 1964 ut
1380 1937 1509 1965 lectiones
1536 1938 1589 1965 illae
1617 1943 1642 1965 et
1678 1938 1847 1972 interpreta-

1060 1983 1149 2010 tiones
1165 1983 1192 2009 in
1204 1983 1400 2017 antiquissimis
1412 1983 1551 2011 codicibus
1574 1984 1671 2018 saepius
1701 1984 1848 2019 reperian-

1060 2033 1115 2061 tur,
1130 2036 1209 2056 secus
1224 2033 1315 2056 autem
1332 2030 1358 2056 in
1373 2030 1577 2057 recentioribus.
1598 2030 1666 2057 Cum
1687 2030 1780 2065 priora
1797 2032 1848 2066 igi-

1061 2080 1105 2102 tur
1133 2074 1313 2111 Hexaplorum
1336 2077 1500 2112 exemplaria
1519 2082 1651 2105 vetustate
1681 2085 1846 2114 consumpta

1059 2120 1184 2154 fuissent,
1194 2122 1364 2149 exscribendi
1375 2123 1535 2158 negligentia
1550 2128 1634 2150 totum
1655 2130 1723 2158 opus
1734 2123 1761 2150 in
1778 2131 1846 2159 per-

1060 2166 1159 2193 niciem
1177 2166 1234 2193 ivit.
1248 2167 1278 2194 ld
1293 2175 1356 2194 vero
1364 2168 1537 2203 quandonam
1549 2168 1760 2196 accideritnullo
1772 2170 1847 2197 scri-

259 2218 472 2251 Poucrmotvzus,
488 2225 517 2247 ut
527 2228 559 2247 ex
574 2220 732 2255 fragmentis
750 2222 809 2257 ejus
830 2223 856 2249 in
883 2223 1005 2258 Cantica,

1066 2216 1166 2246 )torum
1178 2213 1333 2241 testimonio
1350 2214 1494 2242 indicatur.
1516 2214 1625 2242 Certum
1641 2215 1748 2250 quidem
1766 2216 1846 2244 vide-

223 2265 251 2291 ἱιι
265 2264 327 2298 Job,
345 2266 372 2292 in
388 2265 548 2293 Ezechiele»:
568 2271 595 2294 et
610 2268 637 2293 in
652 2267 798 2301 Danieicm,
815 2271 910 2304 quaein
925 2271 1006 2299 Cate-

223 2310 266 2337 nis
280 2315 398 2344 cxstant,
413 2311 544 2346 arguitur,
560 2311 690 2340 Hebraice
705 2313 800 2341 doctus
811 2315 871 2347 fuit,
889 2315 1006 2351 Hexapla

222 2365 305 2392 penes
319 2365 348 2385 se
360 2358 463 2392 habuit,
484 2359 572 2394 iisque
596 2359 750 2395 frequenter
773 2369 839 2390 usus
860 2367 900 2390 est
917 2363 943 2390 in
957 2372 1005 2391 ω-

223 2403 405 2438 positionibus
418 2405 486 2433 suis.

257 2448 390 2482 CYRVILLUS
402 2450 602 2479 Alexandrinus
617 2451 797 2488 Hexaplorum
817 2455 945 2484 lectiones
963 2464 1005 2490 ra-

221 2494 331 2521 rissime
344 2495 442 2522 attulit.

257 2539 454 2569 ’l‘usononsrus
472 2542 499 2569 in
515 2542 724 2573 Commentariis
745 2546 802 2574 suis
815 2551 935 2574 veterum
964 2547 1004 2576 in-

222 2589 368 2620 terpretum
378 2586 519 2618 lectiones,
531 2588 597 2614 utin
612 2587 738 2624 Hexaplis
750 2595 838 2624 erant,
855 2591 1004 2626 smpissime

220 2631 306 2663 aﬂ'ert,
326 2631 413 2666 iisque
436 2632 569 2667 sagaciter
595 2633 688 2666 utitur,
720 2642 853 2670 opemque
879 2643 1006 2671 magnam,

219 2677 280 2705 tulit
296 2678 322 2704 in
341 2677 391 2705 hac
407 2678 509 2706 edenda
523 2679 708 2708 collectione;

253 2723 367 2750 Joams
387 2722 754 2759 PhiloponusCommentario
770 2726 796 2752 in
810 2725 1001 2760 Hexaemeron,

218 2767 330 2796 Genesis
347 2769 465 2804 primum
485 2769 540 2797 fere
551 2775 633 2806 caput
645 2771 778 2807 integrum
800 2772 948 2799 secundum
961 2773 1002 2800 in-

217 2816 425 2849 terpretationes
442 2815 555 2851 Aqltihe,
579 2817 734 2853 Symmachi
758 2823 783 2845 ct
810 2817 1001 2846 Theodotionis

218 2861 296 2890 nobis
307 2863 488 2891 conservavit.

1059 2262 1103 2285 tur
1128 2258 1319 2294 primigenium
1340 2258 1526 2295 Tctraplorum
1543 2265 1569 2288 et
1581 2259 1761 2295 Hexaplorum
1776 2262 1845 2288 Uri-

1058 2304 1134 2338 genis
1151 2304 1291 2338 exemplar
1307 2305 1334 2332 in
1349 2305 1447 2332 celebri
1460 2306 1503 2333 illa
1524 2305 1685 2334 Cmsarieusi
1711 2307 1845 2341 martyris

1057 2348 1190 2384 Pamphili
1207 2350 1369 2378 bibliotheca
1385 2352 1564 2385 remansisse;
1580 2359 1639 2378 eam
1647 2351 1843 2380 bibliothecam

1057 2400 1252 2423 commemorat
1266 2396 1350 2423 codex
1366 2396 1548 2430 Epistolarum
1565 2396 1594 2423 S.
1605 2395 1681 2423 Pauli
1695 2396 1844 2424 Coislinia-

1056 2449 1119 2475 nus,
1137 2449 1190 2476 quo
1200 2442 1339 2477 antiquior
1355 2442 1423 2470 alter
1440 2451 1493 2470 non
1518 2448 1651 2478 superest,
1676 2448 1706 2470 ut
1727 2443 1843 2478 quidem

1056 2487 1182 2515 arbitror.
1202 2487 1229 2514 In
1247 2493 1310 2516 uota
1327 2488 1426 2524 quippe
1447 2488 1483 2517 ad
1497 2489 1597 2516 calcent
1616 2490 1701 2524 posita
1726 2490 1842 2524 dicitur,

1056 2533 1131 2561 illum
1153 2534 1239 2569 ipsum
1268 2534 1387 2561 codicem
1409 2534 1535 2565 collatum
1565 2535 1647 2562 fuisse
1663 2535 1794 2563 Caesareae
1814 2539 1842 2565 in

1055 2581 1217 2609 bibliotheca
1233 2581 1260 2608 S.
1271 2580 1414 2616 Pamphili,
1434 2581 1468 2608 ad
1488 2581 1627 2615 exemplar
1645 2581 1730 2616 ipsius
1754 2581 1842 2610 Pam-

1055 2627 1120 2661 phili
1134 2635 1215 2654 manu
1227 2628 1391 2661 descriptum
1408 2635 1413 2652 :
1435 2627 1595 2662 Ἀντεϐλήθη
1610 2628 1657 2654 καὶ
1677 2628 1744 2663 πρὸς
1764 2628 1796 2654 τὸ
1811 2630 1842 2655 ἐν

1054 2674 1191 2710 Καισαρίᾳ
1206 2674 1215 2709 (
1226 2675 1263 2701 sic
1272 2675 1281 2709 _)
1297 2673 1460 2708 ἀντίγραφον
1467 2674 1514 2708 τῆς
1523 2673 1696 2710 βιϐλιοθήκης
1702 2675 1748 2701 τοῦ
1758 2675 1841 2709 ἁγίου

1053 2722 1194 2757 Παμφίλου
1214 2721 1284 2756 χειρὶ
1300 2720 1490 2756 γεγραμμένου
1504 2720 1550 2746 τοῦ
1581 2720 1673 2747 αὐτοῦ.
1693 2721 1720 2747 In
1740 2722 1841 2748 eadem

1053 2769 1214 2796 bibliotheca
1223 2767 1374 2802 descriptus
1390 2766 1621 2801 fueratexcmplar
1635 2767 1741 2794 abbatis
1752 2767 1840 2802 Apol~

1054 2814 1361 2845 linariiccenobiarchae,
1376 2813 1421 2848 qui
1445 2814 1471 2841 in
1493 2814 1590 2841 vicinis
1613 2813 1744 2841 Cmsareie
1767 2814 1839 2842 locis

1053 2861 1159 2901 degisse
1170 2862 1274 2890 videtur
1290 2870 1296 2889 :
1314 2869 1375 2889 nam
1388 2861 1525 2893 exemplar
1538 2860 1620 2893 illius,
1634 2859 1707 2895 quod
1720 2861 1752 2888 ad
1767 2867 1836 2896 pros
