1902 3049
271 99 323 127 127

944 106 1202 136 PRAELIMINARIA
1855 113 1892 142 κε

269 166 332 188 nam
349 169 364 188 δ
389 160 465 188 nobis
480 162 512 189 de
528 163 666 191 Altissimo
687 172 718 192 ac
740 165 772 192 de
788 165 902 194 Domino
926 166 1051 194 traditam
1066 193 1070 199 ί

1136 167 1236 201 ’ψίστηυ
1254 168 1300 194 καὶ
1325 168 1387 203 περὶ
1408 168 1454 195 τοῦ
1478 170 1580 206 Κυρίου
1604 170 1808 206 ἀποδεδομένον
1831 171 1892 206 mili

269 212 422 242 suspectam
435 208 575 237 habentes.

1103 213 1199 248 δόγμα.

984 259 1055 287 Ibid.
1069 269 1097 294 p.
1112 261 1155 288 86.

304 301 457 330 Admodum
476 304 635 332 mirabiliter
651 305 839 341 Symmachus.

1139 310 1244 346 Σφόδρα
1261 310 1424 346 θαυμαστῶς
1439 313 1453 342 ὁ
1471 312 1624 348 Σύμμαχος.

983 354 1054 382 Ibid.
1066 364 1092 390 p.
1105 356 1166 384 199.

302 394 460 425 llirabilitcr
473 399 664 434 interpretatus
677 406 717 428 est
734 400 922 436 Symmachus.

1019 450 1089 478 Ibid.

301 488 452 520 Theodotio
481 494 527 529 qui
549 503 663 524 numero
691 496 889 525 accuratiorum
915 498 1050 533 interpre-

265 538 323 563 tum
338 541 380 565 est

1143 405 1327 441 Ἡρμήνευσεν
1343 405 1505 441 θαυμαστῶς
1519 407 1533 432 ὁ
1549 405 1708 442 Σύμμαχος.

1136 500 1190 528 Καὶ
1205 501 1218 527 ὀ
1236 501 1380 528 Θεοδοτίων
1395 501 1434 533 δὲ,
1454 498 1493 533 εἷς
1510 501 1557 528 καὶ
1579 500 1658 533 αὐτὸς
1672 500 1726 529 τῶν
1748 500 1892 537 ἐπιμελές

1101 548 1113 574 ἐ
1117 556 1132 583 ρ
1135 556 1218 583 μηνευ
1223 548 1325 575 πάντων
1339 548 1489 583 τυγχάνων.

687 599 862 636 Hieronymus
882 601 996 638 Prologo
1008 604 1035 630 in
1050 603 1179 638 Genesim,
1196 605 1272 631 initio
1289 605 1367 639 primi
1379 610 1453 632 torni.

299 638 376 671 Quod
392 645 421 667 ut
436 642 573 676 auderem,
590 643 714 680 Origenis
731 653 773 673 me
784 647 903 674 studium
916 656 1047 683 provoca-

264 686 313 718 vit,
326 687 372 720 qui
391 687 501 716 editioni
521 691 639 725 antiqua:
659 693 863 720 translationem
880 693 1045 722 Theodotio-

263 732 306 758 nis
323 733 442 766 miscuit,
461 736 590 763 asterisco
612 738 644 771 >2(
659 742 685 764 et
706 739 784 766 obelo
798 747 840 774 4-,
863 740 887 767 id
903 745 944 767 est
961 741 1038 768 stella

262 781 289 804 et
312 785 388 811 veru.
412 787 481 815 opus
497 789 577 810 omne
591 783 779 819 distinguens:
802 786 865 813 dum
892 791 939 814 aut
954 788 1046 815 illuce-

262 831 340 851 scere
365 824 429 853 facit
442 835 503 862 qua:
518 828 609 857 minus
628 836 690 858 ante
706 831 830 865 fuerant;
850 837 896 860 aut
912 833 1045 868 superflua

1100 659 1127 678 tn
1153 651 1253 678 nostris
1275 651 1414 679 codicibus
1437 658 1492 678 non
1509 651 1654 684 habentur,
1673 655 1703 678 ut
1726 655 1771 678 est
1799 650 1892 678 illud:

1101 696 1142 723 Ea:
1155 696 1271 732 [Egypto
1284 697 1372 724 vocari
1383 695 1484 723 Filium
1499 705 1592 730 meum,
1603 702 1629 724 ct
1638 706 1644 723 :
1654 697 1782 732 quoniam
1796 696 1892 723 Nau-

1100 751 1168 769 rwus
1181 742 1325 775 vocabitur,
1337 747 1381 770 et:
1401 742 1528 769 Videbunt
1540 743 1567 769 iu
1577 751 1653 777 quem
1664 748 1892 778 rompunxerunt,

1100 793 1143 816 et:
1162 788 1287 815 Flumina
1304 789 1336 815 de
1351 795 1436 815 ventre
1456 788 1512 822 ejus
1537 788 1620 823 ﬂuent
1645 797 1719 824 aqua
1740 789 1825 822 viva,
1852 795 1892 816 et:

1099 843 1157 870 qui:
1170 843 1215 861 nec
1230 834 1320 861 oculus
1342 835 1417 867 vidit,
1442 843 1487 862 nec
1509 835 1582 861 auris
1597 834 1708 867 audivit,
1727 844 1774 862 nec
1801 836 1833 862 iu
1855 844 1892 862 εοι

260 872 493 908 quaequejugulat
509 879 535 902 et
557 875 689 909 confodit,
705 878 821 905 maxime
833 887 893 914 quae
912 867 1047 915 evangeli-
1062 867 1083 894 Β
1099 867 1211 908 hominis
1225 881 1407 915 ascenderunt,
1421 889 1479 916 qua:
1491 882 1648 916 preparavit
1662 881 1732 909 Deus
1746 882 1886 917 diligenti

261 920 365 944 starum
384 922 411 945 et
432 921 615 954 apostolorum
632 924 779 951 auctoritas
800 925 1000 961 promulgarit;
1018 927 1045 953 in

261 963 362 996 quibus
384 965 469 992 multa
489 967 522 993 de
543 966 632 995 Veteri
651 968 825 997 Testamento
845 971 970 1006 legimus,
986 981 1046 1007 qua:

1099 929 1146 956 lius
1163 937 1199 961 se,
1215 934 1267 956 etc.

1003 1030 1036 1057 Et
1054 1030 1124 1065 infra
1136 1038 1145 1056 :

297 1078 329 1106 Et
343 1081 434 1108 nescio
451 1083 513 1117 quis
530 1084 636 1118 primus
659 1090 755 1114 auctor
772 1086 947 1123 Septuaginta
963 1089 1046 1116 cellu-

259 1124 300 1153 las
326 1124 496 1156 Alexandriae
521 1132 662 1159 mendacio
685 1140 735 1159 suo
755 1135 928 1166 exstruxerit,
947 1135 1046 1169 quibus

258 1171 337 1199 divisi
360 1174 453 1201 eadem
470 1176 668 1211 scriptitarent,
685 1187 747 1207 cum
768 1180 900 1208 Aristmus
924 1181 1045 1215 ejusdem

257 1216 393 1247 Ptolemaei
408 1220 625 1260 ὑπερασπιστὴς,
638 1229 663 1252 et
680 1226 767 1253 multo
782 1232 842 1261 post
860 1233 980 1262 tempore
999 1227 1046 1254 Jo-

257 1264 369 1298 Sephus,
385 1266 453 1293 nihil
473 1268 526 1295 tale
547 1270 708 1298 retulerint:
735 1273 780 1299 sed
807 1272 833 1299 in
855 1281 909 1300 una
934 1273 1046 1301 basilica

257 1316 448 1346 congregatos,
463 1315 610 1343 contulisse
631 1317 760 1350 scribant,
777 1327 830 1346 non
855 1320 1042 1354 prophetasse.

257 1354 337 1382 Aliud
354 1361 395 1384 est
417 1358 489 1385 enim
507 1365 606 1393 vatem,
623 1361 696 1389 aliud
721 1370 780 1390 esse
797 1363 981 1398 interpretem.
1006 1364 1043 1391 lbi

258 1401 369 1436 spiritus
385 1408 498 1432 ventura
514 1407 651 1441 praedicit;
670 1409 714 1436 hic
726 1409 843 1437 eruditio
857 1414 883 1437 et
900 1411 1043 1437 ver-horum

1097 1090 1184 1124 copia,
1201 1097 1232 1116 ea
1245 1097 1306 1124 quae
1318 1089 1451 1124 intelligit,
1471 1089 1607 1117 transfert.
1621 1089 1677 1118 Nisi
1693 1090 1765 1120 forte
1780 1100 1819 1128 pu
1826 1098 1892 1121 tan-

1098 1136 1149 1164 dus
1162 1140 1205 1163 est
1218 1135 1322 1163 Tullius
1338 1135 1541 1162 (Economicnm
1559 1135 1756 1171 Xenophontis,
1778 1143 1808 1166 et
1830 1139 1892 1166 Pla-

1097 1181 1169 1208 tonis
1191 1180 1377 1216 Protagoram,
1390 1186 1417 1208 et
1434 1181 1623 1209 Demosthenis
1639 1190 1685 1217 pro
1701 1182 1892 1219 Ctesiphonte,

1097 1227 1202 1254 afﬂatus
1228 1227 1364 1254 rhetorico
1388 1227 1484 1262 spiritu
1515 1228 1696 1256 transtulisse.
1725 1230 1782 1256 Aut
1808 1231 1892 1258 aliter

1097 1273 1129 1300 de
1143 1273 1243 1301 eisdem
1261 1274 1336 1301 libris
1348 1281 1396 1308 per
1412 1273 1597 1310 Septuaginta,
1614 1276 1690 1303 aliter
1702 1283 1750 1310 per
1770 1283 1892 1311 aposto-

1097 1319 1138 1346 los
1154 1317 1271 1353 Spiritus
1285 1323 1396 1347 sanctus
1410 1318 1563 1346 testimonia
1579 1319 1678 1353 texuit;
1695 1325 1722 1346 ut
1743 1320 1824 1355 quod
1856 1320 1892 1347 Eh‘

1097 1368 1250 1397 tacuerunt,
1269 1364 1297 1391 hi
1311 1364 1440 1399 scriptum
1456 1372 1516 1392 esse
1537 1366 1641 1393 mentiti
1655 1367 1716 1393 sint.

634 1468 811 1505 Hieronymus
834 1471 997 1506 Prtefatione
1010 1473 1036 1499 in
1049 1471 1144 1498 librum
1155 1470 1245 1503 Iosue,
1257 1470 1307 1497 col.
1322 1469 1385 1500 2H,
1398 1474 1461 1497 toni.
1478 1469 1499 1496 Ι.

292 1510 322 1538 ΕΙ
340 1516 368 1538 ιιι
383 1512 410 1540 in
432 1513 536 1548 primis,
552 1516 624 1550 quod
649 1525 719 1552 smpe
743 1522 856 1546 testatus
876 1526 949 1552 sum,
973 1519 1074 1551 sciatc
1092 1518 1255 1552 delectant),
1276 1522 1304 1544 ut
1322 1525 1371 1552 pro
1398 1517 1554 1545 Graecorum
1576 1517 1724 1549 Ἐξαπλοῖς,
1758 1525 1829 1552 qrne
1866 1523 1892 1547 et

257 1563 301 1585 me
324 1566 376 1585 non
395 1559 422 1586 in
443 1560 681 1594 reprehensionem
698 1568 817 1590 veterum
844 1571 912 1591 nova
929 1563 1040 1597 cudere,

255 1601 326 1629 sicut
342 1602 422 1630 amici
441 1605 493 1631 mei
519 1605 718 1634 criminantur:
741 1608 787 1635 sed
811 1616 859 1644 pro
877 1609 947 1635 virili
968 1613 1043 1644 parte

255 1647 352 1676 oﬂ'erre
368 1649 465 1685 lingtue
480 1659 546 1679 mea:
564 1652 720 1680 hominibus
738 1654 817 1689 (quos
840 1661 930 1682 tamen
948 1660 1041 1684 nostra

1020 1702 1080 1730 Ibid

1094 1569 1203 1599 sumptu
1220 1568 1246 1590 et
1270 1563 1362 1590 labore
1384 1564 1502 1591 maximo
1519 1563 1648 1599 indigent,
1663 1563 1817 1592 editionem
1839 1572 1892 1594 no-

1096 1614 1180 1638 stram
1200 1610 1327 1637 habeant.

290 1743 381 1776 Quare
397 1745 516 1775 Dauielis
531 1748 607 1782 juxta
623 1748 816 1779 Theodotionis
832 1752 1036 1780 translationem
1056 1751 1183 1779 Ecclesia:
1198 1754 1387 1786 susceperunt.

503 1808 576 1836 Idem
594 1811 619 1837 in
638 1810 799 1846 Prwfatiane
812 1813 844 1840 de
855 1814 975 1840 omnibus
986 1814 1062 1841 libris
1081 1813 1180 1840 Veteris
1205 1812 1373 1844 Testamenti,
1386 1820 1411 1846 p.
1425 1810 1489 1843 517,
1508 1815 1576 1837 tomo
1594 1809 1619 1838 I.

291 1866 454 1895 Samaritani
478 1870 557 1897 etiam
579 1870 791 1900 Pentateuchum
810 1873 896 1910 Moysi
923 1875 1034 1903 totidem

255 1910 351 1939 litteris
375 1913 538 1948 scriptitarit,
555 1915 647 1951 figuris
663 1922 767 1945 tantum
784 1923 811 1946 et
829 1920 953 1954 apicibus
978 1921 1038 1948 dis-

254 1962 405 1992 crepantes.
435 1959 599 1995 Certumque
615 1967 657 1990 est
673 1963 784 1991 Esdram
808 1965 936 1997 scribam,
956 1966 1037 2001 legis-

253 2010 305 2036 que
319 2002 468 2037 doctorem,
484 2010 543 2039 post
558 2012 662 2040 captam
676 2007 883 2045 Jerosolymam,
897 2016 924 2038 et
937 2011 1039 2038 instau-

252 2048 383 2076 rationem
399 2051 488 2085 templi
505 2051 554 2078 sub
575 2051 735 2086 Zorobahel,
752 2055 819 2082 alias
841 2056 945 2083 litteras
962 2064 1036 2091 repe-

252 2095 320 2121 risse
332 2095 431 2129 quibus
445 2105 517 2124 nunc
531 2098 642 2130 utimur,
656 2107 717 2126 cum
732 2100 765 2127 ad
783 2101 848 2127 illud
866 2110 951 2136 usque
967 2107 1035 2129 tem-

251 2147 302 2174 pus
320 2139 400 2167 iidem
416 2140 651 2170 Samaritanorum
664 2148 690 2170 et
705 2143 881 2171 llebrazorum
897 2146 1036 2173 characte-

1088 1883 1131 1902 res
1145 1874 1255 1901 fuerint.
1272 1874 1301 1900 ln
1325 1873 1394 1900 libro
1416 1879 1526 1907 quoque
1549 1869 1729 1898 Numerorum
1745 1870 1810 1897 haec
1838 1879 1892 1898 ca-

1088 1921 1148 1948 dem
1178 1919 1343 1954 supputatio,
1372 1919 1423 1946 sub
1453 1918 1608 1945 Levitarum
1639 1921 1666 1944 et
1699 1917 1892 1944 sacerdotum

1089 1974 1180 1998 sensu,
1195 1966 1308 2001 mystice
1324 1964 1485 1992 ostenditur.
1505 1963 1538 1990 Et
1553 1971 1651 1991 nomen
1665 1962 1774 1990 Domini
1796 1967 1892 1990 tetra-

1088 2016 1259 2047 grammaton
1288 2011 1313 2038 in
1344 2010 1507 2046 quibusdam
1541 2009 1642 2037 Graecis
1673 2008 1892 2043 voluminibus,

1089 2066 1176 2093 usque
1204 2057 1284 2085 hodie
1313 2057 1433 2092 antiquis
1459 2063 1615 2091 expressum
1641 2055 1739 2083 litteris
1769 2055 1892 2082 inveni-

1089 2111 1160 2131 mus.

664 2191 739 2219 Idem
752 2192 913 2228 Prw/alioue
929 2195 956 2221 in
969 2195 1066 2222 librum
1081 2194 1174 2228 Isaiw,
1190 2196 1240 2223 cal.
1257 2195 1324 2227 474,
1341 2201 1402 2221 ιοηι.
1421 2194 1440 2222 Ι.

287 2233 321 2262 Ut
334 2236 470 2270 quomodo
484 2236 568 2264 Graeci
586 2242 647 2272 post
662 2238 731 2265 LXX
745 2239 943 2274 Translatores,
958 2241 1036 2276 Aqui-
1052 2243 1073 2270 D
1088 2241 1228 2269 collatione
1258 2249 1353 2270 eorum
1379 2241 1550 2276 intelligant:
1578 2239 1617 2266 sic
1645 2243 1670 2265 et
1701 2239 1744 2265 isti
1775 2239 1892 2268 saltem

251 2281 304 2308 lam
326 2287 351 2308 et
378 2281 570 2316 Symmachum
588 2289 614 2310 et
631 2283 843 2313 Theodotionem
866 2287 968 2322 legunt,
993 2287 1034 2314 vel

251 2328 286 2356 ob
302 2328 422 2355 studium
449 2329 579 2357 doctrinae
602 2338 667 2365 sum,
685 2331 726 2358 vel
747 2337 775 2359 ut
799 2332 868 2359 LXX
894 2333 986 2368 magis,
1001 2341 1033 2360 ex

1087 2295 1171 2314 unum
1205 2292 1267 2320 post
1295 2287 1400 2321 priores
1429 2287 1528 2313 habere
1560 2285 1704 2319 dignentur
1736 2284 1892 2319 interpres

1088 2337 1151 2360 tem.

690 2388 864 2425 Hieronymus
884 2389 1047 2424 I’rwl‘atione
1059 2391 1085 2417 in
1103 2389 1163 2423 Job,
1177 2390 1226 2417 col.
1244 2390 1306 2422 595,
1324 2394 1386 2416 tom.
1406 2388 1425 2416 l.

283 2443 371 2479 Cogor
392 2452 439 2479 per
453 2445 575 2480 singulos
598 2446 746 2481 Scriptura:
766 2447 863 2475 divinm
875 2448 959 2475 libros
984 2447 1031 2474 ad-

247 2492 430 2518 versariorum
453 2493 619 2527 respondere
634 2494 793 2527 maledictis,
809 2497 854 2530 qui
871 2495 1031 2529 interpreta—

248 2536 348 2562 tionem
371 2544 471 2571 meam,
490 2538 727 2573 reprehensionem
751 2539 926 2575 Septuaginta
943 2539 1029 2567 luter-

247 2587 351 2616 pretum
369 2583 548 2610 criminantur
564 2585 602 2620 (α)
615 2594 620 2611 :
634 2586 712 2620 quasi
728 2594 780 2613 non
795 2591 821 2613 et
835 2585 905 2620 apud
919 2586 1029 2613 Grmcos

246 2627 355 2663 Aquila,
373 2627 563 2664 Symmachus,
587 2636 614 2658 et
631 2622 790 2664 Theolotio,
812 2633 852 2659 vel
878 2631 990 2659 verbum
1014 2640 1029 2658 e

246 2674 328 2701 verbo
350 2675 390 2701 vel
413 2683 523 2702 sensum
537 2684 552 2703 e
568 2684 659 2709 sensu,
677 2678 717 2705 vel
735 2686 768 2705 ex
787 2682 902 2712 utroque
915 2677 1029 2705 commi-

247 2725 329 2749 stum.
356 2725 382 2747 et
408 2721 495 2749 medic
521 2726 697 2755 temperatum
728 2732 813 2758 genus
842 2723 1028 2751 translationis

1084 2448 1276 2482 expresserim,
1301 2451 1328 2473 ct
1351 2446 1442 2472 omnia
1464 2443 1569 2472 Veteris
1589 2444 1766 2472 lnstrumenti
1792 2445 1892 2473 volu-

1085 2494 1156 2520 mina
1169 2493 1298 2528 Origenes
1311 2492 1396 2519 obelis
1410 2490 1603 2525 asteriscisque
1619 2489 1787 2522 distinxerit,
1801 2498 1892 2524 quo:

1084 2539 1124 2566 vel
1141 2538 1247 2566 additos
1270 2538 1311 2564 vel
1333 2538 1365 2564 de
1388 2536 1575 2563 Theodotione
1600 2539 1735 2569 sumptos,
1753 2537 1892 2564 transla-

1084 2587 1150 2614 tioni
1165 2587 1283 2621 antiquae
1295 2584 1418 2616 inseruit,
1435 2583 1554 2618 probans
1568 2582 1686 2609 defuisse
1698 2581 1772 2616 quod
1796 2581 1892 2610 addi.

1084 2640 1139 2662 tum
1162 2638 1212 2660 est.
1235 2633 1344 2658 Discutit
1366 2631 1448 2665 igitur
1466 2630 1664 2656 obtrectatores
1679 2627 1732 2655 mei
1747 2627 1892 2662 recipere

1083 2680 1110 2706 in
1126 2684 1191 2711 toto,
1205 2679 1276 2714 quod
1291 2679 1315 2704 in
1331 2677 1453 2713 partibus
1467 2680 1654 2711 susceperunt,
1675 2679 1722 2702 aut
1739 2675 1886 2709 interpre

1083 2725 1210 2752 tationem
1228 2731 1314 2750 meam
1339 2730 1399 2750 cum
1416 2722 1553 2750 asteriscis
1568 2722 1625 2750 suis
1648 2721 1754 2748 radere.
1778 2720 1892 2759 Neque

282 2804 320 2838 (α)
340 2803 368 2830 Id
385 2805 491 2839 repetit,
516 2805 591 2833 Apol.
617 2807 740 2836 adversus
759 2808 834 2842 Ruﬁ,
856 2809 902 2836 lib.
923 2817 952 2844 tt,
975 2808 1026 2836 col.
1049 2808 1109 2835 429.
