1902 3049
33 81 70 108 129
658 84 693 112 1N
713 83 870 112 HEXAPLA
888 84 1058 113 ORIGENIS.
1609 90 1658 117 150

30 140 88 168 enim
105 138 165 167 fieri
180 143 289 174 potest,
308 145 339 169 ut
353 149 430 177 quos
450 143 528 179 plura
545 144 720 172 intermisisse
737 153 825 172 susce-
839 149 862 178 Λ
877 153 934 173 cos.
956 145 1088 173 Caeterum
1107 147 1177 181 apud
1202 146 1322 181 Latinos,
1340 152 1401 175 ante
1422 155 1481 176 eam
1503 148 1658 176 translatio-

28 187 117 223 perint,
141 195 202 215 non
230 188 346 216 eosdem
370 190 459 217 etiam
484 190 510 217 in
536 191 694 225 quibusdam
722 199 828 219 errasse
879 199 953 223 nem,
966 200 1046 225 quam
1060 192 1111 220 sub
1127 193 1265 221 asteriscis
1276 198 1303 220 et
1318 194 1402 222 obelis
1415 203 1500 230 nuper
1514 195 1658 232 edidimus,

27 235 172 265 tueantur,
202 233 348 267 praecipue
366 233 395 260 in
415 232 491 261 Job:
516 234 559 261 cui
586 234 608 261 si
636 241 667 261 ea
689 242 749 269 quae
775 234 827 261 sub
878 238 1037 273 septingenti
1059 237 1142 266 ferme
1167 243 1213 266 aut
1230 239 1374 274 octingenti
1390 248 1484 268 versus
1499 241 1612 273 desunt;
1630 247 1658 268 ut

26 279 163 307 asteriscis
176 279 280 307 addita
295 284 361 307 sunt
374 280 555 313 subtraxeris,
570 287 631 315 pars
643 281 761 307 maxima
777 287 828 307 νο·
877 283 1034 312 decurtatus
1054 289 1081 312 et
1096 285 1230 313 laceratus
1251 293 1436 322 corrosusque
1457 288 1534 321 liber,
1551 288 1659 316 fundita-

25 325 133 353 luminis
147 325 384 359 detruncabitur,
399 331 427 354 et
445 326 497 354 hoc
519 327 650 354 duntaxat
664 326 734 362 apud
752 326 826 355 Grte-
877 334 929 356 tem
950 331 992 357 sui
1005 330 1111 365 publice
1123 331 1274 367 legentibus
1292 334 1417 367 praebeat.

776 375 811 402 Et
824 376 895 411 infra
910 387 919 404 :

51 421 171 449 Memini
194 431 243 450 me
268 423 305 450 ob
329 422 533 458 intelligentiam
560 423 640 458 hujus
665 423 823 456 voluminis.
878 425 960 453 misse
972 427 1112 455 nummis:
1128 427 1205 462 cujus
1227 427 1349 455 doctrina
1364 435 1397 454 an
1412 427 1514 463 aliquid
1536 427 1658 463 profece-

23 469 173 504 Lyddzum
197 470 353 505 quemdam
381 474 583 505 praeceptorem,
606 470 652 506 qui
681 470 752 504 apud
774 469 827 498 He-
879 472 942 504 rim,
964 473 1066 501 nescio.

23 515 108 542 braeos
124 516 243 551 primus
268 516 366 544 haberi
387 517 542 551 putabatur,
561 524 613 544 non
637 516 728 551 parvis
749 517 827 543 rede-

779 576 812 604 Ει
828 577 900 612 infra
911 584 920 604 :

50 635 136 668 Quod
153 635 179 663 si
197 635 276 670 apud
292 635 411 669 Graecos,
430 640 490 670 post
505 635 573 663 LXX
596 636 754 667 editionem.
766 637 822 672 jam

21 682 123 709 Christi
146 681 307 716 Evangelio
320 687 490 715 coruscante,
506 682 614 710 Iudaeus
626 683 733 718 Aquila,
747 683 823 719 Sym-

21 729 138 756 machus
159 734 189 755 et
216 728 386 761 Theodotio,
403 727 575 756 Judaizantes
602 729 732 760 haeretici,
761 734 824 757 sunt

876 637 974 664 bentur
988 637 1058 672 apud
1077 636 1220 669 Ecclesias.
1237 642 1261 664 et
1284 638 1462 670 explanantur
1478 636 1511 663 ab
1530 636 1656 664 ecclesia-

877 683 952 711 sticis
967 683 1052 711 viris:
1073 689 1175 718 quanto
1192 683 1278 718 magis
1297 691 1347 718 ego
1371 683 1552 713 Christianus,
1577 686 1605 709 et
1624 683 1657 710 de

876 730 1031 764 parentibus
1044 729 1206 758 Christianis
1223 734 1312 762 natus,
1332 734 1358 756 et
1373 729 1499 757 vexillum
1516 728 1606 756 crucis
1628 729 1655 755 in

20 775 134 809 recepti,
151 775 205 810 qui
224 775 315 802 multa
338 775 465 810 mysteria
483 774 631 804 Salvatoris
653 776 764 803 subdola
782 776 823 803 in-

21 822 224 856 terpretatione
248 822 384 855 celarunt,
401 825 427 849 et
452 827 541 850 tamen
566 823 593 849 in
614 822 758 856 Ἐεαπλοῖς
774 823 822 849 ha-

877 783 936 803 mea
955 775 1043 804 fronte
1059 781 1182 811 portans,
1201 776 1279 811 cujus
1293 776 1413 803 studium
1429 775 1481 802 fuit
1498 775 1600 803 omissa
1618 782 1657 802 re-

876 826 975 856 petere,
991 826 1042 849 etc.

146 879 338 914 [Iieronymus
357 880 519 915 Prwfatione
532 881 558 908 in
573 881 670 908 librum
687 881 853 908 Psalmorum
863 881 944 916 juxta
963 881 1119 909 Hebraicam
1133 883 1266 910 veritatem
1285 887 1348 909 tom.
1365 882 1388 915 1,
1403 882 1455 909 col.
1476 882 1539 909 855.

51 940 127 973 Quia
145 940 237 976 igitur
257 949 348 976 nuper
363 949 426 968 cum
445 941 558 969 Hebraeo
581 941 734 977 disputans,
751 950 823 977 qure-
841 947 861 974 Β
876 947 905 970 ιιι
922 948 949 970 ιιι
969 942 1003 970 de
1027 942 1096 969 LXX
1113 942 1305 977 lnterpretibus
1329 942 1494 977 opponebas,
1511 941 1656 970 studiosis-

23 986 80 1013 dam
99 994 154 1021 pro
178 986 304 1014 Domino
326 987 469 1015 Salvatore
489 988 522 1015 de
540 987 656 1015 Psalmis
671 989 826 1016 testimonia
875 990 943 1017 sime
957 988 1111 1024 pestulasti,
1134 994 1163 1016 ut
1185 994 1246 1024 post
1262 989 1387 1022 Aquilam
1411 993 1437 1016 et
1462 988 1656 1024 Symmachum

24 1033 176 1066 protulisti,
202 1033 358 1068 volensque
379 1033 425 1061 ille
440 1038 466 1060 te
482 1033 604 1066 illudere,
620 1042 667 1069 per
686 1042 826 1063 sermones
875 1041 901 1063 et
914 1035 1124 1064 Theodotionem
1146 1043 1242 1063 novam
1256 1035 1401 1063 editionem
1418 1034 1514 1062 Latino
1531 1042 1656 1063 sermone

25 1086 89 1113 pene
107 1079 241 1114 singulos
259 1079 401 1107 asserebat
418 1087 472 1107 non
490 1080 527 1107 ita
543 1080 636 1108 haberi
653 1080 679 1107 in
703 1080 825 1114 Hebraeo,

875 1082 1064 1115 transferrem,
1078 1087 1132 1110 etc.

523 1127 598 1155 Idem
611 1128 724 1163 Prtefat.
742 1129 769 1156 in
784 1129 929 1163 Danielem,
944 1137 1007 1167 tom.
1023 1130 1042 1162 Ι,
1055 1131 1106 1157 cal.
1122 1130 1185 1158 987.

55 1172 202 1201 Danielem
226 1174 391 1209 prophetam
402 1174 480 1209 juxta
498 1174 568 1201 LXX
589 1174 759 1210 lnterpretes,
774 1176 824 1203 Do-

27 1221 86 1247 mini
103 1220 268 1248 Salvatoris
285 1221 373 1248 nostri
398 1221 526 1248 Ecclesia:
549 1229 601 1249 non
619 1222 721 1255 legunt,
744 1226 823 1249 uten-

876 1181 916 1205 tes
936 1177 1130 1205 Theodotionis
1147 1176 1280 1209 editione;
1293 1181 1320 1204 et
1334 1178 1385 1203 hoc
1399 1184 1448 1203 cur
1461 1175 1589 1202 acciderit
1609 1183 1655 1201 ue-

877 1231 943 1251 SCIO.

496 1277 570 1304 Idem
585 1277 696 1312 Prwfat.
712 1280 739 1304 in
754 1277 931 1313 Paralipom.,
947 1283 1009 1304 tom.
1027 1278 1047 1310 l,
1063 1277 1112 1304 col.
1132 1277 1210 1305 1002.

59 1324 85 1351 Si
102 1324 176 1351 LXX
197 1325 394 1360 Interpretum,
410 1333 477 1360 pura
492 1330 518 1353 et
532 1330 561 1353 ut
583 1326 617 1353 ab
640 1327 680 1353 eis
704 1326 730 1352 in
748 1325 822 1353 Grae-

29 1378 84 1396 cum
97 1378 179 1397 versa
194 1375 250 1400 est.
266 1371 351 1398 editio
368 1376 546 1406 permaneret,
563 1371 698 1406 superﬂue
712 1379 764 1400 me.
782 1373 819 1398 mi

29 1417 162 1444 Chromali
175 1418 374 1452 episcoporum
385 1418 554 1446 sanctissime
562 1423 641 1453 atque
652 1418 818 1450 doctissime,

30 1463 191 1498 impelleres,
215 1468 248 1490 ut
272 1462 387 1490 Hebraea
413 1463 550 1490 volumina
572 1463 667 1490 Latino
692 1470 818 1490 sermone

30 1509 216 1537 transferrem.
238 1508 321 1542 Quod
333 1509 406 1536 enim
419 1510 502 1537 semel
515 1517 594 1537 aures
610 1509 750 1536 hominum
771 1516 818 1536 oc-

29 1561 182 1591 cupaverat,
198 1560 227 1583 et
243 1555 383 1583 nascentis
397 1555 523 1583 Ecclesi:e
535 1556 711 1582 roboraverat
725 1555 816 1588 fidem,

29 1603 124 1636 justum
136 1607 201 1630 erat
216 1603 302 1629 etiam
317 1607 412 1629 nostro
426 1601 533 1629 silentio
546 1601 728 1637 comprobari.
740 1600 818 1628 Nunc

30 1657 86 1676 vero
99 1657 165 1676 cum
186 1656 322 1684 germana
349 1649 393 1675 illa
417 1649 580 1684 antiquaque
601 1648 742 1676 translatio
757 1655 818 1674 cor-

30 1701 100 1730 rupta
115 1696 164 1728 sit,
189 1700 276 1730 atque
288 1695 403 1726 violata,
419 1695 502 1722 nostri
519 1694 621 1722 arbitrii
636 1698 725 1729 putas,
741 1698 787 1720 aut
802 1701 816 1720 e

874 1333 942 1357 rem,
961 1326 1211 1361 Constantinopolis
1236 1333 1322 1360 usque
1347 1324 1518 1352 Antiochiam
1543 1323 1655 1352 Luciani

874 1372 1003 1406 martyris
1020 1372 1183 1406 exemplaria
1201 1371 1312 1406 probat;
1332 1371 1426 1398 mediae
1445 1370 1516 1397 inter
1533 1370 1582 1398 has
1593 1377 1654 1405 pro—

873 1419 967 1446 vincim
982 1418 1138 1446 Palaestinos
1151 1419 1257 1446 codices
1277 1418 1369 1452 legunt
1383 1427 1389 1444 :
1409 1425 1478 1453 quos
1491 1418 1525 1445 ab
1541 1417 1655 1453 Origene

871 1465 1022 1492 elaboratus
1038 1464 1170 1492 Eusebius
1185 1470 1212 1492 et
1227 1464 1383 1499 Pamphilus
1398 1464 1593 1499 vulgaverunt:
1612 1469 1654 1492 to-

870 1516 968 1546 tusque
983 1511 1056 1538 orbis
1070 1511 1120 1537 hac
1140 1511 1209 1538 inter
1229 1518 1258 1538 se
1275 1511 1411 1538 contraria
1424 1510 1554 1537 varietate
1576 1517 1649 1538 comi

869 1561 979 1593 pugnat.
993 1556 1025 1583 Et
1039 1561 1110 1584 certe
1126 1556 1254 1591 Origenes
1272 1557 1309 1591 (a)
1331 1564 1382 1583 non
1403 1555 1490 1583 solum
1513 1555 1651 1591 exempla-

870 1604 909 1630 ria
923 1603 1077 1638 composuit
1088 1606 1205 1637 quatuor
1222 1602 1380 1635 editionum,
1394 1610 1409 1629 e
1423 1602 1532 1636 regione
1546 1601 1651 1636 singula

869 1649 950 1677 verba
967 1649 1134 1682 describens,
1152 1653 1181 1675 ut
1194 1656 1266 1675 unus
1282 1648 1454 1680 dissentiens,
1470 1647 1560 1675 statim
1574 1652 1653 1675 crete-

869 1692 907 1720 ris
922 1693 991 1720 inter
1007 1700 1036 1720 se
1047 1692 1280 1720 consentientibus
1293 1697 1437 1727 arguatur;
1452 1692 1499 1720 sed
1514 1692 1587 1727 quod
1599 1699 1654 1719 ma-

28 1743 146 1777 pluribus
159 1742 292 1777 judicare
305 1734 377 1776 quid.
386 1749 480 1768 verum
498 1742 542 1772 sit,
562 1746 608 1768 aut
626 1747 725 1768 novum
750 1747 819 1775 opus
832 1738 854 1767 ο
868 1739 937 1774 joris
961 1739 1081 1766 audacia:
1101 1743 1153 1771 est,
1170 1739 1196 1766 in
1223 1739 1339 1766 editione
1366 1738 1436 1765 LXX
1459 1738 1652 1767 Theodotionis

29 1790 51 1815 in
65 1789 151 1815 veteri
165 1795 256 1822 opere
271 1786 386 1819 cudere;
399 1786 624 1821 illudenlibusque
639 1785 748 1818 Judaeis,
762 1793 820 1812 cor-

27 1836 125 1866 nicum,
146 1839 180 1862 ut
195 1834 311 1867 dicitur,
327 1833 422 1861 oculos
445 1833 586 1868 conﬁgere.
610 1833 772 1860 Alexandria
788 1837 815 1860 et

27 1881 159 1917 Egyptus
184 1881 214 1908 in
240 1879 313 1907 LXX
339 1881 397 1908 suis
424 1880 586 1916 Hesychium
607 1880 708 1912 laudat,
725 1884 819 1906 aucto-

870 1785 1015 1812 editionem
1032 1785 1152 1817 miscuit,
1167 1785 1306 1813 asteriscis
1321 1785 1466 1820 designans
1484 1793 1544 1819 quae
1561 1785 1652 1813 minus

870 1836 932 1859 ante
951 1831 1068 1865 fuerant,
1084 1835 1110 1859 et
1125 1831 1236 1866 virgulis
1252 1838 1312 1866 quae
1325 1838 1358 1858 ex
1373 1830 1509 1866 superﬂuo
1523 1831 1651 1859 videban-

871 1882 916 1905 tur
931 1877 1066 1912 apposita.

474 1939 627 1975 Hieronymi
643 1938 757 1973 Prwfat.
773 1938 800 1964 in
820 1937 928 1968 Ezram,
945 1941 1008 1964 tom.
1026 1936 1047 1969 Ι,
1061 1936 1111 1964 col.
1129 1935 1206 1963 “07.

56 1989 143 2017 Porro
169 1989 248 2016 aliud
268 1992 312 2016 est
337 1988 361 2016 si
384 1988 494 2016 clausis.
518 1987 589 2022 quod
610 1987 713 2019 dicunt,
731 1985 818 2014 oculis

27 2037 89 2063 mihi
110 2036 213 2064 volunt
238 2035 411 2067 maledicere,
426 2039 453 2061 et
470 2042 524 2061 non
546 2033 686 2060 imitantur
710 2033 817 2061 Graeco-

28 2092 83 2111 rum
115 2084 244 2111 studium
273 2091 305 2110 ac
333 2081 557 2113 benevolentiam,
585 2080 631 2116 qui
659 2083 721 2115 post
745 2078 815 2106 LXX

28 2129 233 2161 Translatores,
261 2129 318 2163 jam
345 2127 446 2155 Christi
471 2126 614 2162 Evangelio
643 2130 815 2158 coruscante,

869 1983 976 2012 Judasos
993 1990 1019 2011 et
1032 1983 1171 2011 Ebionitas
1191 1983 1257 2018 legis
1271 1983 1368 2010 veteris
1384 1983 1552 2018 interpretes,
1567 1984 1651 2019 Aqui-

869 2030 923 2057 lam
942 2030 1074 2062 videlicet,
1090 2034 1116 2056 et
1127 2028 1331 2064 Symmachum,
1347 2033 1374 2055 et
1388 2027 1610 2060 Theodotionem,
1624 2034 1650 2056 et

868 2075 975 2103 curiose
994 2075 1097 2110 legunt,
1112 2079 1139 2102 et
1162 2082 1208 2108 per
1225 2073 1349 2109 Origenis
1369 2074 1491 2101 laborem
1516 2074 1543 2100 in
1572 2073 1649 2106 Ἐξα-

868 2121 944 2154 πλοῖς
956 2121 1084 2149 Ecclesiis
1101 2120 1271 2148 dedicarunt.

420 2184 494 2212 Idem
512 2183 624 2219 Prwfat.
639 2184 667 2210 in
690 2183 787 2210 librum
804 2181 981 2213 Psalmorum,
997 2186 1060 2207 tom.
1078 2179 1098 2211 1,
1110 2179 1160 2206 col.
1179 2179 1257 2206 1222.

59 2233 140 2262 Notet
153 2233 209 2262 sibi
233 2232 423 2267 unusquisque
443 2231 484 2258 vel
497 2231 630 2266 jacentem
649 2230 758 2262 lineam,
773 2228 814 2256 vel

31 2281 104 2315 signa
117 2280 271 2310 radiantia,
288 2278 315 2305 id
329 2282 370 2306 est
384 2277 477 2304 obelos
496 2283 526 2304 σι-
541 2277 582 2303 vel
602 2275 748 2303 asteriscos
765 2277 813 2308 X;

30 2331 54 2353 et
71 2326 231 2360 ubicunque
257 2323 356 2350 viderit
369 2322 500 2358 virgulam
517 2321 709 2356 praecedentem
728 2327 759 2348 -ια
781 2320 815 2347 ab

31 2382 58 2400 ea
78 2381 166 2408 usque
180 2372 215 2399 ad
239 2372 295 2398 duo
312 2373 414 2405 puncta
429 2369 439 2403 ζ
456 2376 517 2403 qua:
533 2366 733 2402 impressimus,
749 2367 815 2393 sciat

31 2421 57 2447 in
67 2419 136 2447 LXX
151 2417 379 2446 Translatorihus
392 2415 453 2451 plus
467 2414 569 2442 haberi.
583 2413 634 2441 Ubi
650 2418 739 2441 autem
756 2413 816 2441 stel-

869 2228 901 2254 lae
919 2229 952 2261 Χ
977 2226 1179 2254 similitudinem
1206 2224 1382 2259 perspexerit,
1405 2224 1438 2251 de
1462 2223 1580 2252 Hebreis
1603 2232 1648 2252 vo-

869 2272 1016 2300 luminibus
1038 2271 1158 2298 additum
1184 2270 1298 2301 neverit,
1324 2274 1405 2304 atque
1433 2277 1518 2304 usque
1541 2270 1573 2296 ad
1597 2270 1650 2296 duo

868 2323 977 2354 puncta,
989 2318 1066 2352 juxta
1082 2316 1275 2345 Tlteodotionis
1291 2317 1420 2343 duntaxat
1433 2315 1588 2349 editionem,
1603 2317 1648 2351 qu’

870 2364 1045 2400 simplicitate
1071 2363 1205 2391 sermonis
1234 2370 1250 2390 a
1278 2362 1349 2389 LXX
1374 2361 1568 2396 lnterpretibus
1594 2369 1649 2389 non

869 2410 1016 2439 discordat.

223 2476 299 2504 Idem
313 2475 426 2510 Prmfat.
445 2475 473 2501 in
488 2473 584 2501 librum
603 2473 823 2507 Paralipomenon
835 2471 914 2506 juxta
929 2469 998 2496 LXX
1013 2468 1182 2504 Interprctes,
1200 2472 1262 2494 tum.
1279 2467 1298 2499 l,
1315 2465 1366 2492 col.
1382 2465 1461 2492 “18.

67 2527 184 2563 Denique
199 2533 263 2554 cum
280 2524 379 2552 litteris
397 2531 412 2550 a
430 2530 472 2550 me
488 2529 574 2557 nuper
588 2520 770 2556 ﬂagitassetis,
785 2523 814 2547 ut
830 2522 851 2549 Ι)
867 2519 937 2554 apud
952 2517 1079 2545 Hebraeos
1091 2516 1263 2544 admirationi
1282 2514 1443 2547 habebatur,
1460 2513 1606 2548 assumpsi,
1623 2518 1650 2541 et

43 2575 104 2602 \0bis
132 2573 363 2608 Paralipomenon
394 2569 492 2596 Latino
517 2575 648 2605 sermone
679 2566 813 2594 transfer-

43 2628 96 2653 rem,
119 2622 151 2649 de
173 2618 322 2648 Tiberiade
347 2616 417 2652 legis
436 2615 580 2651 quemdam
602 2614 749 2645 doctorem,
766 2612 813 2648 qui

866 2567 967 2595 contuli
981 2574 1041 2594 cum
1053 2574 1085 2593 eo
1105 2573 1119 2592 a
1142 2564 1252 2594 vertice,
1268 2567 1297 2590 ut
1313 2563 1398 2596 aiunt,
1415 2569 1499 2596 usque
1516 2562 1549 2588 ad
1561 2568 1650 2588 extre-

867 2621 940 2641 mum
959 2620 1087 2648 unguem.

725 2671 796 2699 Ibid.
811 2671 861 2699 col.
878 2671 956 2699 Ml9.

70 2724 220 2763 Ubicunque
234 2732 305 2761 ergo
328 2721 488 2753 asteriscos,
503 2720 529 2748 id
545 2724 586 2748 est
608 2719 699 2747 stellas
712 2720 757 2752 Χ,
771 2726 815 2746 ra-

47 2772 102 2802 diare
115 2775 139 2803 in
155 2775 208 2803 hoc
224 2771 374 2802 volumine
390 2768 522 2800 videritis,
545 2767 582 2795 ibi
608 2766 701 2794 sciatis
719 2765 753 2792 de
766 2764 812 2792 He

69 2838 97 2872 (a)
114 2838 165 2868 Hoc
181 2840 275 2874 ipsum
292 2831 398 2869 repetit
413 2831 434 2858 l.
449 2838 466 2858 ιι
486 2834 578 2858 contra
590 2828 666 2863 Ruﬁ,
683 2827 736 2856 col.
750 2826 812 2855 ηὸ-

869 2719 949 2747 brutis
966 2719 1099 2751 additum,
1117 2717 1190 2752 quod
1206 2716 1232 2742 in
1255 2714 1359 2742 Latinis
1373 2712 1513 2742 codicibus
1527 2718 1580 2738 non
1597 2710 1647 2738 hu-

869 2765 956 2793 betur.
977 2764 1026 2792 Ubi
1040 2772 1105 2792 vero
1122 2763 1226 2796 obelus,
1240 2767 1393 2789 transversa
1409 2759 1511 2787 scilicet
1526 2757 1601 2792 virga
1613 2760 1647 2784 ιρ-
