1902 3049
272 83 319 110 l3!
942 77 1198 106 PRAELIMINARIA
1858 74 1885 102 45

270 138 414 175 praeposita
429 144 480 172 est,
499 139 552 165 illic
567 139 690 174 signatur
719 138 783 173 quid
803 137 872 165 LXX
894 137 1054 172 lnterpretes
1069 142 1090 168 Α
1106 137 1192 165 sancti
1210 137 1409 168 auctoritatem,
1432 137 1493 164 licet
1514 137 1540 164 in
1565 136 1686 164 Hebraeis
1704 135 1886 163 volumtnihu

272 179 481 213 atlditlerintivel
499 185 534 212 ob
556 185 662 212 decoris
676 185 800 220 gratiam,
816 185 856 211 vel
878 184 913 211 ob
934 183 1052 216 Spiritus

1106 192 1160 211 non
1175 184 1290 220 legatur.

663 245 773 272 Hieran.
790 245 901 279 Pra’fat.
915 245 941 271 in
959 245 1040 271 libros
1057 244 1216 278 Salomonis,
1233 251 1296 273 tom.
1312 245 1332 278 l,
1350 246 1400 273 col.
1418 246 1494 274 1419.

307 306 371 333 Tres
388 306 471 332 libros
492 305 656 338 Salomonis,
685 306 709 333 id
731 311 771 333 est
790 305 945 337 Proverbia,
963 305 1052 333 Eccle-

270 353 381 384 siasten,
403 352 544 379 Canticum
571 354 750 383 canticorum,
766 353 849 379 veleri
872 352 941 378 LXX
968 352 1053 379 Inter—

269 403 372 432 pretutn
396 399 549 425 auctoritati
574 399 694 431 reddidi;
723 399 764 426 vel
789 399 949 433 antepositis
974 399 1052 427 lineis

270 452 298 472 -ε-
324 446 459 479 superflua
476 454 590 480 qumque
612 446 773 480 designans;
798 446 839 473 vel
864 446 949 473 stellis
965 448 998 480 >ε<
1020 447 1054 473 ti-

1104 307 1161 334 tulo
1184 308 1350 342 praenotatis,
1365 315 1396 334 ea
1419 315 1478 342 qua:
1499 307 1590 334 minus
1615 307 1793 334 habebantur
1820 305 1887 331 inte:

1106 362 1219 381 serens:
1236 362 1289 388 quo
1309 354 1424 389 plenius,
1449 361 1465 380 o
1486 352 1569 380 Paula
1590 358 1616 381 et
1640 353 1847 382 Eustochium,
1864 358 1887 378 ct

1107 400 1244 435 gnoseatis
1257 401 1321 436 quid
1342 401 1369 427 in
1387 400 1464 428 libris
1483 401 1584 427 nostris
1598 400 1688 427 minus
1702 400 1749 432 sit,
1768 398 1850 433 quid
1867 404 1887 425 rt

1106 446 1218 474 dundet.

650 493 724 520 Idem
741 493 854 528 Pratfat.
870 494 896 520 in
912 500 1025 529 quatuor
1039 494 1194 529 Evangelia,
1212 500 1274 521 tant.
1291 494 1320 526 l,
1336 495 1386 522 col.
1402 495 1480 522 “26.

306 539 364 567 Non
386 549 479 575 quaero
498 541 563 576 quid
587 541 694 576 Aquila,
715 542 779 577 quid
803 541 984 577 Symmachus
1006 550 1051 570 sa-

270 585 356 620 piant,
373 595 456 622 quare
469 587 638 615 Thcodotion
653 589 722 615 inter
737 596 820 615 novos
832 593 858 615 et
879 594 984 616 veteres
999 597 1055 616 me-

1105 527 1166 570 dius
1179 543 1294 570 incedat.
1312 542 1353 569 Sit
1367 544 1411 569 illa
1425 551 1488 570 vera
1502 542 1698 577 interpretatio,
1713 549 1804 577 quam
1816 527 1888 576 Eapc

1107 589 1167 616 stoli
1188 589 1378 624 probaverunt.

601 635 675 663 Idem
691 636 805 672 Prafat.
820 637 849 664 in
864 637 960 663 librum
977 637 1086 664 Hebrait

1118 637 1230 670 ριιιιῖει.⁷
1247 643 1309 664 tom.
1330 636 1360 670 ll,
1375 638 1425 665 col.
1447 637 1508 665 505.

304 678 396 715 Neque
417 689 480 708 vero
495 681 564 708 LXX
581 681 769 716 lnterpretum,
785 687 815 710 ut
834 683 917 710 invidi
938 683 1049 716 latrant,
1067 688 1087 714 Β
1102 684 1128 710 in
1147 685 1248 712 nostris
1272 683 1412 711 codicibus
1439 692 1493 721 non
1514 683 1658 711 habentur.
1677 683 1767 719 Super
1795 683 1889 718 quibit

268 736 378 757 errores
403 730 544 765 arguimus
562 740 568 756 :
592 738 641 757 nec
662 735 786 758 nostrum
807 730 926 758 laborem
943 730 1050 758 illorum

269 775 509 809 reprehensionem
532 782 670 810 putamus,
686 785 746 805 cum
767 777 805 804 illi
828 777 975 804 Ptolemaeo
994 776 1051 811 regi

269 820 447 853 Alexandriae,
465 823 578 858 mystica
598 831 712 857 qureque
734 823 760 849 in
782 822 928 857 Scripturis
951 822 1052 850 sanctis

269 866 383 900 prodere
408 868 545 894 noluerint
559 877 565 894 :
583 873 609 895 et
631 869 749 895 maxime
762 876 793 895 ea
809 876 868 903 qua:
885 867 987 895 Christi
1004 868 1051 895 ad-

268 917 377 939 ventum
392 913 597 947 pollicebantur.
615 921 648 941 ne
670 914 826 941 viderentur
840 913 925 941 Judaei
943 918 969 941 et
985 914 1052 940 alte-

267 964 329 986 rum
344 957 428 986 Deum
445 959 532 986 colere
546 967 553 985 :
569 967 638 994 qttos
650 959 694 987 illc
715 959 834 987 Platonis
848 965 976 992 sectator,
991 968 1051 987 ma-~

269 1005 315 1038 gni
333 1005 434 1033 ideirco
457 1005 580 1037 faciebat,
601 1007 664 1040 quia
689 1014 774 1033 unum
799 1006 882 1033 Deum
908 1006 996 1034 colere
1012 1005 1054 1032 di-

267 1057 404 1079 corentur.
421 1052 472 1078 Sed
499 1057 525 1079 et
541 1053 724 1087 evangelistm,
746 1057 773 1080 et
793 1052 923 1079 Dominus
946 1060 1054 1087 quoque

270 1101 362 1124 noster
377 1101 458 1131 atque
475 1096 608 1129 Salvator,
629 1105 733 1124 necnon
749 1102 776 1124 et
790 1097 889 1124 Paulus
902 1098 1052 1132 apostolus,

269 1142 353 1170 multa
368 1143 444 1177 quasi
467 1143 500 1170 de
519 1142 606 1170 Veteri
631 1142 804 1170 Ttstamcnto
820 1141 968 1176 proferunt,
994 1149 1054 1176 quat

1103 730 1131 757 in
1154 731 1211 757 suis
1231 731 1298 758 locis
1320 730 1424 765 plenius
1447 730 1622 758 disseremus.
1640 729 1679 756 Ex
1703 737 1759 764 quo
1786 730 1889 764 pcrspi

1102 783 1183 803 cuum
1208 781 1259 809 est,
1278 776 1323 803 illa
1349 776 1434 811 magis
1457 784 1519 804 vera
1542 784 1602 804 esse
1625 775 1810 810 exemplaria,
1845 784 1889 810 qu:

1102 831 1164 850 cum
1183 823 1250 850 Novi
1273 822 1437 850 Testamenti
1455 823 1615 850 auctoritate
1637 823 1828 850 concordant.
1854 822 1890 849 Ac

1103 869 1174 896 cedit
1196 868 1230 895 ad
1250 868 1301 895 hoc
1316 876 1425 904 quoque
1441 869 1513 903 quod
1527 867 1672 903 Iosephus,
1695 868 1742 902 qui
1760 867 1847 894 LXX
1867 867 1890 894 lt

1105 919 1251 949 terpretum
1269 915 1345 949 ponit
1370 915 1522 947 historiam,
1537 915 1658 949 quinque
1675 919 1785 941 tantum
1807 914 1852 940 ab
1869 914 1890 939 ei

1103 957 1188 985 libros
1210 957 1293 994 Moysi
1315 959 1461 986 translatos
1483 958 1586 986 refert:
1609 967 1678 994 quos
1705 967 1755 986 nos
1783 967 1891 993 quoqu

1104 1003 1264 1030 confitemur
1280 1003 1340 1036 plus
1354 1011 1435 1039 quam
1452 1008 1565 1032 exteros
1584 1011 1646 1031 cum
1661 1003 1811 1031 Hebraicis
1838 1011 1891 1031 con

1105 1055 1213 1076 sonare.
1240 1048 1291 1076 Sed
1313 1055 1340 1076 et
1362 1049 1380 1076 ii
1402 1050 1448 1084 qui
1471 1054 1564 1084 postea
1589 1050 1748 1084 interpretes
1777 1050 1891 1076 exstitc

1105 1099 1179 1127 runt,
1195 1095 1320 1129 Aquilam
1334 1095 1441 1130 loquor,
1455 1101 1482 1123 et
1503 1095 1706 1132 Symmachum.
1721 1099 1748 1122 et
1762 1094 1891 1122 Theodc

1105 1142 1218 1174 tionem,
1234 1143 1312 1178 longe
1326 1143 1403 1170 aliter
1418 1143 1516 1170 habent
1529 1150 1610 1178 quam
1626 1143 1679 1170 nos"
1690 1143 1830 1178 legimus.

830 1199 901 1227 Ibid.
916 1200 966 1228 col.
982 1200 1044 1234 542,
1059 1201 1093 1227 ad
1106 1200 1169 1228 Cen.
1187 1210 1230 1234 χι,
1248 1211 1271 1229 υ.
1290 1202 1332 1230 l6.

305 1246 484 1283 Symmachus
496 1254 570 1274 more
584 1254 634 1274 suo
648 1246 766 1281 apertius
781 1247 928 1274 transtulit.

760 1292 793 1319 In
808 1292 894 1327 Epist.
908 1294 942 1319 ad
959 1293 1115 1326 Damasum,
1133 1299 1196 1320 (om.
1213 1293 1233 1320 ll
1245 1315 1251 1325 ,
1267 1293 1316 1321 col.
1331 1294 1392 1321 567.

306 1340 404 1375 Aquila
421 1347 537 1374 namque
547 1340 594 1375 qui
610 1347 662 1366 non
677 1340 882 1372 contentiosius,
897 1345 927 1367 ttt
943 1341 1052 1375 quidam
1072 1346 1176 1376 putant,
1192 1342 1237 1369 sed
1251 1342 1398 1370 studiosius
1412 1343 1523 1370 verbum
1540 1343 1731 1378 interpretatur
1743 1343 1780 1370 ad
1796 1349 1873 1371 ver-

271 1389 346 1416 bum.

1013 1433 1044 1460 Et
1060 1434 1130 1468 infra
1142 1441 1151 1460 :

306 1482 430 1516 Aquilam
454 1488 517 1508 vero
541 1486 572 1508 ut
594 1481 620 1507 in
640 1481 754 1513 caeteris,
770 1485 797 1509 et
813 1481 839 1508 in
862 1481 914 1509 hoc
934 1481 1051 1509 maxime
1070 1482 1129 1509 loco
1141 1482 1248 1516 proprie
1265 1481 1435 1508 transtulisse
1449 1481 1538 1508 omnis
1550 1481 1642 1509 Judzea
1655 1481 1827 1509 conclamat.

772 1528 857 1563 Epist.
874 1529 908 1555 ad
922 1529 1092 1564 Evattgelum,
1110 1531 1160 1557 col.
1173 1530 1236 1561 574,
1254 1534 1316 1556 tam.
1333 1529 1363 1556 ll.

307 1574 361 1602 Nec
377 1574 470 1606 refert,
494 1579 584 1602 tttrutn
608 1574 697 1602 Salem
719 1583 753 1602 an
779 1575 862 1602 Salitn
890 1576 1054 1607 nominetur,
1069 1580 1090 1608 c
1107 1585 1183 1609 num,
1197 1577 1290 1604 eadem
1307 1576 1388 1604 verba
1401 1576 1516 1604 diversis
1536 1576 1610 1603 sonis
1633 1580 1712 1611 atque
1728 1577 1894 1604 accentibu

271 1630 333 1649 cum
347 1622 486 1649 vocalibus
498 1622 524 1648 itt
542 1621 630 1648 medio
646 1622 742 1649 litteris
756 1630 866 1656 perraro
878 1627 988 1649 utantur
1001 1621 1053 1649 He-

270 1669 346 1699 braei.
357 1673 383 1695 et
397 1676 444 1703 pro
462 1668 600 1695 voluntate
616 1669 757 1701 lectorum,
773 1676 805 1696 ac
820 1669 952 1696 varietate
964 1669 1052 1703 regio-

1105 1623 1286 1659 proferantur.

703 1716 825 1751 Epistola
842 1717 876 1743 ad
897 1716 1009 1744 Sunium
1025 1721 1050 1743 et
1067 1716 1210 1748 Fretelam,
1228 1720 1292 1742 (om.
1306 1714 1337 1746 ll,
1351 1723 1377 1749 ρ.
1396 1714 1458 1741 6'27.

306 1766 334 1792 ln
349 1773 404 1801 quo
427 1765 491 1792 illud
508 1765 625 1793 breviter
646 1765 797 1797 admoneo,
814 1771 843 1792 ut
861 1765 953 1793 sciatis
969 1765 1050 1792 aliam

269 1819 330 1838 esse
353 1811 498 1838 editionem
527 1820 607 1846 quam
640 1812 790 1847 Origenes,
823 1816 849 1839 et
875 1811 1051 1839 Caesariensis

269 1856 420 1889 Eusebius,
437 1865 587 1892 omnesque
603 1857 712 1885 Graeciaa
727 1862 887 1886 tractatores
905 1858 1008 1893 κοινήν,
1025 1857 1051 1884 id

269 1910 311 1931 est
323 1912 484 1930 communem
494 1925 501 1937 ,
517 1905 653 1939 appellant
665 1909 746 1940 atque
760 1905 893 1939 vulgatam
903 1925 910 1936 ,
923 1909 951 1931 et
965 1912 980 1930 a
995 1904 1051 1938 ple-

268 1950 361 1984 risque
378 1958 449 1978 nunc
464 1951 614 1982 Λουκιανός
640 1951 758 1982 dicitur;
774 1951 854 1978 aliaat
881 1949 951 1976 LXX
964 1950 1049 1978 Inter-

268 2003 390 2031 pretum,
407 2005 467 2032 qua:
482 2003 509 2024 et
527 1998 554 2024 in
583 1998 724 2030 Ἐξαπλοῖς
746 1997 885 2025 codicibus
908 1997 1051 2031 reperitur,

267 2048 293 2070 et
309 2051 323 2069 a
344 2043 422 2070 nobis
438 2044 464 2070 in
476 2042 602 2071 Latinum
618 2052 770 2071 sermonem
782 2043 897 2070 ﬁdeliter
908 2050 987 2069 versa
999 2047 1050 2073 est,

268 2094 295 2116 et
306 2088 480 2125 Jerosolyma:
501 2095 583 2124 atque
595 2090 622 2117 in
636 2089 755 2118 Orientis
772 2089 901 2116 Ecclesiis
923 2089 1051 2115 decanta-

267 2140 368 2163 tttr.....
385 2136 469 2171 Κοινή
483 2141 572 2163 autctu
589 2137 651 2168 ista,
669 2137 720 2163 hoc
735 2141 777 2162 cst
789 2134 942 2175 communis
955 2133 1048 2166 editio,

1105 1765 1162 1799 ipsa
1176 1768 1218 1791 est
1233 1771 1293 1798 quae
1306 1768 1333 1790 et
1348 1762 1429 1790 LXX.
1452 1762 1504 1790 Sed
1516 1762 1568 1789 hoc
1582 1762 1692 1789 interest
1706 1762 1779 1789 inter
1791 1767 1892 1790 utran

1104 1819 1167 1845 que,
1185 1810 1257 1845 quod
1272 1810 1348 1844 κοινή
1362 1817 1412 1844 pro
1426 1809 1493 1836 locis
1510 1813 1536 1836 et
1547 1809 1722 1843 temporibus,
1734 1813 1761 1835 et
1774 1815 1834 1843 pro
1855 1818 1894 1835 vo

1104 1855 1207 1882 luntate
1235 1855 1415 1889 scriptorum,
1432 1859 1510 1881 vetus
1531 1858 1659 1888 corrupta
1680 1853 1763 1881 editio
1782 1859 1854 1888 est;
1878 1864 1894 1883 e

1104 1906 1194 1928 autem
1208 1908 1269 1936 qua:
1284 1901 1398 1927 habetur
1411 1900 1438 1927 in
1456 1899 1606 1932 Ἑξαπλοῖς,
1621 1904 1648 1927 et
1662 1907 1743 1934 quam
1759 1907 1821 1927 nos
1839 1909 1894 1928 vet

1105 1948 1198 1979 timus,
1210 1947 1268 1982 ipsa
1281 1951 1322 1973 est
1337 1954 1397 1982 quae
1412 1946 1438 1974 in
1449 1946 1619 1973 eruditorum
1635 1946 1712 1973 libris
1727 1946 1894 1983 incorrupt

1104 1999 1131 2021 et
1143 1993 1316 2020 immaculata
1330 1992 1400 2019 LXX
1413 1992 1591 2028 lnterpretum
1609 1992 1750 2019 translatio
1767 2000 1894 2021 reserv‘

1104 2044 1158 2066 tur.
1185 2039 1321 2074 Quidquid
1346 2046 1412 2074 ergo
1435 2039 1468 2066 ab
1489 2040 1541 2066 hac
1563 2039 1718 2073 discrepat,
1744 2039 1821 2066 nulli
1852 2041 1894 2067 dt:

1103 2086 1177 2113 bium
1193 2090 1235 2113 est
1250 2086 1315 2121 quin
1329 2086 1363 2113 ita
1379 2091 1406 2113 et
1417 2085 1451 2113 ab
1465 2085 1637 2113 Hebraeorum
1655 2085 1828 2113 auctoritate
1842 2087 1894 2114 dis

1103 2131 1205 2158 cordet.

713 2191 822 2218 Hieron.
838 2192 918 2226 epist.
932 2191 967 2218 ad
980 2190 1158 2221 Marcellam,
1176 2194 1240 2216 tont.
1255 2189 1288 2222 ll,
1305 2190 1354 2216 col.
1372 2189 1433 2216 707.

303 2239 411 2273 Aquila,
429 2238 475 2273 qui
500 2238 643 2265 verborum
668 2237 843 2265 Hebraeorum
868 2236 1094 2271 diligentissimus
1110 2235 1257 2270 explicator
1273 2240 1323 2262 est.

721 2283 830 2312 Hieron.
847 2286 924 2320 epist.
939 2286 974 2312 ad
990 2285 1145 2312 Marcellam
1160 2290 1222 2312 tam.
1238 2284 1270 2315 ll,
1287 2285 1337 2311 col.
1355 2285 1414 2312 7H.

302 2332 492 2365 Thcodotion,
520 2333 567 2368 qui
594 2333 620 2360 in
645 2333 749 2360 caeteris
781 2340 843 2360 cum
862 2333 1037 2368 Septuaginta
1057 2331 1280 2359 Translatoribus
1297 2331 1371 2360 facit.

669 2380 777 2408 Hieron.
795 2382 937 2408 Comment.
951 2382 979 2407 in
997 2380 1184 2411 Ecclesiasten,
1201 2385 1264 2406 tam.
1280 2379 1312 2410 ll,
1331 2380 1381 2407 col.
1399 2380 1458 2407 740.

303 2428 432 2456 llebrazus
449 2436 526 2456 meus
537 2429 616 2463 cujus
628 2436 698 2463 saepe
713 2429 783 2456 facio
801 2429 978 2462 mentionem,
988 2436 1049 2456 etim
1067 2426 1247 2456 Ecclesiasten
1264 2437 1370 2456 mecum
1384 2429 1494 2463 legeret,
1513 2429 1568 2456 haec
1579 2427 1752 2461 Baracibam,
1767 2437 1869 2464 quem

265 2484 351 2504 unum
365 2477 405 2504 vel
417 2477 535 2504 maxime
552 2477 722 2504 admirantur
735 2477 784 2513 (a).

524 2521 637 2549 Hieron.
656 2521 818 2557 Prwfatione
833 2523 860 2549 in
876 2521 1008 2549 Homilies
1028 2521 1148 2557 Origenis
1163 2520 1191 2548 in
1209 2519 1360 2550 Canticum,
1377 2524 1440 2544 tom.
1454 2516 1486 2550 ll,
1503 2517 1554 2544 col.
1572 2516 1616 2544 87.

300 2569 432 2605 Origenes
449 2577 510 2597 cum
526 2570 553 2597 in
572 2570 677 2598 caeteris
690 2570 767 2598 libris
780 2578 876 2598 omnes
892 2571 1006 2603 vicerit,
1021 2571 1048 2596 in

264 2616 377 2643 Cantica
398 2617 565 2644 canticorum
583 2617 640 2651 ipse
655 2625 684 2644 se
705 2618 778 2645 vicit.
807 2616 874 2644 Nam
891 2617 983 2644 decem
1000 2624 1049 2644 vo-

1099 2569 1196 2596 deinde
1210 2567 1334 2602 Aquilam
1358 2570 1384 2592 et
1406 2565 1598 2599 Symmachum
1617 2568 1642 2591 et
1655 2563 1894 2597 Theodotionen

1100 2620 1126 2642 et
1141 2615 1174 2642 ad
1189 2618 1341 2642 extremum
1355 2612 1483 2644 Quintam
1497 2611 1654 2644 editionem,
1668 2618 1752 2646 quam
1768 2612 1798 2638 in
1811 2612 1894 2642 Acti

265 2662 415 2690 luminibus
428 2663 573 2698 explicitis,
590 2671 649 2698 quze
667 2663 700 2690 ad
713 2663 807 2698 viginti
822 2671 908 2698 usque
921 2671 1048 2690 versuum
1100 2663 1192 2690 littore
1208 2660 1344 2688 invenisse
1359 2666 1387 2686 se
1402 2658 1504 2690 scribit,
1519 2663 1571 2685 etc.

264 2709 352 2739 millia
367 2716 434 2744 pene
445 2710 626 2744 perveniunt;
645 2710 762 2745 primum
781 2709 852 2736 LXX
867 2709 1048 2745 lnterpretes;

301 2792 336 2827 (α)
357 2791 394 2820 De
407 2791 570 2829 Symmacho
584 2794 684 2829 passim
704 2794 770 2822 dicit
791 2793 970 2829 Hieronymus
988 2794 1078 2828 ipsum
1093 2793 1213 2828 apertius
1229 2795 1256 2820 et
1267 2789 1438 2818 manifestius
1451 2789 1655 2824 interpretatum
1669 2795 1742 2815 esse.
