1902 3049
34 96 66 124 133
651 100 683 127 IN
704 100 864 129 HEXAPLA
882 102 1051 131 ORlGENlS.

513 159 620 188 'Ilieron.
635 161 737 188 Canuti.
753 163 778 188 in
793 162 905 193 Isaiam.
923 168 984 190 tom.
1001 163 1045 197 lll,
1063 165 1113 192 col.
1130 165 1174 192 25.

59 202 79 229 P
90 203 206 231 litteram
231 213 326 233 sermo
341 205 502 235 llebraicus
523 216 575 235 non
590 209 685 240 habet;
704 210 750 236 scd
769 218 817 244 pro
836 219 867 238 ea
883 219 924 237 rm
939 211 1032 239 Grmco
1047 213 1143 240 utitur.

462 254 570 281 Hieron.
588 255 688 282 Comm.
707 256 732 282 in
755 255 834 289 Isai.,
847 265 905 291 cap.
920 266 976 290 vtn,
993 263 1054 285 tom.
1070 258 1112 291 lll,
1127 259 1177 286 col.
1194 259 1237 287 '79.

56 297 120 325 Duas
143 299 252 327 domus
273 299 401 327 Νεωτπὶ
414 321 420 331 ,
446 301 504 336 (qui
524 301 560 328 ita
583 301 722 329 Christum
749 302 819 329 reci-
833 309 854 336 Α
871 312 918 338 per
930 304 1053 332 ordinem
1066 305 1188 340 Delphon
1203 316 1209 332 :
1226 311 1253 333 et
1265 315 1374 334 rursum
1385 307 1485 343 Joseph
1499 308 1630 338 Galilzeus
1647 320 1654 337 :

28 347 102 381 piunt,
118 352 149 374 ut
163 349 386 376 observationes
402 349 474 384 legis
490 350 588 376 veteris
604 358 658 377 non
683 351 822 388 amittant)

26 392 79 418 luas
94 391 218 420 familias
241 393 481 428 interpretantur,
497 393 616 421 Sammai
629 399 656 422 et
669 394 746 422 Hillel
766 405 772 422 :
789 404 823 423 ex

24 437 112 470 quibus
131 438 188 464 orti
208 444 279 465 sunt
294 438 401 466 Scriba:
413 445 439 466 et
462 439 608 474 Pharisaei;
623 448 739 475 quorum
756 450 822 470 sus-

23 483 80 515 tepit
103 483 234 511 scholam
260 485 390 517 Altibas,
413 493 494 520 quem
533 487 694 521 magistrum
719 488 823 522 Aquila:

22 529 140 563 proselyti
157 534 318 557 autumant
338 540 345 557 :
364 535 391 558 et
406 536 465 565 post
480 539 541 558 eum
553 531 629 564 Meir,
647 532 691 559 cui
708 540 819 560 succes-

21 576 49 601 sit
61 575 194 602 Johanan
212 576 292 604 Illius
307 576 410 604 Zacliai
430 587 436 593 -
453 582 480 604 et
496 582 557 613 post
570 585 632 605 eum
649 578 770 610 Eliezer,
790 583 820 606 et

872 354 897 376 et
910 357 995 384 usque
1011 350 1044 377 ad
1059 351 1241 385 captivitatem
1254 351 1404 380 Jerusalem
1418 353 1510 381 Iosue.
1533 353 1595 382 Sam
1602 356 1654 383 nisi

873 394 954 429 igitur
967 400 995 422 et
1010 395 1088 422 llillel
1101 404 1154 423 non
1169 397 1255 424 multo
1271 398 1346 432 prius
1362 406 1443 433 quam
1458 399 1590 428 Dominus
1605 410 1654 429 na-

871 445 1003 482 sceretur,
1017 442 1069 468 orti
1082 447 1146 470 sunt
1160 443 1186 470 in
1201 443 1303 477 Judaaa,
1322 452 1438 479 quorum
1451 447 1525 481 prior
1541 447 1654 482 dissipa-

873 492 914 514 tor
931 487 1139 523 interpretatur.
1159 497 1276 524 sequens
1291 492 1435 526 profanus,
1462 500 1495 520 eo
1517 495 1588 528 quod
1608 502 1653 528 per

873 534 1054 562 tradititioncs
1067 540 1093 562 et
1106 535 1283 571 δευτερώσεις
1297 545 1362 565 suas
1372 539 1439 574 legis
1451 544 1582 574 prteccpta
1598 540 1654 567 dis-

873 579 1004 614 sipaverit
1021 584 1102 615 atque
1118 581 1301 610 maculaverit.

545 636 655 664 Hieron.
677 637 813 664 Comment
837 638 865 664 in
879 637 991 670 Isaiam,
1008 639 1058 667 col.
1073 640 1135 667 552.

48 682 83 709 De
95 683 204 717 Aquila
223 689 320 711 autem
335 692 391 711 non
407 685 501 717 miror,
512 685 585 720 quod
600 686 682 712 homo
695 685 823 712 eluditis-

18 730 97 756 simus
114 730 224 764 lingua:
242 730 398 761 Hebraicaz,
417 735 443 757 et
463 732 573 758 verbum
590 731 623 758 de
635 731 718 758 verbo
731 732 822 766 expri-

18 782 105 807 meus,
126 776 155 802 in
177 776 236 803 hoc
261 776 325 803 loco
349 780 398 803 aut
418 777 552 804 simularit
571 778 751 813 imperitiam,
774 782 821 804 aut

873 685 1071 714 Pliarismorum
1101 696 1229 722 perversa
1256 690 1425 724 expositione
1456 691 1584 726 deceptus
1607 693 1652 725 sit,

871 733 917 767 qui
939 734 1109 769 interpretari
1127 735 1209 762 voluit
1224 756 1231 769 ,
1258 741 1283 762 et
1302 735 1389 764 Israel
1404 738 1429 765 ei
1443 739 1652 774 congregabitur.

496 823 605 851 IIieron.
619 824 721 852 Comm.
739 825 765 851 in
783 823 889 856 Επειδὴ..
905 828 968 851 tom.
995 823 1038 855 Ill.
1055 825 1105 853 col.
1121 825 1183 853 716.

47 871 155 905 Aquilze
174 879 246 898 vero
264 871 386 899 secunda
406 872 506 903 editio,
519 880 601 907 quam
620 871 725 899 Hebraei
747 872 821 899 κατὰ
840 872 863 899 ἀς

869 872 991 905 ιρίϐειαν
1028 873 1187 906 nominant,
1210 874 1346 901 transtulit
1366 874 1530 910 ἡρεμὰζων,
1565 876 1590 903 id
1612 879 1654 904 est

19 918 162 950 quiescens,
177 922 208 945 et
221 918 337 944 seorsim
351 918 464 952 positus.

403 965 512 994 Hieron.
530 965 642 1002 Prtefat.
655 967 682 993 in
697 966 843 993 Comment.
862 965 992 997 Danielis,
1010 968 1071 991 tom.
1087 964 1130 997 lll,
1147 966 1197 992 col.
1210 966 1288 993 1073.

49 1013 116 1040 illud
134 1021 256 1049 quoque
280 1014 409 1042 lectorem
434 1014 584 1047 admoneo,
609 1014 746 1041 Danielem
763 1021 817 1041 non
832 1018 854 1045 Β
868 1013 999 1048 quosdam
1025 1021 1118 1041 versus
1143 1013 1230 1041 obelis
1246 1016 1416 1049 praenotavit,
1429 1017 1564 1051 superﬂua
1581 1026 1654 1052 quae-

22 1061 88 1093 juvta
106 1059 182 1086 LXX
200 1059 377 1095 lnterpretes,
397 1061 442 1088 scd
454 1061 531 1095 juxta
545 1060 759 1088 Theodotionem
772 1060 820 1088 Ec-

23 1106 114 1133 clesias
127 1106 237 1141 legere,
255 1107 303 1141 qui
318 1107 412 1141 utique
423 1111 485 1141 post
501 1107 645 1133 adventum
659 1106 759 1134 Christi
776 1107 818 1134 in-

25 1152 146 1179 credulus
159 1153 219 1179 fuit
238 1161 244 1179 :
267 1152 331 1180 licet
344 1160 406 1179 eum
422 1153 531 1188 quidam
545 1152 636 1180 dicant
652 1152 815 1185 Ebionitam,

26 1198 65 1230 qui
81 1198 173 1224 altero
190 1205 296 1233 genere
320 1197 433 1225 Judaeus
455 1202 506 1225 est.
533 1197 585 1225 Sed
599 1203 625 1225 et
639 1197 768 1231 Origenes
784 1198 817 1225 de

28 1242 223 1270 Theodotionis
248 1251 332 1277 opere
349 1244 376 1270 in
394 1243 512 1270 editione
537 1243 649 1278 Vulgata
671 1243 816 1270 asteriscos

31 1290 121 1322 posuit,
146 1289 257 1316 docens
271 1288 391 1316 defuisse
402 1295 463 1322 quae
477 1287 568 1314 addita
581 1291 656 1319 sunt,
677 1291 704 1314 et
721 1294 817 1314 rursus

872 1065 926 1093 que
951 1058 1106 1092 designans.
1139 1057 1263 1093 Cumque
1287 1067 1382 1087 omnes
1400 1060 1502 1088 Christi
1529 1062 1655 1091 Ecclesia:

871 1109 925 1131 tam
950 1103 1106 1131 Grecorum
1132 1111 1213 1138 quam
1235 1103 1412 1139 Latinorum,
1430 1105 1614 1142 Syrorumque
1627 1113 1655 1136 et

872 1150 1062 1186 Egyptiorum
1081 1151 1150 1177 hanc
1173 1151 1224 1179 sub
1249 1152 1386 1179 asteriscis
1403 1157 1429 1180 et
1449 1153 1533 1181 obelis
1555 1155 1653 1182 editio-

870 1205 933 1224 nem
952 1197 1058 1231 legant,
1072 1197 1213 1231 ignoscant
1226 1197 1308 1224 invidi
1324 1198 1410 1224 labori
1424 1206 1501 1231 meo,
1518 1200 1565 1234 qui
1581 1201 1653 1229 volui

869 1243 969 1270 habere
984 1248 1093 1270 nostros
1111 1243 1183 1278 quod
1198 1243 1283 1271 Graaci
1300 1244 1327 1271 in
1341 1245 1444 1279 Aquilm
1456 1251 1483 1273 et
1495 1245 1653 1275 Theodotio—

870 1289 912 1316 nis
924 1296 956 1316 ac
969 1288 1095 1324 Symachi
1109 1289 1273 1316 editionibus
1291 1290 1422 1318 lectitant.

489 1345 600 1373 Hieron.
614 1345 758 1373 Comment.
774 1346 802 1372 in
814 1345 919 1373 Daniel.
937 1354 993 1380 cap.
1010 1355 1029 1379 ι,
1046 1346 1095 1373 col.
1112 1347 1191 1375 1075.

58 1393 132 1427 Quod
150 1401 204 1421 nos
217 1393 297 1428 juxta
311 1392 458 1421 editionem
477 1392 650 1421 llebrmorum
663 1401 724 1428 qua:
743 1394 972 1427 κατ’ἀκρίϐειαν
989 1395 1086 1430 legitur
1100 1395 1127 1421 in
1143 1400 1269 1429 tyrannos
1284 1396 1422 1424 vertimus.

434 1442 518 1469 Idem.
534 1442 679 1469 Comment.
701 1443 728 1468 in
742 1441 816 1474 Osee,
832 1450 890 1477 cap.
908 1450 938 1475 ll,
955 1447 1018 1472 tam.
1033 1442 1076 1475 lll,
1092 1444 1142 1469 col.
1166 1443 1245 1470 1‘252.

60 1490 155 1525 Aquila
172 1490 296 1526 diligens
309 1495 335 1517 et
350 1490 478 1518 curi05us
493 1490 634 1525 interpres.

436 1536 544 1564 Hieron.
560 1536 704 1564 Comment.
721 1538 746 1564 in
763 1537 899 1570 Habacuc,
915 1540 979 1563 tom.
996 1535 1040 1568 Ill,
1055 1536 1105 1562 col.
1122 1535 1200 1563 1655.

59 1583 210 1610 Sciendum
225 1588 329 1617 autem,
343 1588 374 1611 ut
388 1592 470 1619 supra
485 1585 613 1617 diximus,
624 1586 696 1620 quod
709 1585 753 1612 ubi
768 1594 815 1620 po-
828 1589 849 1617 α
866 1585 987 1620 ejusdem
1009 1584 1144 1619 dogmatis
1155 1603 1162 1615 ,
1187 1591 1333 1618 pauperem
1351 1592 1460 1611 sensum
1478 1586 1562 1613 secuti
1573 1606 1581 1620 ,
1602 1585 1651 1614 Ju-

30 1635 136 1657 tuerunt
160 1629 238 1656 LXX
252 1630 351 1664 plurali
367 1639 494 1664 numero,
516 1636 544 1657 ut
570 1632 683 1659 salvares
705 1632 816 1660 cltristos

29 1682 97 1708 uas,
116 1676 155 1703 ibi
183 1683 247 1703 esse
269 1676 296 1702 in
315 1675 449 1704 llebraico
467 1676 582 1704 LAIESUA
603 1686 655 1705 era
679 1685 815 1710 MESSIACH,

27 1723 92 1754 quod
111 1722 216 1756 Aquila
233 1722 383 1754 transtulit,
397 1723 423 1748 in
438 1722 548 1749 salutent
561 1731 619 1749 cum
633 1722 738 1749 Christo
752 1727 795 1749 tuo
807 1731 816 1749 :

26 1776 74 1795 non
94 1769 171 1804 quod
192 1767 267 1796 Deus
288 1776 416 1804 egressus
436 1769 486 1802 sit,
501 1773 531 1797 ut
546 1769 663 1797 salvaret
678 1770 815 1805 populum,

24 1820 46 1840 et
61 1816 185 1842 salvaret
209 1814 349 1842 Christum
376 1823 471 1848 suum;
499 1816 544 1843 sed
561 1817 632 1850 quod
656 1816 682 1843 in
701 1816 815 1844 salutem

22 1862 115 1895 ραις-ιήί
140 1861 250 1889 venerit
271 1869 333 1888 cum
357 1860 466 1888 Christo
479 1870 538 1893 suo,
554 1862 631 1896 juxta
647 1862 711 1889 illud
727 1862 816 1889 Evan-

22 1908 79 1940 ,τι-ὶίὶ
97 1917 104 1934 :
124 1907 213 1934 Pater
229 1908 257 1933 in
272 1915 322 1938 me,
337 1912 361 1934 et
378 1915 423 1942 ego
435 1907 463 1934 in
478 1907 577 1940 Patre;
595 1913 619 1934 et
634 1908 715 1935 Pater
730 1909 757 1934 in
775 1916 815 1934 me

22 1962 131 1980 tamen:
157 1954 216 1987 ipse
244 1953 310 1987 facit
328 1961 405 1987 opera
430 1962 489 1980 sua.
519 1953 570 1981 Sed
583 1959 609 1981 et
621 1953 719 1987 Quinta
732 1954 815 1981 editio

22 1998 150 2025 similiter
177 1998 320 2024 transtulit
335 2007 342 2024 :
360 1997 487 2033 Egressus
503 2007 529 2026 es
552 2000 580 2026 in
594 2000 703 2026 salutem
726 2001 815 2034 populi

22 2045 75 2075 tui,
95 2045 125 2070 in
140 2045 262 2071 salutem
284 2052 343 2070 cum
367 2044 469 2072 Christo
486 2051 540 2072 tuo.
562 2045 711 2073 Theodotio
726 2051 814 2073 autem

23 2097 83 2115 γεγε
98 2089 183 2124 quasi
206 2096 309 2124 pauper
330 2093 357 2116 et
367 2088 493 2117 Ebionita
509 2100 515 2117 :
535 2090 581 2117 sed
598 2095 624 2117 et
638 2090 815 2126 Symmachus

870 1632 946 1659 daice
972 1630 1166 1659 transtulerunt
1180 1640 1187 1657 2
1203 1630 1329 1666 Egressus
1350 1639 1376 1657 es
1391 1632 1417 1658 in
1440 1632 1551 1659 salutem
1564 1633 1652 1667 populi

871 1678 920 1711 tui,
935 1682 963 1704 ut
978 1677 1093 1704 salvarcs
1110 1676 1244 1703 Christum
1265 1681 1356 1707 tuum;
1373 1681 1409 1709 et,
1426 1686 1543 1712 egressus
1557 1687 1583 1705 es
1598 1679 1654 1706 salo

869 1733 929 1751 vare
951 1725 1074 1759 populum
1091 1728 1180 1756 tuum,
1198 1722 1300 1750 salvare
1324 1723 1459 1751 Christum
1481 1729 1563 1752 tuum.
1585 1724 1650 1752 Rern

870 1770 1057 1798 incredibilem
1073 1769 1196 1796 dicturus
1208 1777 1267 1795 sum
1278 1789 1285 1801 ,
1310 1769 1355 1796 sed
1369 1774 1458 1796 tamen
1476 1777 1577 1797 veram.
1605 1771 1653 1800 isti

871 1816 1086 1844 Semichristiani
1111 1815 1222 1842 .ludaice
1247 1815 1454 1848 transtulerunt,
1485 1820 1511 1842 et
1543 1815 1652 1844 Judmus

868 1863 966 1898 Aquila
980 1863 1173 1897 interpretatus
1188 1866 1229 1888 est
1244 1866 1272 1888 ut
1284 1861 1466 1889 Christianus.
1495 1862 1575 1890 Sexta
1592 1863 1651 1889 edi-

869 1908 907 1935 tio
920 1907 1037 1942 prodens
1052 1906 1274 1933 manifestissime
1288 1913 1486 1933 sacramentum
1497 1928 1505 1940 ,
1521 1909 1557 1934 ita
1573 1908 1652 1935 vertit

868 1961 900 1981 ex
918 1952 1031 1980 Hebrmo
1049 1963 1054 1980 :
1074 1952 1201 1987 Egressus
1215 1961 1242 1979 es
1263 1957 1291 1979 ut
1310 1953 1426 1979 salvares
1441 1954 1564 1988 populum
1578 1959 1651 1981 (sum

867 2007 913 2034 per
935 1998 1027 2025 Jesum
1051 1997 1185 2025 Christum
1214 2002 1306 2030 tuum,
1333 1997 1406 2032 quod
1425 1997 1518 2025 Grarce
1539 1999 1650 2030 dicitur,

868 2045 979 2081 ἐξῆλθες
993 2045 1038 2072 τοῦ
1060 2045 1145 2072 σῶσαι
1157 2045 1201 2071 τὸν
1214 2045 1276 2071 λαόν
1294 2053 1339 2070 σου
1352 2044 1395 2071 διὰ
1417 2045 1518 2080 Ἰησοῦν
1536 2045 1651 2081 Χριστόν

869 2101 927 2119 σου.

384 2147 494 2175 Hieron.
509 2148 654 2176 Comment.
672 2150 698 2176 in
716 2149 803 2184 Epist.
817 2150 851 2176 ad
869 2150 968 2183 Titum,
986 2155 1050 2178 tom.
1067 2150 1112 2184 IV,
1127 2151 1177 2177 col.
1196 2151 1259 2178 457.

57 2193 137 2220 Unde
156 2197 186 2220 et
209 2193 289 2220 nobis
304 2200 375 2220 cura:
395 2193 446 2220 fuit
465 2202 560 2221 omnes
582 2196 682 2222 veteris
697 2195 764 2230 legis
780 2195 814 2222 li-
831 2197 853 2224 D
867 2200 894 2223 et
907 2196 1024 2224 maxime
1049 2196 1076 2223 hi
1099 2197 1145 2231 qui
1166 2197 1237 2231 apud
1259 2195 1385 2224 Hebraeos
1405 2204 1484 2224 versu
1506 2197 1652 2232 compositi

23 2243 86 2270 bros
97 2264 105 2274 ,
129 2251 205 2278 quos
226 2243 270 2269 vir
288 2242 386 2270 doctus
406 2241 584 2268 Adamantius
599 2241 626 2267 in
640 2240 757 2275 Hexapla
773 2241 815 2268 di-

25 2294 144 2321 gesserat
156 2309 164 2320 .
182 2289 217 2316 de
232 2288 394 2316 Caesariensi
413 2287 574 2315 bibliotheca
597 2287 764 2321 descriptos,
782 2294 814 2313 ex

26 2335 89 2369 ipsis.
115 2335 287 2362 authenticis
305 2334 462 2366 emendare,
486 2334 513 2360 in
535 2333 634 2366 quibus
650 2337 677 2360 et
693 2333 749 2367 ipsa
764 2331 816 2360 He-

26 2382 94 2409 ἱππί
118 2383 242 2418 propriis
267 2386 333 2410 sunt
354 2380 558 2408 characteribus
573 2379 655 2406 verba
669 2379 813 2414 descripta,

27 2434 50 2454 et
65 2430 167 2456 Graecis
186 2428 286 2455 litteris
309 2427 418 2454 tramite
440 2433 567 2460 expressa
592 2425 692 2453 vicino.
718 2425 816 2460 Aquila

28 2476 103 2502 etiam
119 2481 145 2504 et
162 2475 362 2511 Symmachus,
375 2473 550 2508 Septuaginta
564 2479 672 2507 quoque
687 2476 713 2499 et
726 2471 815 2498 Theo-

29 2521 96 2548 dotio
120 2530 203 2549 suum
226 2521 354 2548 ordinem
388 2522 488 2546 tenent.
508 2517 636 2545 Nonnulli
657 2525 720 2544 vero
741 2516 814 2549 libri,

868 2247 947 2274 sunt,
976 2247 1032 2269 tres
1055 2242 1122 2270 alias
1147 2243 1278 2270 editiones
1298 2243 1403 2270 additas
1425 2243 1542 2277 habent;
1569 2251 1650 2278 quam

868 2287 996 2320 Quintam
1008 2307 1016 2319 ,
1042 2292 1069 2315 et
1092 2287 1217 2321 Sextam,
1236 2293 1264 2315 et
1283 2287 1431 2323 Septimum
1448 2289 1651 2317 translationem

867 2338 982 2366 vocant,
1005 2335 1192 2361 auctoritatem
1218 2335 1277 2362 sine
1294 2335 1450 2363 nominibus
1474 2335 1650 2370 interpretum

867 2384 1039 2408 consecutas.
1058 2380 1119 2408 Haec
1135 2381 1287 2408 immortale
1302 2381 1368 2408 illud
1382 2381 1520 2417 ingenium
1536 2390 1586 2409 suo
1601 2389 1651 2410 no-

868 2425 910 2453 bis
929 2426 1021 2453 labore
1034 2426 1155 2460 donavit,
1174 2431 1202 2454 ut
1225 2434 1278 2454 non
1294 2434 1458 2462 magnopere
1474 2428 1651 2462 pertimesca-

869 2479 931 2499 mus
944 2472 1120 2506 supercilium
1139 2471 1293 2499 Judzeorum
1305 2492 1312 2504 ,
1329 2472 1425 2499 solutis
1444 2472 1532 2505 labiis,
1548 2478 1574 2500 et
1587 2474 1651 2500 stri-

870 2517 949 2544 dente
962 2518 1058 2551 saliva,
1070 2522 1096 2545 et
1108 2525 1169 2545 rasa
1182 2517 1258 2545 fauce
1271 2518 1455 2553 gaudentium.

466 2578 539 2605 Idem
553 2578 629 2612 epist.
642 2578 677 2604 24
691 2577 724 2604 ad
743 2576 910 2609 Marcellam,
928 2581 992 2604 tam.
1005 2576 1037 2609 ll,
1053 2577 1103 2604 col.
1121 2577 1164 2605 61.

59 2625 115 2654 lam
127 2628 233 2662 pridem
252 2635 318 2655 cum
331 2625 518 2654 voluminibus
529 2625 704 2653 Hebraeorum
716 2624 814 2651 editio—

34 2678 84 2699 nem
109 2675 214 2709 Aquilae
249 2673 392 2705 confero;
421 2679 456 2699 ne
481 2671 545 2706 quid
569 2671 683 2698 forsitan
708 2676 816 2705 propter

35 2719 114 2746 odium
133 2720 232 2748 Christi
252 2720 407 2756 Synagoga
430 2718 590 2750 mutaverit;
615 2722 642 2744 et
668 2721 697 2743 ut
724 2716 817 2743 amic:e

869 2624 953 2652 menti
966 2624 1067 2658 fatear,
1082 2633 1142 2660 qua:
1156 2625 1188 2652 ad
1207 2630 1327 2653 nostram
1343 2625 1420 2652 tidem
1435 2624 1587 2660 pertineant
1605 2631 1652 2652 ro-

869 2671 1017 2698 horandam
1031 2672 1108 2707 plura
1123 2672 1238 2707 reperio.

475 2765 547 2793 Idem
559 2767 634 2801 epist.
652 2765 697 2798 29,
716 2765 751 2792 ad
769 2764 893 2795 Paulam,
907 2769 971 2791 toni.
989 2763 1033 2796 ιν,
1050 2763 1100 2790 cal.
1119 2762 1164 2790 68.

62 2814 185 2848 Quorsum
211 2814 357 2845 Varronis
383 2816 412 2841 ct
434 2813 600 2842 Chalcentcri
622 2813 724 2841 mentio
757 2812 828 2849 facta
861 2813 912 2846 sit,
944 2812 1087 2846 quaeritis?
1112 2810 1242 2839 Videlicet
1269 2815 1299 2838 ut
1323 2810 1356 2838 ad
1381 2807 1570 2838 Adamantium
1600 2814 1651 2835 no-
