1902 3049
276 82 326 110 1'55

950 77 1211 106 PRASLIMINARIA
1861 78 1893 104 Et

270 145 413 176 atrumque
427 141 635 167 Cna.centerum
652 141 792 167 veniamus
807 149 813 166 :
830 141 875 175 qui
892 144 965 167 tanto
982 139 1072 167 studio
1091 139 1119 168 in
1139 144 1294 167 sanctarum
1312 139 1513 174 Scripturarum
1533 140 1625 167 labore
1646 140 1763 172 sudavit,
1783 143 1817 165 ut
1833 138 1893 173 just

272 186 423 214 Adamantii
439 194 536 213 nomen
552 187 696 221 acceperit.

567 232 641 258 Idem
656 233 683 259 in
696 232 824 268 Catatogo
846 233 1011 267 Scriptorum
1027 231 1128 259 Ecctes.
1146 230 1177 256 de
1195 229 1316 264 Origene,
1332 233 1395 255 tom.
1410 227 1454 261 iV,
1469 228 1519 255 col.
1540 228 1600 255 “6.

309 291 375 325 Quis
395 291 501 325 ignorat
511 311 519 323 ,
534 292 606 326 quod
624 296 727 319 tantum
745 293 772 319 in
794 293 941 328 Scripturis
958 293 1057 321 divinis
1071 296 1094 325 Α
1108 291 1229 326 ejusdem
1244 290 1379 325 dogmatis
1392 299 1398 316 :
1412 289 1458 324 qui
1472 290 1500 316 in
1517 288 1691 324 Evangelium
1703 296 1822 324 quoque
1836 296 1893 314 κατι

271 337 396 365 habuerit
412 337 506 370 studii,
526 338 648 366 utetiam
665 338 804 366 Hebrazam
824 340 944 374 linguam
961 344 1057 367 contra

273 384 358 411 a-tatis
372 384 514 419 gentisque
532 392 588 411 sua:
602 391 726 411 naturam
738 385 887 412 edisceret:
902 390 928 412 et
940 385 1058 420 acceptis

272 428 342 456 LXX
358 429 562 464 lnterpretihus,
579 430 646 457 alias
658 438 764 465 quoque
780 431 912 458 editiones
931 431 957 457 in
973 439 1057 457 unum

272 475 397 502 volumen
413 482 610 511 congregaret;
627 477 731 511 Aquila:
750 477 855 504 scilicet
878 476 980 504 Pontici
998 485 1059 511 prn-

272 521 370 556 selyti,
397 526 424 550 et
454 521 650 550 Theodotionis
678 523 818 555 Ebionazi,
849 528 877 550 et
903 523 1059 558 Symmachi

1109 337 1248 365 Ματθαῖον
1269 336 1379 371 scripsit
1392 335 1626 367 Commentarios,
1641 336 1674 362 de
1690 343 1745 370 quo
1768 340 1800 362 et
1823 343 1893 362 sutnt

1109 384 1206 419 dogma
1231 383 1392 411 conﬁrmare
1417 387 1540 410 conatur.
1565 382 1698 410 Praeterea
1714 382 1859 415 Quintam
1882 389 1893 408 e

1110 429 1219 456 Sextam
1233 434 1259 456 et
1277 428 1424 463 Septimam
1443 428 1600 461 editionem,
1615 436 1683 463 quas
1699 428 1785 455 etiam
1802 435 1863 454 nos
1877 427 1893 453 dt

1108 475 1169 509 ejtts
1185 474 1345 502 bibliotheca
1362 474 1509 505 habemus,
1533 474 1602 501 miro
1623 474 1716 502 labore
1732 474 1847 509 reperit
1859 494 1866 504 ,
1882 482 1893 499 ε

1109 529 1171 548 cum
1187 520 1293 548 caeteris
1307 520 1473 547 editionibus
1488 520 1663 554 comparavit.

676 581 786 609 Hieron.
802 583 878 616 epist.
898 583 933 609 53
946 581 980 608 ad
1000 580 1210 611 Parumne/tium,
1228 583 1290 607 tam.
1306 578 1351 611 Ill,
1365 578 1415 605 col.
1435 578 1479 605 25.

307 624 359 651 Sed
373 625 438 659 quid
454 624 586 652 faciemus
602 625 636 652 ad
649 627 821 653 authenticos
839 627 933 658 libros,
952 627 978 652 in
996 626 1058 660 qui-

273 671 323 698 bus
338 671 394 699 bzec
409 679 462 698 non
479 671 602 699 feruntur
619 673 747 707 ascripta,
765 677 793 699 ct
810 677 907 699 cretera
923 673 965 699 his
982 672 1058 699 simi-

272 716 307 743 lia
319 737 326 745 .
342 724 402 751 quae
422 718 445 744 si
461 717 580 752 proferre
603 719 722 745 nitamur
733 738 739 750 ,
756 718 869 745 inlinitis
896 719 973 745 libris
988 725 1057 752 opus

272 761 432 789 est?Porro
451 767 551 797 quanta
569 762 737 795 dimiserint,
757 763 797 790 vel
814 763 936 791 asterisci
955 768 1036 790 testes
1048 783 1055 795 ,

273 813 301 834 nt
318 808 384 839 dixi,
399 813 473 839 sunt,
489 809 529 835 vel
546 813 638 835 nostra
653 809 848 843 interpretatio,
865 809 887 836 si
904 817 919 836 a
933 809 1055 844 diligenti

271 853 372 880 lectore
388 854 556 881 translationi
568 854 651 881 veteri
665 854 836 882 conferatur:
853 859 879 882 et
893 860 981 882 tamen
992 855 1055 889 jure

272 899 340 926 LXX
364 901 447 927 editio
469 900 586 928 obtinuit
610 901 635 927 in
654 901 802 935 Ecclesiis,
825 902 865 928 vel
880 902 945 936 quia
968 902 1054 936 prima

271 951 332 976 est,
351 950 377 972 et
392 951 455 973 ante
476 946 577 974 Christi
601 947 671 975 facta
695 947 861 980 adventum;
884 947 925 974 vel
941 947 1005 981 quia
1018 947 1056 983 ab

270 992 400 1026 apostolis
416 992 461 1027 (in
477 993 577 1027 quibus
592 999 679 1020 tamen
693 993 728 1020 ab
740 993 872 1021 ilebraieo
885 1001 939 1021 non
954 994 1056 1021 discre-

270 1037 334 1073 pat)
353 1043 493 1073 usurpata.
510 1039 608 1074 Aquila
624 1044 713 1066 autem
732 1041 884 1075 proselytus
897 1045 924 1067 et
940 1045 1054 1068 conten-

1110 625 1196 652 tiosus
1211 624 1362 659 interpres,
1379 624 1425 659 qui
1443 632 1495 650 non
1514 624 1602 651 solum
1617 624 1709 656 verba,
1727 624 1776 651 sed
1794 628 1893 659 etymo

1109 669 1194 704 logias
1204 677 1313 705 quoque
1326 669 1470 696 verborum
1484 669 1631 696 transferre
1643 675 1758 697 conatus
1767 674 1829 702 est,
1846 670 1893 704 jur

1109 716 1253 751 projicitur
1269 724 1284 742 a
1302 716 1390 742 nobis.
1406 715 1474 748 Quis
1490 715 1562 742 enim
1578 723 1626 750 pro
1643 716 1778 750 frumento
1795 720 1827 743 et
1850 717 1893 743 vin

1108 767 1136 790 et
1153 762 1210 789 oteo
1232 763 1334 797 possit,
1352 762 1393 789 vel
1409 762 1512 797 legere,
1536 762 1578 790 vel
1595 762 1743 797 intelligere
1755 782 1763 794 ,
1788 762 1889 798 χεῦμα

1109 809 1277 844 ὸπωρισμδν,
1288 808 1478 844 στιλπνότητα,
1490 809 1560 843 quod
1571 816 1623 835 non
1635 816 1784 843 possumus
1796 809 1893 837 dicere

1107 856 1249 890 fusionem.
1263 856 1487 891 pomationemqne
1499 861 1523 882 et
1539 855 1820 891 splendentiam?Aut
1841 859 1890 891 qui

1109 901 1213 929 Hebraei
1230 910 1282 928 non
1298 901 1386 929 solum
1402 901 1500 928 [tabent
1513 902 1611 937 ἄρθρα,
1625 902 1669 929 sed
1683 906 1710 929 et
1728 902 1888 939 πρόαρορι

1107 949 1152 975 ille
1167 948 1335 983 κακοξήλως,
1351 952 1377 974 et
1393 947 1511 982 syllabas
1529 948 1720 982 interpretatur
1733 954 1760 975 et
1777 949 1893 975 litteras

1106 994 1226 1029 dicitque
1246 995 1293 1021 σὺν
1306 994 1351 1020 τὸν
1372 994 1502 1029 οὐρανὸν,
1529 993 1576 1020 καὶ
1593 994 1640 1020 σὺν
1661 994 1709 1030 τὴν
1732 994 1804 1030 γῆν,
1827 1003 1893 1030 (μοι

1107 1040 1200 1067 Crteca
1216 1045 1242 1067 et
1259 1039 1354 1067 Latina
1372 1041 1463 1076 lingua
1480 1041 1592 1068 omnino
1605 1049 1658 1068 non
1678 1042 1791 1076 recepit.

671 1098 782 1126 Hieron.
797 1098 925 1134 Apologia
937 1099 1040 1128 advers.
1058 1098 1194 1134 Ruﬁnum,
1207 1103 1270 1126 tom.
1288 1098 1334 1132 IV,
1348 1100 1400 1127 σοι.
1413 1099 1476 1127 565.

313 1156 392 1184 Certe
412 1156 494 1184 etiam
514 1156 645 1191 Origenes
665 1157 837 1191 patriarehen
863 1156 995 1189 ﬂuillum,
1016 1158 1062 1192 qui
1077 1164 1099 1192 Β
1113 1158 1313 1194 Octogesimum
1330 1166 1438 1193 quoquc
1456 1166 1555 1186 nonum
1568 1159 1716 1192 psalmum',
1732 1159 1781 1194 qui
1797 1160 1893 1187 scribi

269 1203 437 1238 temporibus
451 1203 511 1237 ejus
526 1203 592 1234 fuit,
611 1203 753 1233 nominat:
777 1209 804 1231 et
823 1204 991 1232 tricesimum
1014 1209 1055 1232 t0-

270 1257 344 1276 mum
360 1249 385 1276 in
402 1247 538 1282 Hesaiam,
553 1249 579 1276 in
597 1249 675 1284 cujus
692 1250 744 1277 ﬁne
759 1250 884 1278 edisserit
899 1260 904 1278 :
927 1250 972 1278 Vt:
986 1250 1052 1282 tibi,

270 1296 363 1322 civitas
379 1295 461 1328 Arist,
475 1303 554 1330 quam
567 1296 724 1330 expugnavit
738 1296 837 1328 David,
857 1297 929 1324 illius
943 1297 1054 1332 exposi-

272 1342 346 1368 tione
371 1342 526 1373 concludit;
550 1346 654 1369 etcum
681 1343 759 1370 aliter
781 1343 856 1378 prius
881 1345 999 1372 sensisse
1025 1351 1054 1371 se

270 1388 355 1421 dicat,
369 1388 478 1415 doctum
493 1388 528 1415 ab
542 1388 588 1415 illo
603 1388 629 1415 id
643 1389 714 1416 quod
729 1394 770 1416 est
784 1389 885 1422 verius,
899 1390 1053 1417 conﬁtetur.

1106 1210 1150 1232 tur
1163 1214 1168 1232 :
1183 1204 1276 1232 Oratio
1289 1204 1375 1239 Moysi
1389 1205 1501 1231 hominis
1515 1204 1573 1238 Dei,
1585 1209 1611 1232 et
1622 1205 1739 1240 reliquos
1751 1205 1893 1232 undecim

1105 1250 1153 1285 qui
1167 1258 1222 1277 non
1239 1249 1338 1276 habent
1353 1250 1446 1277 titulos
1456 1270 1463 1282 ,
1480 1251 1627 1277 secundum
1642 1249 1722 1277 Huilli
1737 1251 1893 1285 expositio

1106 1304 1188 1328 nem,
1215 1295 1335 1330 ejusdem
1361 1295 1446 1331 Moysi
1470 1301 1565 1330 putat:
1583 1304 1632 1323 nec
1655 1295 1824 1330 dedignatur
1845 1295 1892 1323 He

1105 1341 1206 1368 braram
1230 1341 1397 1376 Scripturam
1417 1341 1614 1376 interpretans,
1636 1349 1682 1376 per
1699 1341 1810 1377 singula
1840 1342 1893 1369 loc

1105 1387 1170 1422 quid
1187 1386 1305 1414 Hebraeis
1320 1387 1443 1414 videatur
1456 1387 1585 1415 inserere.

743 1446 815 1474 Idem
827 1447 887 1474 adv.
903 1447 1037 1481 Ruﬁnum,
1054 1447 1074 1475 ι.
1089 1454 1120 1480 tt,
1138 1450 1200 1473 tom.
1217 1445 1262 1479 ιν,
1280 1454 1330 1472 cat.
1342 1446 1405 1473 423.

305 1502 382 1536 Quod
399 1508 428 1531 ut
444 1504 570 1531 auderem
583 1525 591 1536 ,
608 1504 732 1540 Origenis
747 1512 789 1532 me
817 1505 935 1532 studium
953 1512 1052 1540 provo-

269 1551 358 1582 cavit,
378 1551 423 1585 qui
446 1550 557 1577 editioni
573 1551 689 1585 antiqua:
707 1551 911 1578 translationem
927 1550 1052 1577 Theodo—

269 1595 352 1622 tionis
375 1596 500 1628 miscuit,
524 1596 654 1623 asterisco
676 1598 709 1630 >ε<
730 1601 757 1623 et
776 1596 894 1623 obelisco
911 1603 953 1628 —:—,
970 1596 995 1623 id
1011 1599 1052 1623 est

269 1641 344 1668 stella
360 1645 386 1669 et
400 1650 464 1668 veru
491 1649 560 1670 onus
579 1650 660 1670 omne
673 1642 842 1676 distinguens
856 1651 863 1669 :
878 1642 942 1669 dum
959 1646 1005 1669 aut
1020 1642 1052 1668 il-

1104 1504 1242 1531 lucescere
1257 1503 1322 1531 facit
1335 1511 1395 1538 quae
1411 1504 1501 1531 minus
1514 1508 1576 1531 ante
1592 1503 1715 1536 fuerant;
1729 1508 1778 1531 aut
1797 1511 1893 1539 super

1105 1549 1157 1575 ﬁua
1175 1556 1289 1583 quaeque
1307 1549 1412 1584 jugulat
1432 1553 1460 1576 et
1477 1548 1618 1576 confodit:
1640 1548 1814 1583 maximeque
1837 1558 1893 1584 qua

1105 1595 1330 1629 evangelistarum
1347 1600 1373 1622 et
1387 1597 1573 1630 apostolorum
1594 1595 1741 1623 auctoritas
1761 1598 1893 1632 promul

1104 1641 1185 1676 gavit.

688 1696 797 1725 Hieron.
814 1698 890 1732 epist.
905 1697 949 1730 45,
965 1698 999 1723 ad
1014 1697 1178 1728 Marcellam.
1191 1701 1254 1724 tam.
1277 1697 1309 1729 ll,
1323 1697 1375 1725 col.
1390 1697 1451 1725 552.

304 1754 464 1782 Ambrosius
476 1775 484 1787 ,
502 1763 557 1790 quo
571 1756 690 1789 chartas,
709 1761 843 1791 sumptus,
857 1757 978 1784 notarios
995 1757 1048 1784 mi-

268 1799 418 1833 nistrante,
433 1806 485 1827 tam
502 1801 713 1830 innumerabiles
729 1802 812 1830 libros
832 1810 895 1830 vere
914 1802 1050 1830 Adaman-

268 1844 340 1876 tius,
357 1850 383 1872 et
397 1844 592 1872 Chalcenterus
608 1850 699 1873 noster
713 1845 873 1880 explicavit,
892 1846 918 1872 in
933 1845 1049 1881 quadam

268 1889 380 1924 epistola
393 1911 401 1923 ,
414 1898 494 1926 quam
510 1890 543 1917 ad
564 1890 688 1918 eumdem
704 1891 737 1918 dc
757 1891 870 1918 Athenis
886 1892 1049 1926 scripserat,

1100 1756 1185 1784 refert
1206 1764 1346 1791 nunquam
1364 1764 1393 1784 se
1415 1757 1505 1784 cibum
1530 1756 1643 1791 Origene
1669 1762 1806 1792 praesente
1834 1759 1893 1786 sint

1100 1802 1214 1830 lectione
1227 1803 1387 1837 sumpsisse,
1408 1811 1545 1838 nunquam
1564 1803 1659 1831 iniisse
1675 1811 1819 1837 somnum,
1842 1805 1893 1831 nis

1101 1855 1174 1875 unus
1189 1855 1204 1876 e
1219 1846 1347 1878 fratribus
1365 1848 1450 1875 sacris
1465 1847 1561 1875 litteris
1577 1853 1742 1882 personaret.

668 1946 777 1974 Hieron.
793 1947 870 1981 epist.
889 1946 934 1979 74,
951 1946 985 1973 ad
997 1946 1186 1981 Augustinum,
1203 1950 1267 1972 tam.
1283 1945 1326 1978 IV,
1342 1945 1391 1972 col.
1408 1945 1470 1973 626.

300 2008 377 2041 Quod
391 2013 480 2036 autem
495 2008 522 2035 in
545 2008 605 2036 aliis
617 2009 716 2044 quaeris
740 2009 862 2043 epistolis
873 2029 881 2041 ,
905 2017 953 2036 cur
970 2008 1043 2042 prior
1057 2011 1078 2039 (Γ.
1094 2008 1127 2034 Et
1143 2008 1225 2034 miror
1240 2007 1376 2042 quomodo
1393 2006 1464 2033 LXX
1481 2007 1658 2041 lnterpretum
1678 2005 1762 2033 libros
1789 2014 1880 2041 .egas

267 2063 327 2082 mea
356 2055 383 2082 in
414 2054 492 2082 libris
519 2055 657 2082 canonicis
690 2055 874 2089 interpretatio
903 2055 1047 2081 asteriscos

267 2100 363 2127 habeat
391 2103 418 2126 et
440 2099 559 2134 virgulas
584 2104 769 2134 praenotatas;
796 2104 822 2126 et
847 2103 939 2134 postea
965 2099 1046 2126 aliam

271 2145 474 2172 translationem
494 2143 595 2178 absque
616 2143 658 2170 his
680 2143 764 2177 signis
779 2142 928 2175 ediderim,
949 2142 1048 2170 videris

265 2190 332 2217 mihi
347 2197 399 2216 non
413 2189 560 2223 intelligere
575 2188 647 2223 quod
663 2188 795 2223 quaesisti.
815 2187 862 2214 illa
878 2188 950 2214 enim
965 2188 1048 2215 inter-

265 2235 378 2271 pretatio
395 2234 465 2261 LXX
486 2233 666 2269 lnterpretum
681 2239 740 2261 est:
765 2237 791 2260 et
814 2233 968 2268 ubicunque
989 2233 1046 2260 vir-

265 2281 350 2316 gulaz,
367 2281 394 2307 id
415 2284 457 2307 est
471 2279 560 2313 obeli,
577 2283 658 2311 sunt,
680 2279 849 2314 signiﬁcatur
872 2278 945 2314 quod
974 2278 1044 2305 LXX

264 2327 326 2362 plus
339 2326 459 2354 dixerint
472 2333 554 2360 quam
568 2325 682 2352 habetur
698 2325 725 2352 in
741 2324 853 2352 Hebraeo
867 2333 875 2359 ;
892 2325 937 2352 ubi
955 2331 1044 2352 autem

265 2373 405 2405 asterisci,
426 2373 453 2400 id
474 2376 516 2400 est
533 2372 646 2399 stellulae
661 2372 852 2407 prtelucentes,
873 2379 907 2400 ex
922 2371 1045 2400 Theodo-

265 2420 345 2447 tionis
373 2419 491 2446 editione
517 2418 551 2445 ab
577 2417 692 2453 Origene
717 2418 837 2445 additum
862 2422 922 2446 est:
947 2423 975 2446 et
1007 2418 1044 2445 ibi

264 2466 357 2494 Greca
371 2465 570 2496 transtulimus,
585 2464 629 2492 hic
641 2465 675 2492 de
696 2465 754 2499 ipso
770 2464 902 2492 chraico
918 2465 990 2500 quod
1005 2465 1046 2492 in-

264 2512 450 2546 telligebamus
458 2511 652 2545 expressimus,
664 2518 792 2538 sensuum
805 2511 893 2546 potius
903 2511 1044 2538 veritatem

265 2565 346 2592 quam
370 2557 514 2584 verborum
532 2557 655 2585 ordinem
681 2557 816 2585 interdum
839 2562 1042 2585 conservantes.

1101 2061 1155 2081 non
1169 2061 1270 2088 puros,
1285 2058 1315 2080 ut
1333 2054 1367 2081 ab
1385 2054 1425 2080 eis
1452 2053 1516 2080 editi
1538 2058 1610 2084 sunt,
1632 2053 1678 2080 sed
1702 2052 1736 2079 ab
1761 2051 1893 2087 Origent

1101 2099 1269 2131 emendatos,
1285 2099 1342 2126 sive
1355 2104 1498 2133 corruptos
1515 2106 1561 2133 per
1574 2099 1665 2126 ohelos
1679 2102 1706 2125 et
1718 2099 1887 2128 asteriscos

1099 2150 1127 2172 et
1146 2144 1294 2172 Christiani
1315 2145 1434 2172 hominis
1455 2144 1748 2179 interpretatiunculam
1767 2152 1829 2172 non
1852 2154 1890 2173 se

1099 2191 1204 2226 quaris,
1222 2191 1370 2225 praesertim
1387 2198 1449 2218 cum
1464 2198 1495 2217 ea
1509 2198 1570 2225 quae
1583 2190 1673 2217 addita
1689 2194 1769 2223 sunt,
1786 2198 1822 2217 ex
1845 2192 1893 2219 ho

1100 2235 1181 2263 minis
1191 2235 1275 2262 Judzei
1288 2240 1369 2270 atque
1378 2235 1526 2270 blasphemi
1535 2239 1595 2270 post
1603 2235 1755 2270 passionem
1764 2236 1893 2265 Christi

1098 2283 1217 2311 editione
1230 2283 1407 2310 transtulerit.
1423 2282 1468 2310 Vis
1482 2287 1586 2309 amator
1598 2289 1656 2309 esse
1669 2289 1749 2309 verus
1765 2281 1893 2317 Septua

1098 2329 1171 2364 ginta
1188 2328 1363 2362 lnterpretum
1376 2328 1387 2354 ?
1401 2327 1460 2354 Non
1475 2327 1548 2361 legas
1560 2334 1590 2353 ea
1603 2333 1663 2360 quae
1676 2326 1727 2353 sub
1741 2327 1889 2355 asterisci

1098 2379 1172 2407 sunt,
1189 2375 1244 2401 imo
1263 2375 1326 2401 rade
1340 2375 1373 2401 de
1387 2373 1579 2405 voluminibus,
1595 2377 1625 2399 ut
1641 2377 1762 2399 veterum
1781 2377 1807 2400 te
1826 2373 1891 2402 fau

1098 2425 1183 2448 torem
1200 2421 1307 2456 probes.
1329 2420 1406 2453 Quod
1423 2420 1444 2447 si
1467 2419 1562 2446 feceris
1576 2439 1582 2450 ,
1599 2418 1720 2445 omnium
1741 2418 1888 2448 Ecclesia

1098 2476 1159 2495 rum
1175 2467 1355 2494 bibliothecas
1367 2467 1494 2493 damnare
1508 2465 1625 2499 cogeris.
1649 2463 1697 2491 Vix
1714 2465 1789 2491 enim
1809 2473 1887 2493 unu

1098 2517 1144 2540 aut
1159 2513 1226 2540 alter
1241 2511 1391 2539 invenietur
1408 2510 1474 2537 liber
1488 2510 1533 2545 qui
1549 2510 1599 2537 ista
1614 2517 1667 2536 non
1686 2509 1795 2536 habeat.

601 2618 709 2647 Hieron.
722 2619 799 2652 epist.
815 2619 849 2645 ad
873 2618 1038 2645 Vincentium
1052 2622 1076 2645 et
1088 2617 1249 2649 Gallienum,
1265 2620 1328 2642 tom.
1343 2613 1387 2645 IV,
1402 2612 1452 2640 col.
1466 2612 1528 2639 805.

298 2685 478 2719 Quamobrem
492 2687 600 2722 Aquila,
610 2691 636 2714 ct
651 2687 839 2722 Symmachus,
854 2690 881 2713 et
893 2685 1041 2713 Theodotio

258 2729 378 2771 ‘incitati,
392 2731 528 2759 diversum
542 2739 610 2766 pene
625 2740 694 2766 opus
709 2733 736 2758 in
749 2732 841 2759 eodem
856 2739 935 2766 opere
950 2730 1041 2765 prodi-

257 2773 381 2818 :dernnt;
399 2777 452 2804 aiio
472 2779 574 2805 nitente
594 2779 703 2805 verbum
721 2778 753 2806 de
772 2778 855 2805 verbo
872 2777 1039 2812 exprimere,

257 2819 318 2858 ialio
335 2832 443 2852 sensum
457 2825 547 2860 potius
562 2825 648 2860 sequi,
668 2825 747 2853 tertio
763 2832 815 2852 non
832 2824 945 2852 multum
961 2831 976 2850 a
993 2830 1040 2850 ve-

1093 2684 1196 2712 teribus
1216 2684 1377 2718 discrepare.
1397 2681 1496 2716 Quinta
1517 2686 1606 2708 autem
1627 2685 1653 2708 et
1669 2680 1753 2708 Sexta
1773 2685 1800 2708 et
1830 2681 1893 2710 Se

1093 2730 1177 2765 ptima
1202 2729 1301 2759 editio,
1327 2728 1389 2754 licet
1415 2727 1513 2762 quibus
1530 2730 1693 2755 censeantur
1710 2726 1893 2764 auctoribus

1094 2777 1233 2812 ignoretur
1246 2796 1252 2807 ,
1271 2779 1358 2801 tamen
1375 2774 1412 2800 ita
1435 2773 1599 2808 probabilem
1621 2772 1663 2799 sui
1687 2771 1893 2801 diversitatem

1096 2826 1202 2851 tenent.
1218 2825 1247 2848 ut
1262 2819 1449 2848 auctoritatem
1465 2818 1524 2847 sine
1538 2816 1694 2846 nominibus
1712 2818 1893 2848 meruerint.
