1902 3049
33 100 65 129 m
588 116 800 145 TESTIMONIA
819 116 853 144 IN
873 117 951 144 ver.
972 117 1132 144 INTEltPR.

1623 120 1674 148 138

569 176 609 204 ΕΞ
629 177 723 212 Ruﬁno
743 177 889 204 Ilist.eccl.
910 178 956 204 lib.
976 186 1012 211 γι,
1029 186 1088 212 cap.
1105 178 1144 205 15.

72 225 267 258 Famosissimos
295 231 369 261 illos
406 235 519 262 codices
545 236 648 270 primus
677 237 832 272 composuit
846 239 868 267 Α
883 237 1010 271 scripsit,
1028 238 1064 264 ita
1083 242 1111 264 ut
1127 238 1215 272 primo
1238 238 1360 264 omnium
1379 238 1437 272 ipsa
1462 237 1574 265 Hebraea
1590 237 1672 264 verba

58 273 169 310 Qrigeues,
180 274 211 302 in
226 275 336 310 quibus
352 285 409 313 per
428 279 549 314 singulas
573 280 744 308 eolumnulas
761 289 776 308 c
791 289 834 308 re-

55 324 117 357 gione
128 324 274 358 Separatim
291 333 366 361 opus
384 327 546 362 interpretis
561 328 777 364 uniuscujusque
790 329 836 356 de-

888 282 1028 310 Hebraicis
1048 283 1146 310 litteris
1161 288 1288 318 poneret,
1307 284 1427 311 secundo
1441 284 1467 310 in
1491 284 1550 310 loco
1566 291 1614 318 per
1630 290 1674 309 or-

887 330 976 358 dinem
991 330 1091 358 Graecis
1106 331 1212 358 litteris.

505 388 665 415 Philastrius
678 388 826 416 Brixiensis
845 389 881 417 De
895 391 1047 423 Inrresibus,
1069 400 1140 418 num.
1154 391 1198 418 90.

74 443 139 470 Sunt
153 445 279 472 haeretici
307 447 377 481 qui»,
409 448 490 475 sicuti
518 448 694 484 Septuaginta
719 450 834 477 duorum

42 494 191 517 sanctorum
214 492 541 528 sapientissimorumque
558 494 678 522 virorum
703 495 836 530 interpre-

41 537 163 564 tationem
192 544 382 573 respuentes,
408 540 514 575 Aquila:
539 541 682 576 cujusdam
711 541 834 570 hominis

39 583 113 609 unius
127 582 252 615 Pontici,
270 584 320 618 qui
337 589 399 619 post
416 593 504 613 annos
524 586 625 614 multos
641 587 834 622 interpretatus

34 623 89 661 eét,
115 629 335 657 azdiﬁcationem
358 631 522 666 suscipiunt.
547 631 598 665 Qui
622 640 685 659 cum
709 632 833 667 quadam

31 675 264 709 praetermittere,
289 677 453 704 necessitate
470 682 597 712 urgente,
613 682 679 705 tunc
704 679 833 713 temporis

31 727 210 754 cogerentur,
227 722 403 749 dissonantia
423 727 553 757 putantur
568 723 696 750 dictasse.
711 721 737 750 Is
752 724 834 751 veluti

30 766 87 801 plus
101 774 118 793 a
139 767 317 802 quihusdam
338 767 437 795 Iudaeis
455 769 572 796 maxime
589 769 754 796 intellexisse
772 770 832 796 lau-

28 813 119 846 datur,
133 821 204 841 cum
221 813 258 841 de
274 813 355 841 Patre
369 820 395 842 et
406 814 486 847 Filio,
503 809 555 842 neu
573 816 652 843 sicuti
668 816 708 843 illi
727 816 834 851 priores

888 453 949 478 aula
964 453 1102 487 concipiet,
1115 458 1139 479 et
1154 453 1240 487 pariet
1254 452 1340 486 ﬁlium
1353 460 1362 483 ;
1376 457 1400 478 et
1412 460 1504 479 nomen
1519 452 1587 486 ejus,
1603 462 1611 477 ι
1626 460 1673 485 po-

887 502 943 524 tens
967 507 1027 525 cum
1049 499 1209 526 hominibus.
1227 507 1236 524 ι
1264 497 1329 531 Quae
1353 497 1462 532 quidem
1486 498 1508 525 si
1523 498 1567 532 pio
1590 505 1672 525 sensu

887 543 1012 572 lectionis
1025 549 1136 579 accepta
1147 544 1259 577 fuerint,
1271 544 1344 579 quod
1358 543 1436 571 fortis
1446 548 1473 570 et
1485 550 1579 578 potens
1593 551 1672 570 nemo

886 589 938 615 nisi
956 589 1082 617 Christus
1099 589 1170 616 Deus
1184 589 1230 616 Dei
1248 590 1282 617 sit
1294 589 1388 621 Filius,
1407 594 1480 616 recte
1494 589 1634 623 intelligit;
1649 589 1672 616 si

886 639 976 663 autem
990 636 1024 662 de
1049 643 1082 663 eo
1106 636 1232 670 dubitat,
1248 636 1398 671 abjicienda
1422 640 1449 663 et
1465 635 1615 669 spernenda
1632 641 1674 660 (ut

884 682 946 709 talis
960 683 1053 710 editio.
1073 682 1149 710 Unde
1168 683 1253 710 Juda‘i
1276 691 1329 710 non
1353 681 1530 717 Septuaginta
1555 681 1672 707 duorum

886 728 1123 764 interpretationes
1151 729 1267 761 habent,
1285 728 1331 763 qui
1358 729 1391 755 de
1414 727 1494 754 Patre
1516 732 1543 753 et
1561 725 1630 752 Filio
1646 729 1674 752 et

886 778 981 801 sancto
996 773 1098 808 Spiritu
1114 773 1182 800 bene
1199 774 1357 805 sentientes,
1377 781 1458 800 unam
1475 772 1672 805 substantiam,

887 819 1075 851 divinitatem,
1099 819 1269 853 majestatem
1297 820 1496 849 enuntiarunt;
1525 819 1571 846 sed
1600 819 1673 846 illius

28 860 58 886 de
72 860 145 894 lege,
160 860 334 893 dictaverit;
350 860 525 895 Septuaginta
537 862 607 888 enim
621 861 675 888 duo
688 861 832 889 dixerunt:
851 856 871 884 Β
887 865 1008 900 Aquilm,
1024 866 1070 900 qui
1087 873 1139 892 ηοη
1159 865 1196 892 ita
1216 869 1290 893 recte
1307 865 1389 892 senm
1403 865 1435 892 de
1452 865 1520 891 Fili.)
1536 863 1582 891 Dei
1595 883 1604 896 ,
1624 865 1672 892 sed

31 907 165 933 Adrersus
185 906 357 937 Dominum,
390 911 415 933 et
441 907 565 934 adversus
593 906 726 934 Christum
758 907 835 942 ejus;

29 953 126 987 Aquila
150 957 251 980 autem
265 950 413 980 :Adttersus
426 953 578 986 Dominum,
598 959 622 980 et
645 954 768 981 adversus
787 962 835 980 un-

32 1005 100 1024 ctum
120 999 198 1033 ejus.
221 998 256 1026 Et
280 999 381 1026 iterum
408 999 584 1034 Septuaginta
607 999 662 1027 duo
686 1000 832 1028 dixerunt:

34 1045 97 1072 Ecce
112 1046 193 1080 virgo
209 1046 354 1080 concipiet,
369 1050 393 1073 et
405 1047 489 1080 pariet
505 1046 590 1080 ﬁlium
602 1053 611 1077 ,'
623 1050 647 1072 et
662 1053 754 1072 nomen
765 1045 833 1080 ejus,

37 1102 44 1117 ‹
59 1092 131 1120 Beas
146 1092 307 1119 nobiscum.
326 1101 335 1118 ι
349 1092 449 1127 Aquila
463 1097 552 1119 autem
569 1092 637 1119 dixit
650 1101 656 1118 :
672 1091 739 1119 Ecce
747 1093 843 1126 juven-

887 911 963 946 quasi
984 911 1016 938 de
1039 911 1170 946 propheta
1187 911 1361 938 nuntiaverit.
1379 910 1455 938 Unde
1476 911 1674 945 interpretatio-

888 966 936 985 nes
959 958 1019 992 ejus
1033 958 1060 992 in
1085 958 1175 985 medio
1191 957 1322 996 librorum
1347 965 1486 993 nunquam
1513 962 1671 992 pouunlur,

887 1003 934 1030 sed
950 1003 1052 1030 dextra:
1075 1004 1202 1038 lazvzeque
1220 1003 1415 1038 assignantur:
1434 1006 1461 1030 et
1483 1007 1512 1030 ut
1528 1002 1672 1030 contrariae

888 1054 915 1076 et
931 1057 983 1076 non
999 1050 1084 1085 plenas
1100 1050 1233 1082 veritatis,
1251 1050 1287 1077 ita
1303 1050 1427 1085 leguntur
1440 1057 1455 1076 a
1469 1049 1603 1084 plurimis,
1617 1053 1670 1076 etc.

749 1136 812 1164 Mox
826 1146 897 1165 num.
916 1138 960 1165 9|.

70 1191 116 1219 Est
133 1191 255 1219 haeresis
268 1211 276 1224 ,
293 1198 355 1224 qua:
378 1190 475 1217 iterum
491 1195 552 1225 post
569 1190 696 1225 Aquilam
722 1190 832 1226 triginta

42 1240 180 1266 hominum
213 1237 469 1272 interpretationem
493 1237 610 1272 accipit,
639 1245 694 1265 non
724 1239 833 1266 illorum

42 1284 263 1311 beatissimorum
278 1282 451 1316 septuaginta
466 1281 592 1314 duorum,
610 1282 658 1317 qui
672 1282 776 1317 integre
791 1283 835 1309 in-

44 1329 191 1363 violateque
207 1328 242 1355 de
257 1327 392 1354 Trinitate
409 1326 558 1354 sentientes
568 1347 576 1360 ,
600 1326 729 1354 Ecclesiae
742 1327 836 1355 catho-

46 1375 97 1402 lica:
124 1376 304 1401 ﬁrmamenta
333 1372 486 1400 certissima
508 1372 678 1400 tradiderunt
702 1372 836 1407 interpre-

887 1195 975 1220 tantes
1000 1193 1165 1228 Scripluras.
1183 1193 1228 1220 lsti
1254 1193 1365 1227 triginta
1381 1192 1408 1219 in
1430 1191 1523 1219 multis
1544 1191 1669 1226 Aquilam

888 1243 952 1265 sunt
971 1238 1074 1270 secuti,
1094 1238 1166 1265 unde
1184 1238 1219 1265 ab
1233 1238 1352 1266 Ecclesia
1369 1237 1502 1265 catholica
1516 1242 1542 1265 et
1556 1238 1669 1265 istorum

887 1290 942 1310 non
967 1284 1116 1318 suscipitur
1143 1284 1352 1319 interpretatio,
1376 1291 1437 1319 qua:
1463 1283 1617 1312 continetur
1641 1284 1668 1311 in

887 1329 963 1357 libris
977 1329 1149 1357 authenticis.

756 1428 828 1456 Ibid.
842 1438 915 1458 num.
932 1430 976 1458 92.

78 1489 123 1516 Lat
135 1488 255 1516 hteresis
270 1495 333 1522 quae
350 1487 448 1514 iterum
471 1494 518 1513 sex
533 1486 654 1513 virorum
668 1485 829 1521 interpreta-

49 1536 141 1562 tionem
156 1539 257 1569 postea
271 1533 373 1560 editam
386 1533 444 1559 vult
460 1532 546 1566 sequi,
562 1539 617 1559 non
636 1531 744 1559 illorum
759 1532 833 1567 prio-

50 1589 100 1608 rum
115 1586 289 1612 sanctorum,
304 1580 352 1614 qui
373 1579 545 1614 Septuaginta
561 1578 678 1606 duorum
693 1578 753 1606 aliis
775 1585 834 1606 m0-

886 1488 929 1515 dis
946 1486 1118 1522 interpretari
1129 1486 1300 1519 desiderant;
1315 1491 1342 1513 et
1357 1493 1410 1513 non
1425 1492 1538 1520 parvum
1549 1491 1668 1512 errorem

887 1533 1012 1565 incurrit,
1028 1533 1135 1560 diversa
1151 1531 1243 1559 itidem
1264 1531 1383 1558 sentiens
1403 1533 1437 1558 de
1459 1530 1510 1558 tide
1523 1530 1667 1558 catholica.

753 1623 824 1651 Ibid.
845 1631 917 1651 num.
934 1622 979 1650 93.

79 1684 148 1711 Sunt
163 1683 288 1711 haeretici
307 1682 352 1709 alii
367 1681 414 1717 qui
427 1680 621 1708 Theodotionis
633 1683 660 1706 et
677 1678 832 1714 Symmachi
847 1681 867 1710 C
885 1683 1046 1714 sequuntur,
1062 1685 1117 1705 non
1132 1677 1205 1704 illam
1218 1676 1437 1704 beatissimorum
1451 1676 1574 1711 priorum
1585 1682 1668 1711 quam

49 1730 135 1757 itidem
162 1728 419 1763 interpretationem
445 1726 553 1754 diverso
573 1725 654 1753 modo
677 1725 827 1760 expositam

884 1724 1004 1752 Ecclesia
1019 1724 1152 1752 catholica
1166 1724 1230 1752 colit
1243 1728 1270 1751 et
1285 1723 1422 1759 praedicat.

401 1784 564 1818 Augustinus
584 1782 623 1809 De
636 1782 740 1809 ciuitate
756 1781 812 1815 Dei,
823 1781 842 1808 ι.
858 1789 902 1813 xv,
915 1789 972 1815 cap.
987 1780 1035 1812 25,
1052 1784 1116 1807 tom.
1131 1779 1187 1811 Vll,
1202 1789 1228 1814 ρ.
1244 1780 1306 1806 408.

76 1835 176 1869 Aquila
204 1838 317 1865 autem,
335 1839 413 1866 quem
436 1832 609 1865 interpretem
631 1829 716 1857 Judazi
733 1829 837 1857 caeteris
856 1833 1034 1864 anteponunt,
1058 1836 1111 1856 non
1138 1829 1249 1864 angelos
1273 1828 1334 1861 Dei,
1356 1835 1406 1855 nec
1426 1828 1496 1856 ﬁlios
1513 1827 1571 1861 Dei,
1586 1829 1632 1856 sed

46 1883 112 1914 ﬁlios
123 1883 238 1909 deorum
253 1881 446 1915 interpretatus
459 1885 509 1907 est.

491 1925 558 1959 Aug.
575 1924 613 1952 De
625 1925 730 1952 civitate
746 1923 805 1956 Dei,
817 1923 836 1949 ι.
856 1931 933 1955 xvm,
947 1931 1004 1957 cap.
1021 1921 1066 1953 48,
1083 1930 1109 1956 p.
1127 1921 1188 1947 5'26.

75 1989 145 2016 Nam
165 1996 232 2015 cum
259 1987 360 2014 fuerint
381 1992 407 2013 et
423 1986 469 2013 alii
491 1986 650 2020 interpretes
666 1985 711 2019 qui
734 1992 767 2011 ex
784 1983 835 2010 lle-

44 2037 114 2063 bm
129 2036 228 2070 lingua
251 2035 279 2061 in
305 2033 425 2061 Graecam
438 2039 515 2060 sacra
528 2032 573 2059 illa
592 2032 699 2066 eloquia
715 2035 835 2057 transtu-

43 2082 142 2113 lerunt,
173 2081 249 2108 sicut
276 2078 388 2113 Aquila,
417 2077 596 2112 Symmachus
612 2098 620 2110 ,
655 2074 834 2106 Theodotio;

43 2128 113 2154 sicut
124 2127 213 2154 etiam
232 2125 279 2152 illa
295 2129 337 2151 est
355 2123 551 2158 interpretatio,
568 2122 646 2157 cujus
663 2125 759 2148 auctor
782 2126 836 2146 non

42 2177 168 2209 apparet,
183 2177 212 2199 et
226 2171 263 2198 ob
277 2171 330 2198 hoc
351 2170 411 2197 sine
435 2169 545 2196 nomine
566 2168 719 2202 interpretis
736 2166 836 2198 Quinta

883 1983 967 2011 editio
982 1985 1155 2015 nuncupatur
1171 1988 1177 2005 :
1196 1980 1265 2006 hanc
1279 1983 1367 2006 tamen
1383 1986 1442 2013 qua:
1454 1978 1526 2005 LXX
1539 1984 1590 2011 est,
1608 1985 1668 2007 tan-

884 2035 965 2063 quam
982 2027 1039 2054 sola
1054 2030 1135 2056 esset,
1156 2026 1195 2052 sic
1219 2024 1320 2058 recepit
1335 2023 1466 2056 Ecclesia,
1485 2031 1570 2058 eaque
1584 2028 1667 2052 utun-

885 2076 928 2098 tur
938 2069 1023 2097 Grzeci
1037 2069 1128 2103 populi
1143 2068 1300 2101 Christiani,
1316 2075 1431 2102 quorum
1445 2067 1565 2103 plerique
1577 2074 1665 2096 utrum

886 2117 937 2143 alia
952 2115 987 2143 sit
1002 2115 1092 2148 aliqua
1103 2114 1238 2149 ignorant.

538 2223 580 2251 is:
595 2223 724 2251 Chronico
740 2220 866 2249 Paschali
878 2219 942 2246 edit.
959 2216 1064 2250 Cangii,
1078 2222 1104 2249 ρ.
1118 2213 1181 2240 255.

79 2276 135 2308 lq'.
168 2274 234 2300 ’1νδ.
259 2273 297 2299 ιδ’.
324 2272 387 2298 Ὑπ.
413 2270 575 2306 Αὐγουρινου
608 2270 654 2296 καὶ
678 2267 834 2303 Σεργιανοῦ.

55 2322 165 2352 Ἀκύλας
182 2318 357 2354 ὲγνωρίξετο,
381 2317 410 2349 ὃς
427 2315 460 2353 ἦν
479 2316 606 2351 πενθερὸς
634 2313 773 2350 Ἀδριανοῦ
787 2313 834 2340 τοῦ

926 2263 1004 2289 Anno
1025 2260 1135 2289 Adriani
1153 2267 1216 2292 11v,
1232 2258 1379 2286 indictione
1404 2266 1458 2292 xw,
1487 2268 1558 2289 coss.
1573 2258 1666 2291 Augu-

889 2308 910 2334 ri
916 2315 951 2334 ne
959 2311 986 2333 et
994 2305 1133 2339 Sergiano,
1144 2302 1240 2337 Aquila
1246 2301 1367 2333 ﬂorebat,
1380 2308 1456 2329 socer
1463 2301 1573 2328 Adriani
1581 2302 1666 2336 impe—

50 2366 191 2400 ξατιλὲως.
208 2364 265 2392 ’Ἦν
286 2365 315 2391 δὲ
332 2364 431 2399 Ἕλλην
460 2363 497 2394 ὡς
522 2362 669 2397 Ἀδριανὸς,
679 2362 733 2387 ἀπὸ
751 2360 833 2387 Σινώ-

889 2352 995 2379 ratoris.
1005 2350 1070 2377 Erat
1082 2353 1170 2376 autem
1184 2346 1291 2383 gentilis
1300 2351 1329 2374 ut
1335 2346 1481 2380 Adrianus,
1492 2346 1591 2381 Sinope
1598 2347 1665 2374 urbe

51 2420 96 2446 ττης
110 2412 161 2438 τοῦ
178 2411 284 2437 Πόντου
304 2409 475 2445 ὁρμώμενος.
488 2408 617 2442 ’Υστερον
632 2406 660 2433 δὲ
674 2405 834 2441 ἐϐαπτίσθη,

51 2458 166 2489 rita-95L;
181 2457 235 2483 ὑπὸ
247 2456 302 2483 τῶν
318 2454 484 2482 ἀποστόλων.
495 2451 548 2479 Ἦν
561 2453 589 2479 δὲ
603 2453 650 2478 καὶ
661 2451 834 2487 ἀστρονόμος,

50 2502 88 2526 tu".
100 2501 308 2535 ἐγκαλούμενος
325 2499 389 2534 περὶ
403 2498 497 2524 τούτου
513 2497 566 2524 ἀπὸ
581 2497 634 2523 τῶν
650 2496 700 2531 τῆς
722 2496 836 2533 Ἐκκλη-

50 2546 116 2578 σίις,
136 2547 189 2573 καὶ
212 2545 251 2581 μὴ
267 2544 404 2577 πεισθεὶς,
425 2543 568 2578 μετέπειτα
587 2541 621 2568 τὰ
638 2542 691 2568 τῶν
704 2541 834 2576 Χριστια-

51 2590 94 2617 νῶν
106 2591 260 2627 ἀθετήσεις,
277 2589 448 2624 προςήλυτός
464 2597 494 2614 τε
515 2587 659 2619 Ἰουδαίοις,
676 2587 836 2622 περιτέμνε-

51 2645 86 2663 :1:
112 2638 253 2669 Ἰουδαῖος,
277 2636 326 2663 καὶ
348 2634 474 2670 ἐμπόνως
495 2633 586 2668 μαθὼν
603 2633 651 2667 τὴν
672 2632 760 2659 αὐτῶν
779 2632 836 2658 διά-

51 2691 147 2712 ιεκτον.
165 2684 238 2711 κατὰ
257 2683 379 2717 στοιχεῖα
397 2679 542 2716 ἑρμηνείαν
563 2678 649 2714 ἑαυτῷ
666 2679 834 2713 ἡρμήνευσεν

51 2729 90 2755 tax
108 2729 185 2766 ὀρθῷ
201 2728 339 2763 λογισμῷ,
362 2726 420 2752 ἀλλ’
440 2726 513 2756 ὅπως
535 2724 682 2759 διαστρέφῃ
704 2723 764 2749 τινὰ
780 2722 834 2748 τῶν

51 2776 140 2811 ῥητῶν.
167 2776 259 2803 Ταῦτα
286 2775 389 2808 ἱστορεῖ
412 2772 567 2805 Ἐπιφάνιος
588 2770 711 2804 Κύπριος
730 2769 768 2801 εἰς
790 2768 834 2794 τὸν

50 2821 116 2857 Mysia
131 2822 215 2849 αὑτοῦ
227 2823 275 2847 τὸν
291 2819 363 2852 Περὶ
378 2815 520 2850 σταθμῶν
536 2815 584 2841 καὶ
597 2814 721 2848 μέτρων.

201 2881 340 2910 Ρηκυι.
368 2875 428 2905 Gn.
450 2872 518 2903 XV.

887 2398 966 2424 l’onti
982 2394 1124 2424 oriundus.
1141 2393 1239 2420 Postea
1254 2399 1319 2419 vero
1334 2392 1368 2419 ab
1386 2392 1515 2426 apostolis
1533 2391 1666 2424 eruditus,

888 2443 1040 2478 baptizatus
1060 2445 1110 2468 est.
1130 2441 1194 2467 Erat
1215 2444 1304 2466 autem
1329 2444 1511 2470 astronomus,
1525 2443 1551 2465 et
1568 2438 1620 2480 hac
1635 2439 1668 2464 de

888 2500 917 2519 re
929 2493 1072 2517 accusatus
1083 2496 1098 2514 a
1111 2486 1283 2518 Christianis,
1295 2492 1345 2512 nec
1359 2485 1559 2518 obtemperans.
1573 2482 1667 2518 Spreta

889 2535 1059 2571 postmodum
1075 2532 1230 2560 Christiana
1245 2531 1384 2565 religione,
1403 2529 1553 2564 proselytus
1571 2530 1604 2556 ad
1619 2528 1669 2556 Ju—

887 2583 959 2609 daaos
974 2579 1105 2611 accessit,
1121 2582 1147 2605 et
1169 2576 1348 2604 circumcisus
1364 2575 1473 2602 Judaeus
1489 2575 1599 2602 elfectus
1615 2579 1668 2607 est,
1706 2577 1709 2580 '

887 2634 914 2655 et
927 2633 1024 2662 magno
1039 2625 1130 2652 labore
1142 2631 1235 2651 eorum
1250 2623 1369 2656 linguam
1382 2622 1504 2653 edoctus,
1518 2620 1667 2648 secundum

887 2676 1029 2703 elementa,
1043 2672 1069 2698 id
1079 2675 1131 2703 est,
1142 2670 1173 2697 ad
1186 2669 1300 2696 litteram
1315 2667 1561 2703 interpretationem
1572 2666 1666 2696 edidit,

888 2727 941 2746 non
955 2723 1028 2745 recto
1043 2717 1151 2752 quidem
1165 2716 1267 2747 animo,
1282 2715 1327 2742 sed
1344 2720 1372 2741 ut
1383 2715 1506 2749 qmedam
1522 2713 1668 2747 Scriptura

888 2767 958 2793 dicta
980 2767 1154 2800 perverteret.
1172 2761 1234 2788 Haec
1254 2766 1346 2788 narrat
1365 2760 1530 2795 Epiphanius
1551 2758 1666 2795 Cyprius

889 2813 915 2839 in
929 2812 998 2839 libro
1014 2810 1051 2837 De
1066 2809 1223 2844 ponderibus
1236 2813 1259 2834 ει
1275 2807 1413 2834 mensuris.

1493 2863 1511 2893 5
