1902 3049
268 93 318 121 155

942 88 1203 116 PR/ELIMINARIA

1849 89 1899 116 L36

262 156 404 187 stt-umque
418 152 627 178 Cna.centcrutn
643 151 783 178 veniamus
799 160 805 177 :
822 151 867 186 qui
884 155 957 178 tanto
974 150 1063 178 studio
1083 150 1110 178 in
1130 155 1285 178 sanctarum
1304 150 1504 185 Scripturarum
1525 150 1617 177 labore
1638 150 1755 183 sudavit,
1775 153 1808 176 ut
1824 149 1899 184 juste

263 197 415 225 Adamantii
431 205 528 224 nomett
544 198 688 232 acceperit.

558 243 632 269 Idem
647 243 675 270 in
688 243 815 278 Catalogo
837 243 1003 278 Scriptorum
1019 242 1120 270 Eccles.
1137 241 1169 267 de
1187 239 1308 275 Origene,
1324 243 1387 266 tom.
1401 238 1445 272 lV,
1461 238 1511 266 col.
1532 238 1592 265 116.

301 302 367 336 Quis
386 302 510 336 ignorat,
525 303 597 337 quod
616 307 718 330 tantum
737 303 763 330 in
786 303 933 339 Scripturis
950 304 1048 332 divinis
1062 307 1085 336 Α
1099 302 1221 337 ejusdem
1236 300 1370 336 dogmatis
1384 309 1390 327 ε
1404 300 1450 335 qui
1465 300 1492 327 in
1509 299 1682 334 Evsngelium
1694 306 1812 334 quoque
1826 299 1899 326 κατὰ

262 348 388 376 habuerit
405 348 498 381 studii,
517 349 639 376 utetiam
657 349 796 376 Hebrmam
815 350 936 385 linguam
953 355 1049 378 contra

265 395 350 422 a-tatis
364 395 506 430 gentisque
523 402 579 422 suae
594 401 717 422 natttram
730 396 879 423 edisceret:
894 400 920 424 et
932 396 1050 431 acceptis

265 439 334 467 LXX
350 440 553 475 lnterpretibus,
571 441 638 468 alias
649 449 756 476 quoqtte
772 441 904 469 editiones
923 442 949 468 in
965 450 1048 468 nnttm

264 486 389 514 volumen
405 492 602 522 congregaret;
618 487 722 522 Aquila:
743 487 847 515 scilicet
869 487 973 515 Pontici
990 496 1051 522 pro-

264 533 362 568 selyti,
389 537 416 561 et
446 532 641 562 Tlteodotionis
670 533 810 566 Ebionmi,
841 538 869 562 et
895 534 1051 569 Symmachi

1101 348 1239 376 Ματθαῖον
1261 345 1618 381 scripsitCommentarios,
1633 346 1666 373 dc
1682 353 1737 381 quo
1759 350 1791 373 et
1813 353 1897 373 sutttn

1101 395 1198 430 dogma
1223 394 1384 422 confirmare
1409 397 1532 421 conatur.
1558 392 1689 420 Praeterea
1707 392 1847 426 Quintam
1873 397 1900 419 et

1103 440 1210 468 Sextam
1225 444 1251 467 et
1268 439 1416 474 Septimam
1435 439 1592 471 editionem,
1607 446 1675 473 quas
1691 439 1775 466 etiam
1793 445 1851 465 nos
1867 438 1899 464 de

1101 486 1161 520 ejus
1176 485 1338 513 bibliotheca
1354 484 1501 516 habemus,
1525 485 1594 512 miro
1616 485 1708 512 labore
1725 485 1836 519 reperit
1847 504 1855 515 ,
1874 489 1900 510 et

1101 540 1163 559 cuin
1179 531 1285 558 caeteris
1300 531 1465 558 editionibus
1480 530 1655 565 comparavit.

668 593 778 620 Hieron.
794 593 870 628 epist.
891 593 925 620 55
939 593 972 619 ad
993 591 1202 621 Pmnmachium,
1220 594 1282 617 tom.
1298 589 1343 622 ΙΙΙ,
1357 589 1407 616 col.
1427 589 1471 616 ‘25.

299 635 351 662 Sed
365 635 430 670 quid
446 635 578 664 faciemus
594 636 627 663 ad
641 637 813 664 authenticos
831 638 925 669 libros,
944 638 970 664 in
988 637 1049 671 qui-

264 682 315 710 bus
330 683 386 709 inec
400 690 453 709 non
471 682 594 710 feruntur
611 683 739 718 ascripta,
758 688 785 710 et
802 688 899 710 uetera
916 683 957 710 his
975 683 1051 710 simi-

264 727 298 754 lia
311 748 318 756 .
334 735 394 762 qua:
414 729 437 755 si
453 727 573 763 proferre
595 730 732 761 nitamur,
748 729 861 756 inlinitis
889 729 965 756 libris
981 736 1049 763 opus

264 773 424 800 est?Porro
443 778 543 808 quanta
561 773 730 806 dimiserint,
749 774 789 801 vel
807 774 928 802 astet-isei
947 779 1048 806 testes,

264 824 293 846 ut
310 819 375 850 dixi,
392 824 465 850 sunt,
481 820 522 846 vel
539 825 630 847 nostra
646 820 841 854 interpretatio,
857 820 879 847 si
896 827 911 846 a
926 820 1046 855 diligenti

263 865 364 892 lectore
380 865 549 892 translationi
561 866 643 892 veteri
658 865 828 893 conferatur:
845 870 872 893 et
885 871 974 893 tamen
985 866 1048 900 jure

264 910 333 937 LXX
357 912 439 939 editio
462 912 579 939 obtinuit
602 912 628 939 in
646 911 794 945 Ecclesiis,
817 912 857 939 vel
873 913 937 947 quia
960 912 1046 947 prima

263 961 306 984 est
319 977 325 988 ,
344 962 370 984 et
385 962 448 984 ante
469 957 569 985 Christi
594 958 664 986 facta
687 958 853 992 adventum;
877 958 917 985 vel
933 957 998 992 quia
1011 958 1048 994 ab

263 1003 393 1037 apostolis
409 1003 454 1038 (in
470 1004 570 1038 quibus
585 1010 672 1031 tamen
686 1004 720 1031 ab
733 1004 865 1032 llebraico
878 1012 931 1031 non
947 1005 1048 1032 discre-

263 1049 328 1085 pat)
346 1054 486 1084 usurpata.
502 1050 600 1085 Aquila
617 1055 706 1078 autem
725 1052 877 1086 proselytus
890 1056 917 1078 et
933 1055 1046 1078 conten-

1102 636 1188 663 tiosus
1203 635 1336 670 interpres
1347 654 1354 666 ,
1371 635 1417 669 qui
1435 642 1487 661 non
1506 635 1594 662 solunt
1609 635 1701 666 verba,
1719 634 1767 662 sed
1784 638 1898 670 etymo-

1101 680 1186 715 logias
1196 687 1306 715 quoque
1318 680 1462 707 verborum
1476 679 1623 707 transferre
1636 685 1749 707 conatus
1758 684 1819 713 est,
1834 681 1899 716 jure

1102 726 1245 762 projicitur
1261 734 1276 753 a
1294 726 1382 753 nobis.
1399 725 1466 758 Qttis
1482 726 1554 753 enim
1570 734 1619 761 pro
1636 726 1768 761 frumento
1786 731 1816 754 et
1838 728 1899 753 vino

1100 778 1128 801 et
1145 773 1202 800 oleo
1225 773 1326 808 possit,
1344 773 1386 800 vel
1402 773 1513 811 legere,
1528 773 1570 800 vel
1587 773 1736 807 intelligere
1747 793 1755 805 ,
1779 773 1880 808 χεῦμα
1891 793 1899 805 ,

1101 820 1270 855 ὸπωρισμδν,
1280 818 1470 854 στιλπνότητα,
1482 819 1552 854 quod
1563 827 1615 846 non
1628 827 1775 854 possumus
1787 820 1898 851 dicere,

1100 867 1241 901 fusionem,
1255 867 1479 901 pomationemque
1492 871 1516 892 et
1532 866 1811 901 splendentiam?Aut
1829 870 1899 902 quia

1101 911 1205 939 Hebraei
1222 920 1274 939 non
1291 912 1379 940 solum
1394 912 1492 939 habent
1506 912 1603 948 ἄρθρα,
1617 912 1661 940 sed
1676 916 1703 940 et
1721 913 1878 949 πρόαρθρι
1891 933 1899 945 ,

1100 959 1145 986 ille
1159 958 1328 994 κακοζήλως,
1344 962 1369 985 ct
1386 958 1503 993 syllabas
1522 959 1713 993 interpretatur
1725 964 1753 986 et
1769 959 1899 991 litteras,

1099 1005 1218 1039 dicitque
1239 1005 1286 1031 σὺν
1299 1004 1344 1030 τὸν
1365 1005 1495 1039 οὐρανὸν,
1521 1004 1568 1030 καὶ
1586 1004 1632 1030 σὺν
1654 1004 1702 1040 τὴν
1725 1005 1794 1040 γῆν,
1816 1006 1899 1040 quod

1100 1050 1193 1078 Grzeca
1208 1055 1235 1078 et
1251 1050 1346 1078 Latina
1364 1051 1456 1087 lingua
1473 1052 1584 1079 omnino
1598 1059 1651 1078 non
1670 1052 1782 1086 recepit.

663 1109 775 1137 Hieron.
790 1109 917 1145 Apologia
929 1110 1032 1139 advers.
1051 1109 1186 1144 Rufinum,
1200 1114 1263 1137 tom.
1281 1109 1326 1142 Ν,
1340 1110 1392 1137 col.
1406 1109 1469 1137 563.

306 1167 384 1194 Certe
405 1167 486 1195 etiam
507 1167 637 1202 Origenes
658 1168 829 1203 patriarchen
856 1167 988 1200 Huillum,
1009 1169 1055 1203 qui
1070 1175 1091 1202 Β
1105 1169 1306 1205 Octogesimum
1323 1176 1431 1204 quoque
1448 1176 1547 1196 nonum
1561 1169 1709 1203 psalmum',
1725 1169 1772 1204 qtti
1788 1170 1898 1197 scribi-

262 1214 429 1249 temporibus
444 1214 503 1248 ejus
518 1213 585 1246 fuit,
604 1214 745 1244 nominat:
771 1219 797 1242 et
816 1215 984 1243 tricesimum
1007 1219 1048 1242 to-

262 1268 336 1287 mum
352 1260 378 1287 in
394 1258 530 1293 ilesaiam,
545 1259 571 1287 in
589 1260 668 1295 cujus
685 1261 736 1288 line
751 1261 876 1288 edisserit
891 1271 897 1288 :
919 1261 964 1288 Vt:
979 1261 1026 1288 tibi
1037 1280 1044 1293 ,

263 1307 356 1333 ciuitas
371 1306 453 1339 Ariel,
468 1315 546 1341 quam
559 1307 717 1341 expugnavit
731 1307 829 1339 David,
849 1307 921 1335 illius
936 1307 1046 1343 exposi-

265 1353 339 1380 tione
363 1353 518 1385 concludit;
542 1358 647 1380 etcum
674 1354 751 1381 aliter
774 1354 849 1389 prius
873 1355 992 1382 sensisse
1017 1361 1047 1382 se

263 1399 348 1433 dicat,
362 1399 470 1426 doctum
486 1399 520 1426 ab
535 1399 580 1426 illo
595 1400 621 1426 id
636 1400 707 1427 ouod
722 1405 763 1428 est
776 1400 878 1433 verius,
891 1401 1045 1428 contitelur.

1099 1220 1143 1242 tur
1155 1225 1161 1242 :
1175 1215 1269 1243 Oratio
1282 1215 1368 1250 Moysi
1382 1215 1494 1242 hominis
1507 1215 1565 1248 Dei,
1577 1219 1604 1242 et
1615 1215 1732 1250 reliquos
1744 1215 1896 1245 uttdecim.

1098 1261 1145 1296 qui
1160 1268 1214 1287 non
1231 1260 1330 1287 habent
1346 1260 1456 1292 titulos,
1473 1261 1620 1287 secundum
1635 1259 1716 1287 Huilli
1730 1261 1897 1295 expositio-

1098 1314 1181 1338 nem,
1208 1306 1328 1340 ejusdem
1354 1305 1438 1341 Moysi
1463 1311 1557 1340 putat:
1576 1314 1625 1333 nec
1648 1306 1812 1341 dedignatur
1831 1305 1897 1333 He-

1098 1352 1198 1379 brmam
1222 1351 1390 1386 Scripturam
1409 1351 1606 1386 interpretans,
1629 1359 1675 1386 per
1693 1351 1800 1388 singula
1826 1352 1898 1380 loca

1098 1397 1162 1432 quid
1179 1397 1298 1425 Hebraeis
1313 1398 1436 1424 videatur
1448 1398 1577 1425 inserere.

735 1457 808 1484 Idem
820 1458 879 1485 adv.
896 1457 1029 1492 Ruﬁnum,
1047 1458 1066 1486 ι.
1081 1465 1112 1491 ιι,
1131 1461 1193 1483 tom.
1210 1455 1255 1490 ιν,
1273 1465 1322 1483 σοι.
1335 1456 1397 1484 425.

298 1513 375 1547 Quod
393 1519 422 1541 ut
437 1515 562 1542 auderem
576 1536 584 1547 ,
601 1515 725 1551 Origenis
740 1523 782 1542 me
809 1516 928 1543 studium
946 1523 1044 1550 provo-

263 1562 332 1588 cavit
345 1581 352 1593 ,
371 1561 417 1596 qui
439 1561 549 1588 editioni
565 1562 682 1596 antiqua:
700 1561 904 1589 translationem
919 1561 1044 1588 Theodo-

263 1607 345 1633 tionis
368 1607 492 1639 miscuit,
517 1607 647 1634 asterisco
669 1608 702 1641 >ε<
722 1612 750 1634 et
769 1607 887 1634 obelisco
903 1614 946 1639 4-,
963 1607 988 1633 id
1004 1610 1046 1633 est

263 1652 338 1679 stella
353 1656 379 1680 et
393 1661 457 1680 veru
484 1660 552 1680 onus
572 1661 652 1680 omne
665 1653 835 1687 distinguens
849 1662 855 1680 :
871 1653 934 1679 dum
952 1657 998 1679 aut
1012 1653 1045 1679 il-

1097 1514 1235 1542 lucescere
1250 1513 1315 1541 facit
1328 1521 1388 1548 qua:
1404 1514 1494 1541 minus
1507 1519 1568 1541 ante
1584 1513 1708 1546 fuerant;
1722 1518 1770 1542 aut
1788 1522 1897 1549 supcr-

1098 1559 1150 1586 flua
1168 1567 1282 1594 quaeque
1300 1559 1404 1594 jugulat
1425 1564 1452 1586 et
1470 1559 1589 1586 confodit
1605 1569 1611 1586 :
1633 1559 1804 1594 maximeque
1823 1569 1896 1595 qua:

1098 1605 1323 1640 evangelistarum
1339 1610 1366 1633 et
1380 1606 1565 1641 apostolorum
1588 1606 1735 1633 auctoritas
1755 1609 1896 1642 promul-

1097 1651 1178 1687 gavit.

681 1707 790 1736 Ilicron.
807 1709 882 1743 epist.
897 1708 942 1740 45,
958 1708 991 1734 ad
1006 1707 1171 1739 Marcellam,
1184 1712 1246 1735 tom.
1270 1707 1302 1740 ΙΙ,
1316 1708 1368 1736 col.

297 1764 457 1793 Ambrosius
470 1786 477 1798 ,
496 1774 550 1800 quo
565 1766 683 1799 chartas,
702 1771 836 1802 sumptus,
850 1767 971 1795 notarios
988 1767 1041 1794 mi-

261 1811 394 1838 nistrante
404 1832 411 1844 ,
426 1817 479 1838 tam
495 1812 706 1840 innutnerabiles
722 1813 805 1840 libros
825 1820 887 1840 vere
907 1813 1043 1840 Adaman-

261 1855 333 1887 tius,
350 1861 377 1883 et
390 1855 585 1883 Chalcenterus
601 1861 692 1883 noster
706 1856 866 1891 explicavit,
885 1856 911 1883 in
926 1856 1042 1892 qttadam

261 1900 373 1934 epistola
387 1921 394 1934 ,
407 1908 488 1937 quam
503 1901 536 1928 ad
557 1901 681 1928 eumdem
697 1902 730 1929 de
750 1901 862 1929 Athenis
879 1902 1042 1936 scripserat,

1093 1767 1178 1795 refert
1199 1775 1338 1802 nunquam
1357 1775 1386 1794 se
1408 1767 1497 1795 cibum
1522 1766 1636 1802 Origene
1662 1773 1796 1802 praesente
1821 1769 1894 1796 sine

1093 1812 1207 1841 lectione
1220 1814 1379 1848 sumpsisse,
1401 1821 1538 1848 nunquam
1557 1813 1651 1841 iniisse
1668 1821 1808 1847 somnum,
1828 1815 1894 1843 nisi

1094 1866 1167 1886 unus
1182 1865 1197 1886 e
1212 1857 1340 1888 fratribus
1358 1858 1442 1886 sacris
1458 1858 1553 1885 litteris
1570 1863 1734 1893 personaret.

660 1957 770 1985 Hieron.
786 1958 863 1991 epist.
882 1957 928 1989 74,
944 1957 978 1984 ad
991 1957 1179 1992 Augustinum,
1196 1961 1260 1983 tam.
1275 1955 1319 1988 lV,
1334 1956 1384 1982 col.
1400 1956 1462 1984 626.

294 2019 371 2052 Quod
384 2023 473 2047 autem
488 2018 515 2046 in
538 2019 598 2047 aliis
610 2019 709 2054 quaeris
733 2019 854 2054 epistolis
866 2039 874 2051 ,
897 2027 946 2046 cur
963 2019 1036 2053 prior
1050 2021 1071 2049 C
1088 2018 1120 2045 Et
1135 2019 1218 2045 miror
1232 2018 1369 2052 quomodo
1386 2017 1456 2044 LXX
1474 2017 1650 2052 interpretum
1671 2016 1754 2043 libros
1780 2024 1864 2051 .egas
1879 2038 1890 2052 ,

260 2073 320 2093 mea
349 2065 376 2092 in
407 2065 485 2092 libris
513 2066 650 2092 canonicis
683 2065 866 2100 interpretatio
896 2065 1040 2092 aslreriscos

261 2111 357 2138 habeat
383 2114 411 2137 et
434 2109 552 2144 virgulas
577 2114 762 2144 praznotatas;
788 2114 815 2137 et
841 2114 932 2144 postea
959 2110 1040 2136 aliam

264 2155 467 2182 translationem
487 2154 588 2188 absque
609 2154 651 2181 his
673 2153 757 2188 signis
772 2153 920 2186 ediderim,
942 2153 1042 2181 videris

258 2201 326 2228 mihi
340 2207 392 2226 non
406 2199 554 2234 intelligere
569 2199 640 2234 quod
656 2199 788 2234 quaesisti.
808 2197 854 2225 illa
871 2198 943 2225 enim
958 2198 1041 2226 inter-

259 2245 372 2282 pretatio
388 2244 459 2271 LXX
480 2244 659 2279 lnterpretum
675 2249 733 2271 est:
758 2248 784 2271 et
807 2244 962 2278 ubicunque
983 2244 1039 2270 vir-

259 2292 344 2326 gula,
360 2291 386 2318 id
408 2295 450 2318 est
465 2290 553 2323 obeli,
571 2294 651 2322 sttnt,
673 2290 842 2324 significatur
865 2289 938 2325 quod
967 2289 1038 2316 LXX

258 2338 319 2372 plus
333 2336 452 2364 dixerint
465 2343 547 2371 quam
562 2336 676 2362 habetur
691 2335 718 2362 in
734 2335 846 2363 Hebraeo
861 2344 868 2369 ;
885 2335 930 2363 ubi
949 2342 1038 2363 autem

259 2383 398 2415 asterisci,
420 2383 446 2410 id
467 2387 509 2410 est
527 2383 639 2410 stellulte
654 2383 845 2418 prteluccntes,
867 2390 900 2411 ex
915 2382 1038 2410 Theodo-

259 2431 339 2458 tionis
366 2429 484 2457 editione
510 2429 544 2456 ab
570 2428 685 2464 Origene
710 2429 830 2456 additum
855 2433 915 2457 est:
941 2434 969 2457 et
1000 2429 1037 2456 ibi

258 2477 350 2504 Graeca
365 2476 563 2507 transtulimus,
578 2475 622 2503 hic
635 2475 668 2502 de
689 2475 747 2510 ipso
764 2474 895 2503 Hebraico
911 2475 984 2510 quod
999 2476 1039 2502 in—

257 2522 443 2557 telligebamus
451 2521 646 2556 expressimus,
658 2529 785 2548 sensutnn
799 2521 886 2556 potius
897 2522 1037 2549 veritatem

258 2576 339 2603 quain
363 2568 508 2595 verborum
526 2568 649 2596 ordinem
674 2568 810 2596 interdum
832 2573 1036 2596 conservantes.

1093 2072 1147 2091 non
1161 2072 1262 2099 puros,
1278 2069 1307 2091 ut
1326 2065 1360 2091 ab
1378 2065 1418 2091 eis
1445 2063 1509 2090 editi
1531 2069 1603 2095 sunt,
1625 2063 1670 2091 sed
1694 2063 1728 2090 ab
1754 2062 1889 2098 Origene

1094 2110 1262 2142 emendatos,
1278 2110 1334 2137 sive
1348 2114 1490 2144 corruptos
1507 2117 1553 2143 per
1567 2109 1657 2136 obelos
1672 2113 1698 2136 et
1710 2109 1889 2144 asteriscos;

1093 2160 1120 2182 et
1139 2155 1288 2183 Christiani
1308 2155 1426 2182 hominis
1447 2155 1740 2190 intcrprctatiunculam
1759 2162 1816 2182 non
1835 2164 1892 2183 se-

1093 2201 1196 2237 quaris.
1214 2201 1363 2235 praesertim
1380 2209 1441 2229 cum
1457 2208 1488 2228 ea
1502 2209 1562 2235 quae
1576 2201 1665 2228 addita
1681 2205 1760 2233 sunt,
1776 2208 1811 2228 ex
1829 2201 1890 2230 lto-

1093 2246 1174 2273 minis
1183 2245 1268 2273 «ιυόωὶ
1281 2251 1362 2280 atque
1371 2246 1519 2280 blasphemi
1527 2250 1588 2280 post
1596 2246 1747 2280 passionem
1756 2247 1891 2281 Christi,

1091 2294 1210 2322 editione
1223 2293 1400 2321 transtulerit.
1416 2292 1460 2320 Vis
1475 2297 1579 2320 amator
1590 2299 1648 2319 esse
1661 2300 1741 2320 verus
1757 2291 1892 2328 Septua-

1091 2340 1164 2376 ginta
1181 2339 1356 2373 lnterpretum
1368 2338 1380 2364 ?
1393 2337 1452 2364 Non
1468 2338 1540 2372 legas
1553 2345 1583 2364 ea
1595 2345 1655 2371 quae
1669 2337 1719 2364 sub
1733 2337 1892 2367 asteriscis

1091 2391 1164 2418 sunt,
1182 2386 1237 2412 imo
1256 2386 1318 2412 rade
1333 2385 1365 2412 de
1379 2384 1572 2415 voluminibus,
1588 2387 1618 2410 ut
1634 2387 1753 2410 veterum
1771 2387 1798 2410 te
1813 2383 1843 2410 fa
1851 2393 1891 2412 u-

1091 2436 1176 2459 torem
1193 2432 1300 2466 probes.
1321 2430 1398 2464 Quod
1415 2431 1436 2457 si
1460 2429 1555 2457 feceris
1568 2449 1575 2461 ,
1592 2429 1711 2456 omnium
1732 2428 1890 2457 Ecclesia-

1091 2487 1152 2506 rum
1169 2478 1347 2505 bibliothecas
1359 2477 1487 2504 damnare
1501 2475 1618 2510 cogeris.
1642 2474 1688 2502 Vix
1706 2475 1780 2502 enim
1799 2483 1890 2505 unus

1090 2527 1138 2550 aut
1152 2523 1218 2550 alter
1234 2522 1384 2549 invenietur
1401 2521 1468 2548 liber
1481 2521 1526 2556 qui
1542 2521 1592 2548 ista
1607 2527 1660 2547 non
1678 2519 1786 2547 habeat.

594 2629 702 2658 Hieron.
716 2629 792 2663 epist.
808 2629 842 2656 ad
867 2628 1031 2656 Vincentium
1045 2632 1069 2655 et
1082 2627 1242 2659 Gallienum,
1259 2631 1321 2653 tom.
1337 2624 1379 2656 IV,
1395 2623 1445 2651 col.
1459 2623 1520 2650 805.

292 2696 472 2730 Quamobrem
485 2697 593 2732 Aquila,
603 2702 629 2725 et
644 2697 832 2733 Symmachus,
847 2701 874 2724 et
886 2696 1034 2723 Theodotio

252 2740 371 2783 incitati,
386 2742 522 2770 diversum
535 2750 603 2777 pene
619 2750 688 2777 opus
703 2744 729 2769 in
742 2742 835 2769 eodem
849 2749 928 2776 opere
944 2741 1034 2776 prodi-

251 2785 374 2828 :derunt;
393 2788 446 2815 aiio
465 2789 567 2816 nitente
587 2789 696 2816 verbum
715 2789 746 2816 de
765 2789 848 2815 verbo
865 2788 1032 2822 exprimere,

250 2835 312 2869 .alio
328 2843 436 2863 sensum
450 2835 540 2871 potius
556 2835 642 2871 sequi,
662 2835 740 2864 tertio
756 2842 808 2862 non
826 2834 939 2862 multum
955 2842 969 2860 a
987 2840 1033 2861 ve-

1087 2695 1189 2723 teribus
1209 2695 1370 2728 discrepare.
1390 2692 1489 2726 Quinta
1510 2697 1598 2719 autem
1620 2695 1645 2719 et
1661 2691 1744 2719 Sexta
1763 2696 1790 2718 et
1817 2690 1877 2719 Se-

1087 2741 1170 2776 ptima
1195 2739 1294 2770 editio,
1321 2739 1382 2765 licet
1408 2738 1506 2773 quibus
1523 2741 1685 2765 censeantur
1703 2736 1881 2774 auctoribus

1087 2788 1245 2823 ignoretur,
1264 2790 1351 2812 tamen
1367 2784 1404 2811 ita
1428 2783 1592 2819 probabilem
1614 2783 1657 2810 sui
1679 2782 1883 2812 diversitatem

1089 2837 1195 2862 tenent.
1212 2835 1240 2859 ut
1255 2830 1442 2859 auctoritatem
1458 2829 1516 2858 sine
1531 2827 1686 2856 nominibus
1704 2828 1882 2859 meruerint.
