1902 3049
57 116 94 142 l3‘l
565 118 777 146 TES'l'lMONIA
796 118 811 146 l1

865 118 929 146 lET.
949 119 1109 145 lNTEllPR.

1600 121 1651 149 138

544 178 586 205 Ea:
606 179 700 214 Ruﬁno
721 179 866 206 Ilist.eccl.
887 179 934 206 lib.
953 187 989 212 vr,
1007 187 1065 213 cap.
1080 179 1121 206 15.

81 233 269 262 Fantosissimos
296 234 358 263 illos
387 235 493 263 codices
520 237 625 271 primus
655 238 809 273 composuit
823 241 845 268 Α
859 238 987 273 scripsit,
1006 239 1040 265 ita
1059 243 1088 266 ut
1104 239 1192 273 primo
1215 239 1337 266 omnium
1356 240 1414 274 ipsa
1439 238 1550 266 Hebraea
1566 239 1648 266 verba

54 278 169 313 Origenes,
186 279 211 305 in
226 279 325 314 quibus
340 287 390 315 per
405 280 525 315 singulas
550 282 722 310 columnulas
738 290 752 309 e
768 290 812 310 re-

54 327 116 360 gione
127 327 263 360 separatim
280 335 350 363 opus
367 329 522 363 interpretis
538 329 754 365 uniuscujusque
766 330 813 358 de-

864 284 1005 312 Hebraicis
1025 285 1122 312 litteris
1137 289 1265 319 poneret,
1284 286 1404 313 secundo
1418 286 1444 312 in
1467 285 1526 312 loco
1543 292 1591 319 per
1607 291 1651 310 or-

864 331 953 359 dinem
968 331 1068 360 Graecis
1083 332 1189 359 litteris.

480 389 642 416 Philastrius
654 390 803 417 Brixiensis
822 391 858 418 De
872 392 1024 425 Irmresibus,
1046 401 1117 419 num.
1131 393 1175 419 90.

79 444 136 472 Sunt
149 446 262 474 haeretici
288 449 356 482 qui,
387 450 466 477 sicuti
494 450 671 485 Septuaginta
696 451 811 479 duorum

52 497 180 519 sanctorum
199 493 518 530 sapientissimorumque
535 496 655 524 virorum
680 496 813 531 interpre-

53 539 156 566 tationem
180 545 360 574 respuentes,
385 541 490 576 Aquila:
516 542 659 577 cujusdam
688 543 810 571 hominis

53 584 115 611 unius
125 584 232 617 Pontici,
248 586 297 620 qui
314 591 377 621 post
394 595 480 614 annos
501 587 602 614 multos
618 588 811 623 interpretatus

52 623 96 662 est,
116 630 312 659 adiﬁcationem
335 632 499 667 suscipiunt.
524 632 575 666 Qui
599 641 662 660 cum
686 634 810 668 quaedam

51 676 241 710 praetermittere.
265 678 430 705 necessitate
446 684 574 714 urgente,
590 683 656 706 tunc
681 680 810 714 temporis

52 727 192 755 cogerentur,
207 723 379 750 dissonantia
400 728 530 758 putantur
546 724 673 751 dictasse.
689 723 714 752 is
729 725 811 752 veluti

51 767 95 802 plus
106 775 118 794 a
135 768 292 802 quibusdam
314 768 414 796 ludatis
432 770 550 797 maxime
566 770 732 798 intellexisse
749 771 810 797 lau-

51 814 119 846 datur,
130 821 186 841 cum
201 815 234 842 de
248 815 332 842 Patre
345 822 372 843 et
383 815 462 849 Filio,
479 825 532 843 non
550 817 629 844 sicuti
646 817 686 844 illi
704 817 811 852 priores

865 455 926 480 cuta
941 455 1080 488 concipiet,
1092 459 1117 481 et
1132 455 1217 488 pariet
1231 454 1317 488 ﬁlium
1330 461 1339 485 ;
1353 458 1377 479 et
1389 461 1481 480 nomen
1496 453 1564 488 ejus,
1579 463 1588 478 ε
1603 461 1650 487 po-

864 504 920 526 tens
944 509 1004 526 cum
1026 500 1186 528 hominibus.
1203 509 1213 526 ›
1241 499 1306 532 Qua
1330 499 1439 534 quidem
1463 499 1484 527 si
1499 500 1544 534 pio
1567 507 1649 526 sensu

864 545 989 573 lectionis
1002 550 1113 580 accepta
1124 545 1236 578 fuerint,
1248 545 1321 580 quod
1336 544 1413 572 fortis
1423 550 1450 572 et
1462 551 1556 579 potens
1570 553 1649 572 neruo

863 590 915 617 nisi
933 590 1060 618 Christus
1076 591 1147 618 Deus
1161 590 1207 618 Dei
1225 591 1259 618 sit
1271 590 1365 623 Filius,
1384 595 1457 617 recte
1471 590 1610 624 intelligit;
1626 590 1649 617 si

863 641 953 664 autem
968 637 1001 664 de
1026 645 1059 664 eo
1083 637 1209 670 dubitat,
1226 637 1375 673 abjicienda
1399 641 1426 664 et
1443 637 1591 670 spernenda
1609 643 1650 662 (Nl.

862 684 923 711 talis
937 684 1030 712 editio.
1050 683 1126 712 Unde
1145 684 1230 711 Judzri
1254 692 1306 711 non
1330 683 1507 718 Septuaginta
1532 683 1648 708 duorum

863 730 1100 765 interpretationes
1128 730 1243 762 habent,
1263 730 1308 764 qui
1335 730 1368 756 de
1392 728 1471 755 Patre
1493 733 1520 754 et
1539 727 1607 754 Filio
1623 730 1650 754 ct

863 779 958 802 saneto
974 774 1075 810 Spit-itu
1091 775 1159 802 bene
1176 775 1334 806 sentientes,
1355 782 1436 801 unam
1452 774 1649 806 substantiam,

863 820 1052 852 divinitatem,
1077 821 1246 855 majestatem
1275 821 1473 851 enuntiarunt;
1503 820 1549 847 sed
1577 819 1650 847 illius

51 860 74 887 de
84 860 139 895 lege,
151 861 311 894 dictaverit;
328 861 502 897 Septuaginta
513 863 584 889 enim
598 862 652 889 duo
665 862 810 890 dixerunt:
828 857 849 885 Β
864 866 985 901 Aquilae,
1001 867 1048 902 qui
1064 874 1117 893 non
1135 867 1174 894 ita
1194 871 1267 894 recte
1284 866 1366 893 sentit
1380 867 1413 893 de
1429 865 1497 892 Filio
1513 865 1560 892 Dei
1573 884 1581 897 ν
1601 866 1649 893 sed

52 907 154 933 Adrersus
170 907 334 938 Dominum,
367 913 392 934 et
418 909 542 935 adversus
571 907 704 935 Christum
735 909 812 943 ejus;

51 952 124 987 Aquila
142 958 226 981 autem
239 951 391 982 :Adversus
403 954 555 988 Dominum,
576 960 600 981 et
623 955 746 982 adversus
764 964 813 982 un-

52 1003 103 1024 ctum
119 999 179 1033 ejus.
201 999 231 1026 Et
254 1000 359 1027 iterum
385 1001 561 1036 Septuaginta
585 1000 640 1028 duo
663 1001 810 1028 dixerunt:

53 1045 100 1072 Ecce
112 1047 176 1081 virgo
189 1047 331 1082 concipiet,
346 1051 370 1074 et
383 1048 466 1080 pariet
481 1047 567 1081 ﬁlium
579 1054 589 1078 ;
600 1051 625 1073 et
639 1055 731 1074 nomen
743 1046 810 1081 ejus,

53 1092 126 1119 «Deus
138 1093 281 1121 nobiscum.
303 1103 312 1120 ι
327 1093 426 1128 Aquila
440 1098 529 1120 autem
545 1093 615 1120 dixit
628 1102 634 1120 :
649 1093 716 1120 Ecce
724 1093 821 1128 juven-

864 913 940 947 qnasi
961 913 994 939 de
1017 913 1148 947 propheta
1164 913 1338 940 nuntiaverit.
1357 911 1433 939 Unde
1453 912 1651 946 interpretatio-

865 966 913 986 nes
937 959 996 994 ejus
1011 959 1038 993 in
1062 959 1153 986 medio
1168 959 1300 986 librorum
1324 966 1463 994 nunquam
1490 963 1648 993 ponuntur,

864 1004 911 1031 sed
927 1004 1029 1031 dextra:
1053 995 1393 1039 [usvmque-assignantur:
1411 1008 1438 1031 et
1460 1008 1489 1030 ut
1505 1003 1649 1030 contraria:

866 1055 893 1078 et
908 1059 960 1078 non
976 1051 1061 1086 plena:
1077 1051 1211 1083 veritatis,
1229 1051 1264 1078 ita
1280 1051 1404 1086 leguntur
1417 1059 1431 1077 a
1446 1050 1580 1085 plurimis,
1594 1055 1647 1077 etc.

726 1138 790 1165 M01
804 1147 875 1166 num.
893 1139 937 1166 9!.

77 1191 113 1219 Est
127 1191 230 1220 haeresis
243 1213 250 1225 ,
268 1199 333 1225 quae
356 1191 452 1218 iterum
467 1196 529 1226 post
547 1191 673 1226 Aquilam
699 1191 810 1227 triginta

53 1239 165 1266 hominum
192 1239 445 1274 interpretationem
470 1239 587 1273 accipit,
617 1246 671 1266 non
701 1240 811 1267 illorum

52 1283 239 1311 beatissimorum
254 1283 429 1318 septuaginta
443 1283 570 1316 duorum,
588 1284 635 1318 qui
649 1283 754 1319 integre
768 1284 812 1311 in-

52 1329 174 1364 violateque
187 1329 220 1356 de
233 1328 370 1356 Trinitate
387 1328 535 1355 sentientes
546 1348 553 1361 ,
577 1327 706 1356 Ecclesize
719 1329 814 1357 catho-

53 1374 94 1401 lica:
118 1376 280 1402 ﬁrmamenta
310 1373 463 1401 certissima
485 1373 655 1402 tradiderunt
680 1373 814 1409 interpre-

864 1197 952 1221 tantes
978 1194 1142 1229 Scripturas.
1161 1194 1206 1221 lsti
1231 1194 1342 1228 triginta
1358 1193 1385 1221 in
1407 1193 1500 1220 multis
1521 1193 1647 1228 Aquilam

865 1244 930 1266 sunt
948 1240 1052 1271 secuti,
1072 1239 1143 1266 unde
1162 1240 1196 1266 ab
1211 1239 1330 1267 Ecclesia
1347 1238 1480 1266 catholica
1493 1243 1519 1266 et
1533 1239 1646 1266 istorum

865 1292 919 1311 non
945 1285 1094 1320 suscipitur
1120 1285 1307 1320 interpretatio
1322 1306 1329 1318 ,
1354 1292 1414 1320 quat
1441 1285 1594 1313 continetur
1619 1285 1646 1312 in

864 1330 941 1358 libris
955 1331 1126 1359 authenticis.

733 1429 805 1458 Ibid.
820 1439 893 1460 num.
909 1431 953 1459 92.

78 1487 115 1516 Est
126 1489 231 1516 haaresis
246 1496 311 1524 quas
329 1488 425 1515 iterum
448 1495 494 1515 sex
510 1488 631 1515 virorum
645 1487 806 1522 interpreta-

52 1535 129 1562 tionem
142 1539 232 1570 postea
246 1535 351 1562 editam
364 1534 421 1561 vult
437 1533 523 1568 sequi,
539 1540 595 1560 non
614 1533 721 1560 illorum
736 1533 810 1568 prio-

53 1588 95 1607 rum
108 1586 265 1614 sanctorum,
280 1581 331 1616 qui
351 1579 523 1616 Septuaginta
539 1580 655 1607 duorum
671 1579 730 1607 aliis
752 1587 811 1607 mo-

864 1489 906 1517 dis
924 1488 1095 1523 interpretari
1107 1487 1277 1520 desiderant;
1293 1492 1319 1514 et
1335 1495 1388 1514 non
1402 1493 1515 1522 parvum
1526 1492 1646 1513 errorem

864 1535 990 1566 incurrit,
1006 1534 1112 1561 diversa
1129 1533 1220 1560 itidem
1241 1532 1361 1560 sentiens
1381 1534 1414 1560 de
1436 1531 1487 1559 tide
1501 1531 1644 1559 catholica.

730 1625 801 1652 Ibid.
823 1633 894 1652 num.
911 1623 956 1663 95.

78 1683 134 1711 Sunt
147 1685 263 1712 hazretici
282 1683 330 1710 alii
345 1683 393 1718 qui
405 1681 599 1709 Theodotionis
611 1685 637 1708 et
654 1680 809 1716 Symmachi
824 1683 845 1711 C
863 1684 1024 1715 sequuntur,
1039 1686 1094 1706 non
1109 1678 1183 1705 illam
1196 1677 1415 1705 beatissimorum
1429 1677 1551 1712 priorum
1562 1683 1645 1712 quam

51 1729 122 1757 itidem
145 1729 398 1765 interpretationem
422 1728 530 1756 diverso
550 1726 632 1754 modo
655 1726 804 1761 expositam

861 1725 982 1753 Ecclesia
997 1725 1130 1753 catholica
1143 1725 1208 1753 colit
1221 1729 1247 1752 et
1263 1724 1399 1759 praedicat.

379 1785 542 1820 Augustinus
562 1783 600 1810 De
614 1784 718 1810 civitate
733 1783 790 1816 Dei,
800 1783 819 1810 Ι.
835 1790 880 1814 xv,
892 1790 950 1816 cap.
965 1781 1012 1813 25,
1030 1785 1093 1809 tom.
1108 1780 1165 1813 Vll,
1179 1790 1206 1816 p.
1221 1781 1284 1808 408.

74 1835 156 1868 Aquila
181 1839 293 1867 autem,
312 1841 392 1868 quem
414 1833 587 1866 interpretem
608 1830 693 1859 Judaei
710 1831 814 1858 caeteris
834 1835 1011 1865 anteponunt,
1035 1837 1089 1857 non
1115 1830 1226 1865 angelos
1250 1829 1312 1862 Dei,
1334 1836 1383 1856 nec
1404 1829 1473 1858 ﬁlios
1490 1829 1548 1862 Dei,
1563 1830 1609 1858 sed

50 1879 103 1911 ﬁlias
112 1882 213 1909 deorum
226 1883 424 1916 interpretatus
435 1886 486 1908 est.

467 1927 535 1961 Aug.
553 1926 591 1953 De
603 1926 707 1953 civitate
724 1924 783 1957 Dei,
795 1924 814 1951 ι.
834 1932 910 1956 xvm,
924 1932 981 1958 cap.
998 1923 1044 1954 48,
1061 1931 1086 1957 p.
1104 1922 1166 1949 5‘26.

74 1987 128 2016 Nam
145 1997 205 2016 cum
231 1988 338 2016 fuerint
360 1993 386 2014 et
401 1987 446 2014 alii
468 1987 627 2021 interpretes
643 1986 689 2021 qui
712 1993 745 2013 ex
761 1984 812 2012 lle-

48 2034 103 2062 brea
116 2036 202 2070 lingua
224 2036 252 2063 in
279 2034 403 2063 Graecam
416 2041 493 2061 sacra
505 2033 550 2060 illa
569 2033 677 2067 eloquia
693 2036 813 2059 transtu-

48 2079 127 2112 lerunt,
151 2082 221 2108 sicut
248 2079 367 2114 Aquila.
395 2078 574 2114 Symmachus
590 2099 598 2111 ,
633 2075 783 2103 Theodotio
803 2084 812 2108 ;

49 2125 102 2153 sicut
112 2127 187 2154 etiam
205 2127 252 2154 illa
270 2129 315 2153 est
333 2124 529 2159 interpretatio,
546 2123 624 2158 cujus
641 2126 736 2149 auctor
759 2127 813 2147 non

48 2177 147 2207 apparet,
160 2178 186 2201 et
199 2173 235 2200 ob
250 2172 307 2199 hoc
330 2171 389 2198 sine
412 2170 522 2198 nomine
543 2169 697 2203 interpretis
713 2167 814 2199 Quinta

861 1984 945 2012 editio
960 1986 1132 2017 nuncupatur
1149 1989 1154 2007 :
1173 1981 1243 2008 hanc
1256 1985 1345 2007 tamen
1360 1987 1420 2014 qua:
1431 1979 1503 2006 LXX
1517 1986 1568 2013 est,
1585 1986 1644 2008 tart-

861 2036 943 2064 quam
959 2028 1016 2056 sola
1031 2031 1112 2058 esset,
1133 2027 1173 2053 sic
1197 2025 1297 2060 recepit
1313 2024 1444 2057 Ecclesia,
1463 2033 1548 2060 eaque
1561 2030 1645 2054 utun-

862 2077 906 2099 tur
915 2071 1001 2099 Graeci
1015 2070 1106 2105 populi
1120 2069 1278 2102 Christiani,
1294 2076 1409 2103 quorum
1423 2069 1543 2104 plerique
1554 2075 1643 2097 utrum

863 2118 915 2144 alia
929 2117 964 2144 sit
979 2117 1069 2150 aliqua
1081 2115 1216 2150 ignorant.

516 2224 558 2252 ἐτι
573 2225 701 2253 C/tt'um'cu
719 2221 843 2250 Paschali
856 2220 919 2248 edit.
936 2217 1041 2252 Cattgii,
1056 2223 1082 2249 p.
1095 2214 1158 2241 255.

74 2273 120 2307 Ῑιὶῗ.
148 2275 206 2302 Ίνδ.
231 2274 272 2301 ιδ’.
301 2273 366 2299 Tt.
390 2272 553 2307 Αὑγουρίνου
585 2271 632 2297 καὶ
655 2268 812 2305 Σεργιανοῦ.

53 2318 145 2352 ’Διτύλας
159 2320 335 2356 ὲγνωρίζετο,
360 2319 388 2350 ὃς
404 2317 437 2354 ἦν
456 2317 584 2352 πενθερὸς
612 2315 751 2351 Ἀδριανοῦ
764 2315 811 2341 τοῦ

904 2264 981 2291 Anno
1002 2261 1113 2290 Adriani
1129 2268 1194 2293 nvi,
1209 2260 1356 2287 indictione
1382 2267 1435 2293 xrv,
1464 2269 1535 2290 coss.
1551 2258 1643 2293 Augu-

867 2309 928 2335 rino
937 2311 963 2334 et
971 2306 1111 2341 Sergiano,
1121 2303 1217 2338 Aquila
1224 2302 1345 2334 ﬂorebat,
1357 2310 1434 2330 socer
1440 2302 1550 2330 Adriani
1558 2303 1644 2338 impe-

136 2347 143 2352 .
178 2347 184 2355 .
232 2347 238 2356 ι
266 2347 275 2352 .
329 2347 334 2351 .
379 2347 386 2350 .
417 2347 422 2354 .
540 2347 545 2352 .
575 2347 580 2348 γ
660 2347 664 2351 .

50 2363 167 2398 inf/tito;
183 2365 239 2393 Ἦν
261 2367 292 2393 δὲ
310 2365 408 2400 Ἕλλην
437 2365 474 2396 ὡς
499 2363 646 2399 Ἀδριανὸς,
657 2362 710 2388 ἀπὸ
728 2361 810 2389 Σινώ-

866 2353 972 2380 ratoris.
983 2351 1048 2378 Erat
1059 2355 1148 2377 autem
1162 2347 1269 2384 gentilis
1278 2352 1307 2374 ut
1313 2347 1458 2381 Adrianus,
1469 2347 1568 2382 Sinope
1576 2348 1643 2375 urbe

51 2417 89 2443 :13;
101 2411 142 2437 τοῦ
157 2412 260 2438 Πόντου
280 2409 452 2446 ὁρμώμενος.
466 2409 595 2443 Ὕστερον
610 2407 638 2434 δὲ
652 2407 811 2443 ἐϐαπτίσθη,

51 2456 147 2489 taedai;
159 2458 210 2484 ὑπὸ
222 2457 279 2484 τῶν
296 2455 461 2483 ἀποστόλων.
472 2452 526 2481 Ἦν
539 2455 567 2481 δὲ
581 2454 627 2480 καὶ
638 2452 812 2488 ἀστρονόμος,

51 2498 84 2523 11‘.
94 2500 286 2536 ἐγκαλθύμενος
303 2500 368 2535 περὶ
381 2499 474 2525 τούτου
490 2499 543 2525 ἀπὸ
559 2498 612 2524 τῶν
628 2498 678 2532 τῆς
700 2497 813 2534 Ἐκκλη-

51 2543 108 2575 σάς,
123 2546 167 2572 καὶ
190 2546 228 2582 μὴ
244 2545 383 2577 πεισθεὶς,
403 2544 546 2579 μετέπειτα
566 2543 599 2569 τὰ
616 2543 669 2569 τῶν
682 2542 812 2578 Χριστια-

53 2587 90 2614 ita»
100 2589 238 2626 ἀθετήσας,
256 2590 427 2625 προςήλυτὸς
442 2598 471 2615 τε
492 2588 637 2620 Ἰουδαίοις,
654 2588 813 2623 περιτέμνε-

54 2641 84 2660 :2'.
105 2636 233 2669 Ἰουδαῖος,
256 2637 305 2663 καὶ
327 2635 452 2671 ἑμπόνως
473 2634 564 2669 μαθὼν
581 2635 629 2668 τὴν
650 2633 738 2660 αὐτῶν
757 2634 813 2660 διά-

55 2679 136 2710 λεκτον.
151 2683 220 2709 κατὰ
238 2683 358 2717 στοιχεῖα
376 2680 520 2716 ἑρμηνείαν
541 2679 628 2714 ἑαυτῷ
644 2680 811 2715 ήρμήνευσεν

55 2724 90 2751 vix
105 2727 170 2762 ὀρθῷ
185 2727 319 2763 λογισμῷ,
343 2727 400 2753 ἀλλ’
419 2727 491 2757 ὅπως
512 2725 660 2760 διαστρέψῃ
682 2724 742 2750 τινὰ
758 2723 812 2750 τῶν

57 2772 134 2806 ῥητῶν.
155 2775 244 2800 Ταῦτα
270 2774 370 2808 ἱστορεῖ
392 2773 545 2806 Ἐπιφάνιος
566 2771 689 2805 Κύπριος
708 2771 746 2802 εἰς
768 2769 812 2795 τὸν

56 2815 114 2852 “trav
126 2819 202 2845 αὐτώ
213 2820 261 2845 τὸν
277 2818 344 2852 Περὶ
359 2816 497 2851 σταθμῶν
513 2816 562 2842 καὶ
575 2815 699 2850 μέτρων.

191 2878 323 2906 Ponet.
350 2875 409 2905 (in.
428 2873 495 2904 XV.

865 2399 943 2425 l’onli
960 2395 1102 2425 oriundus.
1119 2394 1216 2422 Postea
1232 2400 1297 2420 vero
1311 2393 1346 2420 ab
1363 2393 1492 2428 apostolis
1511 2393 1644 2426 eruditus,

866 2445 1017 2480 baptizatus
1037 2446 1088 2470 est.
1107 2441 1171 2468 Erat
1192 2445 1282 2467 autem
1307 2444 1488 2471 astronomus,
1502 2444 1528 2466 et
1546 2439 1598 2482 hac
1612 2440 1646 2466 de

866 2501 895 2519 re
907 2494 1049 2518 accusatus
1060 2497 1075 2515 a
1088 2487 1260 2519 Christianis,
1273 2493 1323 2513 nec
1337 2486 1536 2520 obtemperans.
1550 2484 1645 2519 Spreta

866 2536 1036 2572 postmodum
1053 2533 1207 2561 Christiana
1223 2532 1362 2567 religione,
1380 2531 1530 2565 proselytus
1548 2531 1581 2557 ad
1597 2529 1646 2557 Ju-

864 2585 936 2610 dmos
952 2581 1082 2612 accessit,
1098 2583 1124 2606 et
1147 2577 1326 2606 circumcisus
1341 2575 1451 2604 Iudaeus
1466 2576 1577 2603 elfectus
1593 2581 1645 2609 est,
1684 2576 1686 2582 ‘

864 2635 891 2657 et
905 2635 1002 2663 magno
1017 2626 1108 2653 labore
1119 2632 1213 2652 eorum
1228 2624 1347 2658 linguam
1360 2623 1481 2654 edoctus,
1495 2622 1645 2649 secundum

865 2677 1007 2704 elementa,
1021 2673 1046 2699 id
1057 2676 1108 2704 est,
1119 2671 1151 2698 ad
1163 2671 1278 2698 litteram
1293 2669 1539 2704 interpretationem
1550 2667 1643 2698 edidit.

866 2729 919 2747 non
933 2724 1006 2746 recto
1021 2718 1128 2752 quidem
1143 2717 1244 2748 animo,
1260 2716 1305 2743 sed
1321 2721 1350 2742 ut
1361 2716 1483 2750 qutcdam
1500 2715 1645 2748 Scriptura

866 2768 936 2794 dicta
958 2769 1132 2800 perverteret.
1150 2763 1211 2790 Haec
1231 2767 1323 2789 narrat
1343 2761 1508 2796 Epiphanius
1529 2760 1644 2796 Cyprius

867 2814 893 2839 in
907 2813 976 2839 libro
992 2811 1029 2837 De
1044 2810 1201 2845 ponderibus
1214 2814 1236 2836 ct
1252 2809 1390 2836 mensuris.

1470 2865 1489 2894 5
