1879 3045
41 126 86 153 509
591 119 594 122 ’
652 122 756 150 EXODI
775 121 852 150 CAP.
872 120 1015 148 XXXVIII.

41 186 159 212 δακτύλιοι
177 186 216 216 εἰς
236 184 321 220 θήκας
338 186 394 216 τοῖς
417 183 608 220 ἀναφορεῦσιν,
632 183 703 210 ὥστε
723 183 810 220 αἴρειν

40 236 80 267 τὴν
94 232 232 268 τράπεζαν.
250 232 291 258 I5.
307 231 363 258 Καὶ
379 231 507 266 ἐποίησεν
528 231 591 262 τοὺς
615 231 762 266 ἀναφορεῖς
779 231 811 256 ἐκ

1595 117 1648 145 510

864 183 937 210 tinos
952 183 1021 218 ejus,
1039 185 1067 209 et
1083 180 1221 209 thuribula
1235 180 1310 216 ejus,
1323 184 1351 208 et
1367 180 1479 215 cyathos
1491 179 1561 214 ejus,
1581 184 1609 206 et
1618 179 1650 206 Ii-

864 228 969 256 batoria
986 228 1056 263 ejus,
1070 227 1097 254 in
1109 227 1208 262 quibus
1221 226 1325 259 libabit,
1340 226 1399 253 auri
1411 225 1482 260 puri.

39 279 112 312 ξύλων
133 279 265 314 ασήπτων,
287 278 333 304 καὶ
352 277 559 313 κατεχρύσωσεν
580 277 678 308 αὐτοὺς
699 276 802 312 χρυσίῳ
819 276 890 303 ὥστε
910 274 998 311 αἴρειν
1020 275 1070 310 τὴν
1093 273 1242 310 τράπεζαν.
1264 273 1306 300 I6.
1326 274 1379 300 Καὶ
1393 273 1503 309 ἐποίησε
1518 272 1552 299 τὰ
1567 272 1651 309 σκεύη

39 327 80 361 τῆς
92 326 229 363 τραπέζης,
245 326 278 352 τα
289 325 403 362 τρύϐλια
418 325 513 361 αὐτῆς,
527 326 574 352 καὶ
589 325 638 357 τὰς
654 324 767 356 θυίσκας
784 324 879 360 αὐτῆς,
900 324 948 351 καὶ
963 323 1026 354 τοὺς
1045 322 1162 354 κυάθους
1183 320 1277 356 αὐτῆς,
1292 321 1340 348 καὶ
1360 321 1393 347 τὰ
1410 321 1536 347 σπονδεῖα
1555 320 1650 355 αὐτῆς,

39 374 61 399 ἐν
75 371 110 405 οἷς
126 373 224 399 σπείσει
237 374 265 399 ἐν
275 373 376 405 αὺτοῖς,
400 373 511 408 χρυσίου
529 371 660 407 καθαροῦ.
742 399 747 407 ,

68 421 106 446 I7.
124 421 175 446 Kal.
190 420 299 456 ἐποίησε
321 420 371 455 τὴν
385 419 509 454 λυχνείαν
523 427 554 447 ιε
573 419 589 455 ἢ
607 415 729 455 φωτίζει,
741 429 806 456 χρυ-

40 475 63 493 ~:-
79 467 132 502 οῆν,
152 466 273 502 στερεὰν,
287 466 332 492 τὸν
352 465 452 493 καῦλον
474 466 522 492 καὶ
540 466 602 497 τοὺς
620 466 806 501 καλαμίσκους

40 520 65 539 -ἒ-
79 512 104 544 ἐξ
117 512 273 548 ἀμφοτέρων
293 512 347 538 τῶν
368 512 458 548 μερῶν
482 512 575 547 αὐτῆς,
594 513 626 538 ἐκ
646 512 700 538 τῶν
721 513 806 539 καλα-

39 566 64 585 -ξ-
78 558 173 593 μίσκων
185 558 268 592 αὐτῆς
282 559 306 584 οἰ
320 557 429 592 βλαστολ⁸
443 557 589 592 ἐξὲχοντες,
603 559 677 593 τρεῖς
695 559 727 584 ἐκ
745 555 806 585 τού-

39 611 65 631 +
77 612 127 637 του,
147 604 192 630 καὶ
207 605 282 639 τρεῖς
303 604 335 630 ἐκ
355 604 461 635 τούτου,
483 603 650 639 ἐξισούμενοι
671 604 805 640 ἀλλήλοις,

38 657 63 677 +
77 650 118 676 καὶ
130 649 162 676 τὰ
179 649 331 684 λαμπάδεια
345 649 434 676 αὐτῶν
449 649 468 676 ἆ
481 651 554 676 ἐστιν
567 650 614 676 ἐπὶ
628 650 683 676 τῶν
696 650 788 686 ἄκρων
797 660 804 665 ·

38 703 62 723 -t—
79 695 195 731 καρυωτὰ
209 695 239 727 ἐξ
252 695 340 722 αὐτῶν
356 696 403 722 καὶ
419 695 453 722 τὰ
470 695 585 730 ἀνθέμια
599 697 628 722 ἐν
643 696 745 728 αὐτοῖς,
763 697 807 723 ἵνα

38 738 134 769 -ι-ὦσιν
156 741 198 767 ἐπ’
221 741 311 768 αὐτῶν
333 743 357 767 οἱ
375 742 482 776 λύχνοι·
509 742 556 768 καὶ
577 741 608 768 τὸ
633 742 759 777 ἀνοὲμιον
777 743 807 769 τὸ

38 795 62 814 ’ξ-
81 787 193 822 ἓϐὁομον,
212 787 243 813 τὺ
264 788 308 814 ἐπ’
326 787 410 823 ἄκρου
432 787 479 814 τοῦ
502 788 669 824 λαμπαδείου
691 789 737 815 ἐπὶ
758 789 807 824 τῆς

37 840 62 860 +
76 835 188 868 κορυφῆς
202 833 306 860 ἄνωθεν
319 834 439 870 στερεὸν,
453 833 512 860 ὅλον
527 834 644 870 χρυσοῦν
655 843 662 849 ·
677 836 723 861 καὶ
737 835 808 862 ἑπτὰ

37 887 60 905 +
77 879 182 914 λύχνους
201 879 288 914 αὐτῆς
306 881 348 906 ἐπ’
364 879 460 914 αὐτῆς,
478 880 606 915 χρυσοῦς,
627 881 673 907 καὶ
694 880 742 913 τὰς
759 881 807 908 λα-

37 932 61 952 +
75 925 143 956 ῦίδας
161 925 244 960 αὐτῆς
258 926 372 961 χρυσᾶς,
391 925 437 952 καὶ
447 925 496 957 τὰς
510 926 709 961 ἐπαρυστρίδας
723 927 807 962 αὐτῆς

36 978 61 997 +
73 972 167 1006 χρυσᾶς
180 972 212 997 ἐκ
225 970 337 1007 χρυσίου
349 970 470 1005 καθαροῦ
484 972 495 1005 ζ
511 972 544 1005 >ς<
555 972 685 1007 τορευτὴν
696 973 806 1008 ἐποίησε

36 1019 62 1050 ἒς(
75 1018 118 1052 τὴν
132 1018 265 1052 λυχνείαν,
280 1017 325 1044 τὸν
338 1017 437 1043 καῦλον
455 1017 540 1052 αὐτῆς
555 1018 603 1044 καὶ
615 1019 678 1050 τοὺς
691 1019 807 1053 καλαμί-

34 1064 61 1096 Β(
75 1071 148 1094 axon;
163 1063 256 1098 αὐτῆς,
277 1063 323 1089 καὶ
338 1063 401 1094 τοὺς
414 1063 555 1098 κρατῆρας
569 1063 662 1098 αὐτῆς,
681 1064 727 1090 καὶ
740 1065 801 1095 τοὺς

73 1109 259 1144 σφαιρωτῆρας
275 1109 369 1144 αὐτῆς,
385 1108 432 1134 καὶ
444 1108 478 1134 τὰ
490 1108 569 1144 κρίνα
584 1108 669 1143 αὐτῆς
683 1108 711 1141 ἐξ
723 1109 807 1144 αὐτῆς

35 1156 59 1185 ἡ(
70 1151 141 1189 ἦσαν.
165 1154 206 1181 I8.
229 1154 280 1187 Ἐξ
297 1153 326 1180 δὲ
350 1154 512 1189 καλαμίσκοι
539 1154 752 1189 ἐκπορευόμενοι
774 1155 807 1181 ὲκ

35 1202 60 1233 κβ(
76 1201 187 1235 πλαγίων
205 1200 310 1235 αὐτῆς·
331 1202 407 1236 τρεῖς
428 1200 593 1235 καλαμίσκοι
612 1200 662 1235 τῆς
682 1200 806 1236 λυχνείας

35 1249 59 1278 ,τί
72 1247 100 1273 ἐκ
114 1247 156 1273 τοῦ
172 1247 281 1278 κλίτους
294 1246 378 1281 αὐτῆς
400 1245 447 1272 τοῦ
470 1246 539 1277 ἐνὸς,
563 1246 610 1272 καὶ
632 1247 705 1282 τρεῖς
723 1247 807 1273 καλα-

39 1295 60 1326 τῖς
73 1294 155 1328 μίσκοι
176 1294 225 1329 τῆς
245 1294 372 1328 λυχνείας
395 1294 427 1320 ἐκ
446 1292 494 1320 τοῦ
518 1293 626 1325 κλίτους
649 1294 734 1328 αὐτῆς
759 1294 805 1320 τοῦ

33 1339 59 1369 [ἐξ
69 1337 196 1374 δευτέρου.
211 1339 256 1366 I9.
273 1338 353 1374 Τρεῖς
364 1339 499 1373 κρατῆρες
511 1339 730 1374 ἐκτετυπωμέναι
743 1347 807 1374 καρ-

32 1383 58 1415 ξξ
71 1383 171 1416 υῖσκους
182 1385 211 1411 ἐν
223 1383 389 1419 καλαμίσκῳ
402 1383 440 1419 τῷ
457 1384 496 1410 ἑνὶ
513 1384 673 1420 σφαιρωτὴρ
687 1385 732 1411 καὶ
747 1385 808 1420 κρί-

32 1430 125 1461 Eii/0v,
147 1430 192 1457 καὶ
213 1431 290 1466 τρεῖς
308 1429 446 1466 κρατῆρες
471 1429 690 1464 ἐκτετυπωμένοι
713 1431 807 1466 καρυῖ-

895 423 939 450 I7.
957 421 990 450 Et
1002 421 1066 450 fecit
1080 422 1276 450 candelabrum
1290 428 1321 449 -ε
1339 421 1413 456 quod
1430 421 1576 453 illuminat,
1599 428 1651 448 au—

860 476 889 496 -ι-
901 477 989 500 reum,
1002 469 1119 496 solidum
1130 488 1137 501 ,
1155 468 1255 496 hastile
1266 473 1293 495 et
1308 468 1472 495 calamiscos
1483 475 1516 495 ex
1534 472 1652 503 utraque

859 522 890 542 -ε-
899 509 976 550 parte
987 515 1047 550 ejus
1061 525 1068 542 :
1083 523 1117 542 ex
1129 514 1285 542 calamiscis
1294 514 1353 549 ejus
1364 514 1582 547 ramiexeuntes;
1596 518 1651 541 tres

859 567 890 587 νε-
903 567 936 587 ex
951 559 1012 592 hoc,
1023 564 1050 587 et
1061 564 1115 587 tres
1126 567 1158 587 ex
1171 559 1234 593 hoc,
1245 559 1363 594 aequales
1377 558 1504 590 invicem,
1513 563 1540 586 et
1553 559 1652 592 lampa-

859 612 889 632 —:—
903 605 950 633 des
960 613 993 632 ex
1010 605 1087 640 ipsis,
1099 613 1160 639 qum
1177 608 1241 632 sunt
1260 612 1342 639 supra
1361 604 1531 631 summitates
1547 613 1554 631 :
1569 610 1652 630 nuces

858 660 885 680 —:—
901 659 934 679 ex
951 652 1027 687 ipsis,
1038 655 1064 679 et
1077 659 1147 678 rosa:
1157 651 1185 678 in
1206 651 1282 685 ipsis,
1297 654 1328 677 ut
1350 650 1405 677 sint
1429 657 1510 684 super
1524 649 1584 676 illas
1607 648 1651 675 Iu-

859 705 890 725 +
902 705 990 725 cernze
1007 702 1052 725 :et
1069 705 1133 725 rosa
1148 697 1262 732 septima
1273 716 1280 728 ,
1298 703 1359 731 quae
1379 699 1422 723 est
1440 703 1522 730 supra
1538 695 1654 722 summi.

859 752 891 772 -:—
905 749 986 771 tatem
1004 744 1148 778 lampadis,
1165 751 1247 778 supra
1264 750 1395 770 cacumen
1419 749 1541 774 sursum,
1555 741 1652 775 solida,

859 797 890 817 +
903 794 959 816 tota
971 797 1052 817 aurea
1067 799 1073 816 :
1091 793 1118 817 et
1129 793 1233 824 septem
1255 788 1382 815 lucernas
1394 787 1454 822 ejus
1470 794 1552 821 supra
1573 786 1651 818 illud,

859 843 891 863 -ε-
903 843 1015 868 aureas;
1029 840 1057 863 et
1071 834 1188 870 forcipes
1203 835 1264 869 ejus
1277 842 1387 866 aureos,
1410 837 1437 860 et
1460 832 1565 860 fusoria
1590 832 1650 867 ejus

859 890 891 910 σε
906 890 990 909 aurea
1010 889 1043 909 ex
1064 889 1132 908 auro
1153 889 1221 916 puro
1239 882 1251 914 ζ
1267 882 1302 914 >εέ
1322 879 1447 907 lornatile
1468 879 1531 906 l'ecit
1552 878 1653 906 cande-

858 930 891 963 )s(
908 928 1033 962 labrum,
1057 928 1154 955 hastile
1178 928 1256 962 ejus,
1284 931 1310 953 et
1332 925 1492 953 calamiscos
1513 925 1574 959 ejus
1588 944 1596 956 ,
1626 928 1653 951 et

858 975 891 1007 3K
908 978 1027 1001 crateras
1041 973 1111 1008 ejus,
1127 977 1154 1000 et
1171 972 1321 1007 sphaerulas
1334 972 1409 1006 ejus;
1428 976 1456 998 et
1474 970 1530 997 lilia
1540 970 1600 1004 cjus
1619 977 1653 996 ex

859 1020 893 1053 )a(
911 1019 970 1054 ipso
983 1024 1070 1047 erant.
1088 1019 1130 1045 I8.
1147 1019 1200 1046 Sex
1218 1023 1306 1045 autem
1331 1017 1470 1044 calamisci
1489 1021 1620 1044 exeuntes
1637 1023 1653 1042 e

862 1065 1036 1099 Xlateribus
1046 1065 1125 1099 ejus:
1143 1069 1197 1092 tres
1213 1064 1352 1092 calamisei
1368 1063 1524 1090 candelabri
1535 1070 1568 1089 ex
1584 1062 1653 1088 late-

862 1113 896 1146 X
910 1119 939 1139 re
949 1112 1008 1147 ejus
1024 1120 1089 1145 uno,
1102 1116 1127 1139 et
1141 1116 1195 1138 tres
1207 1110 1345 1138 calamisci
1358 1109 1512 1137 candelabri
1525 1117 1558 1136 ex
1570 1109 1654 1135 latere

860 1158 896 1193 ῥίς
908 1157 966 1193 ejus
974 1158 1104 1185 secundo.
1116 1157 1159 1185 I9.
1172 1158 1239 1185 Tres
1247 1161 1366 1184 crateres
1379 1155 1523 1183 reddentes
1537 1155 1652 1182 formam

862 1206 897 1239 Ἀ(
912 1212 1025 1237 nucum,
1041 1204 1069 1231 in
1082 1204 1230 1231 calamiseo
1240 1211 1295 1230 uno
1313 1203 1448 1238 spbaarula
1464 1206 1490 1228 et
1509 1202 1594 1228 lilium
1607 1210 1614 1234 ;
1627 1205 1655 1228 et

861 1249 895 1282 >ε<
910 1252 964 1274 tres
979 1253 1097 1275 crateres
1115 1247 1259 1275 reddentes
1276 1247 1391 1274 formam
1411 1254 1511 1273 nucum
1521 1266 1528 1278 ,
1543 1247 1570 1273 in
1582 1246 1654 1273 cala-

862 1294 895 1326 >ί<
909 1293 994 1320 misco
1007 1301 1062 1320 uno
1074 1294 1210 1328 spliaarula
1229 1298 1256 1320 et
1272 1294 1359 1320 lilium
1376 1302 1384 1320 :
1407 1293 1447 1320 sic
1469 1300 1519 1330 sex
1541 1291 1652 1319 calami-

862 1339 895 1372 >ε<
906 1338 960 1365 scis
971 1339 1132 1367 exeuntibus
1148 1347 1181 1366 ex
1195 1339 1367 1367 candelabro.
1385 1338 1431 1367 9.0.
1446 1338 1478 1365 Et
1490 1339 1515 1365 in
1525 1337 1653 1365 candela-

862 1385 895 1419 )K
913 1385 962 1411 bro
976 1390 1094 1419 quatuor
1111 1390 1230 1413 crateres
1246 1385 1389 1413 reddcnles
1401 1385 1517 1412 formam
1530 1391 1651 1411 nucum:

863 1432 897 1465 Χ
917 1432 1059 1467 sphmrulze
1071 1432 1140 1467 ejus,
1160 1437 1187 1459 et
1200 1432 1254 1459 lilia
1271 1432 1340 1466 ejus.
1370 1431 1512 1466 Sphmrula
1531 1430 1597 1457 sub.
1609 1449 1633 1456 ..
1644 1449 1651 1456 .

32 1477 59 1508 ζιί
71 1485 142 1509 σκους
153 1486 160 1492 ·
178 1479 207 1505 ἐν
224 1478 265 1513 τῷ
280 1477 442 1512 καλαμίσκῳ
458 1477 496 1512 τῷ
515 1477 555 1503 ἐνὶ
578 1477 736 1513 σφαιρωτὴρ
757 1479 804 1504 καὶ
817 1479 908 1515 κρίνον
920 1488 927 1494 ·
941 1479 1027 1512 οὕτως
1043 1481 1099 1511 τοῖς
1113 1480 1142 1513 ἒξ
1156 1481 1336 1516 καλαμίσκοις
1356 1481 1412 1512 τοῖς
1429 1478 1654 1514 ἐκπορευομένοις

30 1523 57 1555 Ξ(
69 1524 97 1550 ἐκ
112 1524 158 1559 τῆς
178 1524 314 1560 λυχνείας.
334 1524 380 1551 20.
404 1523 459 1550 Καὶ
479 1524 508 1549 ἐν
529 1524 562 1558 τῇ
585 1523 696 1559 λυχνείῳ
719 1524 851 1561 τέσσαρες
871 1526 1009 1562 κρατῆρες
1034 1527 1255 1563 ἐκτετυπωμένοι
1281 1527 1446 1562 καρυΐσκους
1458 1535 1465 1541 ο
1482 1527 1506 1553 οἱ
1529 1534 1651 1562 upupa;-

31 1571 58 1604 Ἀ
71 1571 145 1606 τῆρες
162 1571 249 1607 αὐτῆς
275 1571 322 1598 καὶ
341 1571 375 1597 τὰ
400 1571 481 1606 κρίνα
507 1570 610 1606 αὐτῆς·
635 1572 650 1597 ὁ
666 1573 825 1608 σφαιρωτὴρ
842 1574 895 1600 ὑπὸ
914 1575 1034 1606 τοὺς....,

172 1641 376 1669 ΣΥΜΜΑΧΟΣ.
824 1643 864 1670 0’.
1293 1643 1491 1670 ΘΕΟΔΟΤΙΩΝ.

59 1724 82 1752 I.
608 1726 634 1753 I.
654 1727 787 1754 Κιὸωτόν.

73 1793 79 1799 ,
609 1772 636 1799 2.
650 1772 801 1807 Κυμάτιον.
827 1773 948 1808 Ἄλλος,
963 1775 1096 1811 χείλωμα.
1169 1775 1196 1802 2.

56 1817 81 1846 6,
426 1823 429 1825 ‘
608 1817 635 1844 6.
662 1817 835 1853 Ἱλαστήριον.
859 1819 980 1853 Ἄλλος,
1005 1820 1098 1847 θυσια-
1171 1820 1198 1847 6.

574 1853 621 1888 στή
627 1861 692 1888 ριον.

59 1898 96 1925 18,
609 1897 650 1924 I8.
674 1898 721 1923 Ἐκ
735 1897 782 1924 τοῦ
796 1898 902 1930 κλίτους
917 1900 1010 1928 αὑτοῦ,
1171 1900 1216 1928 18.

171 1956 395 1985 SYMMACHUS.
665 1955 737 1982 LXX
752 1955 1003 1984 INTERPRETES.
1286 1953 1492 1984 THEODOTIO.

57 2014 79 2041 I.
613 2014 639 2041 I.
650 2014 759 2042 Arcam.
1176 2016 1198 2044 1.

56 2058 80 2086 2.
611 2060 640 2087 2.
673 2060 838 2095 Cymatium.
866 2060 954 2091 Alius.
977 2062 1096 2090 labrum.
1170 2061 1198 2088 2t

56 2105 79 2132 6.
612 2106 640 2133 6.
654 2105 889 2140 Propitiatorium.
903 2106 990 2141 Alius,
1000 2107 1094 2135 altare.
1168 2106 1194 2133 6.

57 2152 96 2180 l8.
613 2151 656 2178 I8.
669 2150 709 2178 Ex
724 2151 808 2178 latere
818 2151 915 2186 ipsius.
1168 2153 1212 2181 I8.

413 2216 503 2246 Notae
517 2217 548 2244 et
562 2212 657 2244 variae
670 2211 829 2243 lectiones
844 2212 884 2243 ad
899 2220 968 2251 cap.
984 2213 1138 2243 XXXVII
1154 2213 1269 2244 Exodi.

25 2281 106 2312 autem
122 2277 226 2311 Aquilae
240 2276 332 2304 versio
349 2285 430 2312 supra
443 2277 524 2304 etiam
537 2277 709 2312 observatur,
723 2282 748 2302 c.
761 2275 807 2308 25,

25 2319 46 2337 ν.
62 2311 102 2338 I0.
125 2313 268 2347 Signiﬁcat
282 2318 372 2339 autem
384 2311 593 2347 γλωσσόκομον,
609 2311 747 2344 scrinium,
764 2319 809 2337 ar-

24 2347 111 2376 culam.
121 2347 270 2381 capsulam,
283 2349 324 2374 vel
338 2348 419 2375 etiam
435 2348 612 2380 marsupium.

55 2381 84 2408 ν.
102 2382 128 2409 2.
146 2380 194 2410 Sic
207 2383 381 2410 (Jolbertinus
402 2388 428 2409 et
444 2387 499 2410 tres
513 2382 599 2417 Regii.
617 2380 808 2409 Samaritanus

25 2416 264 2454 liodiernus|liabet
282 2422 348 2451 377:,
366 2418 438 2453 quod
453 2422 497 2445 est
516 2416 629 2445 corona.

899 2275 977 2311 νηδ.
1001 2276 1123 2308 Ἄλλος,
1144 2274 1345 2311 θυσιαστήριον.
1371 2273 1416 2300 Sic
1436 2271 1608 2299 Colbertinus
1629 2276 1656 2300 et

863 2315 921 2338 tres
933 2310 1021 2345 Regii.

899 2345 932 2373 V.
959 2339 1003 2374 III.
1033 2347 1085 2379 ’A.,
1106 2346 1216 2382 μέρους.
1241 2346 1280 2373 Ita
1302 2344 1476 2372 Colbertinus
1502 2346 1528 2369 ct
1554 2339 1654 2376 Regius

863 2389 945 2409 IIIIUS.

599 2474 723 2506 CAPUT
742 2473 911 2505 XXXVIII
935 2472 1074 2503 EXODI.

526 2536 748 2575 Fragmentum
776 2543 814 2563 ex
838 2533 905 2563 cod.
920 2533 1056 2564 Colbert.
1079 2531 1168 2563 308’s.

26 2595 174 2624 ἑπτακόσιοι
190 2598 276 2624 σίκλοι
289 2599 322 2633 >ς<
334 2598 364 2625 ἐν
379 2597 418 2633 τῷ
435 2597 518 2633 σίκλῳ
532 2598 573 2633 τῷ
588 2598 657 2632 ἁγίῳ
672 2597 682 2631 ζ
699 2597 807 2632 ὃράχμη

27 2642 70 2675 μία
81 2645 112 2679 τῇ
130 2645 248 2680 κεφαλῇ,
264 2644 293 2671 τὸ
307 2645 391 2680 ἥμισυ
405 2644 452 2671 τοῦ
467 2644 559 2670 σίκλου
575 2644 645 2670 κατὰ
658 2643 704 2669 τὸν
719 2642 809 2668 σίκλον

23 2686 64 2713 τὸν
76 2689 161 2723 Ξγιον.
175 2690 233 2721 Πᾶς
243 2690 258 2716 ὁ
270 2690 528 2726 παραπορευόμενος
540 2689 588 2725 τὴν
600 2688 744 2724 ἐπίσκεψιν
756 2688 810 2714 ἀπὸ

24 2734 190 2767 εἰχοσαέτους
211 2735 258 2762 καὶ
277 2735 370 2761 ἐπάνω
390 2736 430 2767 εἰς
447 2736 494 2767 τὰς
517 2735 648 2771 ἐξήκοντα
666 2734 809 2770 μυριάδας,

24 2781 64 2806 καὶ
81 2781 246 2816 τρισχιλίους
262 2782 308 2808 καὶ
330 2781 533 2814 πεντακοσίους,
558 2781 606 2809 καὶ
631 2781 808 2816 πεντήκοντα.

24 2825 62 2850 '26.
79 2827 134 2853 Καὶ
146 2828 262 2863 ἐγενήοη
276 2828 310 2855 τὰ
323 2828 420 2855 ἑκατὸν
432 2828 550 2856 τάλαντα
563 2827 610 2854 τοῦ
625 2827 754 2863 ἀργυρίου
770 2827 809 2858 εἰς

25 2872 66 2897 I'T'I
93 2873 223 2904 κώνευςιν
244 2874 298 2902 τῶν
323 2875 474 2904 κεσαλίδων
500 2875 548 2907 τῆς
574 2875 684 2908 σκηνῆς,
705 2874 751 2901 καὶ
770 2874 809 2905 είς

859 2595 939 2622 clima
963 2602 1016 2621 una
1039 2595 1131 2630 capiti,
1146 2594 1290 2622 dimidium
1306 2594 1365 2621 sicli
1387 2592 1537 2620 secundum
1556 2591 1654 2620 sit-lum

861 2647 996 2669 sanctum.
1016 2640 1112 2669 Omnis
1124 2642 1260 2668 transiens
1282 2640 1464 2668 visitationem
1486 2646 1501 2665 a
1523 2638 1655 2665 vicesimo

861 2695 934 2715 anno
946 2692 972 2715 et
982 2695 1076 2722 supra,
1096 2688 1127 2714 ad
1145 2688 1288 2722 sexaginta
1304 2686 1452 2720 myriadas,
1473 2689 1500 2712 et
1513 2688 1553 2711 ter
1579 2684 1653 2711 mille

861 2733 1000 2769 quingenti
1011 2738 1037 2761 et
1048 2733 1307 2768 quinquagintaﬁﬁ.
1318 2732 1351 2759 Et
1372 2732 1446 2759 facta
1469 2735 1651 2759 suntcentum

866 2781 964 2808 talenta
976 2781 1079 2816 argenti
1095 2781 1122 2807 in
1142 2780 1331 2807 conﬂationem
1354 2778 1542 2814 capitellorum
1560 2775 1653 2802 taber-

864 2826 954 2854 naculi
967 2847 976 2860 ,
995 2831 1022 2854 et
1043 2827 1070 2854 in
1091 2826 1215 2861 capitella
1240 2825 1391 2853 velamiuis.
1407 2823 1452 2852 27.
1470 2823 1583 2850 Centum
1605 2829 1653 2848 ca-

865 2873 955 2908 plthIa
994 2873 1027 2901 ad
1055 2877 1163 2901 centum
1197 2872 1313 2904 talenta,
1349 2870 1481 2898 talentum
1511 2866 1648 2902 capitellu.
