1880 3043
35 121 84 148 515

34 185 115 213 ματος
129 176 325 213 ἐϐδομήκοντα
336 175 454 204 τάὶιιντα
467 178 513 204 καὶ
530 177 652 212 δισχίλιοι
664 177 712 204 καὶ
729 185 827 213 τετρα-

33 224 116 251 κόσιοι
134 223 235 250 σίκλοι.
254 223 300 251 50.
316 224 371 250 Kal
381 224 516 259 ,ἐποίησαν
529 223 558 255 ἐξ
573 223 655 250 αὑτοῦ
671 224 720 255 τὰς
735 223 827 258 βάσεις

690 119 792 148 ΕΧΟΒΙ
809 121 884 149 CAP.
898 122 1019 151 XXXIX.

1611 128 1662 156 5H

878 172 982 211 altaris,
996 183 1023 206 et
1037 180 1128 207 omnia
1144 187 1208 207 vasa
1218 181 1323 209 altaris.
1338 182 1382 209 3L
1398 181 1431 209 Et
1446 182 1525 210 bases
1545 184 1606 211 atrii
1621 187 1655 220 χ

879 230 906 251 et
927 232 1021 252 omnes
1047 226 1161 260 paxillus
1182 226 1373 262 tabernaculi:
1390 234 1416 256 et
1429 237 1524 257 omnes
1545 231 1661 265 paxillos

33 273 76 307 τῆς
93 272 184 308 θύρας
197 272 250 307 τῆς
272 272 375 308 σκηνῆς
389 272 436 299 τοῦ
458 273 606 308 μαρτυρίου
624 274 657 308 χ
676 272 722 298 καὶ
737 272 768 298 τὸ
783 271 819 298 θυ

881 271 941 298 atrii
957 271 984 298 in
1004 271 1131 299 circuitu.

32 320 192 355 σιαστὴριον
204 319 236 346 τὸ
249 318 389 354 χαλκοῦνζ
404 319 494 345 καὶτὸ
507 319 654 354 παράθεμα
676 319 708 345 τὸ
727 317 842 353 χαλκοῦν
859 316 907 342 τοῦ
931 317 1132 354 θυσιαστηρίου,
1156 320 1201 346 καὶ
1233 320 1320 346 πάντα
1343 321 1377 346 τὰ
1403 322 1487 358 σκεύη
1517 323 1663 359 θυσιαστη-

32 368 98 403 ρίου.
113 367 162 394 5|.
181 367 240 394 Kal
261 366 314 398 τὰς
331 366 422 401 βάσεις
435 367 483 402 τῆς
499 367 582 403 αὐλῆς
605 369 639 401 χ
662 367 707 393 καὶ
723 366 826 397 πάντας
843 365 906 396 τοὺς
923 365 1077 397 πασσάλους
1092 366 1142 401 τῆς
1157 367 1259 402 σκηνῆς
1281 368 1292 401 ζ
1318 368 1364 394 καὶ
1384 369 1488 400 πάντας
1515 371 1578 401 τοὺς
1591 378 1662 398 πασ-

31 414 126 446 σάλους
142 414 199 449 τῆς
215 413 304 449 αὐλῆς
320 413 422 448 κύκλῳ.

191 469 401 498 ΣΥΜΜΔΧΟΣ.
837 470 864 494 U'
869 487 875 493 .
1303 467 1491 495 ΘΕΟΔΟἹἸΩΝ
1495 490 1501 496 .

66 551 92 578 8.
629 552 655 578 8.
671 551 819 586 Νηστευσαι

878 571 879 575 η
1187 549 1213 575 8.

57 597 103 624 εὖ.
626 598 670 625 24.
689 597 766 624 Κατά
779 597 825 623 τὸν
839 596 938 623 σίκλον.
1185 595 1229 621 25.

61 642 105 669 25.
626 643 671 671 25.
685 643 808 678 Δράχμη.

878 644 945 674 αος,
955 641 1110 677 δίδραχμον.
1182 641 1227 668 25.

60 687 105 716 29.
624 689 668 716 29.
678 688 782 719 Χαλκὸς
793 687 819 714 ἐε

878 688 975 723 ήκοντα
982 686 1110 719 τάλαντα,
1181 687 1225 715 29.

591 724 638 751 καὶ
659 723 790 758 δισχίλιοι.
813 723 926 758 Ἄλλοι,
948 722 1108 758 τετρακοσια

591 759 637 785 καὶ
652 757 835 793 ἑϐδομήκοντα.
855 757 981 789 τάλαντα,
996 757 1043 783 κα)⁸
1052 757 1108 783 δισ-

590 793 678 828 χίλιοι.
695 794 814 826 ’Δλλος,
830 793 981 828 τριακόσια,

184 847 409 877 SYIMACHUS.
677 847 747 875 LXX
764 847 1015 874 INTERPRETES.
1307 848 1513 877 THEODO'I‘IO.

61 897 86 923 8.
630 893 658 920 8.
673 893 738 926 Quae
746 893 944 929 jejunaverant.
1179 895 1204 922 8,

59 941 104 968 24.
626 937 672 965 24.
688 937 844 965 Secundum
858 937 965 965 siclum.
1179 941 1223 969 24,

60 988 103 1016 25_
625 984 671 1011 25.
687 984 831 1012 Drachma.
847 984 890 1011 ΑΙ.
908 984 1108 1012 didrachmum.
1180 986 1225 1013 25.

60 1033 104 1061 39-
625 1034 670 1062 29.
698 1034 748 1062 ΑΕΒ
785 1034 953 1069 septuaginta
983 1023 1104 1067 talénta,
1176 1032 1220 1059 29.

591 1073 619 1096 et
633 1070 675 1097 bis
696 1070 779 1097 mille.
797 1070 861 1100 Alii,
876 1070 1071 1105 quadringenta
1079 1075 1106 1096 et

592 1105 761 1140 septuaginta
779 1105 890 1136 talenta,
912 1109 938 1131 et
958 1104 1000 1132 bis
1020 1104 1104 1131 mille.

591 1140 677 1173 Alius,
693 1145 823 1168 trecenta.

429 1182 517 1213 Nota;
530 1185 561 1213 et
577 1185 672 1215 varite
686 1184 839 1216 lectiones
851 1183 891 1213 ad
906 1191 975 1221 cap.
991 1181 1159 1215 XXXVIII
1174 1179 1287 1211 Exodi.

59 1233 90 1261 ν.
105 1234 237 1275 21.}:
250 1233 381 1275 κετάςξδν
393 1233 522 1275 στατῆρα.
547 1232 592 1263 Sic
613 1235 710 1271 Aquila
728 1240 819 1262 vo‘cem

28 1275 84 1299 rw
96 1269 198 1297 vertit.
216 1269 257 1296 Ex
274 1269 424 1297 Basiliensi.
645 1269 654 1271 “

43 1291 57 1312 ¹’
61 1304 91 1331 ν.
105 1305 155 1332 25.
178 1304 316 1332 Hebraico
331 1309 420 1332 autem
444 1310 519 1333 textu
536 1305 565 1333 v.
582 1305 627 1332 26.
643 1306 765 1337 Ἀλλος,
779 1304 819 1331 δὶ-

27 1339 156 1375 ὄραχμον.
176 1347 215 1367 ex
240 1338 438 1367 Basiliensi.—
450 1340 563 1369 Coislin.
585 1341 624 1367 Ἀ.
636 1360 643 1372 ,
661 1340 819 1375 δίδραχμον.

874 1234 1045 1269 θ’,δρὰχμη
1058 1233 1086 1259 1η
1096 1230 1238 1269 Basiliensi
1246 1230 1404 1269 δίδραχμον,
1415 1229 1495 1258 tacito
1503 1230 1658 1269 interprete

907 1254 912 1264 .
927 1242 1045 1294 οραχμη.
1059 1242 1086 1259 ιη
1096 1242 1238 1260 DaSllICHSI
1246 1242 1404 1266 οιοραχμον,
1415 1242 1495 1258 ιδυιιυ
1504 1242 1657 1264 uttcrprrte'

907 1268 938 1295 V.
955 1270 997 1296 2’9.
1015 1268 1100 1295 lasce
1113 1267 1204 1294 varias
1223 1265 1428 1300 supputationes
1447 1263 1553 1300 praefert
1573 1265 1657 1291 codex

871 1302 1040 1330 Basiliensis.
1055 1302 1113 1330 Una
1125 1309 1189 1329 vero
1204 1298 1282 1327 LXX"
1296 1298 1474 1334 Interpretuin
1498 1299 1658 1334 Hexaplaris

871 1339 952 1366 editio
970 1346 1031 1366 cum
1047 1337 1178 1365 lchraico
1195 1335 1341 1364 consentit.
1358 1335 1468 1362 Caetera:
1484 1335 1636 1362 dissonant.

621 1411 748 1442 CAPUT
765 1411 906 1441 XXXIX
923 1410 1062 1440 EXODI.

629 1471 682 1502 Ea:
710 1470 780 1502 cod.
810 1470 1053 1501 Colbert.308’t.

27 1544 66 1572 I0.
88 1545 145 1572 Ka'.
166 1545 328 1580 συνυφάνθη
342 1546 371 1571 ὲν
386 1545 459 1581 αὐτῷ
474 1554 505 1574 +
521 1546 634 1581 ὕφασμα
650 1545 792 1572 κατάλιθον
806 1545 817 1578 ζ

26 1591 218 1627 τετράπιχον.
233 1590 322 1617 Λίθων
339 1591 438 1627 στίχος,
454 1592 561 1627 σάρδιον
574 1592 622 1618 xal
633 1591 760 1623 τοπάζιον
773 1591 820 1617 καὶ

28 1637 200 1672 σμάραγδος,
214 1636 229 1661 ό
247 1635 336 1671 στίχος
347 1637 361 1663 ὁ
376 1635 425 1668 εἷς.
449 1637 490 1664 II.
512 1636 568 1663 Kal
586 1637 600 1662 6
618 1635 706 1671 στίχος
725 1636 739 1662 6
761 1635 821 1662 δεύο

27 1689 110 1716 τερος,
123 1679 248 1716 ἄνθραξ,
264 1680 310 1706 καὶ
324 1680 472 1716 σάπφειρος
491 1681 537 1707 καὶ
550 1680 657 1712 ἴασπις·
676 1680 719 1707 I2.
737 1679 792 1706 Kal
807 1681 821 1706 ὁ

29 1727 139 1762 στίχοςὸ
153 1726 263 1761 τρίτος,
284 1726 413 1763 λιγύριον,
437 1726 484 1753 καὶ
506 1726 625 1762 ἀχάτης,
647 1727 693 1752 καὶ
716 1724 820 1761 ἀμέθυ-

28 1780 94 1804 στος.
111 1772 161 1800 I3.
192 1772 251 1798 Kal
262 1772 277 1798 ὁ
293 1771 383 1806 στίχος
405 1772 420 1798 ὁ
438 1772 583 1807 τέταρτος,
601 1771 757 1807 χρυσόλιθος
775 1771 822 1797 καὶ

27 1818 140 1853 ὀνύχων,
152 1817 207 1844 καὶ
225 1816 378 1852 βηρύλλιον,
388 1816 628 1852 περικεκλωσμένσ.
639 1817 685 1843 καὶ
701 1816 821 1842 συνδεδε-

29 1865 94 1899 μένα
107 1863 235 1900 χρυσίῳ,
250 1863 278 1888 ἐν
294 1862 333 1898 τῷ
346 1863 450 1898 χρυσίῳ
465 1862 564 1890 αὐτῶν.
579 1863 622 1889 14.
642 1863 696 1889 Καὶ
710 1863 735 1889 οι
752 1861 821 1888 λίθοι

28 1911 57 1936 ἐκ
70 1909 124 1936 τῶν
144 1908 294 1943 ὀνομάτων
308 1907 361 1934 τῶν
373 1908 438 1935 υἰῶν
459 1908 566 1944 Ἰσραὴλ
577 1906 646 1944 ἦσαν
656 1928 663 1939 ,
675 1907 778 1934 δώδεκα
790 1908 821 1934 ὲκ

27 1955 77 1982 τῶν
91 1954 243 1990 ὀνομάτων
260 1953 359 1986 αὐτῶν,
370 1954 584 1989 ἐγγεγλυμμένοι
603 1955 642 1985 εἰς
662 1953 820 1988 σφραγῖδας,

27 2001 140 2032 ἕκαστος
161 2000 200 2026 ὲκ
216 1998 262 2025 τοῦ
278 1999 408 2034 ὀνόματος
426 1999 508 2026 αὐτοῦ
535 2000 576 2030 el;
587 1999 636 2030 τὰς
650 1999 755 2026 δώδεκα
773 2007 822 2034 φυ-

26 2047 81 2078 ὶάς.
98 2046 142 2074 I5.
164 2044 226 2072 Kal
241 2044 372 2080 ἐποίησαν
383 2044 429 2070 ἐπὶ
443 2044 473 2070 τὸ
485 2044 575 2078 λόγιον
596 2045 737 2080 κρωσσοὺς
754 2053 821 2080 συμ-

27 2091 251 2128 πεπλεγμένους,
269 2089 348 2126 ἔργον
365 2090 510 2125 ἐμπλοκίου
523 2109 531 2122 ,
553 2091 586 2116 ἐκ
604 2090 714 2125 χρυσίου
736 2090 820 2117 καθα-

29 2137 82 2171 ροῦ.
102 2137 158 2168 I6._
171 2136 231 2162 Kal
252 2135 381 2170 ἐποίησαν
404 2134 450 2161 δύο
469 2135 631 2166 ἁσπιδίσκας
653 2136 756 2171 χρυσᾶς
776 2137 822 2163 καὶ

27 2182 69 2208 δύο
83 2181 255 2212 δακτυλίους
266 2180 392 2216 χρυσοῦς,
405 2181 451 2207 καὶ
468 2180 606 2215 ἐπέθηκαν
623 2182 669 2207 ἐπὶ
690 2182 753 2213 τοὺς
776 2181 822 2208 δύο

27 2227 193 2257 δακτυλίους
208 2233 241 2253 +
260 2226 323 2257 τοὺς
332 2225 448 2261 χρυσοῦς
466 2225 477 2259 ζ
491 2226 534 2252 ἐπ’
547 2227 703 2262 ἀμφοτέρας
715 2227 763 2259 τὰς
774 2227 823 2263 ἀρ-

28 2273 72 2307 χὰς
94 2272 146 2300 τοῦ
170 2271 291 2306 λογείου.
309 2271 353 2298 I7.
365 2271 419 2298 Kal
437 2271 572 2307 ἐπέθηκαν
593 2272 626 2299 τὰ
645 2272 779 2308 ὲμπλόκια
792 2274 824 2300 ἐκ

27 2319 138 2355 χρυσίου
154 2317 206 2344 ἐπὶ
220 2318 284 2349 τοὺς
297 2315 343 2344 δύο
356 2317 514 2349 δακτυλίους
524 2317 566 2344 ἐπ’
583 2318 747 2354 ἀμφοτέρων
771 2318 823 2345 τῶν

29 2364 119 2399 μερῶν
133 2362 189 2390 τοῦ
205 2361 322 2396 λογείου,
339 2363 386 2389 καὶ
399 2363 438 2394 είς
453 2362 502 2394 τὰς
518 2363 563 2389 δύο
581 2363 716 2398 συμϐολὰς
728 2364 761 2390 τὰ
777 2364 824 2390 δύο

28 2409 181 2443 ἐμπλάκια.
190 2407 234 2434 I8.
243 2407 298 2433 Kal
312 2408 450 2444 ἐπέθηκαν
469 2408 514 2434 ἐπὶ
527 2409 576 2440 τὰς
589 2408 636 2434 δύο
650 2408 821 2441 ἀσπιδίσκας,

28 2455 73 2480 καὶ
95 2454 209 2489 ἔθηκαν
226 2452 310 2484 αὑτὰς
325 2453 371 2480 ἐπὶ
384 2454 446 2485 τοὺς
463 2453 553 2489 ὤμους
570 2454 618 2489 τῆς
641 2453 775 2488 ἐπωμίδος
795 2453 824 2485 ἐξ

29 2500 153 2531 ἐναντίας
167 2498 242 2525 κατά
256 2499 398 2534 πρόσωπον
409 2498 500 2527 αὐτοῦ.
515 2500 556 2527 I9.
566 2499 620 2525 Kal
633 2499 764 2534 ἐποίησαν
778 2499 824 2526 δύο

29 2545 192 2575 δακτυλίους
204 2543 334 2579 χρυσοῦς,
347 2543 395 2571 xal
411 2543 549 2580 ἐπέθηκαν
573 2544 619 2571 ἐπὶ
643 2544 676 2571 τά
695 2543 742 2570 δύο
758 2553 822 2570 πτε-

32 2592 111 2626 ρύγια
126 2597 162 2617 σε-
181 2590 226 2616 tn‘
241 2589 327 2625 ἄκρου
343 2589 414 2624 ζτοῦ
428 2589 546 2624 λογείου,
564 2590 610 2616 ἐπὶ
625 2590 656 2616 τὸ
677 2589 761 2625 ἀκρον
775 2588 822 2616 τοῦ

31 2636 159 2663 ὀπισθῐου
177 2635 231 2671 τῆς
250 2634 387 2670 ἐπωμίδος
409 2634 520 2663 ἔσωθεν.
544 2636 598 2662 Καὶ
624 2635 754 2668 ἐποίησαν
777 2634 823 2661 δύο

29 2682 192 2714 δακτυλίους
205 2680 333 2717 χρυσοῦς,
347 2681 396 2708 καὶ
414 2681 514 2717 ἔθηκαν
529 2681 626 2713 αὐτοὺς
646 2683 689 2708 ἐπ’
706 2681 824 2716 ἀμφοτέο

32 2737 92 2763 ρους
106 2728 176 2760 τοὺς
189 2727 283 2762 ὤμους
301 2728 351 2762 τῆς
370 2727 504 2763 ἐπωμίδος
529 2727 651 2754 κάτωθεν
668 2728 738 2754 κατὰ
757 2728 823 2764 προ·
856 2761 861 2769 1

31 2781 121 2802 «annos
141 2772 229 2801 αὐτοῦ
247 2773 319 2800 κατὰ
333 2773 383 2808 τὴν
399 2773 535 2809 συμϐολὴν
552 2773 634 2800 αὐτοῦ
655 2773 758 2800 ἀνωθεν
773 2773 822 2808 τῆς

32 2821 152 2857 συνυᾳῆς
165 2821 217 2856 τῆς
229 2819 376 2854 ἐπωμίδος.
398 2819 452 2845 Καὶ
471 2819 644 2855 συνέσφιγξεν
670 2820 700 2846 τὸ
719 2819 821 2854 λογεῖον

873 1544 946 1571 daris
962 1545 973 1578 ζ
987 1547 1104 1578 quatuor
1116 1538 1252 1570 ordinum.
1269 1542 1400 1577 Lapidum
1413 1542 1493 1575 ordo;
1514 1542 1658 1570 sardiusel

873 1591 995 1624 topazius
1013 1594 1041 1616 et
1057 1588 1229 1623 smaragdus,
1250 1589 1317 1616 ordo
1338 1597 1409 1616 unus
1429 1599 1436 1616 :
1460 1589 1503 1616 II.
1524 1588 1558 1616 Et
1589 1589 1660 1616 ordo

873 1635 1019 1667 secundus,
1033 1634 1216 1662 carbunculus
1233 1637 1260 1661 et
1275 1634 1430 1669 sapphirus,
1445 1638 1472 1661 et
1479 1634 1568 1670 jaspis
1582 1643 1589 1661 ε
1613 1635 1657 1663 I2.

872 1676 982 1708 Et'ordo
993 1679 1102 1713 tertius,
1111 1679 1239 1714 ligurius,
1251 1683 1279 1706 et
1292 1679 1402 1707 achates
1413 1684 1439 1707 et
1465 1679 1634 1716 amethystus
1650 1689 1657 1707 :

873 1726 915 1753 I5.
925 1726 959 1753 Et
969 1725 1035 1752 ordo
1046 1729 1170 1760 quartus,
1193 1724 1376 1760 chrysolithus
1398 1728 1426 1752 et
1447 1724 1611 1760 onychinus,
1631 1729 1660 1753 et

872 1773 1002 1807 beryllus,
1015 1771 1185 1798 circumtorti
1199 1776 1225 1798 et
1237 1771 1355 1805 colligati
1367 1777 1444 1804 auro,
1459 1771 1486 1797 in
1503 1778 1572 1798 auro
1588 1771 1660 1806 ipso-

872 1825 943 1844 rum.
963 1817 1006 1844 Η.
1022 1816 1055 1844 Ει
1076 1816 1178 1851 lapides
1204 1823 1238 1843 ex
1263 1815 1419 1843 nominibus
1434 1815 1552 1842 ﬁliorum
1574 1815 1657 1843 Israel

871 1868 959 1895 erant,
973 1863 1115 1890 duodecim
1126 1869 1160 1889 ex
1174 1861 1331 1888 nominibus
1345 1869 1441 1888 eorum
1456 1871 1462 1888 :
1475 1862 1614 1897 exsculpta
1630 1862 1657 1889 in

872 1909 980 1944 sigillis,
1002 1907 1193 1942 unusquisque
1206 1914 1240 1934 ex
1256 1913 1307 1934 suo
1326 1906 1437 1934 nomine
1462 1907 1489 1934 in
1512 1907 1656 1935 duodecim

872 1954 969 1981 tribus.
989 1953 1033 1980 I5.
1060 1952 1093 1980 Et
1110 1952 1232 1980 fecerunt
1256 1959 1338 1987 supra
1362 1952 1493 1980 rationale
1517 1954 1659 1980 catenulas

872 1999 1058 2034 complicatas,
1071 2005 1141 2033 opus
1152 1997 1379 2032 complicationis,
1393 2005 1426 2024 ex
1439 2005 1508 2024 auro
1518 2005 1596 2032 puro.
1610 2000 1654 2026 I6.

872 2045 905 2072 Et
917 2045 1040 2072 fecerunt
1051 2045 1119 2071 duas
1133 2043 1282 2078 aspidiscas
1298 2050 1404 2075 aureas,
1414 2047 1440 2070 et
1454 2043 1523 2071 duos
1537 2043 1655 2073 annulos

872 2097 970 2118 aureos
980 2110 987 2122 ,
1000 2093 1028 2116 et
1044 2089 1232 2123 imposuerunt
1246 2095 1330 2123 supra
1344 2087 1413 2116 duos
1428 2088 1545 2116 annulos
1560 2095 1592 2117 -ι-
1606 2096 1655 2116 au-

873 2142 933 2162 reos
948 2134 960 2169 ξ
973 2134 1006 2161 ad
1019 2138 1133 2169 utraque
1151 2133 1283 2168 principia
1299 2133 1450 2160 rationalis.
1468 2133 1509 2160 I7.
1524 2133 1557 2161 Et
1567 2134 1655 2168 Impo-

873 2184 985 2208 sucrunt
999 2179 1220 2215 complicationcs
1231 2186 1265 2206 ex
1278 2186 1346 2206 auro
1357 2187 1439 2214 super
1448 2179 1518 2207 duos
1528 2180 1654 2213 annulos.

875 2234 956 2261 super
967 2230 1096 2260 utrasque
1108 2229 1199 2260 partes
1210 2225 1360 2258 rationalis,
1371 2226 1436 2253 etin
1449 2225 1519 2253 duas
1530 2226 1657 2254 commis‘

874 2279 952 2299 suras
964 2272 1031 2298 duas
1042 2270 1271 2305 complicationes.
1280 2271 1321 2298 I8.
1332 2270 1365 2298 Et
1376 2271 1562 2306 imposuerunt
1573 2278 1656 2307 super

874 2317 1110 2352 duasaspidiscas,
1123 2321 1150 2344 et
1169 2321 1318 2351 posuerunt
1331 2325 1377 2344 eas
1396 2318 1423 2344 in
1440 2317 1510 2345 duos
1527 2317 1656 2345 humeros

874 2363 1106 2398 superhumeralis
1129 2371 1161 2389 ex
1177 2363 1292 2390 adverso
1310 2363 1459 2391 secundum
1474 2363 1570 2391 faciem
1583 2363 1653 2398 ejus.

874 2409 916 2436 I9.
935 2409 966 2436 Et
984 2409 1106 2437 fecerunt
1120 2409 1189 2437 duos
1212 2409 1327 2436 annulos
1346 2417 1454 2442 aureos,
1471 2413 1497 2436 et
1514 2409 1653 2444 imposue-

873 2459 937 2482 runt
947 2462 1029 2490 super
1042 2455 1110 2482 duas
1121 2455 1180 2482 alas
1195 2462 1225 2482 -ι-
1240 2462 1322 2489 super
1342 2454 1526 2482 summitatem
1546 2454 1557 2488 ζ
1570 2454 1656 2482 ratio-

873 2501 953 2533 nalis,
968 2508 1049 2536 super
1058 2500 1240 2528 summitatem
1249 2500 1323 2528 dorsi
1332 2500 1560 2535 superhumeralis
1570 2500 1653 2532 intus.

873 2545 906 2573 Et
922 2546 1043 2574 fecerunt
1055 2546 1124 2574 duos
1141 2545 1256 2573 annulos
1271 2552 1377 2577 aureos,
1395 2550 1422 2573 et
1436 2550 1585 2580 posuerunt
1605 2553 1654 2574 eos

873 2593 906 2620 ad
927 2598 1058 2628 utrosque
1069 2594 1198 2621 humeros
1215 2591 1447 2627 superbumeralis
1460 2592 1494 2620 ab
1514 2592 1570 2620 imo
1581 2592 1652 2626 ejus,

873 2639 1021 2665 secundum
1041 2639 1136 2666 faciem
1148 2639 1218 2673 ejus,
1229 2638 1263 2665 ad
1279 2638 1487 2666 commissuram
1501 2638 1562 2673 ejus
1576 2638 1653 2665 ἀθω-

871 2691 919 2718 per
939 2688 1104 2712 contextum
1119 2683 1359 2719 superhumeralis.
1380 2683 1414 2711 Et
1432 2683 1595 2712 constrinxit
1609 2690 1653 2710 ra-

872 2729 970 2756 tionale
984 2729 1018 2756 ab
1033 2729 1152 2761 annalis,
1162 2729 1209 2763 qui
1228 2736 1309 2764 super
1320 2729 1420 2765 ipsum,
1433 2729 1460 2756 in
1477 2728 1592 2756 annulos
1604 2735 1653 2755 su-

871 2773 1067 2808 perhumeralis
1082 2774 1252 2801 continentes
1268 2781 1300 2801 ex
1320 2773 1464 2809 hyacintho
1476 2770 1651 2805 complicatos

872 2820 905 2847 ad
922 2824 1108 2848 contexturam
1121 2820 1359 2855 super-humeralls,
1375 2824 1405 2846 ut
1423 2825 1475 2846 non
1490 2817 1591 2845 dilﬂuat
1608 2824 1651 2842 ra-
