1880 3043
245 138 298 166 545

244 205 352 225 omnem
364 195 520 231 sanguinem
544 195 620 222 vituli
640 195 759 224 effundet
782 197 816 224 ad
831 197 918 226 basim
932 198 1024 226 altaris

245 241 413 274 holocausti,
437 240 509 275 quod
534 244 577 268 est
593 241 625 268 ad
643 241 740 275 januas
759 241 928 269 tabernaculi
947 243 1025 270 testi-

244 287 339 316 monii.
360 287 387 314 8.
408 286 441 314 Et
460 293 569 313 omnem
599 286 706 321 adipem
730 287 806 314 vituli
836 295 885 321 pro
913 292 1025 322 peccato

243 333 347 360 auferet
372 332 407 359 ab
433 339 484 363 eo,
510 332 616 366 adipem
646 331 813 367 operientem
840 333 980 366 intestina,
999 337 1026 360 et

242 385 350 406 omnem
366 377 484 412 adipem,
497 378 542 412 qui
556 382 597 405 est
612 385 694 413 super
707 379 853 405 intestina:
871 378 897 405 9.
914 377 1025 406 Etduos

241 431 331 454 renes,
347 427 374 450 et
391 423 497 458 adipem
510 423 557 458 qui
579 430 659 457 super
675 423 758 457 ipsos,
774 423 820 458 qui
837 427 879 450 est
893 431 975 458 super
988 422 1026 450 fe-

241 477 329 501 mora,
350 472 377 497 et
401 476 518 504 pennam
546 476 606 503 quae
633 476 715 503 super
731 469 809 503 jecur
831 476 893 497 cum
915 469 1026 497 renibus

241 514 348 542 auferet
359 514 458 550 ipsam,
481 514 525 541 10.
545 514 772 549 quemadmodum
801 514 924 542 aufertur
939 515 996 550 ipsa
1010 522 1026 542 a

241 561 326 588 vitulo
341 560 467 588 sacrificii
482 560 620 591 salutaris,
638 564 666 587 et
691 559 785 587 oﬂeret
800 560 886 596 ipsam
899 561 1026 588 sacerdos

241 615 322 643 super
340 608 424 634 altare
437 607 600 634 holocausti.
617 607 660 634 ll.
678 606 710 633 Et
722 606 818 641 pellem
835 607 914 634 vituli
928 611 954 634 et
965 614 1026 634 om-

242 661 303 682 nem
319 654 378 689 ejus
395 661 502 680 carnem
517 661 579 681 cum
604 652 692 688 capite
720 653 790 688 ejus,
808 658 834 681 et
849 653 1029 681 extremitati-

243 700 304 731 bus,
325 703 352 727 et
367 703 471 732 ventre,
483 704 510 726 et
522 700 597 726 limo.
611 699 654 726 l2.
672 698 705 726 Et
728 699 840 727 ederent
859 704 944 727 totum
958 699 1028 726 vitu-

244 745 300 772 lum
314 749 390 772 extra
409 749 498 772 castra
513 745 539 772 in
554 745 644 772 locum
663 745 806 779 mundum,
822 745 868 773 ubi
887 745 1029 773 effundunt

243 790 371 822 cinerem,
392 794 418 817 et
431 790 590 817 comburent
611 790 686 817 illum
719 798 799 825 super
816 791 887 826 ligna
899 792 926 818 in
945 791 1026 827 igne:

246 843 328 870 super
345 836 478 864 ell'usione
492 837 592 864 cineris
603 837 779 865 cremabitur.

754 139 993 168 HEXAPLORUM
1012 139 1096 173 QUAS
1118 139 1336 168 SUPERSUNT.
1808 139 1851 171 5H

1069 198 1225 235 awﬁs'csw;
1238 197 1326 225 ἔναντι
1339 197 1450 233 Κυρίου,
1481 196 1496 224 ὅ
1519 195 1591 224 ἔστιν
1609 195 1638 222 ἒν
1651 196 1685 231 τῇ
1700 196 1785 232 σκηνῇ
1811 196 1850 222 τοῦ

1076 244 1236 279 μαρτυρίου.
1252 244 1306 270 Kal
1323 244 1376 270 πᾶν
1392 243 1421 269 τὸ
1437 240 1506 278 αἷμα
1525 241 1573 269 τοῦ
1592 242 1692 277 μόσχου
1703 242 1794 276 ἐκχεεί
1807 250 1852 268 πα.

1076 287 1111 323 ρὰ
1125 287 1173 322 τὴν
1187 287 1264 322 βάσιν
1280 287 1326 313 τοῦ
1341 287 1532 322 θυσιαστηρίου
1553 287 1602 322 τῆς
1616 286 1852 318 6λοκαυτὼσεως,ὸ

1075 334 1148 359 ἐστιν
1164 333 1239 368 παρὰ
1263 332 1311 363 τὰς
1328 331 1412 367 θύρας
1434 332 1483 366 τῆς
1499 331 1602 366 σκηνῆς
1627 330 1672 357 τοῦ
1699 331 1851 366 μαρτυρίου.

1076 379 1101 405 8.
1117 379 1171 405 Kal
1187 379 1241 406 πᾶν
1255 379 1285 405 τὸ
1299 378 1381 414 στέαρ
1396 377 1441 404 τοῦ
1464 377 1564 413 μόσχου
1581 377 1628 404 τοῦ
1644 377 1694 412 τῆς
1714 377 1851 412 ἁμαρτίας,

1076 425 1196 460 περιελεῖ
1217 425 1264 451 ἀπ’
1289 424 1382 456 αὑτοῦ,
1403 424 1432 451 τὸ
1458 424 1540 460 στέαρ
1555 423 1585 450 τὸ
1598 423 1803 451 καταχαλύπτον
1828 425 1853 450 τὰ

1076 471 1208 502 ὲνδόσθια,
1236 471 1283 498 καὶ
1298 471 1351 497 πᾶν
1375 470 1404 497 τὸ
1420 470 1501 506 στέαρ
1517 470 1547 497 τὸ
1571 470 1617 496 ἐπὶ
1632 469 1686 496 τῶν
1707 469 1852 501 ὲνδοσθίωιι,

1076 518 1102 544 9.
1119 517 1173 543 Kal
1186 516 1250 548 τοὺς
1262 515 1308 542 δύο
1321 516 1446 551 νεφροὺς,
1478 516 1524 542 καὶ
1541 515 1571 542 τὸ
1597 514 1679 550 στέαρ
1695 515 1726 541 τὸ
1752 515 1796 540 ἐπ’
1815 514 1853 540 αὖ·

1077 562 1140 594 τῶν,
1157 563 1170 589 ὃ
1181 563 1254 589 ἐστιν
1272 562 1317 588 ἐπὶ
1334 562 1388 588 τῶν
1401 561 1517 596 μηρίων,
1532 561 1579 587 xal
1604 560 1649 587 τὸν
1660 560 1738 586 λάϐον
1755 560 1800 585 τὸν
1817 558 1852 584 ἐπὶ

1077 608 1122 635 τοῦ
1140 608 1254 643 ἥπατος,
1268 608 1315 634 σὺν
1328 608 1384 639 τοῖς
1398 608 1505 641 νεφροῖς
1519 606 1638 642 περιελεῖ
1662 606 1738 636 αὐτὸ,
1758 606 1799 632 10.
1815 606 1852 630 ’ον

1077 655 1176 690 τρόπον
1203 655 1360 690 ἀπαιρεῖται
1387 653 1441 679 ἀπὸ
1457 652 1503 680 τοῦ
1519 653 1617 688 μόσχου
1633 652 1680 679 τοῦ
1703 652 1752 687 τῆς
1769 651 1853 682 θυσίας

1078 700 1123 727 τοῦ
1135 700 1277 736 σωτηρίου.
1291 700 1346 726 Kal
1369 698 1468 726 ἀνοίσει
1491 699 1556 725 αὐτὸ
1573 699 1587 724 ὁ
1608 699 1697 733 ἱερεὺς
1710 698 1756 724 ἐπὶ
1772 698 1802 724 τὸ
1816 697 1854 723 Ου-

1079 746 1235 781 σιαπήριον
1249 746 1298 780 τῆς
1327 745 1502 781 καρπώσεως.
1532 744 1573 771 Η.
1593 744 1648 770 Καὶ
1674 744 1704 770 τὸ
1719 743 1806 778 δέρμα
1818 742 1853 768 τώ

1081 792 1191 827 μόσχου.
1208 792 1256 818 καὶ
1266 792 1355 818 πᾶσαν
1371 790 1451 817 αὐτοῦ
1476 790 1524 826 τὴν
1543 790 1632 825 σάρκα
1651 790 1698 816 σὺν
1712 791 1745 824 τῇ
1759 788 1853 823 κεφαλῇ

1082 836 1174 867 αὑτοῦ,
1189 836 1237 862 καὶ
1267 837 1323 867 τοῖς
1339 835 1512 871 ἀκροατηρίοις
1526 834 1572 861 καὶ
1600 835 1633 869 τῇ
1663 834 1750 868 κοιλίᾳ
1772 833 1853 866 καὶτῇ

243 882 348 918 κόπρῳ.
366 882 408 909 19..
427 883 482 908 Kal
503 882 650 916 ἐξοίσουσιν
665 883 725 910 ὅλον
746 883 792 910 τδν
815 883 913 918 μόσχον
934 883 986 917 ἔξω
1003 883 1053 918 τῆς
1073 881 1247 917 παρεμϐολῆς
1269 883 1309 913 εἰς
1336 881 1416 908 τόπον
1445 881 1573 916 καθαρὸν,
1593 878 1623 907 οὗ
1651 879 1792 915 ὲκχεοῦσιν
1815 881 1854 915 τὴν

246 927 367 959 σποδιὰν,
376 928 422 955 καὶ
432 929 650 955 κατακαύσουσιν
663 929 744 956 αὐτὸν
757 930 804 956 ἐπὶ
814 929 899 963 ξύλων
912 930 940 955 ὲν
949 930 1026 964 πυρί·
1046 929 1092 955 ἐπὶ
1107 928 1155 963 τῆς
1167 927 1302 962 ὲκχύσεως
1312 927 1362 962 τῆς
1384 927 1494 958 σποδιᾶς
1504 926 1677 961 καυθήσεται.

281 975 326 1002 15.
343 974 371 1002 Si
385 980 474 1003 autem
492 976 581 1004 omnis
597 975 737 1012 Synagoga
751 977 834 1004 lsrael
852 977 1027 1011 ignoraverit.

245 1026 273 1049 et
285 1022 395 1049 latuerit
405 1022 516 1050 verbum
532 1022 565 1050 ab
586 1023 673 1051 oculis
698 1024 857 1059 Synagogae,
873 1028 900 1051 et
915 1024 1029 1052 fecerint

247 1075 332 1096 unum
344 1068 377 1095 de
389 1068 517 1095 omnibus
531 1069 666 1096 mandatis
688 1068 805 1102 Domini,
820 1069 892 1104 quod
906 1077 959 1096 non
972 1069 1028 1101 ﬁet.

247 1117 276 1142 et
289 1113 452 1149 deliquerint
474 1123 480 1140 :
509 1113 552 1141 Η.
581 1113 615 1140 Et
643 1115 791 1142 innotuerit
812 1115 852 1142 eis
876 1119 1027 1150 peccatum,

247 1159 320 1194 quod
335 1164 514 1194 peccaverunt
527 1159 554 1186 in
570 1167 603 1187 eo
618 1165 662 1187 :ct
673 1161 788 1188 adducet
801 1160 943 1196 Synagoga
959 1161 1029 1188 vitu-

249 1205 303 1232 lum
315 1212 347 1232 ex
368 1205 455 1232 bobus
474 1212 505 1232 οι-
538 1206 768 1239 immaculatum:
787 1213 836 1240 pro
855 1211 966 1241 peccato
983 1211 1030 1234 :et

247 1249 363 1277 adducet
392 1257 455 1277 eum
481 1250 515 1277 ad
542 1251 642 1278 ostium
670 1251 837 1279 tabernaculi
868 1252 1028 1279 testimonii.

247 1295 292 1322 15.
305 1295 338 1322 Et
350 1295 490 1330 imponent
501 1295 623 1323 seniores
635 1295 783 1332 Synagoga:
793 1304 892 1324 manus
906 1305 971 1324 suas
983 1305 1030 1324 su-

247 1348 295 1375 per
305 1346 387 1375 caput
401 1341 479 1368 vituli
495 1346 557 1368 ante
573 1341 728 1374 Dominum,
742 1342 940 1377 etjugulabunt
959 1343 1030 1369 vitu-

247 1387 303 1414 lum
319 1391 382 1414 ante
396 1387 551 1415 Dominum.
568 1387 611 1414 16.
631 1387 663 1414 Et
679 1388 777 1415 inferet
799 1388 937 1416 sacerdos.
976 1409 983 1417 .
1024 1408 1031 1415 .

250 1477 321 1513 ρεύς.
346 1497 358 1514 ρ
400 1498 406 1504 .
447 1497 455 1505 .
495 1497 501 1504 .
543 1498 549 1504 .
589 1497 595 1504 .
637 1497 644 1504 .
685 1499 692 1505 .
733 1497 740 1505 .
782 1498 788 1504 .
830 1498 836 1505 .
877 1498 885 1506 .
926 1499 933 1505 .
975 1498 983 1506 .
1024 1498 1029 1504 .

285 1524 328 1551 17.
392 1525 524 1560 sanguine
539 1525 614 1551 vituli
634 1534 640 1551 :
656 1529 683 1552 et
703 1529 828 1560 asperget
844 1524 944 1559 septies
967 1529 1029 1552 ante

250 1570 394 1600 Dominum
408 1572 440 1599 ad
455 1571 550 1599 faciem
567 1570 708 1599 velamiuis
720 1578 752 1599 +
764 1571 849 1599 sancti
868 1571 878 1605 ζ
895 1571 938 1598 18.
952 1570 985 1598 Et
997 1571 1030 1599 de

953 1662 996 1689 ΤΟ
1012 1662 1186 1689 EBPAIKON

1119 976 1162 1003 15.
1187 975 1250 1002 Ἐὰν
1275 975 1303 1001 δὲ
1320 976 1395 1002 πᾶσα
1424 975 1567 1010 συναγωγὴ
1595 974 1698 1010 Ἰσραὴλ
1731 975 1854 1010 ἀγνοήτῃ.

1082 1023 1128 1050 καὶ
1150 1022 1218 1059 λάθῃ
1235 1023 1308 1059 ῥῆμα
1336 1021 1366 1054 ἐξ
1393 1021 1536 1056 ὀφθαλμῶν
1553 1020 1600 1056 τῆς
1632 1021 1802 1056 συναγωγῆς,
1818 1022 1855 1046 καὶ

1083 1070 1214 1105 ποιήσωσι
1230 1068 1292 1103 μίαν
1305 1067 1358 1094 ἀπὸ
1373 1067 1465 1094 πασῶν
1492 1067 1545 1094 τῶν
1562 1067 1675 1093 ἐντολῶν
1688 1067 1791 1102 Κυρίου
1805 1066 1855 1101 ῆοὺ

1083 1113 1270 1149 ποιηθήσεται,
1286 1113 1334 1139 καὶ
1362 1112 1588 1147 πλημμελήσωσι,
1604 1112 1646 1139 14.
1665 1112 1719 1138 Kal
1743 1111 1855 1146 ἐγνώσθη

1083 1158 1173 1190 αὐτοῖς
1187 1159 1203 1193 ὴ
1216 1158 1337 1194 ἁμαρτία
1366 1158 1399 1193 ἢν
1412 1158 1534 1193 ἥμαρτον
1549 1159 1576 1184 ὲν
1590 1158 1670 1193 αὐτῇ.
1696 1157 1751 1184 Καὶ
1781 1165 1855 1193 προς-

1083 1204 1140 1237 άξει
1153 1205 1170 1240 ἡ
1187 1203 1329 1239 συναγωγὴ
1343 1203 1441 1238 μόσχον
1455 1205 1486 1230 ὲκ
1503 1203 1571 1239 βοῶν
1588 1210 1620 1231 +
1638 1203 1752 1239 ἄμωμον
1772 1204 1782 1238 ζ
1805 1203 1857 1238 mp!

1083 1251 1131 1286 τῆς
1148 1250 1295 1286 ἁμαρτίας.
1312 1250 1367 1277 Kal
1380 1249 1508 1285 προσάξει
1525 1250 1605 1276 αὐτὸν
1623 1250 1698 1285 παρὰ
1714 1249 1763 1285 τὴν
1783 1249 1857 1284 θύραν

1083 1297 1133 1332 τῆς
1148 1297 1250 1333 σκηνῆς
1261 1296 1308 1323 τοῦ
1323 1296 1484 1332 μαρτυρίου.
1513 1296 1555 1322 l5.
1571 1296 1625 1322 Kal
1647 1295 1818 1330 ἐπιθήσουσιν
1839 1294 1858 1320 ul

1084 1342 1262 1378 πρεσϐύτεροι
1278 1342 1327 1377 τῆς
1349 1341 1509 1376 συναγωγῆς
1539 1341 1588 1373 τὰς
1612 1342 1704 1376 χεῖρας
1719 1340 1806 1366 αὐτῶν
1819 1339 1859 1366 ἐπὶ

1086 1389 1135 1424 τὴν
1151 1389 1271 1424 κεφαλὴν
1283 1388 1328 1415 τοῦ
1343 1388 1442 1424 μόσχου
1457 1388 1544 1414 ἔναντι
1553 1387 1665 1422 Κυρίου,
1680 1387 1726 1413 καὶ
1738 1386 1859 1420 codicum

1086 1434 1132 1460 τὸν
1162 1434 1259 1470 μόσχον
1285 1434 1374 1461 ἔναντι
1401 1434 1514 1470 Κυρίου.
1534 1432 1575 1460 16.
1593 1433 1647 1459 Kal
1672 1431 1780 1458 είσοίσει
1800 1431 1814 1456 ό
1830 1436 1859 1456 ιε-

1071 1498 1077 1504 -
1120 1499 1126 1506 .
1168 1499 1175 1506 ι
1217 1500 1224 1506 -
1266 1499 1273 1508 ο
1314 1500 1320 1506 .
1362 1500 1368 1507 .
1409 1499 1416 1506 ι
1456 1499 1464 1506 ο
1505 1498 1513 1506 ο
1552 1500 1559 1506 .
1601 1498 1608 1504 -
1649 1498 1656 1506 ι
1698 1498 1704 1504 Ι
1744 1496 1751 1504 α
1792 1497 1799 1504 ε
1837 1495 1844 1503 ι

1120 1526 1162 1552 ‘l'i'.
1245 1527 1360 1562 αἵματος
1381 1526 1428 1553 τοῦ
1451 1526 1561 1561 μόσχου.
1582 1525 1637 1552 Kal
1659 1526 1735 1560 ῥανεί
1755 1523 1862 1554 ἑπτάκις

1083 1571 1172 1598 ἔναντι
1190 1573 1292 1608 Κυρίου
1315 1574 1373 1600 κατ’
1387 1571 1500 1599 ἐνώπιον
1517 1571 1563 1598 τοῦ
1577 1572 1819 1606 καταπετάσματος
1831 1577 1859 1597 4-

1531 1662 1679 1690 ΛΚΥΛΑΣ.

896 1697 1058 1733 Ἑλληνικοῖς
1075 1698 1230 1734 γράμμασι.

383 1661 426 1688 ΤΟ
438 1661 619 1688 EBPAIKON.

607 1748 699 1774 nam
713 1743 732 1770 ‘2
837 1745 864 1771 2.

508 1794 568 1821 ενδ
590 1781 697 1818 Πωκὸ
716 1790 732 1816 5
839 1791 864 1817 3.

631 1829 733 1867 ηκτοι-15

617 1919 697 1945 sum
717 1915 734 1942 4
840 1919 867 1946 ι.

500 1967 576 1995 ωηο
597 1967 700 1992 ’JD'I'lR
717 1963 733 1990 6
840 1965 865 1992 6.

603 2084 694 2111 D‘DDI'
720 2081 734 2106 7
840 2081 867 2108 7.

665 2154 739 2194 rium

624 2271 738 2308 ﬁat-5x

307 2371 433 2400 VEBSIO
450 2370 610 2399 HEBRAICI
628 2371 728 2400 ΤΕΧΤ.

291 2429 320 2456 3.
335 2428 362 2456 In
377 2428 541 2464 ignorantia.

292 2477 320 2503 5.
334 2476 372 2502 Ad
388 2475 516 2502 delictum
530 2474 632 2510 populi.

294 2521 323 2548 In
340 2525 491 2555 peccatum.
848 2521 899 2548 Pro
917 2525 1036 2555 peccato.

294 2567 321 2594 4.
339 2566 372 2593 Et
386 2565 488 2593 all‘eret.
849 2567 876 2594 4.
897 2567 1030 2594 Adducet.

296 2612 323 2640 6.
339 2611 407 2639 Cum
425 2611 546 2640 faciebus
561 2612 624 2640 veli.

298 2657 324 2685 7.
338 2657 511 2684 Aromatum.

295 2736 482 2766 Asoenaionis.
850 2736 1016 2765 Holocausti.

298 2819 339 2849 Ad
353 2820 568 2849 fundamentum.
850 2815 879 2846 In
897 2818 994 2846 basim.

907 2370 925 2397 ν
932 2371 950 2399 υ
956 2369 1071 2397 LGATA
1090 2369 1225 2397 LATINA.

843 2429 871 2456 2.
893 2428 943 2455 Per
958 2426 1148 2462 ignorantiam.

846 2477 872 2502 5.
893 2475 1054 2510 Delinqucre
1069 2473 1171 2501 faciens
1182 2472 1322 2509 populum.

1391 1746 1418 1773 2.
1437 1746 1480 1771 'Ev
1491 1744 1596 1780 ἀγνοίᾳ.

1391 1791 1417 1817 5.
1435 1791 1481 1822 El;
1497 1789 1689 1826 πλημμέλησιν
1704 1788 1750 1816 τοῦ
1763 1787 1834 1815 λαοῦ.

1393 1915 1420 1943 4.

1391 1962 1419 1990 6.

1395 2077 1421 2106 7.

1556 2364 1695 2400 AQUILA.

1397 2424 1422 2450 3.
1439 2423 1469 2451 in
1483 2423 1648 2458 ignorantia.

1397 2470 1423 2497 3.
1440 2468 1479 2496 Ad
1491 2468 1617 2496 delictum
1633 2466 1734 2504 populi.

1399 2559 1416 2586 4

847 2611 872 2638 6.
894 2610 995 2638 Contra
1007 2611 1107 2638 velum.
1398 2604 1424 2633 3-

848 2657 873 2684 'l.
885 2656 1082 2693 Thymiamatis
1097 2656 1255 2692 gratissimi.
1396 2648 1413 2676 7
