1880 3043
44 81 85 109 543
623 78 774 108 LEVITIC]
793 86 795 101 I

863 101 870 108 .
890 79 934 108 ιν.

42 139 78 166 τοῦ
89 138 152 173 ἁγίου
169 138 178 172 ζ
196 137 238 164 18.
257 137 313 164 Kal
325 136 380 164 ἀπὸ
391 135 438 163 τοῦ
453 136 569 171 αἵματος
587 138 712 174 ἐπιθήσει
732 145 763 166 -ι-
778 139 792 165 ὁ

41 185 110 220 ἱερεὺς
123 186 133 218 ζ
147 184 188 210 ὲπὶ
203 183 236 210 τὰ
246 183 347 218 κέρατα
359 183 405 209 τοῦ
419 183 609 219 θυσιαστηρίου
626 184 679 210 τῶν
695 183 792 219 θυμια-

42 231 113 265 pith
125 236 152 256 -ἓ-
166 229 210 264 τῆς
230 228 379 260 συνθέσεως
400 229 411 262 ζ
438 230 452 255 ὅ
465 229 538 255 ἐστιν
552 228 664 256 ἐνώπιον
679 229 792 265 Κυρίου,

39 278 118 304 ὃὲστιν
130 275 171 302 ἐπὶ
183 275 230 311 τῆς
243 276 344 310 σκηνῆς
365 275 412 302 τοῦ
439 276 598 311 μαρτυρίου.
617 276 672 302 Kal
693 276 723 303 τὺ
740 277 793 303 πᾶν

39 319 92 356 οἶμα
104 322 183 356 ὲκχεεῖ
195 321 262 356 πρὸς
278 321 327 356 τὴν
356 321 432 356 βάσιν
457 321 503 348 τοῦ
526 321 717 357 θυσιαστηρίου
741 322 794 348 τῶν

40 368 212 403 χαρπωμάτων,
229 367 258 393 τὸ
283 367 313 393 ὃν
334 367 401 402 πρὸς
429 369 462 403 τῇ
479 367 548 402 θύρᾳ
561 367 610 402 τῆς
629 368 730 402 σκηνῆς
746 368 792 394 τοῦ

41 412 170 447 μαριυρίου.
183 412 224 438 19.
239 412 295 438 Kal
308 412 338 439 τὺ
352 414 404 440 πᾶν
425 413 508 448 στέαρ
520 412 602 439 αὑτοῦ
617 413 736 449 περιελεῖ
747 414 792 440 ἀπ’

40 457 112 487 αὑτοῦ.
133 458 175 484 καὶ
197 458 298 484 ἀνοίσει
324 458 371 484 ἐπὶ
396 458 426 484 τὸ
452 458 653 494 θυσιαστήριον.
680 458 725 486 20.
740 459 794 485 Kal

40 502 311 538 ποιήσειτδνμόσχον.
353 523 360 530 .
401 524 407 530 .
449 524 455 530 .
498 524 504 531 .
546 523 552 529 .
594 523 600 529 .
642 522 649 529 .
690 522 697 529 .
739 524 744 529 .
787 524 793 530 .

40 596 74 621 καὶ
86 595 222 628 ἑξιλάσεται
238 596 303 631 περὶ
316 596 405 623 αὐτῶν
420 598 434 623 ὁ
457 596 556 632 ἱερεὺς,
573 596 619 622 καὶ
631 596 795 631 ἀφεθήσεται

41 642 111 674 αὐτοῖς
123 650 148 670 +
161 643 177 677 ἡ
190 643 311 678 ἁμαρτία
329 643 340 677 ζ
355 643 398 669 21.
414 642 470 669 Kal
482 641 628 668 ἐξοίσουσιν
640 641 685 668 τὸν
698 641 796 676 μόσχον

41 696 63 714 +
77 687 126 715 ὅλον
139 689 149 722 ζ
163 687 213 721 ἔξω
238 689 289 724 τῆς
303 688 488 726 παρεμὸολῆς.
514 688 568 715 Kal
582 687 796 714 κατακαύσουσιν

40 732 72 758 τὸν
84 734 179 768 μόσχον,
193 734 222 760 ὃν
249 735 348 770 τρόπον
375 734 547 762 κατέκαυσαν
570 735 615 761 τὸν
640 734 740 770 μόσχον
752 733 796 760 τὸν

40 779 154 814 πρότερον·
170 779 306 815 ἁμαρτίας
319 780 477 815 συναγωγῆς
491 781 573 808 ἐστιν.

65 824 100 850 '22.
116 825 172 851 Ἐὰν
184 825 212 851 δὲ
227 826 242 851 ὁ
260 825 349 861 ἄρχων
362 826 471 862 ἁμάρτῃ
484 827 530 852 καὶ
551 826 649 862 ποιήσῃ
666 826 728 861 μίαν
744 826 797 853 ἀπὸ

40 870 112 896 πισῶν
123 870 171 896 τῶν
190 870 305 897 ἐντολῶν
329 871 432 906 Κυρίου
454 869 501 897 τοῦ
525 871 591 897 Θεοῦ
621 871 712 903 αὑτοῦ,
732 871 750 906 ἢ
766 871 796 898 οὐ

40 915 200 950 πιηθὴσεται,
228 917 373 948 ἀκουσίως,
391 917 439 943 καὶ
466 916 659 952 πλημμεληθῇ.
682 916 727 943 25.
743 917 798 943 Kal

39 961 123 997 γνωσθῇ
137 962 208 997 αὐτῷ
231 964 248 997 ἡ
274 962 395 998 ἁμαρτία
415 964 448 998 ἢν
471 963 593 998 ἥμαρτεν
613 964 642 989 ὲν
655 963 734 998 αὐτῇ·
750 963 798 990 καὶ

40 1007 152 1039 προσοίσει
163 1006 192 1033 τὸ
204 1007 290 1042 δῶρον
302 1006 382 1033 αὐτοῦ
398 1007 523 1043 χίμαρον.
547 1027 554 1034 .
594 1026 602 1034 .
643 1028 650 1034 .
691 1027 697 1034 .
740 1027 747 1035 .
788 1027 796 1034 .

64 1097 100 1124 Ξιί.
150 1098 195 1124 τοῦ
206 1099 335 1134 χιμάρου,
349 1099 395 1125 καὶ
408 1099 553 1133 σφάξουσιν
561 1099 641 1125 αὐτὸν
649 1100 676 1126 ἐν
684 1099 757 1134 τόπῳ
767 1095 798 1124 οὗ

39 1142 159 1176 στάζουσιν
170 1144 202 1171 τὰ
216 1144 429 1179 ὁλοκαυτώματα
444 1145 558 1172 ἐνώπιον
579 1145 691 1179 Κυρίου’
708 1145 797 1180 ἀμαρ-

38 1189 83 1220 τέις
95 1190 168 1215 ἐστιν·
183 1189 229 1216 95.
241 1190 296 1215 Kal
312 1189 436 1224 ἐπιθήσει
462 1190 476 1215 ὸ
491 1191 580 1226 ἱερεὺς
596 1190 650 1217 ἀπὸ
661 1190 708 1216 τοῦ
719 1190 799 1225 αἵμα-

38 1242 71 1265 ro;
81 1235 119 1260 τοῦ
132 1235 178 1269 τῆς
193 1235 330 1269 ἁμαρτίας
343 1235 381 1270 τῷ
397 1234 519 1270 δακτύλῳ
531 1235 624 1266 αὑτοῦ,
639 1235 686 1262 καὶ
701 1242 731 1263 -'r
746 1235 797 1262 δώ-

39 1287 69 1305 σει
83 1279 92 1313 ζ
113 1281 154 1306 ἐπὶ
165 1280 199 1306 τὰ
213 1281 318 1315 κέρατα
340 1280 387 1306 τοῦ
402 1280 593 1316 θυσιαστηρίου
618 1279 672 1307 τῶν
685 1280 799 1307 ὁλοκαυ-

38 1325 155 1360 τωμάτων,
169 1327 216 1353 καὶ
230 1327 285 1352 πᾶν
299 1326 329 1352 τὸ
343 1324 412 1361 αἷμα
436 1326 517 1353 αὑτοῦ
531 1327 621 1361 ὲκχεεῖ
647 1326 722 1361 παρὰ
748 1325 798 1361 τὴν

39 1370 99 1403 βάσιν
110 1372 152 1398 τοῦ
166 1372 360 1408 θυσιαστηρίου
375 1372 427 1398 τῶν
441 1371 734 1408 ὁλοκαυτωμάτων,26.
744 1371 799 1399 Kal

38 1417 79 1442 πᾶν
89 1416 115 1443 τὸ
127 1418 207 1454 στέαρ
226 1417 308 1445 αὑτοῦ
336 1418 436 1444 ἀνοίσει
463 1418 508 1445 ἐπὶ
535 1418 564 1445 τὸ
591 1418 798 1453 θυσιαστήριον,

37 1460 111 1497 ὥσπερ
134 1463 162 1489 τὺ
188 1463 272 1498 στέαρ
291 1463 386 1495 θυσίας
403 1463 548 1500 σωτηρίου.
576 1464 631 1490 Kal
642 1463 800 1501 tantum.

37 1508 796 1543 περί................

1564 74 1617 111 διο

844 138 975 174 sanguine
991 139 1112 174 imponet
1126 146 1157 166 -t-
1172 139 1299 168 sacerdos
1313 138 1325 174 ζ
1343 147 1426 174 super
1434 146 1536 166 cornua
1553 139 1623 166 alta-

844 185 881 212 ris
897 184 1103 219 thymiamatum
1117 190 1147 211 -ί-
1167 184 1371 219 compositionis
1399 184 1411 218 :
1435 184 1507 219 quod
1521 188 1563 212 est
1576 191 1624 211 co-

843 238 901 257 ram
918 229 1043 263 Domino,
1058 230 1129 264 quod
1152 234 1192 257 est
1214 230 1244 256 in
1267 229 1440 257 tabernaculo
1466 229 1624 258 testimonii.

844 273 878 301 Et
894 282 999 301 omnem
1015 275 1174 310 sanguinem
1187 274 1306 302 eﬂ'undet
1320 274 1353 301 ad
1365 274 1452 302 basim
1468 274 1561 301 altaris
1574 275 1625 302 ha—

845 317 1041 353 locaustorhm,
1051 321 1124 355 quod
1134 325 1175 348 est
1186 320 1257 355 apud
1269 321 1368 347 ostium
1380 321 1546 348 tabernaculi
1554 321 1626 348 testi-

845 366 939 393 monii.
955 366 998 393 19.
1016 366 1048 393 Et
1063 374 1170 393 omnen.
1184 366 1290 400 adipem
1306 366 1409 393 auferet
1424 367 1483 400 ejus
1494 367 1528 394 ab
1539 374 1583 400 eo,
1598 371 1626 394 et

845 412 938 440 otTeret
950 413 1140 447 super'altare.
1157 412 1202 440 20.
1215 412 1249 440 Et
1261 412 1342 440 faciet
1360 412 1485 440 vitulum.
1521 431 1530 438 .
1569 431 1576 439 .
1616 431 1624 438 .

845 512 872 535 et
885 507 1077 543 depropitiabit
1092 514 1142 542 pro
1166 507 1206 534 eis
1225 506 1353 534 sacerdos
1380 510 1407 532 et
1420 505 1570 533 dimittetur
1586 505 1628 532 eis

848 561 878 581 -ι-
894 558 1032 588 peccatum
1056 553 1066 587 ζ
1088 553 1132 579 2|.
1151 552 1183 580 Et
1208 552 1320 580 θίγοι-θοι
1333 551 1447 579 vitulum
1462 558 1493 578 +
1508 554 1594 578 totum
1614 550 1626 586 ζ

846 602 921 625 extra
933 601 1032 625 castra.
1046 597 1079 624 Et
1090 597 1249 625 comburent
1260 596 1386 628 vitulum,
1399 595 1627 630 quemadmodum

847 640 1055 668 combusserunt
1070 640 1183 668 vitulum
1199 640 1316 675 priorem
1331 649 1339 667 :
1356 639 1460 675 peccati
1479 639 1628 675 δινηθεομ

846 691 898 714 ρει.

883 828 926 854 22.
943 827 970 854 Si
984 831 1073 854 autem
1086 827 1212 862 princeps
1224 827 1385 862 peccaverit,
1401 832 1428 856 et
1441 827 1535 856 fecerit
1544 835 1630 855 unum

847 872 881 900 de
892 873 1018 900 omnibus
1032 873 1168 900 mandatis
1180 872 1286 900 Domini
1297 872 1345 900 Dei
1356 873 1410 907 sui,
1421 873 1493 908 quod
1508 881 1563 900 non
1573 873 1629 904 ﬂet.

848 926 902 946 non
920 923 1025 953 sponte,
1042 923 1068 946 et
1086 918 1240 953 deliquerit.
1258 918 1303 946 25.
1321 918 1354 946 Et
1369 919 1518 946 innotuerit
1529 919 1555 946 ei
1566 926 1630 954 pec—

848 970 948 998 catum,
966 965 1037 1000 quod
1054 964 1175 1000 peccavit
1185 964 1212 992 in
1228 972 1270 998 eo,
1287 970 1314 993 et
1331 965 1424 992 oti'eret
1438 972 1538 992 munus
1551 971 1631 992 suum

849 1010 965 1037 hircum.
1011 1030 1018 1038 .
1058 1030 1065 1037 .

1200 1031 1207 1039 ο
1246 1030 1253 1036 ι
1291 1029 1300 1038 ο
1340 1031 1346 1037 ι
1385 1030 1393 1039 α
1433 1029 1440 1037 ο
1478 1030 1486 1037 ι
1527 1029 1535 1036 ι
1574 1028 1582 1037 α
1623 1029 1632 1037 θ

850 1076 858 1084 ο
897 1076 904 1083 ι
949 1075 956 1083 ι
1003 1076 1010 1083 ο
1051 1077 1056 1082 -
1096 1076 1102 1083 ι
1142 1076 1150 1083 ο
1191 1077 1197 1084 .
1237 1076 1245 1084 ι
1284 1077 1292 1084 .
1331 1076 1338 1083 ο
1382 1076 1389 1083 ι
1431 1075 1439 1083 ι
1478 1074 1486 1082 ο
1526 1074 1534 1083 α
1574 1074 1582 1082 ι
1624 1076 1631 1082 ι

883 1102 950 1130 24...
965 1102 1043 1134 hirci,
1053 1102 1251 1137 etjugulabunt
1259 1102 1356 1129 eumin
1370 1102 1440 1134 loco,
1449 1101 1495 1128 ubi
1506 1101 1634 1137 iugulant

849 1145 1068 1172 holocautomata
1084 1152 1176 1172 coram
1195 1145 1308 1173 Domino
1325 1155 1332 1173 :
1349 1146 1454 1181 peccati
1475 1151 1526 1173 est.
1539 1145 1586 1173 25.
1600 1145 1633 1174 Et

849 1188 970 1223 imponet
983 1189 1110 1216 sacerdos
1125 1189 1158 1216 de
1173 1189 1316 1225 sanguine,
1333 1189 1380 1224 qui
1401 1190 1505 1224 peccati
1522 1194 1574 1222 est.
1589 1189 1633 1218 di-

849 1233 905 1267 gito
922 1241 982 1265 suo,
999 1233 1157 1261 ct+dabit
1182 1234 1192 1268 ξ
1218 1242 1300 1269 super
1324 1243 1427 1263 cornua
1451 1235 1544 1263 altaris
1557 1235 1636 1262 bolo-

849 1283 1033 1306 cautomatum
1052 1283 1101 1306 :et
1125 1287 1234 1306 omnem
1268 1281 1428 1315 sanguinem
1458 1280 1518 1315 ejus
1547 1280 1635 1308 επηο-

850 1323 894 1350 det
907 1323 941 1351 ad
953 1324 1040 1351 basim
1058 1324 1153 1352 altaris
1179 1324 1428 1352 liolocautomatum
1447 1325 1512 1353 :26.
1523 1324 1556 1352 Et
1574 1333 1634 1352 om—

850 1377 912 1396 nem
926 1369 1032 1404 adipem
1043 1369 1104 1403 ejus
1117 1369 1212 1397 oﬁ‘eret
1227 1378 1308 1405 super
1328 1370 1424 1404 aitare,
1439 1370 1510 1398 sicut
1524 1371 1631 1406 adipem

852 1416 979 1444 sacriﬁcii
997 1416 1133 1444 salutaris.
1147 1416 1180 1444 Et
1191 1416 1451 1452 depropiliabitpro.
1484 1437 1491 1445 .
1529 1437 1538 1445 .
1578 1435 1587 1444 .
1630 1436 1635 1446 .

855 1482 862 1489 ο
902 1482 910 1489 ο
949 1482 957 1489 ο
996 1483 1003 1489 ι
1042 1481 1050 1489 ι
1090 1483 1098 1491 σ
1140 1481 1147 1489 ο
1186 1482 1193 1490 ι
1236 1482 1244 1490 ο
1290 1484 1296 1490 .
1335 1481 1343 1490 ο
1383 1482 1391 1490 ι
1430 1483 1438 1492 ι
1479 1484 1487 1491 ι
1528 1483 1536 1490 ι
1575 1481 1586 1493 υ
1625 1479 1635 1494 ‘l

836 1529 843 1535 .
885 1529 891 1536 ι
933 1527 940 1535 ι
981 1528 988 1534 ο
1029 1528 1037 1534 ι
1078 1529 1084 1536 ι
1127 1527 1135 1535 ι
1175 1527 1182 1534 α
1223 1527 1231 1536 ο
1273 1528 1280 1535 ο
1320 1529 1327 1535 -
1369 1528 1376 1535 ι
1416 1527 1424 1536 ι
1465 1529 1472 1538 ο
1513 1529 1521 1537 ο
1561 1528 1570 1536 ο
1607 1527 1624 1538 ο

171 1600 374 1627 ΣΤΜΜΑΧΟΣ.
814 1599 850 1625 0’.
1279 1597 1468 1624 ΘΕΟΔΟΤΙΩΝ

61 1681 84 1707 ‘2.
103 1682 143 1709 Ἐν
157 1683 266 1718 ἀγνοίᾳ.
602 1681 630 1708 2.
651 1681 804 1712 Ἀκουσίως.
1157 1679 1185 1707 2.

63 1726 84 1753 '5.
605 1726 631 1754 3.
647 1726 700 1753 Τοῦ
712 1726 756 1752 τὸν
770 1727 795 1752 λε

860 1726 986 1761 ιμαρτεϊν.
1158 1725 1185 1752 5.

605 1770 673 1805 Περὶ
685 1770 734 1805 τῆς
746 1769 892 1805 ἁμαρτίας.
916 1769 1037 1801 Ἄλλος,
1046 1768 1086 1799 είς

575 1805 619 1842 τὴν
633 1805 780 1840 ἁμαρτίαν.

62 1851 87 1880 ι.
603 1849 631 1876 4.
645 1848 787 1885 Προσάξει.
799 1849 921 1880 Ἀλλος,
938 1847 1084 1882 προσοίσει.
1157 1850 1183 1878 4,

62 1898 85 1926 t3.
604 1894 631 1921 6.
643 1893 720 1920 Κατὰ
743 1892 774 1918 τὸ
797 1892 1003 1926 καταπέτασμα.
1021 1891 1088 1918 Ἀλ-
1158 1895 1182 1924 θ,

570 1930 635 1962 λος,
656 1928 702 1954 σὺν
717 1927 755 1962 τῷ
780 1925 917 1962 προσώπῳ
940 1925 987 1952 τοῦ
1005 1934 1087 1952 κατα-

571 1964 658 1990 πετάσ
662 1971 755 1998 ματος.

61 2010 86 2041 τ.
606 2009 632 2036 7.
646 2010 701 2044 Τῆς
721 2007 881 2038 συνθέσεως.
899 2007 1019 2039 Ἄλλος,
1034 2006 1087 2033 τῶν
1157 2009 1185 2036 7,

571 2044 735 2081 ἀρωμάτων.

608 2095 669 2131 Τῶν
695 2092 939 2131 ὁλοιιοιυτωμάτῳνἱ
953 2092 1087 2131 ιἈλλος,

572 2129 620 2164 τῆς
646 2128 861 2159 ὁλοκαυτώσεως.
886 2128 1008 2159 Ἄλλος,
1039 2128 1089 2161 τῆς

573 2164 749 2199 καρπώσεως.

609 2209 688 2244 Παρὰ
715 2208 762 2243 τὴν
796 2207 1022 2242 βάσιν.’¹Ἀλλος,
1037 2206 1084 2232 ἐπὶ

589 2243 617 2270 ὸν
630 2243 762 2270 θεμέλιον.

573 2252 617 2270 τον
630 2252 762 2279 υεμεΑιον.

167 2302 394 2332 εγιιιιΑειιυδ.
657 2301 728 2329 LXX
746 2300 940 2328 lNTERPRET
943 2300 994 2328 ES.
1274 2299 1470 2330 THEODOTIO

62 2361 86 2389 2.
104 2362 133 2390 ln
151 2363 315 2399 ignorantia.
607 2361 635 2388 2.
646 2360 704 2388 Non
721 2366 826 2396 sponte.
1161 2358 1188 2385 2.

63 2407 87 2434 3.
609 2406 636 2433 5.
655 2404 690 2432 Ut
706 2406 821 2440 populus
837 2409 970 2440 peccaret.
1159 2405 1186 2434 3.

609 2450 663 2478 Pro
672 2456 791 2486 peccato.
800 2451 887 2483 Alius,
900 2450 926 2477 in
936 2455 1084 2485 peccatum.

61 2496 85 2522 -ί,
610 2497 638 2524 4.
651 2497 782 2524 Adducet.
795 2496 882 2529 Alius,
894 2496 1006 2523 adferet.
1159 2495 1187 2522 4.

63 2539 86 2567 6.
611 2540 686 2569 6.Ad
693 2541 943 2573 velum.Alius,cum
952 2541 1087 2569 facieveli.
1159 2540 1186 2569 6.

69 2583 97 2615 Ἰ.
575 2626 586 2650 ι
611 2586 866 2620 'I.Compositionis.
882 2586 968 2618 Alius,
982 2593 1088 2614 aroma-
1157 2585 1185 2615 7.

588 2629 645 2649 um.

588 2629 645 2649 um.

614 2666 852 2693 Holocaustorum.
867 2666 923 2698 AL,
941 2666 1087 2694 oblationis

574 2701 737 2729 holocausti.
753 2701 842 2735 Alius,
855 2701 1008 2730 oblationis.

610 2746 649 2773 Ad
682 2746 780 2774 basim.
809 2746 894 2781 Alius,
926 2746 959 2774 ad
990 2746 1090 2776 funda-

573 2784 707 2809 mentum.
