1880 3043
229 103 280 131 610

227 168 289 188 esse
301 160 442 188 inferatur.

264 195 295 222 ν.
311 196 337 223 7.
352 197 450 225 Ἄλλη
463 195 511 229 τῆς
528 194 638 230 σαρκός.
707 193 860 221 Basiliensi.

266 230 296 258 V.
312 231 337 258 8.
357 231 394 256 Ἀ.
407 230 465 265 [ἐὰν
479 230 640 265 ὲπιπτύσῃ.]
651 229 725 256 lianc
740 230 892 256 versionem
904 236 1015 265 expres-

229 265 315 293 simus
335 273 367 293 ex
390 263 484 291 Latina
507 263 612 299 Aquila
627 263 861 298 interpretatione,
875 273 957 298 quam
973 263 1014 291 af-

230 301 280 328 fert
296 300 417 335 lsyehius
433 300 485 331 sic,
503 300 609 334 Aquila,
627 301 649 326 si
667 300 853 335 superspueril.

264 334 295 362 ν.
309 336 351 362 15,
375 336 410 361 To
429 334 508 370 σῶμα
525 335 606 362 αὑτοῦ
627 335 702 361 ὕδατι
719 334 810 366 ζῶντι.
834 334 872 360 Ex
896 334 1013 361 editione

230 371 360 397 lloinana.

759 99 994 128 HEXAPLORUM
1015 99 1097 133 QUAS
1118 99 1334 129 SUPERSUNT.

1811 98 1863 125 6ἓο

1102 159 1133 186 ν.
1163 160 1205 186 l9.
1229 160 1328 190 'A.l.l.,
1354 161 1533 194 μετακινήσει.
1561 159 1598 186 Ex
1622 159 1784 186 Basiliensi.
1807 158 1863 194 β·-

1065 199 1179 228 quentes
1198 201 1260 221 vero
1277 192 1408 222 lectiones
1424 192 1516 222 Graece
1541 194 1726 228 expressimus
1748 201 1786 220 ex
1807 192 1864 228 lsy-

1065 230 1146 260 chio,
1164 230 1209 263 qui
1230 229 1270 256 sic
1292 230 1393 256 habet:
1411 239 1420 255 ι
1436 229 1505 262 Quid
1531 230 1617 256 dixit:
1635 230 1740 263 Septem
1763 228 1862 255 diebus

1065 264 1253 298 separabitur?
1263 265 1335 299 quod
1352 265 1398 291 alii
1411 285 1418 297 ,
1434 265 1492 291 Erit
1505 265 1532 292 in
1545 266 1702 299 purgatione
1722 272 1788 290 sua.
1810 264 1862 290 Alii

1065 307 1129 326 vero
1145 298 1315 335 interpretes,
1333 299 1365 326 In
1380 298 1549 334 separatione
1557 300 1706 335 iniquitatis
1722 308 1796 326 sum.
1809 298 1862 325 Alii

1065 339 1166 365 autem,
1186 334 1301 361 Miseriw
1329 335 1480 362 ediderunt.
1499 344 1508 360 ι

1102 367 1133 396 ν.
1154 369 1249 396 20-25.
1275 369 1432 402 Lectiones,
1449 378 1508 405 quae
1522 369 1645 398 eamdem
1660 377 1760 398 vocem
1791 374 1863 399 nm:

508 453 628 480 CAPUT
646 452 715 480 XVI
731 450 915 484 LEVITICI,
933 450 983 478 EX
999 450 1130 479 EODEM
1149 452 1289 480 CODICE
1301 452 1480 481 COLBERT.
1494 452 1574 480 5084.

264 524 289 551 l.
311 523 344 551 Et
363 524 470 552 locutus
487 528 529 552 est
544 524 674 552 Dominus
695 525 727 552 ad
742 523 851 559 Moysen
868 528 1012 559 postquam

227 570 347 597 defuncti
364 574 428 597 sunt
441 570 495 597 duo
510 571 557 597 lilii
572 570 681 603 Aaron,
698 578 761 598 cum
779 569 907 598 olferrent
923 570 1012 605 ignem

227 617 346 644 alienum
360 621 423 643 ante
440 616 596 648 Dominum,
613 621 639 644 et
652 616 750 643 mortui
763 620 837 643 sunt.
857 616 884 643 2.
900 616 931 643 Et
946 616 1014 643 dixit

228 661 360 689 Dominus
384 661 417 689 ad
440 661 548 697 Moysen
575 671 582 688 :
608 660 732 697 Loquere
747 662 780 689 ad
793 661 885 689 Aaron
902 661 1012 689 fratrem

229 713 316 741 tuum,
330 713 357 736 et
372 715 405 735 ne
419 709 586 743 ingrediatur
607 709 681 736 omni
695 710 761 736 hora
780 709 812 737 ad
828 714 952 737 sanctum
969 710 1013 737 in-

229 754 313 782 terius
335 754 478 782 velaminis
497 754 530 781 ad
554 754 650 782 faciem
665 755 857 790 propitiatorii,
884 755 957 790 quod
972 759 1014 794 est

229 807 311 834 super
326 807 418 827 arcam
432 807 462 827 +
483 800 631 828 testimonii
647 801 658 836 ζ
677 805 704 828 et
718 809 773 828 non
789 802 932 829 morietur.
945 800 1013 829 Nam

230 845 257 872 in
281 845 353 872 nube
368 845 504 880 apparebo
520 853 601 880 super
615 846 842 882 propitiatorium.
863 847 890 874 5.
910 846 956 875 Sic
972 847 1014 874 in-

230 889 366 924 gredietur
379 890 469 917 Aaron
484 890 510 917 in
526 895 651 918 sanctum
669 891 696 918 in
715 891 796 919 vitulo
812 899 843 919 er
865 892 951 920 bobus
964 900 1014 928 pro

230 939 351 969 peccato,
362 940 389 962 et
403 936 514 963 arietem
530 936 557 963 in
570 936 760 964 holocaustum
779 947 785 964 ;
805 937 831 964 ι.
845 936 878 964 Et
893 937 1013 966 tunicam

229 982 328 1009 lineam
341 982 537 1010 sanetilicatam
548 983 651 1017 induet,
662 988 690 1011 et
703 983 834 1011 femorale
850 984 951 1012 lineum
963 985 1014 1012 erit

230 1033 310 1062 super
327 1034 426 1062 corpus
437 1027 508 1062 ejus,
524 1032 550 1055 et
563 1034 631 1055 zona
649 1027 720 1055 linea
737 1027 872 1063 cingetur,
896 1032 924 1055 et
937 1028 1014 1055 cida-

228 1073 280 1099 rim
302 1072 402 1100 lineam
426 1073 632 1108 circumponet:
648 1073 808 1101 vestimenta
823 1078 916 1101 sancta
939 1078 1013 1101 sunt.

230 1118 263 1146 Et
276 1119 377 1147 lavabit
395 1127 466 1155 aqua
481 1123 566 1151 totum
582 1127 682 1155 corpus
698 1127 791 1152 suum,
807 1124 836 1147 et
847 1119 941 1147 induet
957 1127 988 1146 ea
1005 1128 1012 1146 :

229 1165 256 1192 5.
275 1164 308 1192 Et
319 1172 335 1192 a
350 1173 485 1201 synagoga
503 1165 621 1193 liliorum
634 1165 717 1193 Israel
742 1165 857 1200 accipiet
871 1165 940 1193 duos
954 1164 1013 1192 hir-

229 1219 276 1239 cos
288 1218 321 1238 ex
337 1212 426 1246 capris
443 1219 492 1246 pro
505 1216 627 1246 peccato,
652 1216 680 1239 et
693 1211 805 1239 arietem
820 1219 905 1238 unum
918 1211 951 1238 ad
964 1210 1013 1238 ho-

229 1257 391 1284 locaustum.
423 1257 449 1284 6.
465 1257 498 1285 Et
520 1257 614 1285 oﬂ‘eret
633 1257 724 1284 Aaron
748 1257 877 1289 vitultnn,
895 1258 942 1293 qui
964 1265 1013 1292 pro

229 1304 340 1334 peccato
356 1307 406 1327 suo
421 1309 428 1327 :
444 1304 471 1327 et
484 1300 603 1335 expiabit
614 1307 663 1335 pro
677 1308 707 1328 se
717 1304 745 1328 et
757 1301 839 1328 domo
852 1308 912 1328 sua.
939 1300 964 1327 7.
982 1299 1013 1327 Et

229 1345 344 1380 accipiet
360 1346 430 1373 duos
446 1345 549 1379 hircos,
566 1352 593 1374 et
609 1351 709 1375 statuet
725 1354 773 1375 eos
794 1351 856 1374 ante
870 1345 1013 1374 Dominum

230 1393 263 1418 ail
289 1392 388 1420 ostium
416 1393 582 1420 tabernaculi
608 1393 765 1420 testimonii.
793 1392 820 1420 8.
840 1392 872 1420 Et
894 1393 1015 1427 imponet

229 1440 320 1466 Aaron
332 1445 414 1472 supra
427 1439 497 1466 duos
511 1438 604 1470 hircos
617 1442 704 1466 sortes
728 1448 736 1466 :
751 1443 852 1466 sortem
868 1446 949 1465 unam
964 1437 1015 1465 Do-

231 1482 317 1514 mino,
343 1487 370 1509 et
398 1487 499 1509 sortem
525 1490 606 1510 unam
635 1483 785 1510 emissario.
817 1483 843 1510 9.
868 1482 900 1509 Et
921 1482 1014 1510 offeret

230 1529 321 1555 Aaron
346 1528 451 1556 hircum
469 1535 552 1563 super
574 1536 654 1563 quem
682 1529 838 1563 supervenit
853 1536 934 1562 super
950 1535 1012 1555 eum

231 1580 292 1601 sors
309 1572 434 1605 Domino,
451 1578 477 1601 et
490 1573 582 1600 olleret
598 1580 645 1608 pro
659 1578 789 1608 peccato:
805 1573 847 1600 l0.
863 1573 894 1600 Et
908 1573 1012 1600 hircum

231 1627 313 1655 super
336 1628 416 1655 quem
432 1620 586 1655 supervenit
609 1627 691 1654 super
705 1628 767 1648 eum
783 1628 843 1648 sors
868 1620 1012 1652 emissarii,

231 1670 333 1693 statuet
349 1666 482 1693 viventem
501 1669 564 1693 ante
577 1665 733 1698 Dominum,
751 1670 781 1693 ut
794 1666 954 1701 propitietur
966 1675 1012 1694 su-

231 1719 280 1746 per
291 1719 342 1744 eo;
358 1712 394 1739 ita
412 1716 440 1739 ut
455 1711 561 1738 emittat
571 1718 632 1738 eum
648 1711 674 1738 in
690 1711 865 1739 emissionem
879 1717 910 1739 -t—
923 1711 1014 1738 dimit-

231 1762 270 1784 tet
283 1765 344 1785 eum
370 1758 381 1792 ζ
406 1757 432 1784 in
447 1757 593 1785 desertum.
623 1757 667 1786 ll.
684 1757 717 1785 Et
729 1757 823 1785 offeret
839 1758 927 1785 Aaron
942 1757 1012 1784 vitu-

232 1803 288 1830 lum
299 1811 389 1836 suum,
400 1804 446 1838 qui
460 1811 510 1838 pro
524 1807 645 1838 peccato,
660 1807 687 1830 et
699 1803 819 1839 expiabit
828 1810 877 1839 pro
887 1811 916 1830 se
925 1807 951 1830 et
965 1811 1014 1838 pro

231 1851 312 1877 domo
324 1858 382 1878 sua.
402 1850 575 1885 Etjugulabit
590 1851 702 1878 vitulum
717 1858 807 1882 suum,
827 1851 873 1886 qui
887 1858 935 1885 pro
951 1858 1014 1885 υνθ-

232 1899 303 1923 cato.
334 1895 376 1922 12.
396 1895 427 1922 Ει
442 1901 529 1924 sumet
557 1896 726 1923 tlluribulum
744 1897 851 1930 plenum
865 1896 1014 1923 carbonum

233 1941 304 1976 ignis
320 1942 354 1969 ab
371 1941 462 1974 altari,
477 1942 549 1976 quod
563 1946 605 1969 est
615 1949 707 1970 coram
722 1941 848 1969 Domino.
877 1941 909 1968 Et
921 1941 1015 1976 imple—

230 1988 270 2015 bit
287 1993 385 2015 manus
409 1995 473 2015 suas
496 1987 609 2014 incenso
633 1987 839 2022 compositionis
854 1987 977 2019 subtilis,
989 1992 1016 2014 et

231 2033 330 2061 inferet
343 2034 414 2060 intra
429 2034 562 2061 velamen.
581 2035 624 2061 l5.
640 2034 672 2061 Et
686 2034 806 2068 imponet
819 2033 958 2061 incensum
974 2041 1017 2060 su-

232 2087 280 2114 per
293 2081 382 2115 ignem
397 2085 459 2107 ante
474 2079 618 2107 Dominum
636 2089 642 2107 :
658 2084 684 2106 ct
697 2080 800 2115 operiet
811 2087 895 2114 vapor
910 2078 1014 2105 incensi

231 2126 461 2161 propitiatorium,
480 2127 551 2160 quod
567 2130 609 2153 est
631 2133 712 2160 super
734 2118 899 2157 testimonia,
917 2128 945 2151 et
960 2131 1014 2150 non

231 2172 374 2199 morietur.
393 2171 435 2198 ll.
450 2171 482 2198 Et
492 2175 581 2198 sumet
595 2171 628 2198 de
641 2171 773 2206 sanguine
782 2171 857 2198 vituli
874 2180 880 2197 :
893 2174 1017 2204 etasper'

232 2221 276 2252 get
297 2217 382 2252 digito
407 2224 458 2244 suo
486 2225 568 2250 super
590 2216 807 2251 propitiatorium
823 2216 858 2243 ad
872 2216 1015 2249 orientem,

231 2264 380 2291 secundum
397 2263 493 2291 faciem
514 2263 705 2298 propitiatorii.
732 2262 764 2290 Et
780 2267 904 2297 aspergat
917 2263 1016 2297 septies

231 2310 265 2336 de
279 2309 412 2344 sanguine
426 2308 510 2343 digito
523 2315 583 2335 suo.
603 2308 645 2336 15.
657 2307 690 2334 Et
701 2308 835 2342 jugulabit
846 2308 951 2335 hircum
968 2312 1016 2343 p'ro

231 2361 355 2389 peccato,
380 2363 442 2382 cum
458 2354 527 2389 quia
541 2354 639 2388 populo
647 2358 727 2382 cst-z—
737 2359 800 2380 ante
809 2353 953 2381 Dominum
968 2355 1017 2388 :et

232 2399 329 2427 inferet
337 2401 370 2427 de
384 2399 515 2435 sanguine
523 2399 582 2434 ejus
597 2399 666 2426 intra
678 2399 809 2426 velamen.
819 2399 852 2426 Et
865 2399 1014 2427 facielsan-

233 2446 342 2480 guinem
350 2446 409 2480 ejus
415 2445 642 2480 quemadmodum
650 2444 712 2472 fecit
720 2445 878 2480 sanguinem
885 2446 961 2472 vituli
972 2455 978 2472 :
988 2450 1014 2472 et

233 2495 357 2526 asperget
364 2491 522 2526 sanguinem
531 2491 554 2525 ej
560 2499 591 2518 us
599 2499 680 2525 super
688 2491 902 2525 propitiatorium
915 2499 1013 2518 secun—

232 2536 297 2562 dum
309 2535 404 2563 faciem
414 2536 605 2571 propitiatorii.
624 2535 666 2563 l6.
679 2534 712 2562 Et
720 2536 968 2571 expiabitsanctum
978 2538 1013 2565 ab

233 2579 413 2606 immunditiis
435 2579 551 2606 liliorum
568 2579 659 2613 lsrael,
676 2586 702 2608 et
716 2581 749 2608 ab
763 2582 903 2616 injustitiis
917 2590 1013 2609 eorum

232 2632 282 2658 pro
290 2624 418 2652 omnibus
425 2626 541 2659 peccatis
548 2633 641 2653 eorum
653 2631 693 2654 :et
703 2627 743 2654 sic
752 2626 831 2655 faciet
840 2629 1014 2656 tabernaculo

232 2670 392 2702 testimonii,
404 2670 476 2705 quod
491 2671 652 2698 adificatum
675 2673 752 2700 estin
767 2673 817 2706 eis,
827 2675 853 2701 in
863 2675 951 2702 medio
961 2674 1014 2702 im-

232 2715 372 2743 munditia:
380 2723 485 2743 eorum.
496 2716 536 2743 l7.
546 2715 578 2743 Et
586 2718 674 2745 omnis
683 2718 764 2745 homo
773 2727 826 2746 non
833 2720 885 2747 erit
894 2721 920 2746 in
929 2721 1015 2748 taber-

233 2761 331 2788 naculo
346 2762 503 2794 testimonii.
521 2762 687 2798 ingrediente
708 2764 754 2791 illo
764 2765 796 2792 ad
805 2766 969 2800 expiandum
987 2767 1015 2794 in

233 2807 437 2841 sancto,'donoc
453 2808 599 2837 exierit:et
613 2810 732 2845 expiabit
747 2818 796 2846 pro
808 2811 908 2846 seipse,
925 2818 952 2840 et
966 2819 1015 2846 pro

1100 524 1125 551 Ι,
1141 524 1195 550 Kal
1212 524 1326 559 ἑλάλησε
1348 525 1449 560 Κύριος
1470 524 1538 560 πρὸς
1551 523 1654 558 Μωσῆν
1683 523 1755 558 μετὰ
1772 524 1806 549 τὸ
1821 532 1862 549 τε-

1063 569 1192 603 λευτῆσαι
1202 569 1266 600 τοὺς
1279 569 1325 595 δύο
1337 569 1411 600 υἱοὺς
1433 567 1536 604 Ἀαρὼν
1564 569 1593 594 ὲν
1610 568 1649 602 τῷ
1664 570 1861 603 προσαγαγεῖν

1063 615 1162 646 αὐτοὺς
1179 614 1236 650 πῦρ
1251 615 1388 650 ἀλλότριον
1404 615 1492 641 ἔναντι
1510 614 1623 650 Κυρίου,
1644 615 1693 641 καὶ
1711 615 1862 649 Existim-

1065 669 1123 687 σαν.
1141 661 1167 687 2,
1180 661 1234 687 Kal
1245 659 1320 687 εἶπεν
1329 661 1428 696 Κύριος
1440 661 1507 696 πρὸς
1523 660 1634 695 Μωσῆν-
1646 660 1775 696 Λάλησον
1795 660 1864 696 πρὸς

1071 706 1174 741 Ἀαρὼν
1188 707 1233 733 τὸν
1247 707 1358 742 ἀδελφόν
1375 716 1431 738 σου,
1448 707 1495 733 καὶ
1516 707 1552 742 μὴ
1579 706 1790 742 είσπορευέσθω
1810 707 1863 732 πᾶ-

1066 761 1115 779 σαν
1131 752 1204 788 ὤραν
1220 753 1260 784 είς
1273 753 1302 779 τὸ
1320 753 1396 787 ἅγιον
1421 752 1552 788 ἐσώτερον
1569 752 1615 779 τοῦ
1636 754 1862 788 καταπετάσμα-

1063 807 1109 830 τος
1122 799 1161 830 είς
1181 799 1323 834 πρόσωπον
1336 798 1383 826 τοῦ
1414 799 1578 834 ίλαστηρίου,
1606 799 1621 825 ὃ
1643 800 1720 826 ἐστιν
1749 797 1801 825 ἐπὶ
1814 799 1863 833 τῆς

1065 843 1181 871 κιϐωτοῦ
1199 852 1230 873 σε-
1256 845 1303 872 τοῦ
1322 844 1494 881 μαρτυρίουζ
1513 845 1560 872 καὶ
1584 846 1635 872 οὐκ
1662 845 1860 872 ἀποθανεῖται.

1070 892 1114 918 Ἐν
1143 891 1197 927 γὰρ
1222 891 1321 928 νεφέλῃ
1357 891 1510 927 ὀφθήσομαι
1537 891 1582 918 ἐπὶ
1605 891 1654 918 τοῦ
1684 891 1861 928 ἱλαστηρίω.

1064 936 1090 962 5.
1104 936 1197 968 Οὕτως
1212 936 1393 963 εἰσελεύσεται
1412 937 1516 970 Ἀαρὼν
1532 938 1571 968 εἰς
1585 936 1615 963 τὸ
1626 936 1704 971 ἆγιον
1723 937 1756 964 ὲν
1767 937 1863 973 μόσχῳ

1065 982 1096 1007 ὲκ
1109 981 1178 1016 βοῶν
1194 982 1258 1017 περὶ
1277 982 1427 1017 ἁμαρτίας,
1442 981 1489 1008 καὶ
1514 982 1589 1017 κριὸν
1603 983 1642 1014 είς
1659 982 1860 1018 ὸλοκαύτωμα.

1065 1027 1091 1054 4.
1110 1029 1164 1055 Kal
1187 1028 1288 1063 χιτῶνα
1319 1027 1408 1055 λινοῦν
1433 1028 1599 1064 ἡγιασμένον
1627 1027 1787 1060 ἐνδύσεται,
1817 1030 1863 1055 καὶ

1064 1074 1221 1109 περισκελὲς
1237 1073 1326 1101 λινοῦν
1351 1074 1426 1100 ἔσται
1450 1074 1496 1101 ἐπὶ
1510 1073 1556 1100 τοῦ
1572 1074 1677 1109 χρωτὸς
1691 1074 1794 1108 αὐτοῦ,
1816 1084 1852 1102 κα

1065 1120 1138 1158 ζώνῃ
1150 1121 1209 1157 λινῇ
1221 1121 1346 1156 ζώσεται,
1372 1122 1419 1148 καὶ
1434 1121 1540 1157 κίδαριν
1561 1121 1636 1156 λινῆν
1662 1121 1863 1157 περιθήσεται,

1067 1169 1161 1204 ἱμάτια
1176 1167 1242 1202 ama
1257 1169 1331 1195 ἐστι’
1347 1169 1393 1195 καὶ
1417 1168 1542 1195 λούσεται
1557 1167 1633 1195 ὕδατι
1658 1169 1715 1195 πᾶν
1732 1169 1766 1195 τὸ
1779 1169 1862 1204 σῶμα

1063 1215 1157 1247 αὑτοῦ,
1172 1216 1219 1241 καὶ
1230 1215 1367 1242 ἐνδύσεται
1379 1215 1458 1242 αὐτά·
1484 1214 1510 1242 5.
1529 1214 1583 1241 Kal
1606 1214 1683 1250 παρὰ
1714 1217 1771 1250 τῆς
1798 1224 1862 1242 συν-

1064 1261 1174 1296 αγωγῆς
1191 1260 1244 1287 τῶν
1255 1260 1319 1287 υἱῶν
1349 1260 1456 1297 Ἰσραὴλ
1469 1260 1603 1296 λήμψεται
1613 1260 1660 1287 δύο
1675 1262 1822 1298 χιμάρους
1835 1262 1863 1294 ἐξ

1064 1306 1149 1341 αἰγῶν
1160 1306 1222 1342 περὶ
1237 1307 1382 1342 ἁμαρτίας,
1402 1307 1448 1334 καὶ
1468 1307 1543 1342 κριὸν
1551 1306 1599 1333 ἱνα
1610 1307 1650 1338 είς
1659 1307 1862 1343 όλοκαύτωμα.

1063 1352 1089 1379 6.
1105 1353 1160 1379 Καὶ
1175 1353 1302 1388 προσάξει
1332 1352 1436 1389 Ἀαρὼν
1458 1353 1504 1380 τὸν
1532 1354 1631 1389 μόσχον
1657 1354 1703 1381 τὺν
1721 1356 1795 1391 mp1
1814 1356 1863 1391 τῆς

1064 1398 1200 1434 ἁμαρτίας
1216 1399 1308 1432 αὑτοῦ,
1324 1400 1370 1426 καὶ
1392 1399 1542 1432 ὲξιλάσεται
1556 1401 1620 1436 περὶ
1633 1401 1730 1433 αὑτοῦ,
1750 1403 1804 1428 καὶ
1815 1403 1861 1429 τοῦ

1063 1445 1138 1470 οἴκου
1155 1444 1247 1471 αὐτοῦ.
1272 1444 1298 1472 7.
1327 1445 1382 1472 Kal
1408 1445 1543 1481 λήμψεται
1559 1447 1623 1477 τοὺς
1638 1446 1684 1473 δύο
1702 1449 1861 1483 χιμάρους,

1065 1490 1112 1517 καὶ
1130 1491 1221 1526 στήσει
1237 1491 1334 1523 αὐτοὺς
1350 1491 1439 1518 ἔναντι
1459 1492 1560 1528 Κυρίου
1591 1492 1666 1528 παρὰ
1687 1493 1742 1528 τὴν
1774 1494 1863 1529 Otisz

1064 1537 1116 1571 τῆς
1134 1538 1235 1572 σκηνῆς
1247 1537 1294 1564 τοῦ
1311 1537 1470 1573 μαρτυρίου.
1486 1537 1512 1564 8.
1529 1538 1584 1564 Kal
1599 1537 1725 1573 ἐπιθήσει
1750 1539 1863 1575 Ἀαρὼν

1063 1582 1110 1608 ἐπὶ
1121 1583 1183 1614 τοὺς
1195 1582 1241 1609 δύο
1257 1583 1388 1618 χιμάρους
1401 1583 1527 1619 κλήρους·
1551 1583 1650 1618 κλῆρον
1662 1583 1711 1610 ἕνα
1742 1584 1787 1619 τῷ
1807 1585 1864 1611 Ku-

1064 1627 1125 1663 ρίῳ,
1141 1628 1188 1654 καὶ
1204 1627 1301 1664 κλῆρον
1322 1629 1369 1656 ἕνα
1378 1628 1417 1664 τῷ
1430 1630 1625 1664 ἀποπομπαίῳ.
1639 1629 1664 1657 9.
1690 1629 1752 1656 Καὶ
1774 1639 1865 1666 προσ-

1064 1673 1122 1705 ὰξει
1141 1674 1242 1709 Ἀαρὼν
1256 1674 1301 1700 τὸν
1313 1675 1428 1710 χίμαρον
1452 1675 1495 1709 ἐφ’
1509 1675 1538 1702 ὃν
1552 1674 1668 1710 ἐπῆλθεν
1678 1675 1725 1701 ἐπ’
1743 1676 1836 1704 αὐτὸν
1849 1678 1862 1703 ὁ

1064 1719 1164 1754 κλῆρος
1183 1719 1221 1755 τῷ
1247 1720 1350 1756 Κυρίῳ,
1377 1720 1422 1747 καὶ
1449 1720 1586 1756 προσοίσει
1613 1721 1676 1757 περὶ
1699 1722 1859 1758 ἁμαρτίας.

1067 1765 1110 1792 10.
1127 1766 1180 1792 Kal
1207 1766 1252 1793 τὸν
1275 1767 1401 1802 χίμαρον,
1429 1767 1471 1801 ἐφ’
1485 1767 1514 1794 ὃν
1545 1767 1660 1802 ἐπῆλθεν
1683 1768 1730 1794 ἐπ’
1745 1770 1862 1797 αὺτὺνὸ

1065 1812 1164 1847 κλῆρος
1174 1812 1221 1839 τοῦ
1234 1813 1438 1848 ἀποπομπαίου,
1467 1814 1558 1849 στήσει
1584 1814 1671 1846 ζῶντα
1693 1814 1795 1842 ἔναντι
1811 1817 1864 1843 Κυ-

1067 1859 1135 1894 ρίου,
1153 1859 1199 1885 τοῦ
1228 1858 1403 1891 ἐξιλάσασθαι
1414 1860 1457 1887 ἐπ’
1468 1860 1561 1887 αὐτοῦ’
1577 1860 1646 1887 ὥστε
1663 1860 1863 1892 ἐξαποστεῖλαι

1065 1904 1144 1931 αὑτὸν
1162 1905 1202 1936 είς
1215 1905 1264 1940 τὴν
1281 1905 1446 1941 ἀποπομπὴν
1464 1913 1495 1933 αι-
1512 1906 1611 1941 ἀφήσει
1628 1905 1709 1932 αὑτὸν
1726 1907 1738 1940 ζ
1752 1908 1799 1939 εἰς
1815 1909 1862 1942 τὴν

1065 1949 1177 1985 ἔρημον.
1208 1950 1249 1977 ll.
1272 1951 1326 1977 Kal
1351 1951 1481 1986 προσάξει
1503 1951 1606 1988 ’Δαρὼν
1632 1952 1677 1979 τὸν
1692 1953 1803 1989 μόσχον
1818 1955 1862 1981 τὸν

1066 1997 1129 2030 περὶ
1143 1998 1192 2031 τῆς
1208 1997 1344 2032 ἁμαρτίας
1358 1998 1404 2024 τὸν
1422 1997 1515 2030 αὑτοῦ,
1545 1998 1592 2025 καὶ
1621 1998 1782 2031 ὲξιλάσεται
1798 2002 1862 2036 περὶ

1066 2041 1147 2068 αὐτοῦ
1161 2042 1207 2068 καὶ
1223 2042 1268 2068 τοῦ
1283 2042 1358 2069 οἴκου
1372 2042 1466 2075 αὑτοῦ,
1487 2043 1534 2069 xal
1562 2043 1659 2077 σφάξει
1686 2043 1735 2070 τὸν
1755 2046 1861 2081 μόσχον

1065 2087 1109 2113 τὸν
1126 2087 1190 2122 περὶ
1202 2088 1251 2122 τῆς
1265 2089 1400 2124 ἁμαρτίας
1411 2089 1456 2115 τὸν
1470 2089 1562 2116 αὑτοῦ.
1587 2089 1629 2115 12.
1646 2089 1701 2116 Kal
1716 2089 1860 2126 λήμψεται

1066 2133 1096 2159 τὸ
1110 2135 1220 2170 πυρεῖον
1233 2134 1336 2169 πλῆρες
1355 2134 1496 2169 ἀνθράκων
1512 2135 1598 2170 πυρὸς
1613 2134 1666 2161 ἀτέὸ
1688 2136 1739 2162 τοῦ
1759 2136 1861 2164 00m-

1067 2178 1176 2213 στηρίου
1191 2178 1237 2204 τοῦ
1251 2179 1380 2205 ἀπέναντι
1393 2179 1505 2214 Κυρίου.
1516 2179 1571 2206 Kal
1583 2179 1678 2215 πλήθει
1691 2180 1745 2212 τὰς
1762 2183 1860 2217 χεῖρας

1066 2223 1148 2250 αὐτοῦ
1165 2222 1335 2258 θυμιάματος
1359 2224 1508 2256 συνθέσεως
1535 2224 1645 2260 λεπτῆς,
1663 2225 1711 2252 καὶ
1722 2240 1728 2245 ι
1743 2227 1861 2254 εἰσοίσει

1067 2269 1197 2305 ἐσώτερον
1211 2270 1257 2296 τοῦ
1278 2271 1531 2306 καταπετάσματος.
1558 2270 1600 2298 l3.
1615 2271 1670 2298 Kal
1682 2271 1818 2308 ἐπιθήσει
1832 2274 1860 2300 τὸ

1066 2314 1190 2349 θυμίαμα
1212 2315 1258 2341 ἐπὶ
1274 2315 1304 2341 τὸ
1318 2315 1372 2351 πῦρ
1389 2315 1478 2342 ἔναντι
1495 2315 1608 2351 Κυρίου,
1625 2316 1674 2342 καὶ
1694 2316 1819 2351 καλύψει
1843 2320 1858 2353 ἠ

1066 2360 1146 2395 ἀτμὶς
1161 2360 1207 2387 τοῦ
1224 2360 1392 2396 θυμίαματος
1404 2362 1434 2388 τὸ
1450 2361 1603 2396 ἰλαστήριον
1615 2361 1645 2388 τὸ
1659 2362 1774 2388 ἐπὶτῶν
1788 2372 1861 2398 μαρτ

1066 2405 1176 2441 τυρίων,
1190 2407 1236 2432 καὶ
1252 2407 1302 2432 οὐκ
1314 2407 1498 2433 ἀποθανεῖται.
1516 2407 1558 2433 Η.
1577 2407 1631 2433 Kal
1647 2406 1790 2443 λήμψεται
1806 2409 1859 2435 ἀπὸ

1066 2450 1112 2476 τοῦ
1130 2451 1243 2485 αἵματος
1256 2451 1302 2477 τοῦ
1328 2452 1439 2487 μόσχου,
1455 2452 1502 2478 καὶ
1514 2453 1590 2487 ρανεῖ
1613 2451 1652 2487 τῷ
1666 2452 1799 2488 δακτύλῳ
1810 2454 1858 2480 αὐ-

1066 2495 1112 2521 τοῦ
1126 2496 1172 2522 ἐπὶ
1183 2496 1213 2522 τὸ
1239 2495 1391 2532 ἱλαστήριον
1413 2498 1482 2524 κατὰ
1505 2497 1645 2529 ἀνατολὰς,
1676 2498 1751 2525 κατὰ
1770 2500 1858 2534 πρόσ-

1066 2550 1139 2567 ωπον
1147 2541 1193 2568 τοῦ
1207 2541 1371 2577 ίλαστηρίου·
1381 2542 1427 2568 καὶ
1442 2543 1515 2577 pave?
1525 2543 1638 2574 ἑπτάκις
1645 2543 1699 2570 ἀπὺ
1714 2544 1763 2571 τοῦ
1772 2545 1858 2580 αἷμα-

1067 2593 1111 2616 τος
1130 2584 1168 2620 τῷ
1184 2584 1306 2620 δακτύλῳ
1320 2585 1412 2612 αὑτοῦ.
1427 2587 1470 2614 15.
1488 2587 1543 2614 Kal
1566 2587 1662 2621 σφάξει
1677 2588 1725 2615 τδν
1739 2589 1863 2625 χίμαρον

1067 2630 1112 2656 τὸν
1126 2630 1189 2665 περί
1201 2630 1251 2665 τῆς
1265 2631 1402 2666 ἁμαρτίας
1416 2632 1460 2658 τὸν
1475 2632 1550 2667 παρὰ
1565 2632 1612 2659 τοῦ
1633 2633 1698 2660 λαοῦ
1716 2642 1748 2662 -ι-
1765 2635 1854 2662 ἔναντι

1067 2676 1169 2711 Κυρίου
1185 2677 1195 2710 ζ
1211 2676 1257 2702 καὶ
1270 2677 1378 2704 εἰσοίσει
1406 2677 1452 2704 τοῦ
1480 2678 1594 2713 αἵματος
1611 2679 1694 2706 αὑτοῦ
1720 2680 1855 2716 ἐσώτερον

1067 2721 1113 2748 τοῦ
1130 2723 1381 2757 καταπετάσματος.
1400 2724 1454 2750 Kal
1475 2725 1581 2760 ποιήσει
1592 2725 1622 2751 τὸ
1639 2721 1710 2760 αἷμα
1728 2726 1812 2753 αὐτοῦ
1826 2726 1854 2753 δν

1061 2769 1160 2803 τρόπον
1175 2768 1302 2804 ἐποίησεν
1329 2769 1361 2796 τὺ
1377 2767 1444 2805 αἷμα
1460 2770 1508 2796 τοῦ
1526 2770 1632 2806 μόσχοθ
1657 2773 1705 2799 καὶ
1734 2773 1813 2807 ρανεῑ
1824 2772 1853 2798 τὸ

1061 2811 1130 2848 αἷμα
1146 2813 1227 2840 αὑτοῦ
1241 2815 1286 2841 ἐπὶ
1301 2815 1331 2841 τὺ
1357 2815 1522 2851 ἱλαστήριον,
1547 2817 1616 2844 κατὰ
1633 2819 1782 2851 πρόσωπον
1806 2817 1852 2844 τοῦ
