  <div class='ocr_page' id='page_1' title='image "/cluster/home/n/w/nwhite01/storage/ocr_20150623/15/njp.32101010944542/358.png"; bbox 0 0 1880 3043; ppageno 0'>
   <div class='ocr_carea' id='block_1_1' title="bbox 55 79 989 115">
    <p class='ocr_par' dir='ltr' id='par_1_1' title="bbox 55 79 989 115">
     <span class='ocr_line' id='line_1_1' title="bbox 55 79 989 115; baseline -0.005 -4"><span class='ocrx_word' id='word_1_1' title='bbox 55 84 90 111; x_wconf 73' lang='grc'><strong>621</strong></span> <span class='ocrx_word' id='word_1_2' title='bbox 647 79 793 108; x_wconf 72' lang='lat' dir='ltr'><strong>LEVITICI</strong></span> <span class='ocrx_word' id='word_1_3' title='bbox 812 79 889 107; x_wconf 78' lang='lat' dir='ltr'><strong>CAP.</strong></span> <span class='ocrx_word' id='word_1_4' title='bbox 912 79 989 115; x_wconf 30' lang='lat' dir='ltr'><strong>XVI”</strong></span> 
     </span>
    </p>
   </div>
   <div class='ocr_carea' id='block_1_2' title="bbox 52 138 538 178">
    <p class='ocr_par' dir='ltr' id='par_1_2' title="bbox 52 138 538 178">
     <span class='ocr_line' id='line_1_2' title="bbox 52 138 538 178; baseline -0.008 -8"><span class='ocrx_word' id='word_1_5' title='bbox 52 145 158 178; x_wconf 63' lang='lat' dir='ltr'><strong>spectant,</strong></span> <span class='ocrx_word' id='word_1_6' title='bbox 166 145 328 178; x_wconf 45' lang='lat' dir='ltr'><strong>mutuamur</strong></span> <span class='ocrx_word' id='word_1_7' title='bbox 342 147 373 178; x_wconf 79' lang='lat' dir='ltr'><strong>ex</strong></span> <span class='ocrx_word' id='word_1_8' title='bbox 387 138 538 167; x_wconf 85' lang='lat' dir='ltr'><strong>Basiliensi.</strong></span> 
     </span>
    </p>
   </div>
   <div class='ocr_carea' id='block_1_3' title="bbox 80 175 366 204">
    <p class='ocr_par' dir='ltr' id='par_1_3' title="bbox 80 175 366 204">
     <span class='ocr_line' id='line_1_3' title="bbox 80 175 366 204; baseline -0.014 0"><span class='ocrx_word' id='word_1_9' title='bbox 80 177 103 204; x_wconf 86' lang='lat' dir='ltr'><strong>V.</strong></span> <span class='ocrx_word' id='word_1_10' title='bbox 115 177 153 204; x_wconf 75' lang='lat'><strong>27.</strong></span> <span class='ocrx_word' id='word_1_11' title='bbox 165 175 201 203; x_wconf 84' lang='lat' dir='ltr'><strong>Ex</strong></span> <span class='ocrx_word' id='word_1_12' title='bbox 217 175 366 202; x_wconf 84' lang='lat' dir='ltr'><strong>Basiliensi.</strong></span> 
     </span>
    </p>
   </div>
   <div class='ocr_carea' id='block_1_4' title="bbox 77 209 801 245">
    <p class='ocr_par' dir='ltr' id='par_1_4' title="bbox 77 209 801 245">
     <span class='ocr_line' id='line_1_4' title="bbox 77 209 801 245; baseline -0.007 -5"><span class='ocrx_word' id='word_1_13' title='bbox 77 212 103 240; x_wconf 79' lang='lat' dir='ltr'><strong>V.</strong></span> <span class='ocrx_word' id='word_1_14' title='bbox 120 213 156 240; x_wconf 80' lang='lat'><strong>35.</strong></span> <span class='ocrx_word' id='word_1_15' title='bbox 171 212 265 244; x_wconf 63' lang='grc' dir='ltr'><strong>Ἄλλη</strong></span> <span class='ocrx_word' id='word_1_16' title='bbox 283 210 407 245; x_wconf 82' lang='grc' dir='ltr'><strong>ὀδυνηρᾷ.</strong></span> <span class='ocrx_word' id='word_1_17' title='bbox 425 209 463 236; x_wconf 84' lang='lat' dir='ltr'><strong>Ex</strong></span> <span class='ocrx_word' id='word_1_18' title='bbox 476 209 633 242; x_wconf 82' lang='lat' dir='ltr'><strong>Basiliensi,</strong></span> <span class='ocrx_word' id='word_1_19' title='bbox 659 210 705 244; x_wconf 99' lang='lat' dir='ltr'><strong>qui</strong></span> <span class='ocrx_word' id='word_1_20' title='bbox 718 209 801 236; x_wconf 90' lang='lat' dir='ltr'><strong>inter-</strong></span> 
     </span>
    </p>
   </div>
   <div class='ocr_carea' id='block_1_5' title="bbox 51 251 217 284">
    <p class='ocr_par' dir='ltr' id='par_1_5' title="bbox 51 251 217 284">
     <span class='ocr_line' id='line_1_5' title="bbox 51 251 217 284; baseline -0.012 -10"><span class='ocrx_word' id='word_1_21' title='bbox 51 253 131 284; x_wconf 70' lang='lat' dir='ltr'><strong>pretem</strong></span> <span class='ocrx_word' id='word_1_22' title='bbox 144 251 217 284; x_wconf 57' lang='lat' dir='ltr'><strong>tacet.</strong></span> 
     </span>
    </p>
   </div>
   <div class='ocr_carea' id='block_1_6' title="bbox 77 280 342 310">
    <p class='ocr_par' dir='ltr' id='par_1_6' title="bbox 77 280 342 310">
     <span class='ocr_line' id='line_1_6' title="bbox 77 280 342 310; baseline -0.008 -1"><span class='ocrx_word' id='word_1_23' title='bbox 77 283 132 310; x_wconf 89' lang='lat' dir='ltr'><strong>lbid.</strong></span> <span class='ocrx_word' id='word_1_24' title='bbox 144 281 177 308; x_wconf 84' lang='lat' dir='ltr'><strong>Ex</strong></span> <span class='ocrx_word' id='word_1_25' title='bbox 193 280 342 308; x_wconf 85' lang='lat' dir='ltr'><strong>Basiliensi.</strong></span> 
     </span>
    </p>
   </div>
   <div class='ocr_carea' id='block_1_7' title="bbox 77 315 801 351">
    <p class='ocr_par' dir='ltr' id='par_1_7' title="bbox 77 315 801 351">
     <span class='ocr_line' id='line_1_7' title="bbox 77 315 801 351; baseline -0.003 -8"><span class='ocrx_word' id='word_1_26' title='bbox 77 318 126 345; x_wconf 55' lang='lat' dir='ltr'><strong>llaec</strong></span> <span class='ocrx_word' id='word_1_27' title='bbox 145 320 265 344; x_wconf 86' lang='lat' dir='ltr'><strong>notantur</strong></span> <span class='ocrx_word' id='word_1_28' title='bbox 282 315 309 351; x_wconf 73' lang='lat' dir='ltr'><strong>in</strong></span> <span class='ocrx_word' id='word_1_29' title='bbox 324 315 438 351; x_wconf 64' lang='lat' dir='ltr'><strong>Coislin.</strong></span> <span class='ocrx_word' id='word_1_30' title='bbox 456 315 489 343; x_wconf 86' lang='lat' dir='ltr'><strong>ad</strong></span> <span class='ocrx_word' id='word_1_31' title='bbox 511 323 595 351; x_wconf 81' lang='lat' dir='ltr'><strong>marg.</strong></span> <span class='ocrx_word' id='word_1_32' title='bbox 612 315 645 351; x_wconf 49' lang='grc' dir='ltr'><strong>γε</strong></span> <span class='ocrx_word' id='word_1_33' title='bbox 659 316 683 343; x_wconf 87' lang='lat' dir='ltr'><strong>l.</strong></span> <span class='ocrx_word' id='word_1_34' title='bbox 700 317 737 348; x_wconf 79' lang='grc' dir='ltr'><strong>θ’,</strong></span> <span class='ocrx_word' id='word_1_35' title='bbox 754 315 801 342; x_wconf 77' lang='grc' dir='ltr'><strong>καὶ</strong></span> 
     </span>
    </p>
   </div>
   <div class='ocr_carea' id='block_1_8' title="bbox 50 348 802 388">
    <p class='ocr_par' dir='ltr' id='par_1_8' title="bbox 50 348 802 388">
     <span class='ocr_line' id='line_1_8' title="bbox 50 348 802 388; baseline -0.001 -10"><span class='ocrx_word' id='word_1_36' title='bbox 50 353 154 388; x_wconf 78' lang='grc' dir='ltr'><strong>ἐλάλησε,</strong></span> <span class='ocrx_word' id='word_1_37' title='bbox 166 359 199 378; x_wconf 90' lang='lat' dir='ltr'><strong>m.</strong></span> <span class='ocrx_word' id='word_1_38' title='bbox 211 352 257 377; x_wconf 84' lang='grc' dir='ltr'><strong>καί</strong></span> <span class='ocrx_word' id='word_1_39' title='bbox 269 348 355 378; x_wconf 82' lang='grc' dir='ltr'>ε’ίπεν.</span> <span class='ocrx_word' id='word_1_40' title='bbox 369 349 401 377; x_wconf 83' lang='lat' dir='ltr'><strong>V.</strong></span> <span class='ocrx_word' id='word_1_41' title='bbox 421 355 509 378; x_wconf 82' lang='lat' dir='ltr'><strong>autent</strong></span> <span class='ocrx_word' id='word_1_42' title='bbox 527 351 544 377; x_wconf 71' lang='grc' dir='ltr'><strong>ὅ</strong></span> <span class='ocrx_word' id='word_1_43' title='bbox 558 348 724 386; x_wconf 70' lang='grc' dir='ltr'><strong>νέιίψίονυω</strong></span> <span class='ocrx_word' id='word_1_44' title='bbox 741 351 802 385; x_wconf 89' lang='lat' dir='ltr'><strong>qui-</strong></span> 
     </span>
    </p>
   </div>
   <div class='ocr_carea' id='block_1_9' title="bbox 1585 80 1638 108">
    <p class='ocr_par' dir='ltr' id='par_1_9' title="bbox 1585 80 1638 108">
     <span class='ocr_line' id='line_1_9' title="bbox 1585 80 1638 108; baseline 0 0"><span class='ocrx_word' id='word_1_45' title='bbox 1585 80 1638 108; x_wconf 70' lang='lat'><strong>622</strong></span> 
     </span>
    </p>
   </div>
   <div class='ocr_carea' id='block_1_10' title="bbox 856 138 1637 174">
    <p class='ocr_par' dir='ltr' id='par_1_10' title="bbox 856 138 1637 174">
     <span class='ocr_line' id='line_1_10' title="bbox 856 138 1637 174; baseline -0.001 -8"><span class='ocrx_word' id='word_1_46' title='bbox 856 140 917 166; x_wconf 90' lang='lat' dir='ltr'><strong>dem</strong></span> <span class='ocrx_word' id='word_1_47' title='bbox 935 139 1111 174; x_wconf 85' lang='lat' dir='ltr'><strong>interpretum</strong></span> <span class='ocrx_word' id='word_1_48' title='bbox 1134 138 1263 167; x_wconf 87' lang='lat' dir='ltr'><strong>lectiones</strong></span> <span class='ocrx_word' id='word_1_49' title='bbox 1280 144 1308 166; x_wconf 95' lang='lat' dir='ltr'><strong>ut</strong></span> <span class='ocrx_word' id='word_1_50' title='bbox 1326 139 1352 166; x_wconf 92' lang='lat' dir='ltr'><strong>in</strong></span> <span class='ocrx_word' id='word_1_51' title='bbox 1366 138 1525 171; x_wconf 77' lang='lat' dir='ltr'><strong>Basiliensi;</strong></span> <span class='ocrx_word' id='word_1_52' title='bbox 1544 139 1589 166; x_wconf 84' lang='lat' dir='ltr'><strong>sed</strong></span> <span class='ocrx_word' id='word_1_53' title='bbox 1609 139 1637 165; x_wconf 82' lang='lat' dir='ltr'><strong>in</strong></span> 
     </span>
    </p>
   </div>
   <div class='ocr_carea' id='block_1_11' title="bbox 853 174 1638 209">
    <p class='ocr_par' dir='ltr' id='par_1_11' title="bbox 853 174 1638 209">
     <span class='ocr_line' id='line_1_11' title="bbox 853 174 1638 209; baseline -0.001 -9"><span class='ocrx_word' id='word_1_54' title='bbox 853 174 967 202; x_wconf 88' lang='lat' dir='ltr'><strong>Coislin.</strong></span> <span class='ocrx_word' id='word_1_55' title='bbox 992 175 1131 208; x_wconf 70' lang='lat' dir='ltr'><strong>adjicitur,</strong></span> <span class='ocrx_word' id='word_1_56' title='bbox 1145 176 1254 209; x_wconf 83' lang='grc' dir='ltr'>Σαμαρ.</span> <span class='ocrx_word' id='word_1_57' title='bbox 1267 194 1273 205; x_wconf 83' lang='grc'><strong>,</strong></span> <span class='ocrx_word' id='word_1_58' title='bbox 1294 174 1452 204; x_wconf 76' lang='grc' dir='ltr'>ἐσπίλωσεν,</span> <span class='ocrx_word' id='word_1_59' title='bbox 1477 174 1638 204; x_wconf 67' lang='grc' dir='ltr'>ηταειιίουὶις</span> 
     </span>
    </p>
   </div>
   <div class='ocr_carea' id='block_1_12' title="bbox 854 209 1639 269">
    <p class='ocr_par' dir='ltr' id='par_1_12' title="bbox 854 209 1639 269">
     <span class='ocr_line' id='line_1_12' title="bbox 854 209 1639 269; baseline -0.001 -33"><span class='ocrx_word' id='word_1_60' title='bbox 854 209 1118 242; x_wconf 71' lang='lat' dir='ltr'><strong>ad&#39;l‘hcodotionem</strong></span> <span class='ocrx_word' id='word_1_61' title='bbox 1135 218 1198 236; x_wconf 80' lang='lat' dir='ltr'><strong>vero</strong></span> <span class='ocrx_word' id='word_1_62' title='bbox 1225 210 1322 236; x_wconf 88' lang='lat' dir='ltr'><strong>melius</strong></span> <span class='ocrx_word' id='word_1_63' title='bbox 1340 210 1450 244; x_wconf 80' lang='lat' dir='ltr'><strong>legitur,</strong></span> <span class='ocrx_word' id='word_1_64' title='bbox 1471 209 1639 269; x_wconf 53' lang='lat' dir='ltr'><strong>écgviypdytxsv</strong></span> 
     </span>
     <span class='ocr_line' id='line_1_13' title="bbox 854 243 1636 269; baseline 0 0"><span class='ocrx_word' id='word_1_65' title='bbox 854 245 1000 269; x_wconf 77' lang='lat' dir='ltr'><strong>obsimmvit</strong></span> <span class='ocrx_word' id='word_1_66' title='bbox 1013 266 1020 269; x_wconf 84' lang='lat'><strong>.</strong></span> <span class='ocrx_word' id='word_1_67' title='bbox 1041 245 1084 269; x_wconf 86' lang='lat' dir='ltr'><strong>ubi</strong></span> <span class='ocrx_word' id='word_1_68' title='bbox 1112 244 1285 269; x_wconf 83' lang='lat' dir='ltr'><strong>Basiliensis.</strong></span> <span class='ocrx_word' id='word_1_69' title='bbox 1306 245 1496 269; x_wconf 71' lang='grc' dir='ltr'>ὲσεςοὰγισται.</span> <span class='ocrx_word' id='word_1_70' title='bbox 1540 264 1547 269; x_wconf 90' lang='grc'>.</span> <span class='ocrx_word' id='word_1_71' title='bbox 1563 243 1589 269; x_wconf 90' lang='grc'><strong>8.</strong></span> <span class='ocrx_word' id='word_1_72' title='bbox 1606 247 1636 269; x_wconf 74' lang='grc' dir='ltr'><strong>ω’</strong></span> 
     </span>
    </p>
   </div>
   <div class='ocr_carea' id='block_1_13' title="bbox 854 243 1627 279">
    <p class='ocr_par' dir='ltr' id='par_1_13' title="bbox 854 243 1627 279">
     <span class='ocr_line' id='line_1_14' title="bbox 854 243 1627 279; baseline 0 -9"><span class='ocrx_word' id='word_1_73' title='bbox 854 245 1020 279; x_wconf 78' lang='lat' dir='ltr'><strong>obsignavit,</strong></span> <span class='ocrx_word' id='word_1_74' title='bbox 1041 245 1084 272; x_wconf 90' lang='lat' dir='ltr'><strong>ubi</strong></span> <span class='ocrx_word' id='word_1_75' title='bbox 1111 244 1285 277; x_wconf 86' lang='lat' dir='ltr'><strong>Basiliensis,</strong></span> <span class='ocrx_word' id='word_1_76' title='bbox 1306 243 1496 279; x_wconf 68' lang='grc' dir='ltr'>ἑσερρἁγισται.</span> <span class='ocrx_word' id='word_1_77' title='bbox 1514 243 1547 271; x_wconf 67' lang='grc' dir='ltr'>ν.</span> <span class='ocrx_word' id='word_1_78' title='bbox 1563 243 1589 271; x_wconf 91' lang='lat'><strong>8.</strong></span> <span class='ocrx_word' id='word_1_79' title='bbox 1606 247 1627 270; x_wconf 78' lang='grc' dir='ltr'><strong>υ</strong></span> 
     </span>
    </p>
   </div>
   <div class='ocr_carea' id='block_1_14' title="bbox 854 279 1638 350">
    <p class='ocr_par' dir='ltr' id='par_1_14' title="bbox 854 279 1638 350">
     <span class='ocr_line' id='line_1_15' title="bbox 854 279 1638 319; baseline -0.003 -13"><span class='ocrx_word' id='word_1_80' title='bbox 854 279 1039 316; x_wconf 74' lang='grc' dir='ltr'>προσσιελίσῃ,</span> <span class='ocrx_word' id='word_1_81' title='bbox 1055 288 1093 319; x_wconf 73' lang='lat' dir='ltr'><strong>in.</strong></span> <span class='ocrx_word' id='word_1_82' title='bbox 1109 279 1139 306; x_wconf 82' lang='grc' dir='ltr'>τὸ</span> <span class='ocrx_word' id='word_1_83' title='bbox 1156 279 1234 314; x_wconf 79' lang='grc' dir='ltr'>σῶμα</span> <span class='ocrx_word' id='word_1_84' title='bbox 1253 279 1391 316; x_wconf 56' lang='lat' dir='ltr'><strong>mdo-QN.</strong></span> <span class='ocrx_word' id='word_1_85' title='bbox 1403 281 1429 306; x_wconf 85' lang='lat'><strong>9.</strong></span> <span class='ocrx_word' id='word_1_86' title='bbox 1440 280 1638 313; x_wconf 81' lang='grc' dir='ltr'><strong>0⁷,ὲπίσαγμα,</strong></span> 
     </span>
     <span class='ocr_line' id='line_1_16' title="bbox 855 312 1638 350; baseline -0.001 -9"><span class='ocrx_word' id='word_1_87' title='bbox 855 322 891 341; x_wconf 90' lang='lat' dir='ltr'><strong>m.</strong></span> <span class='ocrx_word' id='word_1_88' title='bbox 904 315 1035 350; x_wconf 79' lang='grc' dir='ltr'>κάθισμα.</span> <span class='ocrx_word' id='word_1_89' title='bbox 1053 314 1084 342; x_wconf 80' lang='lat' dir='ltr'><strong>V.</strong></span> <span class='ocrx_word' id='word_1_90' title='bbox 1106 315 1148 342; x_wconf 83' lang='lat' dir='ltr'><strong>l7.</strong></span> <span class='ocrx_word' id='word_1_91' title='bbox 1167 315 1211 346; x_wconf 86' lang='lat'><strong>0’,</strong></span> <span class='ocrx_word' id='word_1_92' title='bbox 1230 312 1278 350; x_wconf 82' lang='grc' dir='ltr'><strong>ἦν,</strong></span> <span class='ocrx_word' id='word_1_93' title='bbox 1296 323 1332 341; x_wconf 91' lang='lat' dir='ltr'><strong>m.</strong></span> <span class='ocrx_word' id='word_1_94' title='bbox 1348 315 1468 349; x_wconf 80' lang='grc' dir='ltr'>γένηται.</span> <span class='ocrx_word' id='word_1_95' title='bbox 1488 313 1519 341; x_wconf 80' lang='grc' dir='ltr'>ν.</span> <span class='ocrx_word' id='word_1_96' title='bbox 1539 314 1582 341; x_wconf 80' lang='lat'><strong>20.</strong></span> <span class='ocrx_word' id='word_1_97' title='bbox 1601 315 1638 345; x_wconf 86' lang='lat'><strong>0‘,</strong></span> 
     </span>
    </p>
   </div>
   <div class='ocr_carea' id='block_1_15' title="bbox 855 322 1638 386">
    <p class='ocr_par' dir='ltr' id='par_1_15' title="bbox 855 322 1638 386">
     <span class='ocr_line' id='line_1_17' title="bbox 855 322 1638 350; baseline -0.001 -9"><span class='ocrx_word' id='word_1_98' title='bbox 855 322 891 341; x_wconf 89' lang='lat' dir='ltr'><strong>m.</strong></span> <span class='ocrx_word' id='word_1_99' title='bbox 904 322 1035 350; x_wconf 80' lang='grc' dir='ltr'>καυισμα.</span> <span class='ocrx_word' id='word_1_100' title='bbox 1057 322 1084 342; x_wconf 74' lang='lat' dir='ltr'><strong>v.</strong></span> <span class='ocrx_word' id='word_1_101' title='bbox 1106 322 1148 342; x_wconf 83' lang='lat' dir='ltr'><strong>‘ll.</strong></span> <span class='ocrx_word' id='word_1_102' title='bbox 1167 322 1190 341; x_wconf 87' lang='lat' dir='ltr'><strong>U&#39;</strong></span> <span class='ocrx_word' id='word_1_103' title='bbox 1204 335 1211 346; x_wconf 86' lang='lat'><strong>,</strong></span> <span class='ocrx_word' id='word_1_104' title='bbox 1230 322 1278 350; x_wconf 82' lang='grc' dir='ltr'><strong>ην,</strong></span> <span class='ocrx_word' id='word_1_105' title='bbox 1296 323 1332 341; x_wconf 91' lang='lat' dir='ltr'><strong>m.</strong></span> <span class='ocrx_word' id='word_1_106' title='bbox 1348 323 1468 349; x_wconf 80' lang='grc' dir='ltr'>γενηται.</span> <span class='ocrx_word' id='word_1_107' title='bbox 1492 322 1519 341; x_wconf 81' lang='lat' dir='ltr'><strong>v.</strong></span> <span class='ocrx_word' id='word_1_108' title='bbox 1539 322 1582 341; x_wconf 80' lang='lat' dir='ltr'><strong>zu.</strong></span> <span class='ocrx_word' id='word_1_109' title='bbox 1601 322 1638 345; x_wconf 75' lang='grc' dir='ltr'><strong>υ,</strong></span> 
     </span>
     <span class='ocr_line' id='line_1_18' title="bbox 855 349 1269 386; baseline 0.002 -11"><span class='ocrx_word' id='word_1_110' title='bbox 855 350 1023 386; x_wconf 79' lang='grc' dir='ltr'>κοιτάζηται,</span> <span class='ocrx_word' id='word_1_111' title='bbox 1048 358 1084 377; x_wconf 94' lang='lat' dir='ltr'><strong>m.</strong></span> <span class='ocrx_word' id='word_1_112' title='bbox 1099 349 1269 385; x_wconf 83' lang='grc' dir='ltr'>καθευδήσει.</span> 
     </span>
    </p>
   </div>
   <div class='ocr_carea' id='block_1_16' title="bbox 282 427 1371 463">
    <p class='ocr_par' dir='ltr' id='par_1_16' title="bbox 282 427 1371 463">
     <span class='ocr_line' id='line_1_19' title="bbox 282 427 1371 463; baseline -0.002 -6"><span class='ocrx_word' id='word_1_113' title='bbox 282 429 404 457; x_wconf 82' lang='lat' dir='ltr'><strong>CAPUT</strong></span> <span class='ocrx_word' id='word_1_114' title='bbox 419 429 488 456; x_wconf 82' lang='lat' dir='ltr'><strong>XVI</strong></span> <span class='ocrx_word' id='word_1_115' title='bbox 508 429 692 463; x_wconf 84' lang='lat' dir='ltr'><strong>LEVITICI,</strong></span> <span class='ocrx_word' id='word_1_116' title='bbox 718 429 766 456; x_wconf 84' lang='lat' dir='ltr'><strong>EX</strong></span> <span class='ocrx_word' id='word_1_117' title='bbox 792 428 922 456; x_wconf 81' lang='lat' dir='ltr'><strong>EODEM</strong></span> <span class='ocrx_word' id='word_1_118' title='bbox 941 427 1078 456; x_wconf 87' lang='lat' dir='ltr'><strong>CODICE</strong></span> <span class='ocrx_word' id='word_1_119' title='bbox 1099 427 1274 456; x_wconf 86' lang='lat' dir='ltr'><strong>COLBERT.</strong></span> <span class='ocrx_word' id='word_1_120' title='bbox 1291 428 1371 456; x_wconf 55' lang='lat'><strong>3081.</strong></span> 
     </span>
    </p>
   </div>
   <div class='ocr_carea' id='block_1_17' title="bbox 49 496 804 532">
    <p class='ocr_par' dir='ltr' id='par_1_17' title="bbox 49 496 804 532">
     <span class='ocr_line' id='line_1_20' title="bbox 49 496 804 532; baseline -0.001 -8"><span class='ocrx_word' id='word_1_121' title='bbox 49 497 188 532; x_wconf 76' lang='grc' dir='ltr'>ίλαστηρίου.</span> <span class='ocrx_word' id='word_1_122' title='bbox 217 496 258 524; x_wconf 81' lang='lat' dir='ltr'><strong>l6.</strong></span> <span class='ocrx_word' id='word_1_123' title='bbox 287 497 343 523; x_wconf 80' lang='lat' dir='ltr'><strong>Kal.</strong></span> <span class='ocrx_word' id='word_1_124' title='bbox 359 497 510 529; x_wconf 80' lang='grc' dir='ltr'>ὲξιλάσεται</span> <span class='ocrx_word' id='word_1_125' title='bbox 534 497 564 524; x_wconf 80' lang='grc' dir='ltr'>τὸ</span> <span class='ocrx_word' id='word_1_126' title='bbox 574 497 649 532; x_wconf 79' lang='grc' dir='ltr'>ἃγιον</span> <span class='ocrx_word' id='word_1_127' title='bbox 675 497 729 524; x_wconf 82' lang='grc' dir='ltr'>ἀπὸ</span> <span class='ocrx_word' id='word_1_128' title='bbox 751 497 804 523; x_wconf 85' lang='grc' dir='ltr'><strong>τῶν</strong></span> 
     </span>
    </p>
   </div>
   <div class='ocr_carea' id='block_1_18' title="bbox 48 542 803 579">
    <p class='ocr_par' dir='ltr' id='par_1_18' title="bbox 48 542 803 579">
     <span class='ocr_line' id='line_1_21' title="bbox 48 542 803 579; baseline -0.001 -9"><span class='ocrx_word' id='word_1_129' title='bbox 48 543 194 578; x_wconf 74' lang='grc' dir='ltr'>ὰκαθαρπιῶν</span> <span class='ocrx_word' id='word_1_130' title='bbox 206 542 259 569; x_wconf 79' lang='grc' dir='ltr'><strong>τῶν</strong></span> <span class='ocrx_word' id='word_1_131' title='bbox 278 542 342 569; x_wconf 71' lang='grc' dir='ltr'>υἱῶν</span> <span class='ocrx_word' id='word_1_132' title='bbox 364 543 481 579; x_wconf 75' lang='grc' dir='ltr'>Ἰσραὴλ,</span> <span class='ocrx_word' id='word_1_133' title='bbox 497 544 544 570; x_wconf 78' lang='grc' dir='ltr'><strong>καὶ</strong></span> <span class='ocrx_word' id='word_1_134' title='bbox 563 544 618 570; x_wconf 73' lang='grc' dir='ltr'><strong>ἀπὸ</strong></span> <span class='ocrx_word' id='word_1_135' title='bbox 641 543 694 570; x_wconf 78' lang='grc' dir='ltr'>τῶν</span> <span class='ocrx_word' id='word_1_136' title='bbox 709 543 803 578; x_wconf 86' lang='grc' dir='ltr'>ἀδικη-</span> 
     </span>
    </p>
   </div>
   <div class='ocr_carea' id='block_1_19' title="bbox 49 589 802 625">
    <p class='ocr_par' dir='ltr' id='par_1_19' title="bbox 49 589 802 625">
     <span class='ocr_line' id='line_1_22' title="bbox 49 589 802 625; baseline -0.003 -9"><span class='ocrx_word' id='word_1_137' title='bbox 49 590 120 625; x_wconf 77' lang='grc' dir='ltr'>μάτων</span> <span class='ocrx_word' id='word_1_138' title='bbox 135 589 217 616; x_wconf 71' lang='grc' dir='ltr'>αὐτῶν</span> <span class='ocrx_word' id='word_1_139' title='bbox 247 589 309 625; x_wconf 81' lang='grc' dir='ltr'>περὶ</span> <span class='ocrx_word' id='word_1_140' title='bbox 331 589 425 616; x_wconf 81' lang='grc' dir='ltr'><strong>πασῶν</strong></span> <span class='ocrx_word' id='word_1_141' title='bbox 450 589 504 616; x_wconf 85' lang='grc' dir='ltr'><strong>τῶν</strong></span> <span class='ocrx_word' id='word_1_142' title='bbox 535 589 675 625; x_wconf 84' lang='grc' dir='ltr'>ἁμαρτιῶν</span> <span class='ocrx_word' id='word_1_143' title='bbox 705 589 802 616; x_wconf 78' lang='grc' dir='ltr'>αὐτῶν.</span> 
     </span>
    </p>
   </div>
   <div class='ocr_carea' id='block_1_20' title="bbox 47 633 803 670">
    <p class='ocr_par' dir='ltr' id='par_1_20' title="bbox 47 633 803 670">
     <span class='ocr_line' id='line_1_23' title="bbox 47 633 803 670; baseline -0.003 -8"><span class='ocrx_word' id='word_1_144' title='bbox 47 635 89 662; x_wconf 79' lang='grc' dir='ltr'><strong>Καὶ</strong></span> <span class='ocrx_word' id='word_1_145' title='bbox 111 634 174 661; x_wconf 70' lang='grc' dir='ltr'>οὕτω</span> <span class='ocrx_word' id='word_1_146' title='bbox 199 636 304 669; x_wconf 82' lang='grc' dir='ltr'>ποιήσει</span> <span class='ocrx_word' id='word_1_147' title='bbox 341 636 373 670; x_wconf 85' lang='grc' dir='ltr'>τῇ</span> <span class='ocrx_word' id='word_1_148' title='bbox 399 636 486 670; x_wconf 84' lang='grc' dir='ltr'>σκηνῇ</span> <span class='ocrx_word' id='word_1_149' title='bbox 517 633 563 660; x_wconf 78' lang='grc' dir='ltr'><strong>τοῦ</strong></span> <span class='ocrx_word' id='word_1_150' title='bbox 592 633 742 670; x_wconf 80' lang='grc' dir='ltr'><strong>μαρτυρίου</strong></span> <span class='ocrx_word' id='word_1_151' title='bbox 770 635 803 669; x_wconf 81' lang='grc' dir='ltr'><strong>τῇ</strong></span> 
     </span>
    </p>
   </div>
   <div class='ocr_carea' id='block_1_21' title="bbox 48 679 802 716">
    <p class='ocr_par' dir='ltr' id='par_1_21' title="bbox 48 679 802 716">
     <span class='ocr_line' id='line_1_24' title="bbox 48 679 802 716; baseline 0 -10"><span class='ocrx_word' id='word_1_152' title='bbox 48 680 166 716; x_wconf 75' lang='grc' dir='ltr'>ἑκτισμένῃ</span> <span class='ocrx_word' id='word_1_153' title='bbox 179 681 205 706; x_wconf 75' lang='grc' dir='ltr'><strong>ὲν</strong></span> <span class='ocrx_word' id='word_1_154' title='bbox 220 680 310 711; x_wconf 81' lang='grc' dir='ltr'><strong>αὐτοῖς</strong></span> <span class='ocrx_word' id='word_1_155' title='bbox 322 681 350 706; x_wconf 86' lang='grc' dir='ltr'>ὲν</span> <span class='ocrx_word' id='word_1_156' title='bbox 365 680 438 715; x_wconf 81' lang='grc' dir='ltr'>μέσῳ</span> <span class='ocrx_word' id='word_1_157' title='bbox 454 680 503 714; x_wconf 74' lang='grc' dir='ltr'>τῆς</span> <span class='ocrx_word' id='word_1_158' title='bbox 520 679 688 715; x_wconf 74' lang='grc' dir='ltr'><strong>ἀκαθαρσίας</strong></span> <span class='ocrx_word' id='word_1_159' title='bbox 704 679 802 706; x_wconf 80' lang='grc' dir='ltr'>αὐτῶν.</span> 
     </span>
    </p>
   </div>
   <div class='ocr_carea' id='block_1_22' title="bbox 48 725 803 761">
    <p class='ocr_par' dir='ltr' id='par_1_22' title="bbox 48 725 803 761">
     <span class='ocr_line' id='line_1_25' title="bbox 48 725 803 761; baseline 0 -9"><span class='ocrx_word' id='word_1_160' title='bbox 48 727 79 752; x_wconf 82' lang='grc' dir='ltr'><strong>Π.</strong></span> <span class='ocrx_word' id='word_1_161' title='bbox 94 727 140 752; x_wconf 78' lang='grc' dir='ltr'><strong>Καὶ</strong></span> <span class='ocrx_word' id='word_1_162' title='bbox 155 727 205 757; x_wconf 74' lang='grc' dir='ltr'><strong>πᾶς</strong></span> <span class='ocrx_word' id='word_1_163' title='bbox 223 726 365 761; x_wconf 79' lang='grc' dir='ltr'>ἄνθρωπος</span> <span class='ocrx_word' id='word_1_164' title='bbox 380 726 430 752; x_wconf 79' lang='grc' dir='ltr'>οὐκ</span> <span class='ocrx_word' id='word_1_165' title='bbox 446 725 521 752; x_wconf 83' lang='grc' dir='ltr'>ἔσται</span> <span class='ocrx_word' id='word_1_166' title='bbox 547 727 576 752; x_wconf 87' lang='grc' dir='ltr'>ὲν</span> <span class='ocrx_word' id='word_1_167' title='bbox 593 727 626 761; x_wconf 82' lang='grc' dir='ltr'>τῇ</span> <span class='ocrx_word' id='word_1_168' title='bbox 651 727 735 761; x_wconf 82' lang='grc' dir='ltr'><strong>σκηνῇ</strong></span> <span class='ocrx_word' id='word_1_169' title='bbox 757 725 803 752; x_wconf 83' lang='grc' dir='ltr'><strong>τοῦ</strong></span> 
     </span>
    </p>
   </div>
   <div class='ocr_carea' id='block_1_23' title="bbox 47 770 804 807">
    <p class='ocr_par' dir='ltr' id='par_1_23' title="bbox 47 770 804 807">
     <span class='ocr_line' id='line_1_26' title="bbox 47 770 804 807; baseline 0.001 -11"><span class='ocrx_word' id='word_1_170' title='bbox 47 771 181 807; x_wconf 73' lang='grc' dir='ltr'>μαρτυρίου,</span> <span class='ocrx_word' id='word_1_171' title='bbox 210 771 435 807; x_wconf 74' lang='grc' dir='ltr'>εἰσπορευομένου</span> <span class='ocrx_word' id='word_1_172' title='bbox 460 771 542 797; x_wconf 73' lang='grc' dir='ltr'>αὑτοῦ</span> <span class='ocrx_word' id='word_1_173' title='bbox 571 770 744 803; x_wconf 76' lang='grc' dir='ltr'><strong>ἐξιλάσασθαι</strong></span> <span class='ocrx_word' id='word_1_174' title='bbox 775 771 804 797; x_wconf 85' lang='grc' dir='ltr'>ὲν</span> 
     </span>
    </p>
   </div>
   <div class='ocr_carea' id='block_1_24' title="bbox 47 815 802 854">
    <p class='ocr_par' dir='ltr' id='par_1_24' title="bbox 47 815 802 854">
     <span class='ocr_line' id='line_1_27' title="bbox 47 815 802 854; baseline 0 -12"><span class='ocrx_word' id='word_1_175' title='bbox 47 815 76 850; x_wconf 79' lang='grc' dir='ltr'><strong>τῷ</strong></span> <span class='ocrx_word' id='word_1_176' title='bbox 87 816 157 851; x_wconf 79' lang='grc' dir='ltr'>ἁγίῳ,</span> <span class='ocrx_word' id='word_1_177' title='bbox 168 817 220 848; x_wconf 75' lang='grc' dir='ltr'><strong>ἕως</strong></span> <span class='ocrx_word' id='word_1_178' title='bbox 229 816 262 844; x_wconf 83' lang='grc' dir='ltr'><strong>ἂν</strong></span> <span class='ocrx_word' id='word_1_179' title='bbox 277 816 382 854; x_wconf 68' lang='grc' dir='ltr'><strong>ἐξέλθῃ⁸</strong></span> <span class='ocrx_word' id='word_1_180' title='bbox 409 817 455 843; x_wconf 77' lang='grc' dir='ltr'>καὶ</span> <span class='ocrx_word' id='word_1_181' title='bbox 470 816 620 849; x_wconf 56' lang='lat' dir='ltr'><strong>teneam:</strong></span> <span class='ocrx_word' id='word_1_182' title='bbox 635 817 698 852; x_wconf 70' lang='grc' dir='ltr'>περὶ</span> <span class='ocrx_word' id='word_1_183' title='bbox 719 815 802 843; x_wconf 73' lang='grc' dir='ltr'>αὑτοῦ</span> 
     </span>
    </p>
   </div>
   <div class='ocr_carea' id='block_1_25' title="bbox 47 861 804 898">
    <p class='ocr_par' dir='ltr' id='par_1_25' title="bbox 47 861 804 898">
     <span class='ocr_line' id='line_1_28' title="bbox 47 861 804 898; baseline 0.001 -11"><span class='ocrx_word' id='word_1_184' title='bbox 47 861 81 887; x_wconf 74' lang='grc' dir='ltr'><strong>καὶ</strong></span> <span class='ocrx_word' id='word_1_185' title='bbox 88 861 126 888; x_wconf 76' lang='grc' dir='ltr'><strong>τοῦ</strong></span> <span class='ocrx_word' id='word_1_186' title='bbox 141 862 212 888; x_wconf 73' lang='grc' dir='ltr'>οἴκου</span> <span class='ocrx_word' id='word_1_187' title='bbox 228 862 310 889; x_wconf 82' lang='grc' dir='ltr'>αὐτοῦ</span> <span class='ocrx_word' id='word_1_188' title='bbox 331 863 376 889; x_wconf 78' lang='grc' dir='ltr'><strong>καὶ</strong></span> <span class='ocrx_word' id='word_1_189' title='bbox 390 863 454 898; x_wconf 86' lang='grc' dir='ltr'><strong>περί</strong></span> <span class='ocrx_word' id='word_1_190' title='bbox 476 862 566 898; x_wconf 79' lang='grc' dir='ltr'>πάσης</span> <span class='ocrx_word' id='word_1_191' title='bbox 585 862 743 898; x_wconf 81' lang='grc' dir='ltr'><strong>συναγωγῆς</strong></span> <span class='ocrx_word' id='word_1_192' title='bbox 756 862 804 897; x_wconf 82' lang='grc' dir='ltr'><strong>τῆς</strong></span> 
     </span>
    </p>
   </div>
   <div class='ocr_carea' id='block_1_26' title="bbox 52 907 804 944">
    <p class='ocr_par' dir='ltr' id='par_1_26' title="bbox 52 907 804 944">
     <span class='ocr_line' id='line_1_29' title="bbox 52 907 804 944; baseline 0.003 -12"><span class='ocrx_word' id='word_1_193' title='bbox 52 907 145 942; x_wconf 77' lang='grc' dir='ltr'>Ἰσραήλ.</span> <span class='ocrx_word' id='word_1_194' title='bbox 173 907 214 934; x_wconf 72' lang='grc'><strong>18.</strong></span> <span class='ocrx_word' id='word_1_195' title='bbox 242 909 296 935; x_wconf 80' lang='grc' dir='ltr'><strong>Καὶ</strong></span> <span class='ocrx_word' id='word_1_196' title='bbox 323 907 491 940; x_wconf 79' lang='grc' dir='ltr'>ἐξελεύσεται</span> <span class='ocrx_word' id='word_1_197' title='bbox 505 908 551 934; x_wconf 75' lang='grc' dir='ltr'><strong>ἐπὶ</strong></span> <span class='ocrx_word' id='word_1_198' title='bbox 565 907 595 934; x_wconf 82' lang='grc' dir='ltr'><strong>τὸ</strong></span> <span class='ocrx_word' id='word_1_199' title='bbox 617 907 804 944; x_wconf 80' lang='grc' dir='ltr'>θυσιαστήριον</span> 
     </span>
    </p>
   </div>
   <div class='ocr_carea' id='block_1_27' title="bbox 46 953 805 990">
    <p class='ocr_par' dir='ltr' id='par_1_27' title="bbox 46 953 805 990">
     <span class='ocr_line' id='line_1_30' title="bbox 46 953 805 990; baseline 0.001 -11"><span class='ocrx_word' id='word_1_200' title='bbox 46 953 68 978; x_wconf 83' lang='grc' dir='ltr'>τὸ</span> <span class='ocrx_word' id='word_1_201' title='bbox 84 953 108 980; x_wconf 76' lang='grc' dir='ltr'>ὂν</span> <span class='ocrx_word' id='word_1_202' title='bbox 127 954 251 980; x_wconf 82' lang='grc' dir='ltr'><strong>ἀπέναντι</strong></span> <span class='ocrx_word' id='word_1_203' title='bbox 275 954 389 990; x_wconf 79' lang='grc' dir='ltr'>Κυρίου,</span> <span class='ocrx_word' id='word_1_204' title='bbox 407 954 453 981; x_wconf 81' lang='grc' dir='ltr'>καὶ</span> <span class='ocrx_word' id='word_1_205' title='bbox 470 953 621 987; x_wconf 74' lang='grc' dir='ltr'>ἑξιλάσεται</span> <span class='ocrx_word' id='word_1_206' title='bbox 648 955 690 980; x_wconf 70' lang='grc' dir='ltr'><strong>ἐπ’</strong></span> <span class='ocrx_word' id='word_1_207' title='bbox 709 953 805 986; x_wconf 79' lang='grc' dir='ltr'>αὐτοῦ,</span> 
     </span>
    </p>
   </div>
   <div class='ocr_carea' id='block_1_28' title="bbox 47 999 807 1036">
    <p class='ocr_par' dir='ltr' id='par_1_28' title="bbox 47 999 807 1036">
     <span class='ocr_line' id='line_1_31' title="bbox 47 999 807 1036; baseline 0.003 -12"><span class='ocrx_word' id='word_1_208' title='bbox 47 999 82 1024; x_wconf 69' lang='grc' dir='ltr'><strong>καὶ</strong></span> <span class='ocrx_word' id='word_1_209' title='bbox 90 999 214 1034; x_wconf 77' lang='grc' dir='ltr'>λήμψεται</span> <span class='ocrx_word' id='word_1_210' title='bbox 229 1000 284 1027; x_wconf 77' lang='grc' dir='ltr'>ἀπὸ</span> <span class='ocrx_word' id='word_1_211' title='bbox 296 1000 343 1027; x_wconf 78' lang='grc' dir='ltr'><strong>τοῦ</strong></span> <span class='ocrx_word' id='word_1_212' title='bbox 368 1000 482 1036; x_wconf 82' lang='grc' dir='ltr'>αἵματος</span> <span class='ocrx_word' id='word_1_213' title='bbox 497 999 542 1026; x_wconf 86' lang='grc' dir='ltr'><strong>τοῦ</strong></span> <span class='ocrx_word' id='word_1_214' title='bbox 565 1000 674 1035; x_wconf 85' lang='grc' dir='ltr'><strong>μόσχου,</strong></span> <span class='ocrx_word' id='word_1_215' title='bbox 686 1000 733 1026; x_wconf 83' lang='grc' dir='ltr'><strong>καὶ</strong></span> <span class='ocrx_word' id='word_1_216' title='bbox 754 999 807 1026; x_wconf 82' lang='grc' dir='ltr'>ἀπὸ</span> 
     </span>
    </p>
   </div>
   <div class='ocr_carea' id='block_1_29' title="bbox 45 1044 808 1082">
    <p class='ocr_par' dir='ltr' id='par_1_29' title="bbox 45 1044 808 1082">
     <span class='ocr_line' id='line_1_32' title="bbox 45 1044 808 1082; baseline 0.001 -11"><span class='ocrx_word' id='word_1_217' title='bbox 45 1044 80 1071; x_wconf 72' lang='grc' dir='ltr'><strong>τοῦ</strong></span> <span class='ocrx_word' id='word_1_218' title='bbox 91 1045 195 1080; x_wconf 76' lang='grc' dir='ltr'>αἳματος</span> <span class='ocrx_word' id='word_1_219' title='bbox 207 1045 254 1072; x_wconf 78' lang='grc' dir='ltr'><strong>τοῦ</strong></span> <span class='ocrx_word' id='word_1_220' title='bbox 269 1046 396 1082; x_wconf 71' lang='grc' dir='ltr'>χιμάρουο</span> <span class='ocrx_word' id='word_1_221' title='bbox 405 1046 451 1073; x_wconf 79' lang='grc' dir='ltr'><strong>καὶ</strong></span> <span class='ocrx_word' id='word_1_222' title='bbox 464 1045 586 1082; x_wconf 74' lang='grc' dir='ltr'><strong>ἐπιθήσει</strong></span> <span class='ocrx_word' id='word_1_223' title='bbox 599 1047 645 1072; x_wconf 74' lang='grc' dir='ltr'>ἐπὶ</span> <span class='ocrx_word' id='word_1_224' title='bbox 657 1046 692 1073; x_wconf 77' lang='grc' dir='ltr'>τὰ</span> <span class='ocrx_word' id='word_1_225' title='bbox 706 1047 808 1082; x_wconf 82' lang='grc' dir='ltr'>κέρατα</span> 
     </span>
    </p>
   </div>
   <div class='ocr_carea' id='block_1_30' title="bbox 46 1089 807 1128">
    <p class='ocr_par' dir='ltr' id='par_1_30' title="bbox 46 1089 807 1128">
     <span class='ocr_line' id='line_1_33' title="bbox 46 1089 807 1128; baseline 0.003 -12"><span class='ocrx_word' id='word_1_226' title='bbox 46 1089 270 1128; x_wconf 63' lang='grc' dir='ltr'>τοῧθυσιαστηρίου</span> <span class='ocrx_word' id='word_1_227' title='bbox 287 1091 388 1127; x_wconf 82' lang='grc' dir='ltr'><strong>κύκλῳ.</strong></span> <span class='ocrx_word' id='word_1_228' title='bbox 406 1091 448 1119; x_wconf 82' lang='lat' dir='ltr'><strong>l9.</strong></span> <span class='ocrx_word' id='word_1_229' title='bbox 463 1092 517 1118; x_wconf 73' lang='grc' dir='ltr'>Καὶ</span> <span class='ocrx_word' id='word_1_230' title='bbox 530 1093 605 1127; x_wconf 77' lang='grc' dir='ltr'>ρανεῖ</span> <span class='ocrx_word' id='word_1_231' title='bbox 617 1092 732 1118; x_wconf 78' lang='grc' dir='ltr'>ὲπάὺτὸ</span> <span class='ocrx_word' id='word_1_232' title='bbox 753 1091 807 1118; x_wconf 82' lang='grc' dir='ltr'><strong>ἀπὸ</strong></span> 
     </span>
    </p>
   </div>
   <div class='ocr_carea' id='block_1_31' title="bbox 46 1135 808 1173">
    <p class='ocr_par' dir='ltr' id='par_1_31' title="bbox 46 1135 808 1173">
     <span class='ocr_line' id='line_1_34' title="bbox 46 1135 808 1173; baseline 0.004 -12"><span class='ocrx_word' id='word_1_233' title='bbox 46 1135 80 1162; x_wconf 72' lang='grc' dir='ltr'><strong>τοῦ</strong></span> <span class='ocrx_word' id='word_1_234' title='bbox 93 1137 199 1173; x_wconf 79' lang='grc' dir='ltr'>αἵματος</span> <span class='ocrx_word' id='word_1_235' title='bbox 205 1137 244 1172; x_wconf 84' lang='grc' dir='ltr'><strong>τῷ</strong></span> <span class='ocrx_word' id='word_1_236' title='bbox 253 1137 376 1173; x_wconf 80' lang='grc' dir='ltr'><strong>δακτύλῳ</strong></span> <span class='ocrx_word' id='word_1_237' title='bbox 393 1137 475 1164; x_wconf 79' lang='grc' dir='ltr'>αὑτοῦ</span> <span class='ocrx_word' id='word_1_238' title='bbox 491 1138 615 1170; x_wconf 74' lang='grc' dir='ltr'><strong>ἑπτάκις·</strong></span> <span class='ocrx_word' id='word_1_239' title='bbox 625 1138 671 1164; x_wconf 79' lang='grc' dir='ltr'>καὶ</span> <span class='ocrx_word' id='word_1_240' title='bbox 682 1137 808 1173; x_wconf 84' lang='grc' dir='ltr'>καθαριεῖ</span> 
     </span>
    </p>
   </div>
   <div class='ocr_carea' id='block_1_32' title="bbox 45 1182 807 1219">
    <p class='ocr_par' dir='ltr' id='par_1_32' title="bbox 45 1182 807 1219">
     <span class='ocr_line' id='line_1_35' title="bbox 45 1182 807 1219; baseline 0.003 -12"><span class='ocrx_word' id='word_1_241' title='bbox 45 1182 95 1208; x_wconf 75' lang='grc' dir='ltr'>αὐτὸ</span> <span class='ocrx_word' id='word_1_242' title='bbox 103 1184 144 1209; x_wconf 70' lang='grc' dir='ltr'><strong>καὶ</strong></span> <span class='ocrx_word' id='word_1_243' title='bbox 155 1184 262 1217; x_wconf 76' lang='grc' dir='ltr'>ἁγιάσει</span> <span class='ocrx_word' id='word_1_244' title='bbox 279 1184 343 1210; x_wconf 84' lang='grc' dir='ltr'>αὐτὸ</span> <span class='ocrx_word' id='word_1_245' title='bbox 358 1184 411 1210; x_wconf 79' lang='grc' dir='ltr'>ἀπὸ</span> <span class='ocrx_word' id='word_1_246' title='bbox 422 1183 475 1210; x_wconf 77' lang='grc' dir='ltr'><strong>τῶν</strong></span> <span class='ocrx_word' id='word_1_247' title='bbox 490 1183 665 1219; x_wconf 80' lang='grc' dir='ltr'>ὰκαθαρσιῶν</span> <span class='ocrx_word' id='word_1_248' title='bbox 676 1183 728 1210; x_wconf 79' lang='grc' dir='ltr'><strong>τῶν</strong></span> <span class='ocrx_word' id='word_1_249' title='bbox 742 1183 807 1210; x_wconf 80' lang='grc' dir='ltr'><strong>υἱῶν</strong></span> 
     </span>
    </p>
   </div>
   <div class='ocr_carea' id='block_1_33' title="bbox 49 1226 805 1263">
    <p class='ocr_par' dir='ltr' id='par_1_33' title="bbox 49 1226 805 1263">
     <span class='ocr_line' id='line_1_36' title="bbox 49 1226 805 1263; baseline -0.001 -10"><span class='ocrx_word' id='word_1_250' title='bbox 49 1226 145 1263; x_wconf 82' lang='grc' dir='ltr'>Ἰσραήλ.</span> <span class='ocrx_word' id='word_1_251' title='bbox 156 1228 197 1256; x_wconf 78' lang='lat'><strong>20.</strong></span> <span class='ocrx_word' id='word_1_252' title='bbox 206 1229 261 1255; x_wconf 73' lang='grc' dir='ltr'><strong>Καὶ</strong></span> <span class='ocrx_word' id='word_1_253' title='bbox 274 1228 427 1254; x_wconf 79' lang='grc' dir='ltr'>συντελέσει</span> <span class='ocrx_word' id='word_1_254' title='bbox 456 1228 663 1263; x_wconf 73' lang='grc' dir='ltr'><strong>ἐξιλασκόμενος</strong></span> <span class='ocrx_word' id='word_1_255' title='bbox 674 1226 704 1253; x_wconf 77' lang='grc' dir='ltr'><strong>τὸ</strong></span> <span class='ocrx_word' id='word_1_256' title='bbox 719 1228 805 1260; x_wconf 81' lang='grc' dir='ltr'>ἆγιον,</span> 
     </span>
    </p>
   </div>
   <div class='ocr_carea' id='block_1_34' title="bbox 44 1272 807 1309">
    <p class='ocr_par' dir='ltr' id='par_1_34' title="bbox 44 1272 807 1309">
     <span class='ocr_line' id='line_1_37' title="bbox 44 1272 807 1309; baseline 0.003 -12"><span class='ocrx_word' id='word_1_257' title='bbox 44 1272 79 1297; x_wconf 78' lang='grc' dir='ltr'>καὶ</span> <span class='ocrx_word' id='word_1_258' title='bbox 87 1272 128 1308; x_wconf 81' lang='grc' dir='ltr'><strong>τὴν</strong></span> <span class='ocrx_word' id='word_1_259' title='bbox 144 1273 242 1309; x_wconf 78' lang='grc' dir='ltr'>σκηνὴν</span> <span class='ocrx_word' id='word_1_260' title='bbox 271 1273 317 1300; x_wconf 74' lang='grc' dir='ltr'>τοῦ</span> <span class='ocrx_word' id='word_1_261' title='bbox 333 1273 483 1309; x_wconf 75' lang='grc' dir='ltr'><strong>μαρτυρίου</strong></span> <span class='ocrx_word' id='word_1_262' title='bbox 508 1273 598 1300; x_wconf 76' lang='grc' dir='ltr'>καὶτὸ</span> <span class='ocrx_word' id='word_1_263' title='bbox 615 1272 807 1308; x_wconf 79' lang='grc' dir='ltr'><strong>θυσιαστήριον</strong></span> 
     </span>
    </p>
   </div>
   <div class='ocr_carea' id='block_1_35' title="bbox 45 1318 807 1355">
    <p class='ocr_par' dir='ltr' id='par_1_35' title="bbox 45 1318 807 1355">
     <span class='ocr_line' id='line_1_38' title="bbox 45 1318 807 1355; baseline -0.003 -9"><span class='ocrx_word' id='word_1_264' title='bbox 45 1324 68 1346; x_wconf 71' lang='grc' dir='ltr'><strong>σε·</strong></span> <span class='ocrx_word' id='word_1_265' title='bbox 83 1319 121 1345; x_wconf 81' lang='grc' dir='ltr'><strong>καὶ</strong></span> <span class='ocrx_word' id='word_1_266' title='bbox 135 1320 195 1354; x_wconf 77' lang='grc' dir='ltr'>περὶ</span> <span class='ocrx_word' id='word_1_267' title='bbox 206 1320 261 1346; x_wconf 83' lang='grc' dir='ltr'>τῶν</span> <span class='ocrx_word' id='word_1_268' title='bbox 277 1319 372 1355; x_wconf 77' lang='grc' dir='ltr'>ἱερέων</span> <span class='ocrx_word' id='word_1_269' title='bbox 384 1319 510 1355; x_wconf 80' lang='grc' dir='ltr'>καθαριεῖ</span> <span class='ocrx_word' id='word_1_270' title='bbox 528 1321 539 1354; x_wconf 70' lang='grc' dir='ltr'>ζ</span> <span class='ocrx_word' id='word_1_271' title='bbox 559 1320 605 1346; x_wconf 77' lang='grc' dir='ltr'>καὶ</span> <span class='ocrx_word' id='word_1_272' title='bbox 620 1318 749 1354; x_wconf 79' lang='grc' dir='ltr'>προσάξει</span> <span class='ocrx_word' id='word_1_273' title='bbox 761 1318 807 1345; x_wconf 82' lang='grc' dir='ltr'>τὸν</span> 
     </span>
    </p>
   </div>
   <div class='ocr_carea' id='block_1_36' title="bbox 44 1363 807 1401">
    <p class='ocr_par' dir='ltr' id='par_1_36' title="bbox 44 1363 807 1401">
     <span class='ocr_line' id='line_1_39' title="bbox 44 1363 807 1401; baseline -0.001 -10"><span class='ocrx_word' id='word_1_274' title='bbox 44 1364 139 1400; x_wconf 74' lang='grc' dir='ltr'>χέμαρον</span> <span class='ocrx_word' id='word_1_275' title='bbox 149 1366 192 1392; x_wconf 76' lang='grc' dir='ltr'>τὸν</span> <span class='ocrx_word' id='word_1_276' title='bbox 218 1365 318 1398; x_wconf 81' lang='grc' dir='ltr'>ζῶντα.</span> <span class='ocrx_word' id='word_1_277' title='bbox 340 1365 384 1392; x_wconf 90' lang='lat' dir='ltr'><strong>2l.</strong></span> <span class='ocrx_word' id='word_1_278' title='bbox 405 1366 459 1392; x_wconf 76' lang='grc' dir='ltr'>Καὶ</span> <span class='ocrx_word' id='word_1_279' title='bbox 476 1365 600 1401; x_wconf 80' lang='grc' dir='ltr'>ἐπιθήσει</span> <span class='ocrx_word' id='word_1_280' title='bbox 626 1364 731 1400; x_wconf 81' lang='grc' dir='ltr'>Ἀαρὼν</span> <span class='ocrx_word' id='word_1_281' title='bbox 759 1363 807 1396; x_wconf 81' lang='grc' dir='ltr'>τὰς</span> 
     </span>
    </p>
   </div>
   <div class='ocr_carea' id='block_1_37' title="bbox 43 1409 807 1447">
    <p class='ocr_par' dir='ltr' id='par_1_37' title="bbox 43 1409 807 1447">
     <span class='ocr_line' id='line_1_40' title="bbox 43 1409 807 1447; baseline 0 -11"><span class='ocrx_word' id='word_1_282' title='bbox 43 1409 78 1437; x_wconf 72' lang='grc' dir='ltr'><strong>δύο</strong></span> <span class='ocrx_word' id='word_1_283' title='bbox 87 1413 171 1447; x_wconf 79' lang='grc' dir='ltr'>χεῖρας</span> <span class='ocrx_word' id='word_1_284' title='bbox 186 1412 270 1439; x_wconf 74' lang='grc' dir='ltr'>αὑτοῦ</span> <span class='ocrx_word' id='word_1_285' title='bbox 281 1413 326 1439; x_wconf 72' lang='grc' dir='ltr'><strong>ἐπὶ</strong></span> <span class='ocrx_word' id='word_1_286' title='bbox 339 1412 389 1447; x_wconf 82' lang='grc' dir='ltr'><strong>τὴν</strong></span> <span class='ocrx_word' id='word_1_287' title='bbox 414 1411 534 1447; x_wconf 79' lang='grc' dir='ltr'>κεφαλὴν</span> <span class='ocrx_word' id='word_1_288' title='bbox 547 1411 593 1438; x_wconf 85' lang='grc' dir='ltr'><strong>τοῦ</strong></span> <span class='ocrx_word' id='word_1_289' title='bbox 620 1410 737 1446; x_wconf 82' lang='grc' dir='ltr'>χιμάρου</span> <span class='ocrx_word' id='word_1_290' title='bbox 760 1409 807 1436; x_wconf 77' lang='grc' dir='ltr'><strong>τοῦ</strong></span> 
     </span>
    </p>
   </div>
   <div class='ocr_carea' id='block_1_38' title="bbox 43 1455 808 1493">
    <p class='ocr_par' dir='ltr' id='par_1_38' title="bbox 43 1455 808 1493">
     <span class='ocr_line' id='line_1_41' title="bbox 43 1455 808 1493; baseline -0.001 -11"><span class='ocrx_word' id='word_1_291' title='bbox 43 1456 132 1488; x_wconf 74' lang='grc' dir='ltr'><strong>ζῶντος,</strong></span> <span class='ocrx_word' id='word_1_292' title='bbox 144 1458 188 1483; x_wconf 74' lang='grc' dir='ltr'><strong>καὶ</strong></span> <span class='ocrx_word' id='word_1_293' title='bbox 198 1457 372 1493; x_wconf 76' lang='grc' dir='ltr'>ἐξαγορεύσει</span> <span class='ocrx_word' id='word_1_294' title='bbox 385 1457 428 1482; x_wconf 73' lang='grc' dir='ltr'><strong>ἐπ’</strong></span> <span class='ocrx_word' id='word_1_295' title='bbox 438 1456 519 1484; x_wconf 75' lang='grc' dir='ltr'>αὑτοῦ</span> <span class='ocrx_word' id='word_1_296' title='bbox 533 1457 621 1488; x_wconf 79' lang='grc' dir='ltr'>πασας</span> <span class='ocrx_word' id='word_1_297' title='bbox 635 1456 684 1487; x_wconf 81' lang='grc' dir='ltr'><strong>τὰς</strong></span> <span class='ocrx_word' id='word_1_298' title='bbox 695 1455 808 1491; x_wconf 86' lang='grc' dir='ltr'><strong>ἀνομίας</strong></span> 
     </span>
    </p>
   </div>
   <div class='ocr_carea' id='block_1_39' title="bbox 43 1502 808 1539">
    <p class='ocr_par' dir='ltr' id='par_1_39' title="bbox 43 1502 808 1539">
     <span class='ocr_line' id='line_1_42' title="bbox 43 1502 808 1539; baseline 0 -11"><span class='ocrx_word' id='word_1_299' title='bbox 43 1502 84 1528; x_wconf 72' lang='grc' dir='ltr'>τῶν</span> <span class='ocrx_word' id='word_1_300' title='bbox 96 1503 154 1529; x_wconf 75' lang='grc' dir='ltr'><strong>υἱῶν</strong></span> <span class='ocrx_word' id='word_1_301' title='bbox 169 1502 287 1539; x_wconf 83' lang='grc' dir='ltr'>Ἰσραὴλ,</span> <span class='ocrx_word' id='word_1_302' title='bbox 304 1502 350 1529; x_wconf 70' lang='grc' dir='ltr'><strong>καὶ</strong></span> <span class='ocrx_word' id='word_1_303' title='bbox 364 1503 452 1534; x_wconf 83' lang='grc' dir='ltr'>πάσας</span> <span class='ocrx_word' id='word_1_304' title='bbox 468 1502 516 1533; x_wconf 80' lang='grc' dir='ltr'><strong>τὰς</strong></span> <span class='ocrx_word' id='word_1_305' title='bbox 529 1502 634 1533; x_wconf 79' lang='grc' dir='ltr'>ἀδικίας</span> <span class='ocrx_word' id='word_1_306' title='bbox 650 1502 748 1533; x_wconf 81' lang='grc' dir='ltr'>αὐτῶν,</span> <span class='ocrx_word' id='word_1_307' title='bbox 762 1502 808 1528; x_wconf 81' lang='grc' dir='ltr'><strong>καὶ</strong></span> 
     </span>
    </p>
   </div>
   <div class='ocr_carea' id='block_1_40' title="bbox 43 1547 806 1584">
    <p class='ocr_par' dir='ltr' id='par_1_40' title="bbox 43 1547 806 1584">
     <span class='ocr_line' id='line_1_43' title="bbox 43 1547 806 1584; baseline 0 -11"><span class='ocrx_word' id='word_1_308' title='bbox 43 1548 146 1584; x_wconf 73' lang='grc' dir='ltr'>ἐπιθήσει</span> <span class='ocrx_word' id='word_1_309' title='bbox 166 1549 251 1581; x_wconf 78' lang='grc' dir='ltr'>αὑτὰς</span> <span class='ocrx_word' id='word_1_310' title='bbox 262 1549 308 1575; x_wconf 78' lang='grc' dir='ltr'><strong>ἐπὶ</strong></span> <span class='ocrx_word' id='word_1_311' title='bbox 319 1549 369 1584; x_wconf 85' lang='grc' dir='ltr'>τὴν</span> <span class='ocrx_word' id='word_1_312' title='bbox 380 1548 500 1583; x_wconf 72' lang='grc' dir='ltr'>κεφαλὴν</span> <span class='ocrx_word' id='word_1_313' title='bbox 523 1548 568 1574; x_wconf 80' lang='grc' dir='ltr'><strong>τοῦ</strong></span> <span class='ocrx_word' id='word_1_314' title='bbox 581 1548 698 1584; x_wconf 83' lang='grc' dir='ltr'>χιμάρου</span> <span class='ocrx_word' id='word_1_315' title='bbox 713 1554 739 1575; x_wconf 57' lang='grc' dir='ltr'>σε</span> <span class='ocrx_word' id='word_1_316' title='bbox 759 1547 806 1573; x_wconf 79' lang='grc' dir='ltr'><strong>τοῦ</strong></span> 
     </span>
    </p>
   </div>
   <div class='ocr_carea' id='block_1_41' title="bbox 43 1593 807 1630">
    <p class='ocr_par' dir='ltr' id='par_1_41' title="bbox 43 1593 807 1630">
     <span class='ocr_line' id='line_1_44' title="bbox 43 1593 807 1630; baseline 0.001 -12"><span class='ocrx_word' id='word_1_317' title='bbox 43 1593 123 1626; x_wconf 60' lang='lat' dir='ltr'><strong>timo;</strong></span> <span class='ocrx_word' id='word_1_318' title='bbox 140 1595 150 1630; x_wconf 69' lang='grc' dir='ltr'>ζ</span> <span class='ocrx_word' id='word_1_319' title='bbox 172 1595 218 1621; x_wconf 75' lang='grc' dir='ltr'><strong>καὶ</strong></span> <span class='ocrx_word' id='word_1_320' title='bbox 229 1594 403 1628; x_wconf 79' lang='grc' dir='ltr'>ὲξαποστελεῖ</span> <span class='ocrx_word' id='word_1_321' title='bbox 414 1594 443 1620; x_wconf 81' lang='grc' dir='ltr'>ἐν</span> <span class='ocrx_word' id='word_1_322' title='bbox 457 1594 528 1630; x_wconf 78' lang='grc' dir='ltr'>χειρὶ</span> <span class='ocrx_word' id='word_1_323' title='bbox 546 1593 688 1628; x_wconf 81' lang='grc' dir='ltr'>ἀνθρώπου</span> <span class='ocrx_word' id='word_1_324' title='bbox 699 1594 807 1628; x_wconf 81' lang='grc' dir='ltr'>ἑτοίμου</span> 
     </span>
    </p>
   </div>
   <div class='ocr_carea' id='block_1_42' title="bbox 43 1638 808 1676">
    <p class='ocr_par' dir='ltr' id='par_1_42' title="bbox 43 1638 808 1676">
     <span class='ocr_line' id='line_1_45' title="bbox 43 1638 808 1676; baseline -0.003 -9"><span class='ocrx_word' id='word_1_325' title='bbox 43 1639 73 1670; x_wconf 73' lang='grc' dir='ltr'><strong>εἰς</strong></span> <span class='ocrx_word' id='word_1_326' title='bbox 85 1639 127 1675; x_wconf 73' lang='grc' dir='ltr'><strong>τὴν</strong></span> <span class='ocrx_word' id='word_1_327' title='bbox 142 1640 252 1676; x_wconf 73' lang='grc' dir='ltr'><strong>ἔρημον.</strong></span> <span class='ocrx_word' id='word_1_328' title='bbox 269 1639 314 1666; x_wconf 78' lang='lat'><strong>22.</strong></span> <span class='ocrx_word' id='word_1_329' title='bbox 324 1640 377 1666; x_wconf 70' lang='grc' dir='ltr'><strong>Καὶ</strong></span> <span class='ocrx_word' id='word_1_330' title='bbox 387 1639 521 1675; x_wconf 78' lang='grc' dir='ltr'>λήμψεται</span> <span class='ocrx_word' id='word_1_331' title='bbox 534 1640 547 1666; x_wconf 83' lang='grc' dir='ltr'>ὁ</span> <span class='ocrx_word' id='word_1_332' title='bbox 557 1638 672 1674; x_wconf 88' lang='grc' dir='ltr'>χίμαρος</span> <span class='ocrx_word' id='word_1_333' title='bbox 684 1639 725 1674; x_wconf 77' lang='grc' dir='ltr'><strong>ἐφ’</strong></span> <span class='ocrx_word' id='word_1_334' title='bbox 734 1639 808 1674; x_wconf 85' lang='grc' dir='ltr'><strong>αὑτῷ</strong></span> 
     </span>
    </p>
   </div>
   <div class='ocr_carea' id='block_1_43' title="bbox 44 1684 807 1720">
    <p class='ocr_par' dir='ltr' id='par_1_43' title="bbox 44 1684 807 1720">
     <span class='ocr_line' id='line_1_46' title="bbox 44 1684 807 1720; baseline -0.001 -9"><span class='ocrx_word' id='word_1_335' title='bbox 44 1685 114 1717; x_wconf 71' lang='grc' dir='ltr'>πάσας</span> <span class='ocrx_word' id='word_1_336' title='bbox 128 1686 175 1718; x_wconf 78' lang='grc' dir='ltr'><strong>τὰς</strong></span> <span class='ocrx_word' id='word_1_337' title='bbox 189 1685 295 1717; x_wconf 78' lang='grc' dir='ltr'>ἀδικίας</span> <span class='ocrx_word' id='word_1_338' title='bbox 310 1686 400 1712; x_wconf 72' lang='grc' dir='ltr'>αὐτῶν</span> <span class='ocrx_word' id='word_1_339' title='bbox 428 1687 468 1717; x_wconf 81' lang='grc' dir='ltr'>είς</span> <span class='ocrx_word' id='word_1_340' title='bbox 489 1685 539 1720; x_wconf 84' lang='grc' dir='ltr'>τὴν</span> <span class='ocrx_word' id='word_1_341' title='bbox 562 1685 669 1711; x_wconf 75' lang='grc' dir='ltr'>ἄϐατον·</span> <span class='ocrx_word' id='word_1_342' title='bbox 694 1685 740 1711; x_wconf 75' lang='grc' dir='ltr'>καὶ</span> <span class='ocrx_word' id='word_1_343' title='bbox 764 1684 807 1718; x_wconf 78' lang='grc' dir='ltr'><strong>ἐξ-</strong></span> 
     </span>
    </p>
   </div>
   <div class='ocr_carea' id='block_1_44' title="bbox 43 1730 809 1767">
    <p class='ocr_par' dir='ltr' id='par_1_44' title="bbox 43 1730 809 1767">
     <span class='ocr_line' id='line_1_47' title="bbox 43 1730 809 1767; baseline -0.001 -9"><span class='ocrx_word' id='word_1_344' title='bbox 43 1731 166 1758; x_wconf 75' lang='grc' dir='ltr'>αποπελεῖ</span> <span class='ocrx_word' id='word_1_345' title='bbox 183 1733 228 1758; x_wconf 78' lang='grc' dir='ltr'>τὸν</span> <span class='ocrx_word' id='word_1_346' title='bbox 244 1732 361 1767; x_wconf 79' lang='grc' dir='ltr'>χίμαρον</span> <span class='ocrx_word' id='word_1_347' title='bbox 376 1732 415 1762; x_wconf 84' lang='grc' dir='ltr'><strong>είς</strong></span> <span class='ocrx_word' id='word_1_348' title='bbox 427 1731 476 1767; x_wconf 85' lang='grc' dir='ltr'>τὴν</span> <span class='ocrx_word' id='word_1_349' title='bbox 496 1730 608 1766; x_wconf 76' lang='grc' dir='ltr'><strong>ἔρημον.</strong></span> <span class='ocrx_word' id='word_1_350' title='bbox 625 1730 668 1758; x_wconf 78' lang='lat'><strong>25.</strong></span> <span class='ocrx_word' id='word_1_351' title='bbox 686 1731 741 1758; x_wconf 74' lang='grc' dir='ltr'><strong>Καὶ</strong></span> <span class='ocrx_word' id='word_1_352' title='bbox 754 1731 809 1757; x_wconf 78' lang='grc' dir='ltr'>εἱσ-</span> 
     </span>
    </p>
   </div>
   <div class='ocr_carea' id='block_1_45' title="bbox 43 1777 808 1815">
    <p class='ocr_par' dir='ltr' id='par_1_45' title="bbox 43 1777 808 1815">
     <span class='ocr_line' id='line_1_48' title="bbox 43 1777 808 1815; baseline 0.001 -13"><span class='ocrx_word' id='word_1_353' title='bbox 43 1777 160 1804; x_wconf 71' lang='grc' dir='ltr'>ελεύσεται</span> <span class='ocrx_word' id='word_1_354' title='bbox 174 1778 281 1815; x_wconf 82' lang='grc' dir='ltr'>Ἀαρὼν</span> <span class='ocrx_word' id='word_1_355' title='bbox 294 1779 333 1810; x_wconf 85' lang='grc' dir='ltr'>εἰς</span> <span class='ocrx_word' id='word_1_356' title='bbox 342 1779 391 1812; x_wconf 83' lang='grc' dir='ltr'><strong>τὴν</strong></span> <span class='ocrx_word' id='word_1_357' title='bbox 409 1777 511 1813; x_wconf 82' lang='grc' dir='ltr'>σκηνὴν</span> <span class='ocrx_word' id='word_1_358' title='bbox 520 1777 567 1803; x_wconf 82' lang='grc' dir='ltr'>τοῦ</span> <span class='ocrx_word' id='word_1_359' title='bbox 585 1777 744 1813; x_wconf 85' lang='grc' dir='ltr'>μαρτυρίου,</span> <span class='ocrx_word' id='word_1_360' title='bbox 762 1777 808 1803; x_wconf 54' lang='grc' dir='ltr'><strong>καὶ⁴</strong></span> 
     </span>
    </p>
   </div>
   <div class='ocr_carea' id='block_1_46' title="bbox 44 1822 808 1861">
    <p class='ocr_par' dir='ltr' id='par_1_46' title="bbox 44 1822 808 1861">
     <span class='ocr_line' id='line_1_49' title="bbox 44 1822 808 1861; baseline -0.001 -12"><span class='ocrx_word' id='word_1_361' title='bbox 44 1823 164 1851; x_wconf 72' lang='grc' dir='ltr'>ὲκδύσεται</span> <span class='ocrx_word' id='word_1_362' title='bbox 179 1826 229 1861; x_wconf 80' lang='grc' dir='ltr'>τὴν</span> <span class='ocrx_word' id='word_1_363' title='bbox 253 1823 349 1860; x_wconf 78' lang='grc' dir='ltr'>στολὴν</span> <span class='ocrx_word' id='word_1_364' title='bbox 362 1824 411 1860; x_wconf 80' lang='grc' dir='ltr'>τὴν</span> <span class='ocrx_word' id='word_1_365' title='bbox 434 1823 508 1858; x_wconf 85' lang='grc' dir='ltr'>λινῆν</span> <span class='ocrx_word' id='word_1_366' title='bbox 521 1824 554 1859; x_wconf 85' lang='grc' dir='ltr'>ἢν</span> <span class='ocrx_word' id='word_1_367' title='bbox 566 1822 699 1849; x_wconf 79' lang='grc' dir='ltr'>ὲνδεδύκει</span> <span class='ocrx_word' id='word_1_368' title='bbox 716 1823 808 1848; x_wconf 68' lang='lat' dir='ltr'><strong>elemo-</strong></span> 
     </span>
    </p>
   </div>
   <div class='ocr_carea' id='block_1_47' title="bbox 45 1866 809 1904">
    <p class='ocr_par' dir='ltr' id='par_1_47' title="bbox 45 1866 809 1904">
     <span class='ocr_line' id='line_1_50' title="bbox 45 1866 809 1904; baseline -0.004 -10"><span class='ocrx_word' id='word_1_369' title='bbox 45 1870 169 1904; x_wconf 77' lang='grc' dir='ltr'>ρευομένου</span> <span class='ocrx_word' id='word_1_370' title='bbox 182 1869 265 1896; x_wconf 75' lang='grc' dir='ltr'>αὐτοῦ</span> <span class='ocrx_word' id='word_1_371' title='bbox 281 1870 320 1900; x_wconf 74' lang='grc' dir='ltr'><strong>εὶς</strong></span> <span class='ocrx_word' id='word_1_372' title='bbox 332 1869 362 1895; x_wconf 82' lang='grc' dir='ltr'>τὸ</span> <span class='ocrx_word' id='word_1_373' title='bbox 385 1868 472 1903; x_wconf 77' lang='grc' dir='ltr'>ἅγιον·</span> <span class='ocrx_word' id='word_1_374' title='bbox 494 1868 542 1894; x_wconf 73' lang='grc' dir='ltr'><strong>καὶ</strong></span> <span class='ocrx_word' id='word_1_375' title='bbox 570 1867 701 1902; x_wconf 83' lang='grc' dir='ltr'>ἀποθήσει</span> <span class='ocrx_word' id='word_1_376' title='bbox 726 1866 809 1902; x_wconf 82' lang='grc' dir='ltr'>αὐτὴν</span> 
     </span>
    </p>
   </div>
   <div class='ocr_carea' id='block_1_48' title="bbox 44 1913 810 1950">
    <p class='ocr_par' dir='ltr' id='par_1_48' title="bbox 44 1913 810 1950">
     <span class='ocr_line' id='line_1_51' title="bbox 44 1913 810 1950; baseline -0.003 -11"><span class='ocrx_word' id='word_1_377' title='bbox 44 1915 98 1942; x_wconf 74' lang='grc' dir='ltr'>ἐκεῖ.</span> <span class='ocrx_word' id='word_1_378' title='bbox 110 1916 151 1942; x_wconf 66' lang='grc'><strong>24.</strong></span> <span class='ocrx_word' id='word_1_379' title='bbox 161 1917 216 1943; x_wconf 73' lang='grc' dir='ltr'><strong>Καὶ</strong></span> <span class='ocrx_word' id='word_1_380' title='bbox 231 1915 356 1942; x_wconf 73' lang='grc' dir='ltr'>λούσεται</span> <span class='ocrx_word' id='word_1_381' title='bbox 372 1915 402 1941; x_wconf 76' lang='grc' dir='ltr'>τὸ</span> <span class='ocrx_word' id='word_1_382' title='bbox 419 1914 497 1950; x_wconf 84' lang='grc' dir='ltr'>σῶμα</span> <span class='ocrx_word' id='word_1_383' title='bbox 512 1913 594 1940; x_wconf 73' lang='grc' dir='ltr'>αὑτοῦ</span> <span class='ocrx_word' id='word_1_384' title='bbox 605 1913 682 1939; x_wconf 70' lang='grc' dir='ltr'>ὕδατι</span> <span class='ocrx_word' id='word_1_385' title='bbox 696 1914 724 1939; x_wconf 82' lang='grc' dir='ltr'>ὲν</span> <span class='ocrx_word' id='word_1_386' title='bbox 736 1913 810 1946; x_wconf 75' lang='grc' dir='ltr'>τόπῳ</span> 
     </span>
    </p>
   </div>
   <div class='ocr_carea' id='block_1_49' title="bbox 46 1958 810 1997">
    <p class='ocr_par' dir='ltr' id='par_1_49' title="bbox 46 1958 810 1997">
     <span class='ocr_line' id='line_1_52' title="bbox 46 1958 810 1997; baseline -0.005 -8"><span class='ocrx_word' id='word_1_387' title='bbox 46 1961 108 1996; x_wconf 73' lang='grc' dir='ltr'>ἁγίῳ·</span> <span class='ocrx_word' id='word_1_388' title='bbox 127 1963 171 1989; x_wconf 67' lang='grc' dir='ltr'>καὶ</span> <span class='ocrx_word' id='word_1_389' title='bbox 184 1962 325 1989; x_wconf 72' lang='grc' dir='ltr'>ἐνδύσεται</span> <span class='ocrx_word' id='word_1_390' title='bbox 339 1961 388 1997; x_wconf 81' lang='grc' dir='ltr'>τὴν</span> <span class='ocrx_word' id='word_1_391' title='bbox 402 1960 498 1996; x_wconf 80' lang='grc' dir='ltr'>στολὴν</span> <span class='ocrx_word' id='word_1_392' title='bbox 517 1959 609 1992; x_wconf 79' lang='grc' dir='ltr'>αὑτοῦ,</span> <span class='ocrx_word' id='word_1_393' title='bbox 632 1959 679 1985; x_wconf 79' lang='grc' dir='ltr'><strong>καὶ</strong></span> <span class='ocrx_word' id='word_1_394' title='bbox 696 1958 810 1992; x_wconf 78' lang='grc' dir='ltr'>ἐξελθὼν</span> 
     </span>
    </p>
   </div>
   <div class='ocr_carea' id='block_1_50' title="bbox 43 2005 809 2043">
    <p class='ocr_par' dir='ltr' id='par_1_50' title="bbox 43 2005 809 2043">
     <span class='ocr_line' id='line_1_53' title="bbox 43 2005 809 2043; baseline -0.001 -11"><span class='ocrx_word' id='word_1_395' title='bbox 43 2009 130 2043; x_wconf 70' lang='grc' dir='ltr'>ποιήσει</span> <span class='ocrx_word' id='word_1_396' title='bbox 152 2009 181 2036; x_wconf 78' lang='grc' dir='ltr'><strong>τὸ</strong></span> <span class='ocrx_word' id='word_1_397' title='bbox 204 2009 383 2043; x_wconf 78' lang='grc' dir='ltr'>ὁλοκαύτωμα</span> <span class='ocrx_word' id='word_1_398' title='bbox 411 2007 503 2039; x_wconf 74' lang='grc' dir='ltr'>αὑτοῦ,</span> <span class='ocrx_word' id='word_1_399' title='bbox 519 2007 566 2033; x_wconf 74' lang='grc' dir='ltr'><strong>καὶ</strong></span> <span class='ocrx_word' id='word_1_400' title='bbox 587 2007 616 2032; x_wconf 81' lang='grc' dir='ltr'>τὺ</span> <span class='ocrx_word' id='word_1_401' title='bbox 632 2005 809 2040; x_wconf 81' lang='grc' dir='ltr'><strong>ὀλοκαύτωμα</strong></span> 
     </span>
    </p>
   </div>
   <div class='ocr_carea' id='block_1_51' title="bbox 41 2051 808 2088">
    <p class='ocr_par' dir='ltr' id='par_1_51' title="bbox 41 2051 808 2088">
     <span class='ocr_line' id='line_1_54' title="bbox 41 2051 808 2088; baseline -0.001 -10"><span class='ocrx_word' id='word_1_402' title='bbox 41 2053 77 2078; x_wconf 62' lang='grc' dir='ltr'><strong>τοῦ</strong></span> <span class='ocrx_word' id='word_1_403' title='bbox 92 2054 160 2085; x_wconf 71' lang='grc' dir='ltr'>λαοῦ,</span> <span class='ocrx_word' id='word_1_404' title='bbox 175 2055 223 2081; x_wconf 80' lang='grc' dir='ltr'><strong>καὶ</strong></span> <span class='ocrx_word' id='word_1_405' title='bbox 249 2054 401 2087; x_wconf 76' lang='grc' dir='ltr'>ἐξιλάσετειι</span> <span class='ocrx_word' id='word_1_406' title='bbox 418 2053 483 2088; x_wconf 73' lang='grc' dir='ltr'>περὶ</span> <span class='ocrx_word' id='word_1_407' title='bbox 504 2052 585 2079; x_wconf 75' lang='grc' dir='ltr'>αὑτοῦ</span> <span class='ocrx_word' id='word_1_408' title='bbox 609 2053 656 2078; x_wconf 74' lang='grc' dir='ltr'><strong>καὶ</strong></span> <span class='ocrx_word' id='word_1_409' title='bbox 671 2051 717 2078; x_wconf 80' lang='grc' dir='ltr'><strong>τοῦ</strong></span> <span class='ocrx_word' id='word_1_410' title='bbox 734 2052 808 2077; x_wconf 74' lang='grc' dir='ltr'>οἴκου</span> 
     </span>
    </p>
   </div>
   <div class='ocr_carea' id='block_1_52' title="bbox 42 2098 809 2136">
    <p class='ocr_par' dir='ltr' id='par_1_52' title="bbox 42 2098 809 2136">
     <span class='ocr_line' id='line_1_55' title="bbox 42 2098 809 2136; baseline 0 -12"><span class='ocrx_word' id='word_1_411' title='bbox 42 2099 118 2131; x_wconf 65' lang='grc' dir='ltr'>αὑτοῦ,</span> <span class='ocrx_word' id='word_1_412' title='bbox 131 2101 177 2128; x_wconf 69' lang='grc' dir='ltr'><strong>καὶ</strong></span> <span class='ocrx_word' id='word_1_413' title='bbox 194 2101 259 2136; x_wconf 69' lang='grc' dir='ltr'>περὶ</span> <span class='ocrx_word' id='word_1_414' title='bbox 275 2099 321 2126; x_wconf 70' lang='grc' dir='ltr'><strong>τοῦ</strong></span> <span class='ocrx_word' id='word_1_415' title='bbox 349 2099 482 2127; x_wconf 62' lang='lat'><strong>11073.25.</strong></span> <span class='ocrx_word' id='word_1_416' title='bbox 500 2099 556 2126; x_wconf 81' lang='grc' dir='ltr'>Καὶ</span> <span class='ocrx_word' id='word_1_417' title='bbox 566 2098 595 2125; x_wconf 78' lang='grc' dir='ltr'>τὸ</span> <span class='ocrx_word' id='word_1_418' title='bbox 607 2098 690 2133; x_wconf 75' lang='grc' dir='ltr'>στέαρ</span> <span class='ocrx_word' id='word_1_419' title='bbox 701 2098 732 2124; x_wconf 81' lang='grc' dir='ltr'><strong>τὸ</strong></span> <span class='ocrx_word' id='word_1_420' title='bbox 745 2098 809 2133; x_wconf 74' lang='grc' dir='ltr'>περὶ</span> 
     </span>
    </p>
   </div>
   <div class='ocr_carea' id='block_1_53' title="bbox 41 2145 809 2183">
    <p class='ocr_par' dir='ltr' id='par_1_53' title="bbox 41 2145 809 2183">
     <span class='ocr_line' id='line_1_56' title="bbox 41 2145 809 2183; baseline -0.003 -11"><span class='ocrx_word' id='word_1_421' title='bbox 41 2147 83 2172; x_wconf 74' lang='grc' dir='ltr'><strong>τῶν</strong></span> <span class='ocrx_word' id='word_1_422' title='bbox 94 2149 229 2183; x_wconf 69' lang='grc' dir='ltr'>ἁμαρτιῶν</span> <span class='ocrx_word' id='word_1_423' title='bbox 243 2148 344 2174; x_wconf 75' lang='grc' dir='ltr'>ἀνοίσει</span> <span class='ocrx_word' id='word_1_424' title='bbox 369 2148 415 2173; x_wconf 74' lang='grc' dir='ltr'><strong>ἐπὶ</strong></span> <span class='ocrx_word' id='word_1_425' title='bbox 430 2147 460 2173; x_wconf 75' lang='grc' dir='ltr'>τὸ</span> <span class='ocrx_word' id='word_1_426' title='bbox 473 2146 674 2181; x_wconf 71' lang='grc' dir='ltr'>θυσιαστήριον.</span> <span class='ocrx_word' id='word_1_427' title='bbox 689 2145 732 2171; x_wconf 81' lang='lat'><strong>26.</strong></span> <span class='ocrx_word' id='word_1_428' title='bbox 755 2145 809 2172; x_wconf 75' lang='lat' dir='ltr'><strong>Kal.</strong></span> 
     </span>
    </p>
   </div>
   <div class='ocr_carea' id='block_1_54' title="bbox 42 2190 809 2228">
    <p class='ocr_par' dir='ltr' id='par_1_54' title="bbox 42 2190 809 2228">
     <span class='ocr_line' id='line_1_57' title="bbox 42 2190 809 2228; baseline -0.003 -10"><span class='ocrx_word' id='word_1_429' title='bbox 42 2193 253 2226; x_wconf 77' lang='grc' dir='ltr'>ὁέξαποστέλλων</span> <span class='ocrx_word' id='word_1_430' title='bbox 279 2194 322 2220; x_wconf 76' lang='grc' dir='ltr'><strong>τὸν</strong></span> <span class='ocrx_word' id='word_1_431' title='bbox 342 2193 457 2228; x_wconf 85' lang='grc' dir='ltr'>χίμαρον</span> <span class='ocrx_word' id='word_1_432' title='bbox 483 2193 527 2219; x_wconf 73' lang='grc' dir='ltr'><strong>τὸν</strong></span> <span class='ocrx_word' id='word_1_433' title='bbox 558 2190 746 2223; x_wconf 80' lang='grc' dir='ltr'>διεσταλμένον</span> <span class='ocrx_word' id='word_1_434' title='bbox 770 2190 809 2221; x_wconf 82' lang='grc' dir='ltr'><strong>εἰς</strong></span> 
     </span>
    </p>
   </div>
   <div class='ocr_carea' id='block_1_55' title="bbox 42 2235 811 2274">
    <p class='ocr_par' dir='ltr' id='par_1_55' title="bbox 42 2235 811 2274">
     <span class='ocr_line' id='line_1_58' title="bbox 42 2235 811 2274; baseline -0.004 -10"><span class='ocrx_word' id='word_1_435' title='bbox 42 2238 131 2272; x_wconf 70' lang='grc' dir='ltr'>ἄφεσιν,</span> <span class='ocrx_word' id='word_1_436' title='bbox 145 2241 240 2267; x_wconf 77' lang='grc' dir='ltr'>πλυνεῖ</span> <span class='ocrx_word' id='word_1_437' title='bbox 265 2241 299 2266; x_wconf 77' lang='grc' dir='ltr'><strong>τὰ.</strong></span> <span class='ocrx_word' id='word_1_438' title='bbox 329 2239 424 2274; x_wconf 75' lang='grc' dir='ltr'>ἱμάτια</span> <span class='ocrx_word' id='word_1_439' title='bbox 440 2237 534 2270; x_wconf 72' lang='grc' dir='ltr'>αὐτοῦ,</span> <span class='ocrx_word' id='word_1_440' title='bbox 565 2238 611 2263; x_wconf 73' lang='grc' dir='ltr'><strong>καὶ</strong></span> <span class='ocrx_word' id='word_1_441' title='bbox 636 2236 759 2263; x_wconf 79' lang='grc' dir='ltr'>λούσετοιι</span> <span class='ocrx_word' id='word_1_442' title='bbox 780 2235 811 2262; x_wconf 79' lang='grc' dir='ltr'>τὸ</span> 
     </span>
    </p>
   </div>
   <div class='ocr_carea' id='block_1_56' title="bbox 42 2281 810 2320">
    <p class='ocr_par' dir='ltr' id='par_1_56' title="bbox 42 2281 810 2320">
     <span class='ocr_line' id='line_1_59' title="bbox 42 2281 810 2320; baseline -0.007 -7"><span class='ocrx_word' id='word_1_443' title='bbox 42 2283 107 2319; x_wconf 74' lang='grc' dir='ltr'>σῶμα</span> <span class='ocrx_word' id='word_1_444' title='bbox 123 2286 205 2312; x_wconf 76' lang='grc' dir='ltr'>αὑτοῦ</span> <span class='ocrx_word' id='word_1_445' title='bbox 221 2285 308 2312; x_wconf 78' lang='grc' dir='ltr'>ὕδατι·</span> <span class='ocrx_word' id='word_1_446' title='bbox 323 2284 392 2320; x_wconf 82' lang='grc' dir='ltr'>μετὰ</span> <span class='ocrx_word' id='word_1_447' title='bbox 407 2283 493 2310; x_wconf 72' lang='grc' dir='ltr'>ταῖτα</span> <span class='ocrx_word' id='word_1_448' title='bbox 514 2283 695 2310; x_wconf 75' lang='grc' dir='ltr'>εἰσελεύσεται</span> <span class='ocrx_word' id='word_1_449' title='bbox 711 2283 750 2313; x_wconf 78' lang='grc' dir='ltr'><strong>εἰς</strong></span> <span class='ocrx_word' id='word_1_450' title='bbox 761 2281 810 2316; x_wconf 82' lang='grc' dir='ltr'>τὴν</span> 
     </span>
    </p>
   </div>
   <div class='ocr_carea' id='block_1_57' title="bbox 42 2328 812 2367">
    <p class='ocr_par' dir='ltr' id='par_1_57' title="bbox 42 2328 812 2367">
     <span class='ocr_line' id='line_1_60' title="bbox 42 2328 812 2367; baseline -0.003 -12"><span class='ocrx_word' id='word_1_451' title='bbox 42 2331 210 2367; x_wconf 74' lang='grc' dir='ltr'><strong>παρεμϐολήν.</strong></span> <span class='ocrx_word' id='word_1_452' title='bbox 226 2331 271 2357; x_wconf 84' lang='lat'><strong>27.</strong></span> <span class='ocrx_word' id='word_1_453' title='bbox 291 2330 345 2357; x_wconf 74' lang='grc' dir='ltr'>Καὶ</span> <span class='ocrx_word' id='word_1_454' title='bbox 363 2331 408 2356; x_wconf 74' lang='grc' dir='ltr'>τὸν</span> <span class='ocrx_word' id='word_1_455' title='bbox 421 2330 518 2365; x_wconf 84' lang='grc' dir='ltr'>μόσχον</span> <span class='ocrx_word' id='word_1_456' title='bbox 530 2329 574 2355; x_wconf 79' lang='grc' dir='ltr'><strong>τὸν</strong></span> <span class='ocrx_word' id='word_1_457' title='bbox 593 2328 713 2364; x_wconf 74' lang='grc' dir='ltr'>περὶτῆς</span> <span class='ocrx_word' id='word_1_458' title='bbox 724 2328 812 2362; x_wconf 83' lang='grc' dir='ltr'>ἁμαρ-</span> 
     </span>
    </p>
   </div>
   <div class='ocr_carea' id='block_1_58' title="bbox 41 2369 812 2412">
    <p class='ocr_par' dir='ltr' id='par_1_58' title="bbox 41 2369 812 2412">
     <span class='ocr_line' id='line_1_61' title="bbox 41 2369 812 2412; baseline -0.006 -8"><span class='ocrx_word' id='word_1_459' title='bbox 41 2375 97 2407; x_wconf 68' lang='grc' dir='ltr'>τίις,</span> <span class='ocrx_word' id='word_1_460' title='bbox 108 2377 153 2404; x_wconf 82' lang='grc' dir='ltr'>καὶ</span> <span class='ocrx_word' id='word_1_461' title='bbox 166 2378 212 2404; x_wconf 77' lang='grc' dir='ltr'>τὸν</span> <span class='ocrx_word' id='word_1_462' title='bbox 236 2378 352 2412; x_wconf 82' lang='grc' dir='ltr'>χίμαρον</span> <span class='ocrx_word' id='word_1_463' title='bbox 374 2376 420 2402; x_wconf 75' lang='grc' dir='ltr'>τὸν</span> <span class='ocrx_word' id='word_1_464' title='bbox 449 2376 513 2411; x_wconf 74' lang='grc' dir='ltr'>περὶ</span> <span class='ocrx_word' id='word_1_465' title='bbox 538 2375 586 2410; x_wconf 80' lang='grc' dir='ltr'><strong>τῆς</strong></span> <span class='ocrx_word' id='word_1_466' title='bbox 612 2374 760 2410; x_wconf 83' lang='grc' dir='ltr'>ἁμαρτίας,</span> <span class='ocrx_word' id='word_1_467' title='bbox 775 2369 812 2399; x_wconf 81' lang='grc' dir='ltr'>ὧν</span> 
     </span>
    </p>
   </div>
   <div class='ocr_carea' id='block_1_59' title="bbox 40 2418 810 2458">
    <p class='ocr_par' dir='ltr' id='par_1_59' title="bbox 40 2418 810 2458">
     <span class='ocr_line' id='line_1_62' title="bbox 40 2418 810 2458; baseline -0.001 -13"><span class='ocrx_word' id='word_1_468' title='bbox 40 2421 167 2458; x_wconf 70' lang='grc' dir='ltr'>εἰσηνέχθη</span> <span class='ocrx_word' id='word_1_469' title='bbox 181 2422 211 2448; x_wconf 79' lang='grc' dir='ltr'>τὸ</span> <span class='ocrx_word' id='word_1_470' title='bbox 236 2419 305 2456; x_wconf 75' lang='grc' dir='ltr'>αἷμα</span> <span class='ocrx_word' id='word_1_471' title='bbox 321 2421 410 2447; x_wconf 74' lang='grc' dir='ltr'>αὐτῶν</span> <span class='ocrx_word' id='word_1_472' title='bbox 434 2420 606 2453; x_wconf 79' lang='grc' dir='ltr'>ἐξιλάσασθαι</span> <span class='ocrx_word' id='word_1_473' title='bbox 618 2419 647 2445; x_wconf 78' lang='grc' dir='ltr'><strong>ἐν</strong></span> <span class='ocrx_word' id='word_1_474' title='bbox 671 2418 710 2454; x_wconf 83' lang='grc' dir='ltr'>τῷ</span> <span class='ocrx_word' id='word_1_475' title='bbox 731 2418 810 2452; x_wconf 84' lang='grc' dir='ltr'>ἀγίω,</span> 
     </span>
    </p>
   </div>
   <div class='ocr_carea' id='block_1_60' title="bbox 42 2464 813 2503">
    <p class='ocr_par' dir='ltr' id='par_1_60' title="bbox 42 2464 813 2503">
     <span class='ocr_line' id='line_1_63' title="bbox 42 2464 813 2503; baseline -0.003 -11"><span class='ocrx_word' id='word_1_476' title='bbox 42 2467 122 2499; x_wconf 76' lang='grc' dir='ltr'>ἐξοίτει</span> <span class='ocrx_word' id='word_1_477' title='bbox 138 2469 207 2495; x_wconf 80' lang='grc' dir='ltr'><strong>αὑτά</strong></span> <span class='ocrx_word' id='word_1_478' title='bbox 224 2467 276 2500; x_wconf 82' lang='grc' dir='ltr'><strong>ἔξω</strong></span> <span class='ocrx_word' id='word_1_479' title='bbox 293 2467 342 2502; x_wconf 80' lang='grc' dir='ltr'><strong>τῆς</strong></span> <span class='ocrx_word' id='word_1_480' title='bbox 356 2466 541 2503; x_wconf 78' lang='grc' dir='ltr'><strong>παρεμϐολῆς,</strong></span> <span class='ocrx_word' id='word_1_481' title='bbox 563 2465 611 2492; x_wconf 75' lang='grc' dir='ltr'><strong>καὶ</strong></span> <span class='ocrx_word' id='word_1_482' title='bbox 625 2464 813 2491; x_wconf 81' lang='grc' dir='ltr'>κατακαύσου-</span> 
     </span>
    </p>
   </div>
   <div class='ocr_carea' id='block_1_61' title="bbox 44 2510 811 2549">
    <p class='ocr_par' dir='ltr' id='par_1_61' title="bbox 44 2510 811 2549">
     <span class='ocr_line' id='line_1_64' title="bbox 44 2510 811 2549; baseline -0.005 -10"><span class='ocrx_word' id='word_1_483' title='bbox 44 2519 76 2537; x_wconf 76' lang='grc' dir='ltr'><strong>σιν</strong></span> <span class='ocrx_word' id='word_1_484' title='bbox 85 2514 110 2539; x_wconf 78' lang='grc' dir='ltr'><strong>ἐν</strong></span> <span class='ocrx_word' id='word_1_485' title='bbox 128 2514 193 2549; x_wconf 80' lang='grc' dir='ltr'>πυρὶ</span> <span class='ocrx_word' id='word_1_486' title='bbox 207 2513 242 2540; x_wconf 77' lang='grc' dir='ltr'>τὰ</span> <span class='ocrx_word' id='word_1_487' title='bbox 256 2513 379 2548; x_wconf 79' lang='grc' dir='ltr'>δέρματα</span> <span class='ocrx_word' id='word_1_488' title='bbox 404 2512 503 2543; x_wconf 80' lang='grc' dir='ltr'>αὐτῶν,</span> <span class='ocrx_word' id='word_1_489' title='bbox 521 2511 566 2538; x_wconf 71' lang='grc' dir='ltr'>καὶ</span> <span class='ocrx_word' id='word_1_490' title='bbox 581 2510 615 2538; x_wconf 82' lang='grc' dir='ltr'>τὰ</span> <span class='ocrx_word' id='word_1_491' title='bbox 628 2510 696 2545; x_wconf 81' lang='grc' dir='ltr'>κρέα</span> <span class='ocrx_word' id='word_1_492' title='bbox 713 2510 811 2541; x_wconf 76' lang='grc' dir='ltr'>αὐτῶν,</span> 
     </span>
    </p>
   </div>
   <div class='ocr_carea' id='block_1_62' title="bbox 43 2555 814 2596">
    <p class='ocr_par' dir='ltr' id='par_1_62' title="bbox 43 2555 814 2596">
     <span class='ocr_line' id='line_1_65' title="bbox 43 2555 814 2596; baseline -0.005 -10"><span class='ocrx_word' id='word_1_493' title='bbox 43 2559 80 2586; x_wconf 74' lang='grc' dir='ltr'><strong>καὶ</strong></span> <span class='ocrx_word' id='word_1_494' title='bbox 92 2559 248 2596; x_wconf 60' lang='grc' dir='ltr'>τὴνκὼιρον</span> <span class='ocrx_word' id='word_1_495' title='bbox 259 2559 358 2586; x_wconf 82' lang='grc' dir='ltr'>αὐτῶν.</span> <span class='ocrx_word' id='word_1_496' title='bbox 390 2558 434 2586; x_wconf 83' lang='lat'><strong>28.</strong></span> <span class='ocrx_word' id='word_1_497' title='bbox 463 2558 492 2584; x_wconf 79' lang='grc' dir='ltr'><strong>Ὀ</strong></span> <span class='ocrx_word' id='word_1_498' title='bbox 517 2557 544 2583; x_wconf 80' lang='grc' dir='ltr'><strong>δὲ</strong></span> <span class='ocrx_word' id='word_1_499' title='bbox 575 2556 728 2583; x_wconf 81' lang='grc' dir='ltr'>κατακαίων</span> <span class='ocrx_word' id='word_1_500' title='bbox 745 2555 814 2582; x_wconf 78' lang='grc' dir='ltr'>αὐτὰ</span> 
     </span>
    </p>
   </div>
   <div class='ocr_carea' id='block_1_63' title="bbox 43 2602 815 2642">
    <p class='ocr_par' dir='ltr' id='par_1_63' title="bbox 43 2602 815 2642">
     <span class='ocr_line' id='line_1_66' title="bbox 43 2602 815 2642; baseline -0.003 -12"><span class='ocrx_word' id='word_1_501' title='bbox 43 2604 123 2632; x_wconf 74' lang='grc' dir='ltr'>πλυνεῖ</span> <span class='ocrx_word' id='word_1_502' title='bbox 132 2606 166 2633; x_wconf 78' lang='grc' dir='ltr'>τὰ</span> <span class='ocrx_word' id='word_1_503' title='bbox 179 2607 277 2642; x_wconf 76' lang='grc' dir='ltr'>ἱμάτια</span> <span class='ocrx_word' id='word_1_504' title='bbox 288 2605 384 2637; x_wconf 80' lang='grc' dir='ltr'>αὐτοῦ,</span> <span class='ocrx_word' id='word_1_505' title='bbox 401 2604 449 2632; x_wconf 74' lang='grc' dir='ltr'><strong>καὶ</strong></span> <span class='ocrx_word' id='word_1_506' title='bbox 471 2603 596 2630; x_wconf 82' lang='grc' dir='ltr'>λούσεται</span> <span class='ocrx_word' id='word_1_507' title='bbox 619 2602 650 2629; x_wconf 80' lang='grc' dir='ltr'>τὸ</span> <span class='ocrx_word' id='word_1_508' title='bbox 671 2603 750 2637; x_wconf 83' lang='grc' dir='ltr'>σῶμα</span> <span class='ocrx_word' id='word_1_509' title='bbox 766 2603 815 2628; x_wconf 86' lang='grc' dir='ltr'><strong>αὺ-</strong></span> 
     </span>
    </p>
   </div>
   <div class='ocr_carea' id='block_1_64' title="bbox 43 2647 815 2687">
    <p class='ocr_par' dir='ltr' id='par_1_64' title="bbox 43 2647 815 2687">
     <span class='ocr_line' id='line_1_67' title="bbox 43 2647 815 2687; baseline -0.003 -11"><span class='ocrx_word' id='word_1_510' title='bbox 43 2649 80 2677; x_wconf 62' lang='grc' dir='ltr'><strong>τοῦ</strong></span> <span class='ocrx_word' id='word_1_511' title='bbox 98 2651 180 2679; x_wconf 83' lang='grc' dir='ltr'>ὕδατι·</span> <span class='ocrx_word' id='word_1_512' title='bbox 204 2653 252 2679; x_wconf 73' lang='grc' dir='ltr'><strong>καὶ</strong></span> <span class='ocrx_word' id='word_1_513' title='bbox 283 2652 350 2687; x_wconf 83' lang='grc' dir='ltr'>μετὰ</span> <span class='ocrx_word' id='word_1_514' title='bbox 371 2650 457 2677; x_wconf 79' lang='grc' dir='ltr'>ταῦτα</span> <span class='ocrx_word' id='word_1_515' title='bbox 477 2649 672 2676; x_wconf 82' lang='grc' dir='ltr'>ἐἰσελεύσεται</span> <span class='ocrx_word' id='word_1_516' title='bbox 702 2649 742 2680; x_wconf 75' lang='grc' dir='ltr'><strong>εἰς</strong></span> <span class='ocrx_word' id='word_1_517' title='bbox 766 2647 815 2683; x_wconf 84' lang='grc' dir='ltr'>τὴν</span> 
     </span>
    </p>
   </div>
   <div class='ocr_carea' id='block_1_65' title="bbox 43 2692 815 2734">
    <p class='ocr_par' dir='ltr' id='par_1_65' title="bbox 43 2692 815 2734">
     <span class='ocr_line' id='line_1_68' title="bbox 43 2692 815 2734; baseline -0.006 -9"><span class='ocrx_word' id='word_1_518' title='bbox 43 2698 213 2734; x_wconf 74' lang='grc' dir='ltr'>παρεμϐολήν.</span> <span class='ocrx_word' id='word_1_519' title='bbox 230 2698 275 2726; x_wconf 76' lang='lat'><strong>29.</strong></span> <span class='ocrx_word' id='word_1_520' title='bbox 294 2705 327 2725; x_wconf 60' lang='grc' dir='ltr'><strong>-ιν</strong></span> <span class='ocrx_word' id='word_1_521' title='bbox 353 2698 408 2724; x_wconf 68' lang='grc' dir='ltr'>Καὶ</span> <span class='ocrx_word' id='word_1_522' title='bbox 425 2696 499 2723; x_wconf 72' lang='grc' dir='ltr'>ἔσται</span> <span class='ocrx_word' id='word_1_523' title='bbox 516 2695 595 2723; x_wconf 82' lang='grc' dir='ltr'>τοῦτο</span> <span class='ocrx_word' id='word_1_524' title='bbox 621 2692 815 2730; x_wconf 79' lang='grc' dir='ltr'>ὑμῖν’νὸμιμον</span> 
     </span>
    </p>
   </div>
   <div class='ocr_carea' id='block_1_66' title="bbox 43 2741 814 2782">
    <p class='ocr_par' dir='ltr' id='par_1_66' title="bbox 43 2741 814 2782">
     <span class='ocr_line' id='line_1_69' title="bbox 43 2741 814 2782; baseline -0.001 -13"><span class='ocrx_word' id='word_1_525' title='bbox 43 2744 136 2772; x_wconf 72' lang='grc' dir='ltr'>αἰώνιον</span> <span class='ocrx_word' id='word_1_526' title='bbox 152 2746 163 2780; x_wconf 67' lang='grc' dir='ltr'>ζ</span> <span class='ocrx_word' id='word_1_527' title='bbox 181 2747 211 2772; x_wconf 78' lang='grc' dir='ltr'>ὲν</span> <span class='ocrx_word' id='word_1_528' title='bbox 225 2745 264 2782; x_wconf 88' lang='grc' dir='ltr'>τῷ</span> <span class='ocrx_word' id='word_1_529' title='bbox 277 2745 341 2781; x_wconf 80' lang='grc' dir='ltr'>μηνὶ</span> <span class='ocrx_word' id='word_1_530' title='bbox 356 2744 394 2779; x_wconf 82' lang='grc' dir='ltr'>τῷ</span> <span class='ocrx_word' id='word_1_531' title='bbox 409 2743 525 2779; x_wconf 77' lang='grc' dir='ltr'>ὲὸδόμῳ,</span> <span class='ocrx_word' id='word_1_532' title='bbox 541 2742 641 2778; x_wconf 74' lang='grc' dir='ltr'>δεκάτῃ</span> <span class='ocrx_word' id='word_1_533' title='bbox 660 2742 707 2769; x_wconf 79' lang='grc' dir='ltr'>τοῦ</span> <span class='ocrx_word' id='word_1_534' title='bbox 721 2741 814 2782; x_wconf 56' lang='grc' dir='ltr'><strong>μηνξς,</strong></span> 
     </span>
    </p>
   </div>
   <div class='ocr_carea' id='block_1_67' title="bbox 44 2789 816 2826">
    <p class='ocr_par' dir='ltr' id='par_1_67' title="bbox 44 2789 816 2826">
     <span class='ocr_line' id='line_1_70' title="bbox 44 2789 816 2826; baseline 0 -11"><span class='ocrx_word' id='word_1_535' title='bbox 44 2791 209 2819; x_wconf 76' lang='grc' dir='ltr'>τιπεινώσετε</span> <span class='ocrx_word' id='word_1_536' title='bbox 226 2792 275 2823; x_wconf 75' lang='grc' dir='ltr'>τὰς</span> <span class='ocrx_word' id='word_1_537' title='bbox 286 2791 468 2826; x_wconf 58' lang='grc' dir='ltr'>ψυχὰςὺμῶν,</span> <span class='ocrx_word' id='word_1_538' title='bbox 482 2791 528 2817; x_wconf 67' lang='grc' dir='ltr'><strong>καὶ</strong></span> <span class='ocrx_word' id='word_1_539' title='bbox 544 2791 598 2816; x_wconf 79' lang='grc' dir='ltr'><strong>πᾶν</strong></span> <span class='ocrx_word' id='word_1_540' title='bbox 609 2790 688 2825; x_wconf 71' lang='grc' dir='ltr'>ἔργον</span> <span class='ocrx_word' id='word_1_541' title='bbox 699 2790 728 2816; x_wconf 71' lang='grc' dir='ltr'>οὐ</span> <span class='ocrx_word' id='word_1_542' title='bbox 745 2789 816 2824; x_wconf 80' lang='grc' dir='ltr'>ποιή-</span> 
     </span>
    </p>
   </div>
   <div class='ocr_carea' id='block_1_68' title="bbox 857 493 1639 531">
    <p class='ocr_par' dir='ltr' id='par_1_68' title="bbox 857 493 1639 531">
     <span class='ocr_line' id='line_1_71' title="bbox 857 493 1639 531; baseline -0.001 -9"><span class='ocrx_word' id='word_1_543' title='bbox 857 494 938 522; x_wconf 91' lang='lat' dir='ltr'><strong>domo</strong></span> <span class='ocrx_word' id='word_1_544' title='bbox 965 503 1031 527; x_wconf 89' lang='lat' dir='ltr'><strong>sua,</strong></span> <span class='ocrx_word' id='word_1_545' title='bbox 1049 500 1076 522; x_wconf 88' lang='lat' dir='ltr'><strong>et</strong></span> <span class='ocrx_word' id='word_1_546' title='bbox 1104 503 1152 530; x_wconf 90' lang='lat' dir='ltr'><strong>pro</strong></span> <span class='ocrx_word' id='word_1_547' title='bbox 1173 496 1247 523; x_wconf 90' lang='lat' dir='ltr'><strong>omni</strong></span> <span class='ocrx_word' id='word_1_548' title='bbox 1273 502 1407 531; x_wconf 76' lang='lat' dir='ltr'><strong>synagoga</strong></span> <span class='ocrx_word' id='word_1_549' title='bbox 1429 493 1520 522; x_wconf 87' lang='lat' dir='ltr'><strong>lsracl.</strong></span> <span class='ocrx_word' id='word_1_550' title='bbox 1549 495 1591 521; x_wconf 83' lang='lat' dir='ltr'><strong>l8.</strong></span> <span class='ocrx_word' id='word_1_551' title='bbox 1607 493 1639 521; x_wconf 82' lang='lat' dir='ltr'><strong>Et</strong></span> 
     </span>
    </p>
   </div>
   <div class='ocr_carea' id='block_1_69' title="bbox 857 541 1639 578">
    <p class='ocr_par' dir='ltr' id='par_1_69' title="bbox 857 541 1639 578">
     <span class='ocr_line' id='line_1_72' title="bbox 857 541 1639 578; baseline 0 -10"><span class='ocrx_word' id='word_1_552' title='bbox 857 541 1008 576; x_wconf 73' lang='lat' dir='ltr'><strong>egredietur</strong></span> <span class='ocrx_word' id='word_1_553' title='bbox 1031 542 1063 569; x_wconf 90' lang='lat' dir='ltr'><strong>ad</strong></span> <span class='ocrx_word' id='word_1_554' title='bbox 1080 542 1173 574; x_wconf 80' lang='lat' dir='ltr'><strong>altare,</strong></span> <span class='ocrx_word' id='word_1_555' title='bbox 1190 542 1262 578; x_wconf 89' lang='lat' dir='ltr'><strong>quod</strong></span> <span class='ocrx_word' id='word_1_556' title='bbox 1283 546 1324 569; x_wconf 90' lang='lat' dir='ltr'><strong>est</strong></span> <span class='ocrx_word' id='word_1_557' title='bbox 1339 549 1429 569; x_wconf 88' lang='lat' dir='ltr'><strong>coram</strong></span> <span class='ocrx_word' id='word_1_558' title='bbox 1456 541 1571 568; x_wconf 88' lang='lat' dir='ltr'><strong>Domino</strong></span> <span class='ocrx_word' id='word_1_559' title='bbox 1588 551 1594 568; x_wconf 87' lang='lat'>:</span> <span class='ocrx_word' id='word_1_560' title='bbox 1612 547 1639 568; x_wconf 82' lang='lat' dir='ltr'><strong>et</strong></span> 
     </span>
    </p>
   </div>
   <div class='ocr_carea' id='block_1_70' title="bbox 856 580 1639 622">
    <p class='ocr_par' dir='ltr' id='par_1_70' title="bbox 856 580 1639 622">
     <span class='ocr_line' id='line_1_73' title="bbox 856 580 1639 622; baseline 0 -9"><span class='ocrx_word' id='word_1_561' title='bbox 856 587 975 622; x_wconf 77' lang='lat' dir='ltr'><strong>expiabit</strong></span> <span class='ocrx_word' id='word_1_562' title='bbox 990 595 1070 622; x_wconf 82' lang='lat' dir='ltr'><strong>super</strong></span> <span class='ocrx_word' id='word_1_563' title='bbox 1085 588 1161 619; x_wconf 88' lang='lat' dir='ltr'><strong>illud,</strong></span> <span class='ocrx_word' id='word_1_564' title='bbox 1176 593 1202 615; x_wconf 87' lang='lat' dir='ltr'><strong>et</strong></span> <span class='ocrx_word' id='word_1_565' title='bbox 1216 592 1305 615; x_wconf 89' lang='lat' dir='ltr'><strong>sumet</strong></span> <span class='ocrx_word' id='word_1_566' title='bbox 1319 588 1352 614; x_wconf 90' lang='lat' dir='ltr'><strong>de</strong></span> <span class='ocrx_word' id='word_1_567' title='bbox 1363 587 1496 621; x_wconf 85' lang='lat' dir='ltr'><strong>sanguine</strong></span> <span class='ocrx_word' id='word_1_568' title='bbox 1510 580 1598 620; x_wconf 67' lang='lat' dir='ltr'><strong>vituli,</strong></span> <span class='ocrx_word' id='word_1_569' title='bbox 1613 593 1639 614; x_wconf 76' lang='lat' dir='ltr'><strong>et</strong></span> 
     </span>
    </p>
   </div>
   <div class='ocr_carea' id='block_1_71' title="bbox 857 631 1638 667">
    <p class='ocr_par' dir='ltr' id='par_1_71' title="bbox 857 631 1638 667">
     <span class='ocr_line' id='line_1_74' title="bbox 857 631 1638 667; baseline 0 -9"><span class='ocrx_word' id='word_1_570' title='bbox 857 631 890 658; x_wconf 86' lang='lat' dir='ltr'><strong>de</strong></span> <span class='ocrx_word' id='word_1_571' title='bbox 904 632 1036 666; x_wconf 79' lang='lat' dir='ltr'><strong>sanguine</strong></span> <span class='ocrx_word' id='word_1_572' title='bbox 1061 632 1138 665; x_wconf 83' lang='lat' dir='ltr'><strong>hirci,</strong></span> <span class='ocrx_word' id='word_1_573' title='bbox 1154 637 1180 659; x_wconf 90' lang='lat' dir='ltr'><strong>et</strong></span> <span class='ocrx_word' id='word_1_574' title='bbox 1193 632 1313 667; x_wconf 86' lang='lat' dir='ltr'><strong>imponet</strong></span> <span class='ocrx_word' id='word_1_575' title='bbox 1327 639 1410 666; x_wconf 86' lang='lat' dir='ltr'><strong>super</strong></span> <span class='ocrx_word' id='word_1_576' title='bbox 1425 639 1528 659; x_wconf 87' lang='lat' dir='ltr'><strong>cornua</strong></span> <span class='ocrx_word' id='word_1_577' title='bbox 1546 632 1638 659; x_wconf 84' lang='lat' dir='ltr'><strong>altaris</strong></span> 
     </span>
    </p>
   </div>
   <div class='ocr_carea' id='block_1_72' title="bbox 857 676 1640 712">
    <p class='ocr_par' dir='ltr' id='par_1_72' title="bbox 857 676 1640 712">
     <span class='ocr_line' id='line_1_75' title="bbox 857 676 1640 712; baseline 0.001 -10"><span class='ocrx_word' id='word_1_578' title='bbox 857 676 884 703; x_wconf 89' lang='lat' dir='ltr'><strong>in</strong></span> <span class='ocrx_word' id='word_1_579' title='bbox 901 676 1026 703; x_wconf 82' lang='lat' dir='ltr'><strong>circuitu.</strong></span> <span class='ocrx_word' id='word_1_580' title='bbox 1047 677 1088 704; x_wconf 85' lang='lat' dir='ltr'><strong>l9.</strong></span> <span class='ocrx_word' id='word_1_581' title='bbox 1102 677 1134 703; x_wconf 85' lang='lat' dir='ltr'><strong>Et</strong></span> <span class='ocrx_word' id='word_1_582' title='bbox 1147 683 1270 712; x_wconf 67' lang='lat' dir='ltr'><strong>aspergct</strong></span> <span class='ocrx_word' id='word_1_583' title='bbox 1286 685 1367 712; x_wconf 86' lang='lat' dir='ltr'><strong>super</strong></span> <span class='ocrx_word' id='word_1_584' title='bbox 1383 677 1447 704; x_wconf 91' lang='lat' dir='ltr'><strong>illud</strong></span> <span class='ocrx_word' id='word_1_585' title='bbox 1460 677 1493 705; x_wconf 90' lang='lat' dir='ltr'><strong>de</strong></span> <span class='ocrx_word' id='word_1_586' title='bbox 1510 678 1640 712; x_wconf 84' lang='lat' dir='ltr'><strong>sanguine</strong></span> 
     </span>
    </p>
   </div>
   <div class='ocr_carea' id='block_1_73' title="bbox 857 720 1640 756">
    <p class='ocr_par' dir='ltr' id='par_1_73' title="bbox 857 720 1640 756">
     <span class='ocr_line' id='line_1_76' title="bbox 857 720 1640 756; baseline 0.005 -10"><span class='ocrx_word' id='word_1_587' title='bbox 857 720 941 756; x_wconf 72' lang='lat' dir='ltr'><strong>digito</strong></span> <span class='ocrx_word' id='word_1_588' title='bbox 960 729 1009 747; x_wconf 85' lang='lat' dir='ltr'><strong>suo</strong></span> <span class='ocrx_word' id='word_1_589' title='bbox 1024 721 1131 756; x_wconf 80' lang='lat' dir='ltr'><strong>septies,</strong></span> <span class='ocrx_word' id='word_1_590' title='bbox 1155 727 1182 749; x_wconf 92' lang='lat' dir='ltr'><strong>et</strong></span> <span class='ocrx_word' id='word_1_591' title='bbox 1198 722 1339 750; x_wconf 81' lang='lat' dir='ltr'><strong>mundabit</strong></span> <span class='ocrx_word' id='word_1_592' title='bbox 1354 723 1430 754; x_wconf 87' lang='lat' dir='ltr'><strong>illud,</strong></span> <span class='ocrx_word' id='word_1_593' title='bbox 1449 729 1475 750; x_wconf 88' lang='lat' dir='ltr'><strong>et</strong></span> <span class='ocrx_word' id='word_1_594' title='bbox 1487 723 1640 751; x_wconf 83' lang='lat' dir='ltr'><strong>sanctillca-</strong></span> 
     </span>
    </p>
   </div>
   <div class='ocr_carea' id='block_1_74' title="bbox 857 766 1642 804">
    <p class='ocr_par' dir='ltr' id='par_1_74' title="bbox 857 766 1642 804">
     <span class='ocr_line' id='line_1_77' title="bbox 857 766 1642 804; baseline 0.006 -12"><span class='ocrx_word' id='word_1_595' title='bbox 857 766 896 793; x_wconf 87' lang='lat' dir='ltr'><strong>bit</strong></span> <span class='ocrx_word' id='word_1_596' title='bbox 912 767 977 793; x_wconf 85' lang='lat' dir='ltr'><strong>illud</strong></span> <span class='ocrx_word' id='word_1_597' title='bbox 992 767 1024 794; x_wconf 90' lang='lat' dir='ltr'><strong>ab</strong></span> <span class='ocrx_word' id='word_1_598' title='bbox 1041 767 1220 795; x_wconf 90' lang='lat' dir='ltr'><strong>immunditiis</strong></span> <span class='ocrx_word' id='word_1_599' title='bbox 1228 768 1444 796; x_wconf 83' lang='lat' dir='ltr'><strong>ﬁliorumlsrael.</strong></span> <span class='ocrx_word' id='word_1_600' title='bbox 1461 769 1504 796; x_wconf 78' lang='lat'><strong>20.</strong></span> <span class='ocrx_word' id='word_1_601' title='bbox 1518 768 1550 796; x_wconf 89' lang='lat' dir='ltr'><strong>Et</strong></span> <span class='ocrx_word' id='word_1_602' title='bbox 1559 771 1642 804; x_wconf 54' lang='lat' dir='ltr'><strong>perii-</strong></span> 
     </span>
    </p>
   </div>
   <div class='ocr_carea' id='block_1_75' title="bbox 856 812 1640 847">
    <p class='ocr_par' dir='ltr' id='par_1_75' title="bbox 856 812 1640 847">
     <span class='ocr_line' id='line_1_78' title="bbox 856 812 1640 847; baseline 0.006 -9"><span class='ocrx_word' id='word_1_603' title='bbox 856 812 910 840; x_wconf 89' lang='lat' dir='ltr'><strong>ciet</strong></span> <span class='ocrx_word' id='word_1_604' title='bbox 925 813 1037 847; x_wconf 81' lang='lat' dir='ltr'><strong>expinns</strong></span> <span class='ocrx_word' id='word_1_605' title='bbox 1061 818 1196 846; x_wconf 84' lang='lat' dir='ltr'><strong>sanctum,</strong></span> <span class='ocrx_word' id='word_1_606' title='bbox 1213 818 1240 841; x_wconf 90' lang='lat' dir='ltr'><strong>et</strong></span> <span class='ocrx_word' id='word_1_607' title='bbox 1263 815 1467 842; x_wconf 82' lang='lat' dir='ltr'><strong>tabernaculum</strong></span> <span class='ocrx_word' id='word_1_608' title='bbox 1492 816 1640 843; x_wconf 86' lang='lat' dir='ltr'><strong>testimonii</strong></span> 
     </span>
    </p>
   </div>
   <div class='ocr_carea' id='block_1_76' title="bbox 858 859 1641 895">
    <p class='ocr_par' dir='ltr' id='par_1_76' title="bbox 858 859 1641 895">
     <span class='ocr_line' id='line_1_79' title="bbox 858 859 1641 895; baseline 0.005 -10"><span class='ocrx_word' id='word_1_609' title='bbox 858 862 885 885; x_wconf 88' lang='lat' dir='ltr'><strong>et</strong></span> <span class='ocrx_word' id='word_1_610' title='bbox 902 859 988 886; x_wconf 84' lang='lat' dir='ltr'><strong>altare</strong></span> <span class='ocrx_word' id='word_1_611' title='bbox 1004 866 1035 886; x_wconf 55' lang='grc' dir='ltr'><strong>-ιν</strong></span> <span class='ocrx_word' id='word_1_612' title='bbox 1052 864 1078 886; x_wconf 91' lang='lat' dir='ltr'><strong>et</strong></span> <span class='ocrx_word' id='word_1_613' title='bbox 1093 867 1142 894; x_wconf 87' lang='lat' dir='ltr'><strong>pro</strong></span> <span class='ocrx_word' id='word_1_614' title='bbox 1154 860 1341 887; x_wconf 76' lang='lat' dir='ltr'><strong>sacerdotibus</strong></span> <span class='ocrx_word' id='word_1_615' title='bbox 1354 860 1516 895; x_wconf 65' lang='lat' dir='ltr'><strong>mundabit:</strong></span> <span class='ocrx_word' id='word_1_616' title='bbox 1531 866 1558 889; x_wconf 92' lang='lat' dir='ltr'><strong>et</strong></span> <span class='ocrx_word' id='word_1_617' title='bbox 1574 861 1641 889; x_wconf 68' lang='grc' dir='ltr'><strong>οπο-</strong></span> 
     </span>
    </p>
   </div>
   <div class='ocr_carea' id='block_1_77' title="bbox 859 905 1642 941">
    <p class='ocr_par' dir='ltr' id='par_1_77' title="bbox 859 905 1642 941">
     <span class='ocr_line' id='line_1_80' title="bbox 859 905 1642 941; baseline 0.003 -8"><span class='ocrx_word' id='word_1_618' title='bbox 859 910 899 933; x_wconf 89' lang='lat' dir='ltr'><strong>ret</strong></span> <span class='ocrx_word' id='word_1_619' title='bbox 913 905 1020 933; x_wconf 85' lang='lat' dir='ltr'><strong>hircum</strong></span> <span class='ocrx_word' id='word_1_620' title='bbox 1040 906 1183 933; x_wconf 74' lang='lat' dir='ltr'><strong>virentem.</strong></span> <span class='ocrx_word' id='word_1_621' title='bbox 1213 906 1258 933; x_wconf 75' lang='lat' dir='ltr'><strong>2t.</strong></span> <span class='ocrx_word' id='word_1_622' title='bbox 1275 906 1309 934; x_wconf 84' lang='lat' dir='ltr'><strong>Et</strong></span> <span class='ocrx_word' id='word_1_623' title='bbox 1324 907 1444 941; x_wconf 88' lang='lat' dir='ltr'><strong>imponet</strong></span> <span class='ocrx_word' id='word_1_624' title='bbox 1466 908 1555 935; x_wconf 78' lang='lat' dir='ltr'><strong>Aaron</strong></span> <span class='ocrx_word' id='word_1_625' title='bbox 1573 907 1642 936; x_wconf 81' lang='lat' dir='ltr'><strong>duas</strong></span> 
     </span>
    </p>
   </div>
   <div class='ocr_carea' id='block_1_78' title="bbox 857 953 1641 988">
    <p class='ocr_par' dir='ltr' id='par_1_78' title="bbox 857 953 1641 988">
     <span class='ocr_line' id='line_1_81' title="bbox 857 953 1641 988; baseline 0.004 -9"><span class='ocrx_word' id='word_1_626' title='bbox 857 959 954 979; x_wconf 88' lang='lat' dir='ltr'><strong>manus</strong></span> <span class='ocrx_word' id='word_1_627' title='bbox 973 960 1038 980; x_wconf 86' lang='lat' dir='ltr'><strong>suas</strong></span> <span class='ocrx_word' id='word_1_628' title='bbox 1053 960 1134 988; x_wconf 89' lang='lat' dir='ltr'><strong>super</strong></span> <span class='ocrx_word' id='word_1_629' title='bbox 1150 958 1231 988; x_wconf 88' lang='lat' dir='ltr'><strong>caput</strong></span> <span class='ocrx_word' id='word_1_630' title='bbox 1248 953 1316 980; x_wconf 89' lang='lat' dir='ltr'><strong>hirci</strong></span> <span class='ocrx_word' id='word_1_631' title='bbox 1333 953 1447 982; x_wconf 78' lang='lat' dir='ltr'><strong>viventis</strong></span> <span class='ocrx_word' id='word_1_632' title='bbox 1464 963 1471 982; x_wconf 90' lang='lat'>:</span> <span class='ocrx_word' id='word_1_633' title='bbox 1486 959 1512 981; x_wconf 90' lang='lat' dir='ltr'><strong>et</strong></span> <span class='ocrx_word' id='word_1_634' title='bbox 1528 955 1641 982; x_wconf 83' lang='lat' dir='ltr'><strong>conﬁte-</strong></span> 
     </span>
    </p>
   </div>
   <div class='ocr_carea' id='block_1_79' title="bbox 856 996 1643 1032">
    <p class='ocr_par' dir='ltr' id='par_1_79' title="bbox 856 996 1643 1032">
     <span class='ocr_line' id='line_1_82' title="bbox 856 996 1643 1032; baseline 0.005 -9"><span class='ocrx_word' id='word_1_635' title='bbox 856 996 930 1024; x_wconf 84' lang='lat' dir='ltr'><strong>bitur</strong></span> <span class='ocrx_word' id='word_1_636' title='bbox 945 1004 1025 1032; x_wconf 87' lang='lat' dir='ltr'><strong>super</strong></span> <span class='ocrx_word' id='word_1_637' title='bbox 1041 1005 1073 1025; x_wconf 90' lang='lat' dir='ltr'><strong>eo</strong></span> <span class='ocrx_word' id='word_1_638' title='bbox 1087 1005 1182 1026; x_wconf 85' lang='lat' dir='ltr'><strong>omnes</strong></span> <span class='ocrx_word' id='word_1_639' title='bbox 1204 998 1361 1032; x_wconf 85' lang='lat' dir='ltr'><strong>iniquitates</strong></span> <span class='ocrx_word' id='word_1_640' title='bbox 1378 999 1495 1026; x_wconf 88' lang='lat' dir='ltr'><strong>liliorum</strong></span> <span class='ocrx_word' id='word_1_641' title='bbox 1510 999 1604 1032; x_wconf 81' lang='lat' dir='ltr'><strong>Israel,</strong></span> <span class='ocrx_word' id='word_1_642' title='bbox 1616 1006 1643 1027; x_wconf 80' lang='lat' dir='ltr'><strong>et</strong></span> 
     </span>
    </p>
   </div>
   <div class='ocr_carea' id='block_1_80' title="bbox 856 1043 1641 1080">
    <p class='ocr_par' dir='ltr' id='par_1_80' title="bbox 856 1043 1641 1080">
     <span class='ocr_line' id='line_1_83' title="bbox 856 1043 1641 1080; baseline 0.003 -10"><span class='ocrx_word' id='word_1_643' title='bbox 856 1049 950 1070; x_wconf 88' lang='lat' dir='ltr'><strong>omnes</strong></span> <span class='ocrx_word' id='word_1_644' title='bbox 968 1043 1116 1077; x_wconf 82' lang='lat' dir='ltr'><strong>injiistitias</strong></span> <span class='ocrx_word' id='word_1_645' title='bbox 1130 1051 1237 1077; x_wconf 90' lang='lat' dir='ltr'><strong>eorum,</strong></span> <span class='ocrx_word' id='word_1_646' title='bbox 1256 1049 1283 1071; x_wconf 84' lang='lat' dir='ltr'><strong>et</strong></span> <span class='ocrx_word' id='word_1_647' title='bbox 1305 1044 1426 1080; x_wconf 86' lang='lat' dir='ltr'><strong>imponet</strong></span> <span class='ocrx_word' id='word_1_648' title='bbox 1441 1053 1488 1072; x_wconf 85' lang='lat' dir='ltr'><strong>eas</strong></span> <span class='ocrx_word' id='word_1_649' title='bbox 1501 1053 1582 1080; x_wconf 87' lang='lat' dir='ltr'><strong>super</strong></span> <span class='ocrx_word' id='word_1_650' title='bbox 1593 1053 1641 1072; x_wconf 87' lang='lat' dir='ltr'><strong>ca-</strong></span> 
     </span>
    </p>
   </div>
   <div class='ocr_carea' id='block_1_81' title="bbox 856 1089 1642 1124">
    <p class='ocr_par' dir='ltr' id='par_1_81' title="bbox 856 1089 1642 1124">
     <span class='ocr_line' id='line_1_84' title="bbox 856 1089 1642 1124; baseline 0.004 -9"><span class='ocrx_word' id='word_1_651' title='bbox 856 1093 904 1124; x_wconf 89' lang='lat' dir='ltr'><strong>put</strong></span> <span class='ocrx_word' id='word_1_652' title='bbox 919 1089 987 1116; x_wconf 89' lang='lat' dir='ltr'><strong>hirci</strong></span> <span class='ocrx_word' id='word_1_653' title='bbox 1001 1096 1032 1117; x_wconf 55' lang='grc' dir='ltr'>-ιε</span> <span class='ocrx_word' id='word_1_654' title='bbox 1050 1090 1164 1117; x_wconf 86' lang='lat' dir='ltr'><strong>viventis</strong></span> <span class='ocrx_word' id='word_1_655' title='bbox 1193 1090 1204 1124; x_wconf 68' lang='grc' dir='ltr'>ζ</span> <span class='ocrx_word' id='word_1_656' title='bbox 1220 1095 1244 1118; x_wconf 91' lang='lat' dir='ltr'><strong>et</strong></span> <span class='ocrx_word' id='word_1_657' title='bbox 1266 1091 1372 1118; x_wconf 81' lang='lat' dir='ltr'><strong>emittet</strong></span> <span class='ocrx_word' id='word_1_658' title='bbox 1385 1091 1412 1118; x_wconf 91' lang='lat' dir='ltr'><strong>in</strong></span> <span class='ocrx_word' id='word_1_659' title='bbox 1428 1098 1510 1118; x_wconf 89' lang='lat' dir='ltr'><strong>manu</strong></span> <span class='ocrx_word' id='word_1_660' title='bbox 1524 1091 1642 1119; x_wconf 73' lang='lat' dir='ltr'><strong>hominis</strong></span> 
     </span>
    </p>
   </div>
   <div class='ocr_carea' id='block_1_82' title="bbox 855 1133 1641 1170">
    <p class='ocr_par' dir='ltr' id='par_1_82' title="bbox 855 1133 1641 1170">
     <span class='ocr_line' id='line_1_85' title="bbox 855 1133 1641 1170; baseline 0.003 -10"><span class='ocrx_word' id='word_1_661' title='bbox 855 1134 943 1169; x_wconf 84' lang='lat' dir='ltr'><strong>parati</strong></span> <span class='ocrx_word' id='word_1_662' title='bbox 971 1134 999 1161; x_wconf 92' lang='lat' dir='ltr'><strong>in</strong></span> <span class='ocrx_word' id='word_1_663' title='bbox 1024 1133 1172 1161; x_wconf 85' lang='lat' dir='ltr'><strong>desertum.</strong></span> <span class='ocrx_word' id='word_1_664' title='bbox 1197 1134 1241 1161; x_wconf 74' lang='lat'><strong>22.</strong></span> <span class='ocrx_word' id='word_1_665' title='bbox 1257 1133 1290 1162; x_wconf 87' lang='lat' dir='ltr'><strong>Et</strong></span> <span class='ocrx_word' id='word_1_666' title='bbox 1306 1134 1379 1162; x_wconf 89' lang='lat' dir='ltr'><strong>tollet</strong></span> <span class='ocrx_word' id='word_1_667' title='bbox 1394 1135 1486 1162; x_wconf 85' lang='lat' dir='ltr'><strong>hircus</strong></span> <span class='ocrx_word' id='word_1_668' title='bbox 1500 1143 1581 1170; x_wconf 82' lang='lat' dir='ltr'><strong>super</strong></span> <span class='ocrx_word' id='word_1_669' title='bbox 1597 1143 1641 1163; x_wconf 80' lang='lat' dir='ltr'><strong>se-</strong></span> 
     </span>
    </p>
   </div>
   <div class='ocr_carea' id='block_1_83' title="bbox 856 1180 1641 1215">
    <p class='ocr_par' dir='ltr' id='par_1_83' title="bbox 856 1180 1641 1215">
     <span class='ocr_line' id='line_1_86' title="bbox 856 1180 1641 1215; baseline 0.003 -9"><span class='ocrx_word' id='word_1_670' title='bbox 856 1180 946 1215; x_wconf 91' lang='lat' dir='ltr'><strong>ipsum</strong></span> <span class='ocrx_word' id='word_1_671' title='bbox 961 1187 1054 1207; x_wconf 90' lang='lat' dir='ltr'><strong>omnes</strong></span> <span class='ocrx_word' id='word_1_672' title='bbox 1071 1180 1219 1214; x_wconf 85' lang='lat' dir='ltr'><strong>injustitias</strong></span> <span class='ocrx_word' id='word_1_673' title='bbox 1233 1187 1327 1208; x_wconf 88' lang='lat' dir='ltr'><strong>eorum</strong></span> <span class='ocrx_word' id='word_1_674' title='bbox 1344 1180 1370 1207; x_wconf 90' lang='lat' dir='ltr'><strong>in</strong></span> <span class='ocrx_word' id='word_1_675' title='bbox 1385 1181 1483 1208; x_wconf 84' lang='lat' dir='ltr'><strong>inviam</strong></span> <span class='ocrx_word' id='word_1_676' title='bbox 1501 1190 1506 1207; x_wconf 92' lang='lat'><strong>:</strong></span> <span class='ocrx_word' id='word_1_677' title='bbox 1524 1185 1551 1208; x_wconf 88' lang='lat' dir='ltr'><strong>et</strong></span> <span class='ocrx_word' id='word_1_678' title='bbox 1561 1181 1641 1208; x_wconf 78' lang='lat' dir='ltr'><strong>emit-</strong></span> 
     </span>
    </p>
   </div>
   <div class='ocr_carea' id='block_1_84' title="bbox 857 1226 1641 1260">
    <p class='ocr_par' dir='ltr' id='par_1_84' title="bbox 857 1226 1641 1260">
     <span class='ocr_line' id='line_1_87' title="bbox 857 1226 1641 1260; baseline 0.001 -7"><span class='ocrx_word' id='word_1_679' title='bbox 857 1231 894 1253; x_wconf 89' lang='lat' dir='ltr'><strong>tet</strong></span> <span class='ocrx_word' id='word_1_680' title='bbox 908 1227 1012 1253; x_wconf 88' lang='lat' dir='ltr'><strong>hircum</strong></span> <span class='ocrx_word' id='word_1_681' title='bbox 1026 1227 1052 1253; x_wconf 93' lang='lat' dir='ltr'><strong>in</strong></span> <span class='ocrx_word' id='word_1_682' title='bbox 1066 1227 1212 1254; x_wconf 90' lang='lat' dir='ltr'><strong>desertum.</strong></span> <span class='ocrx_word' id='word_1_683' title='bbox 1233 1226 1278 1253; x_wconf 79' lang='lat'><strong>23.</strong></span> <span class='ocrx_word' id='word_1_684' title='bbox 1291 1226 1323 1254; x_wconf 86' lang='lat' dir='ltr'><strong>Et</strong></span> <span class='ocrx_word' id='word_1_685' title='bbox 1335 1227 1499 1260; x_wconf 73' lang='lat' dir='ltr'><strong>ingredietur</strong></span> <span class='ocrx_word' id='word_1_686' title='bbox 1509 1227 1599 1254; x_wconf 76' lang='lat' dir='ltr'><strong>Aaron</strong></span> <span class='ocrx_word' id='word_1_687' title='bbox 1614 1228 1641 1254; x_wconf 89' lang='lat' dir='ltr'><strong>in</strong></span> 
     </span>
    </p>
   </div>
   <div class='ocr_carea' id='block_1_85' title="bbox 858 1271 1640 1306">
    <p class='ocr_par' dir='ltr' id='par_1_85' title="bbox 858 1271 1640 1306">
     <span class='ocr_line' id='line_1_88' title="bbox 858 1271 1640 1306; baseline 0.003 -8"><span class='ocrx_word' id='word_1_688' title='bbox 858 1271 1060 1299; x_wconf 82' lang='lat' dir='ltr'><strong>tabernaculum</strong></span> <span class='ocrx_word' id='word_1_689' title='bbox 1078 1272 1237 1305; x_wconf 87' lang='lat' dir='ltr'><strong>testimonii,</strong></span> <span class='ocrx_word' id='word_1_690' title='bbox 1254 1277 1280 1298; x_wconf 87' lang='lat' dir='ltr'><strong>et</strong></span> <span class='ocrx_word' id='word_1_691' title='bbox 1304 1277 1384 1299; x_wconf 86' lang='lat' dir='ltr'><strong>exuet</strong></span> <span class='ocrx_word' id='word_1_692' title='bbox 1409 1273 1506 1299; x_wconf 77' lang='lat' dir='ltr'><strong>stolam</strong></span> <span class='ocrx_word' id='word_1_693' title='bbox 1532 1273 1640 1306; x_wconf 88' lang='lat' dir='ltr'><strong>lineam,</strong></span> 
     </span>
    </p>
   </div>
   <div class='ocr_carea' id='block_1_86' title="bbox 857 1316 1642 1352">
    <p class='ocr_par' dir='ltr' id='par_1_86' title="bbox 857 1316 1642 1352">
     <span class='ocr_line' id='line_1_89' title="bbox 857 1316 1642 1352; baseline 0.004 -8"><span class='ocrx_word' id='word_1_694' title='bbox 857 1324 939 1352; x_wconf 81' lang='lat' dir='ltr'><strong>quant</strong></span> <span class='ocrx_word' id='word_1_695' title='bbox 956 1316 1088 1350; x_wconf 73' lang='lat' dir='ltr'><strong>induerat</strong></span> <span class='ocrx_word' id='word_1_696' title='bbox 1109 1318 1275 1352; x_wconf 74' lang='lat' dir='ltr'><strong>ingrediente</strong></span> <span class='ocrx_word' id='word_1_697' title='bbox 1298 1326 1330 1346; x_wconf 93' lang='lat' dir='ltr'><strong>eo</strong></span> <span class='ocrx_word' id='word_1_698' title='bbox 1346 1318 1372 1346; x_wconf 86' lang='lat' dir='ltr'><strong>in</strong></span> <span class='ocrx_word' id='word_1_699' title='bbox 1387 1323 1509 1346; x_wconf 89' lang='lat' dir='ltr'><strong>sanctum</strong></span> <span class='ocrx_word' id='word_1_700' title='bbox 1531 1328 1537 1345; x_wconf 90' lang='lat'><strong>:</strong></span> <span class='ocrx_word' id='word_1_701' title='bbox 1553 1324 1580 1347; x_wconf 90' lang='lat' dir='ltr'><strong>et</strong></span> <span class='ocrx_word' id='word_1_702' title='bbox 1596 1320 1642 1347; x_wconf 87' lang='lat' dir='ltr'><strong>de-</strong></span> 
     </span>
    </p>
   </div>
   <div class='ocr_carea' id='block_1_87' title="bbox 857 1363 1641 1401">
    <p class='ocr_par' dir='ltr' id='par_1_87' title="bbox 857 1363 1641 1401">
     <span class='ocr_line' id='line_1_90' title="bbox 857 1363 1641 1401; baseline 0.004 -12"><span class='ocrx_word' id='word_1_703' title='bbox 857 1367 938 1397; x_wconf 80' lang='lat' dir='ltr'><strong>ponet</strong></span> <span class='ocrx_word' id='word_1_704' title='bbox 961 1370 1020 1390; x_wconf 84' lang='lat' dir='ltr'><strong>eam</strong></span> <span class='ocrx_word' id='word_1_705' title='bbox 1046 1364 1109 1392; x_wconf 93' lang='lat' dir='ltr'><strong>illic.</strong></span> <span class='ocrx_word' id='word_1_706' title='bbox 1137 1363 1182 1391; x_wconf 65' lang='lat'><strong>24.</strong></span> <span class='ocrx_word' id='word_1_707' title='bbox 1198 1364 1231 1392; x_wconf 89' lang='lat' dir='ltr'><strong>Et</strong></span> <span class='ocrx_word' id='word_1_708' title='bbox 1245 1364 1345 1391; x_wconf 86' lang='lat' dir='ltr'><strong>lavabit</strong></span> <span class='ocrx_word' id='word_1_709' title='bbox 1358 1372 1457 1399; x_wconf 89' lang='lat' dir='ltr'><strong>corpus</strong></span> <span class='ocrx_word' id='word_1_710' title='bbox 1471 1373 1551 1392; x_wconf 86' lang='lat' dir='ltr'><strong>suum</strong></span> <span class='ocrx_word' id='word_1_711' title='bbox 1571 1373 1641 1401; x_wconf 86' lang='lat' dir='ltr'><strong>aqua</strong></span> 
     </span>
    </p>
   </div>
   <div class='ocr_carea' id='block_1_88' title="bbox 857 1408 1642 1441">
    <p class='ocr_par' dir='ltr' id='par_1_88' title="bbox 857 1408 1642 1441">
     <span class='ocr_line' id='line_1_91' title="bbox 857 1408 1642 1441; baseline 0.004 -6"><span class='ocrx_word' id='word_1_712' title='bbox 857 1408 885 1435; x_wconf 92' lang='lat' dir='ltr'><strong>in</strong></span> <span class='ocrx_word' id='word_1_713' title='bbox 900 1408 960 1436; x_wconf 86' lang='lat' dir='ltr'><strong>loco</strong></span> <span class='ocrx_word' id='word_1_714' title='bbox 983 1413 1088 1441; x_wconf 91' lang='lat' dir='ltr'><strong>sancto,</strong></span> <span class='ocrx_word' id='word_1_715' title='bbox 1112 1414 1139 1437; x_wconf 84' lang='lat' dir='ltr'><strong>et</strong></span> <span class='ocrx_word' id='word_1_716' title='bbox 1154 1409 1247 1436; x_wconf 85' lang='lat' dir='ltr'><strong>induet</strong></span> <span class='ocrx_word' id='word_1_717' title='bbox 1268 1410 1364 1437; x_wconf 83' lang='lat' dir='ltr'><strong>stolam</strong></span> <span class='ocrx_word' id='word_1_718' title='bbox 1383 1418 1459 1438; x_wconf 92' lang='lat' dir='ltr'><strong>suam</strong></span> <span class='ocrx_word' id='word_1_719' title='bbox 1483 1419 1490 1438; x_wconf 87' lang='lat'><strong>:</strong></span> <span class='ocrx_word' id='word_1_720' title='bbox 1507 1415 1532 1438; x_wconf 87' lang='lat' dir='ltr'><strong>et</strong></span> <span class='ocrx_word' id='word_1_721' title='bbox 1548 1411 1642 1439; x_wconf 80' lang='lat' dir='ltr'><strong>exiens</strong></span> 
     </span>
    </p>
   </div>
   <div class='ocr_carea' id='block_1_89' title="bbox 858 1453 1640 1493">
    <p class='ocr_par' dir='ltr' id='par_1_89' title="bbox 858 1453 1640 1493">
     <span class='ocr_line' id='line_1_92' title="bbox 858 1453 1640 1493; baseline 0.004 -12"><span class='ocrx_word' id='word_1_722' title='bbox 858 1453 938 1482; x_wconf 81' lang='lat' dir='ltr'><strong>faciet</strong></span> <span class='ocrx_word' id='word_1_723' title='bbox 955 1455 1143 1483; x_wconf 84' lang='lat' dir='ltr'><strong>holocaustum</strong></span> <span class='ocrx_word' id='word_1_724' title='bbox 1166 1464 1256 1488; x_wconf 88' lang='lat' dir='ltr'><strong>suum,</strong></span> <span class='ocrx_word' id='word_1_725' title='bbox 1271 1461 1298 1484; x_wconf 84' lang='lat' dir='ltr'><strong>et</strong></span> <span class='ocrx_word' id='word_1_726' title='bbox 1312 1457 1499 1484; x_wconf 82' lang='lat' dir='ltr'><strong>holocaustum</strong></span> <span class='ocrx_word' id='word_1_727' title='bbox 1522 1458 1614 1493; x_wconf 87' lang='lat' dir='ltr'><strong>populi</strong></span> <span class='ocrx_word' id='word_1_728' title='bbox 1634 1467 1640 1485; x_wconf 91' lang='lat'>:</span> 
     </span>
    </p>
   </div>
   <div class='ocr_carea' id='block_1_90' title="bbox 858 1500 1641 1538">
    <p class='ocr_par' dir='ltr' id='par_1_90' title="bbox 858 1500 1641 1538">
     <span class='ocr_line' id='line_1_93' title="bbox 858 1500 1641 1538; baseline 0.004 -11"><span class='ocrx_word' id='word_1_729' title='bbox 858 1505 885 1527; x_wconf 88' lang='lat' dir='ltr'><strong>et</strong></span> <span class='ocrx_word' id='word_1_730' title='bbox 897 1500 1016 1535; x_wconf 82' lang='lat' dir='ltr'><strong>expiabit</strong></span> <span class='ocrx_word' id='word_1_731' title='bbox 1031 1508 1079 1536; x_wconf 90' lang='lat' dir='ltr'><strong>pro</strong></span> <span class='ocrx_word' id='word_1_732' title='bbox 1096 1509 1135 1534; x_wconf 87' lang='lat' dir='ltr'><strong>se,</strong></span> <span class='ocrx_word' id='word_1_733' title='bbox 1154 1507 1179 1530; x_wconf 90' lang='lat' dir='ltr'><strong>et</strong></span> <span class='ocrx_word' id='word_1_734' title='bbox 1196 1510 1245 1537; x_wconf 89' lang='lat' dir='ltr'><strong>pro</strong></span> <span class='ocrx_word' id='word_1_735' title='bbox 1259 1503 1341 1530; x_wconf 92' lang='lat' dir='ltr'><strong>domo</strong></span> <span class='ocrx_word' id='word_1_736' title='bbox 1353 1511 1413 1535; x_wconf 80' lang='lat' dir='ltr'><strong>sua,</strong></span> <span class='ocrx_word' id='word_1_737' title='bbox 1430 1508 1456 1530; x_wconf 91' lang='lat' dir='ltr'><strong>et</strong></span> <span class='ocrx_word' id='word_1_738' title='bbox 1468 1511 1517 1538; x_wconf 89' lang='lat' dir='ltr'><strong>pro</strong></span> <span class='ocrx_word' id='word_1_739' title='bbox 1531 1504 1641 1538; x_wconf 88' lang='lat' dir='ltr'><strong>populo.</strong></span> 
     </span>
    </p>
   </div>
   <div class='ocr_carea' id='block_1_91' title="bbox 858 1545 1644 1585">
    <p class='ocr_par' dir='ltr' id='par_1_91' title="bbox 858 1545 1644 1585">
     <span class='ocr_line' id='line_1_94' title="bbox 858 1545 1644 1585; baseline 0.006 -12"><span class='ocrx_word' id='word_1_740' title='bbox 858 1546 904 1574; x_wconf 77' lang='lat'><strong>25.</strong></span> <span class='ocrx_word' id='word_1_741' title='bbox 919 1545 953 1574; x_wconf 86' lang='lat' dir='ltr'><strong>Et</strong></span> <span class='ocrx_word' id='word_1_742' title='bbox 974 1547 1091 1582; x_wconf 86' lang='lat' dir='ltr'><strong>adipem,</strong></span> <span class='ocrx_word' id='word_1_743' title='bbox 1107 1547 1153 1583; x_wconf 85' lang='lat' dir='ltr'><strong>qui</strong></span> <span class='ocrx_word' id='word_1_744' title='bbox 1173 1556 1221 1583; x_wconf 92' lang='lat' dir='ltr'><strong>pro</strong></span> <span class='ocrx_word' id='word_1_745' title='bbox 1236 1551 1364 1584; x_wconf 84' lang='lat' dir='ltr'><strong>peccatis.</strong></span> <span class='ocrx_word' id='word_1_746' title='bbox 1388 1549 1482 1578; x_wconf 76' lang='lat' dir='ltr'><strong>oll‘eret</strong></span> <span class='ocrx_word' id='word_1_747' title='bbox 1505 1557 1586 1585; x_wconf 86' lang='lat' dir='ltr'><strong>super</strong></span> <span class='ocrx_word' id='word_1_748' title='bbox 1604 1551 1644 1578; x_wconf 84' lang='lat' dir='ltr'><strong>al-</strong></span> 
     </span>
    </p>
   </div>
   <div class='ocr_carea' id='block_1_92' title="bbox 859 1593 1642 1632">
    <p class='ocr_par' dir='ltr' id='par_1_92' title="bbox 859 1593 1642 1632">
     <span class='ocr_line' id='line_1_95' title="bbox 859 1593 1642 1632; baseline 0.006 -13"><span class='ocrx_word' id='word_1_749' title='bbox 859 1597 926 1620; x_wconf 88' lang='lat' dir='ltr'><strong>tare.</strong></span> <span class='ocrx_word' id='word_1_750' title='bbox 954 1593 998 1620; x_wconf 84' lang='lat'><strong>26.</strong></span> <span class='ocrx_word' id='word_1_751' title='bbox 1015 1593 1049 1621; x_wconf 89' lang='lat' dir='ltr'><strong>Et</strong></span> <span class='ocrx_word' id='word_1_752' title='bbox 1070 1594 1115 1629; x_wconf 85' lang='lat' dir='ltr'><strong>qui</strong></span> <span class='ocrx_word' id='word_1_753' title='bbox 1139 1595 1239 1622; x_wconf 88' lang='lat' dir='ltr'><strong>emittit</strong></span> <span class='ocrx_word' id='word_1_754' title='bbox 1253 1595 1360 1623; x_wconf 89' lang='lat' dir='ltr'><strong>hircum</strong></span> <span class='ocrx_word' id='word_1_755' title='bbox 1378 1602 1547 1632; x_wconf 80' lang='lat' dir='ltr'><strong>segregatum</strong></span> <span class='ocrx_word' id='word_1_756' title='bbox 1561 1597 1587 1624; x_wconf 89' lang='lat' dir='ltr'><strong>in</strong></span> <span class='ocrx_word' id='word_1_757' title='bbox 1603 1605 1642 1625; x_wconf 90' lang='lat' dir='ltr'><strong>re-</strong></span> 
     </span>
    </p>
   </div>
   <div class='ocr_carea' id='block_1_93' title="bbox 859 1639 1643 1674">
    <p class='ocr_par' dir='ltr' id='par_1_93' title="bbox 859 1639 1643 1674">
     <span class='ocr_line' id='line_1_96' title="bbox 859 1639 1643 1674; baseline 0.006 -9"><span class='ocrx_word' id='word_1_758' title='bbox 859 1639 1028 1672; x_wconf 84' lang='lat' dir='ltr'><strong>missionem,</strong></span> <span class='ocrx_word' id='word_1_759' title='bbox 1054 1640 1153 1667; x_wconf 80' lang='lat' dir='ltr'><strong>larabit</strong></span> <span class='ocrx_word' id='word_1_760' title='bbox 1175 1641 1336 1669; x_wconf 86' lang='lat' dir='ltr'><strong>vestimenta</strong></span> <span class='ocrx_word' id='word_1_761' title='bbox 1350 1650 1410 1674; x_wconf 86' lang='lat' dir='ltr'><strong>sua,</strong></span> <span class='ocrx_word' id='word_1_762' title='bbox 1426 1647 1452 1669; x_wconf 89' lang='lat' dir='ltr'><strong>et</strong></span> <span class='ocrx_word' id='word_1_763' title='bbox 1468 1642 1567 1670; x_wconf 82' lang='lat' dir='ltr'><strong>lavabit</strong></span> <span class='ocrx_word' id='word_1_764' title='bbox 1580 1650 1643 1670; x_wconf 89' lang='lat' dir='ltr'><strong>cor-</strong></span> 
     </span>
    </p>
   </div>
   <div class='ocr_carea' id='block_1_94' title="bbox 859 1687 1641 1722">
    <p class='ocr_par' dir='ltr' id='par_1_94' title="bbox 859 1687 1641 1722">
     <span class='ocr_line' id='line_1_97' title="bbox 859 1687 1641 1722; baseline 0.004 -11"><span class='ocrx_word' id='word_1_765' title='bbox 859 1693 910 1719; x_wconf 86' lang='lat' dir='ltr'><strong>pus</strong></span> <span class='ocrx_word' id='word_1_766' title='bbox 926 1693 1005 1712; x_wconf 86' lang='lat' dir='ltr'><strong>suum</strong></span> <span class='ocrx_word' id='word_1_767' title='bbox 1028 1694 1098 1720; x_wconf 86' lang='lat' dir='ltr'><strong>aqua</strong></span> <span class='ocrx_word' id='word_1_768' title='bbox 1117 1697 1123 1714; x_wconf 79' lang='lat'><strong>;</strong></span> <span class='ocrx_word' id='word_1_769' title='bbox 1141 1692 1202 1721; x_wconf 90' lang='lat' dir='ltr'><strong>post</strong></span> <span class='ocrx_word' id='word_1_770' title='bbox 1225 1687 1282 1714; x_wconf 75' lang='lat' dir='ltr'><strong>liazc</strong></span> <span class='ocrx_word' id='word_1_771' title='bbox 1306 1688 1471 1722; x_wconf 76' lang='lat' dir='ltr'><strong>ingredietur</strong></span> <span class='ocrx_word' id='word_1_772' title='bbox 1493 1689 1519 1715; x_wconf 92' lang='lat' dir='ltr'><strong>in</strong></span> <span class='ocrx_word' id='word_1_773' title='bbox 1542 1692 1641 1716; x_wconf 82' lang='lat' dir='ltr'><strong>castra.</strong></span> 
     </span>
    </p>
   </div>
   <div class='ocr_carea' id='block_1_95' title="bbox 859 1731 1642 1770">
    <p class='ocr_par' dir='ltr' id='par_1_95' title="bbox 859 1731 1642 1770">
     <span class='ocr_line' id='line_1_98' title="bbox 859 1731 1642 1770; baseline 0.005 -12"><span class='ocrx_word' id='word_1_774' title='bbox 859 1732 904 1758; x_wconf 89' lang='lat'><strong>27.</strong></span> <span class='ocrx_word' id='word_1_775' title='bbox 917 1731 951 1759; x_wconf 89' lang='lat' dir='ltr'><strong>Et</strong></span> <span class='ocrx_word' id='word_1_776' title='bbox 962 1733 1075 1760; x_wconf 87' lang='lat' dir='ltr'><strong>vitulum</strong></span> <span class='ocrx_word' id='word_1_777' title='bbox 1093 1741 1143 1768; x_wconf 93' lang='lat' dir='ltr'><strong>pro</strong></span> <span class='ocrx_word' id='word_1_778' title='bbox 1155 1738 1277 1768; x_wconf 88' lang='lat' dir='ltr'><strong>peccato,</strong></span> <span class='ocrx_word' id='word_1_779' title='bbox 1295 1738 1323 1761; x_wconf 89' lang='lat' dir='ltr'><strong>et</strong></span> <span class='ocrx_word' id='word_1_780' title='bbox 1337 1735 1441 1762; x_wconf 89' lang='lat' dir='ltr'><strong>hircum</strong></span> <span class='ocrx_word' id='word_1_781' title='bbox 1456 1743 1505 1770; x_wconf 84' lang='lat' dir='ltr'><strong>pro</strong></span> <span class='ocrx_word' id='word_1_782' title='bbox 1521 1739 1642 1770; x_wconf 87' lang='lat' dir='ltr'><strong>peccato,</strong></span> 
     </span>
    </p>
   </div>
   <div class='ocr_carea' id='block_1_96' title="bbox 861 1778 1643 1815">
    <p class='ocr_par' dir='ltr' id='par_1_96' title="bbox 861 1778 1643 1815">
     <span class='ocr_line' id='line_1_99' title="bbox 861 1778 1643 1815; baseline 0.008 -12"><span class='ocrx_word' id='word_1_783' title='bbox 861 1784 977 1811; x_wconf 89' lang='lat' dir='ltr'><strong>quorum</strong></span> <span class='ocrx_word' id='word_1_784' title='bbox 990 1778 1101 1813; x_wconf 77' lang='lat' dir='ltr'><strong>sanguis</strong></span> <span class='ocrx_word' id='word_1_785' title='bbox 1113 1779 1202 1806; x_wconf 90' lang='lat' dir='ltr'><strong>illatus</strong></span> <span class='ocrx_word' id='word_1_786' title='bbox 1218 1783 1259 1806; x_wconf 90' lang='lat' dir='ltr'><strong>est</strong></span> <span class='ocrx_word' id='word_1_787' title='bbox 1271 1780 1304 1806; x_wconf 83' lang='lat' dir='ltr'><strong>ad</strong></span> <span class='ocrx_word' id='word_1_788' title='bbox 1319 1780 1481 1815; x_wconf 83' lang='lat' dir='ltr'><strong>expiandum</strong></span> <span class='ocrx_word' id='word_1_789' title='bbox 1496 1781 1522 1808; x_wconf 93' lang='lat' dir='ltr'><strong>in</strong></span> <span class='ocrx_word' id='word_1_790' title='bbox 1538 1785 1643 1814; x_wconf 84' lang='lat' dir='ltr'><strong>sancto,</strong></span> 
     </span>
    </p>
   </div>
   <div class='ocr_carea' id='block_1_97' title="bbox 859 1822 1644 1862">
    <p class='ocr_par' dir='ltr' id='par_1_97' title="bbox 859 1822 1644 1862">
     <span class='ocr_line' id='line_1_100' title="bbox 859 1822 1644 1862; baseline 0.006 -13"><span class='ocrx_word' id='word_1_791' title='bbox 859 1822 952 1850; x_wconf 83' lang='lat' dir='ltr'><strong>eﬂ&#39;eret</strong></span> <span class='ocrx_word' id='word_1_792' title='bbox 976 1831 1007 1851; x_wconf 85' lang='lat' dir='ltr'><strong>ea</strong></span> <span class='ocrx_word' id='word_1_793' title='bbox 1031 1828 1106 1851; x_wconf 81' lang='lat' dir='ltr'><strong>extra</strong></span> <span class='ocrx_word' id='word_1_794' title='bbox 1130 1829 1240 1852; x_wconf 79' lang='lat' dir='ltr'><strong>castra:</strong></span> <span class='ocrx_word' id='word_1_795' title='bbox 1259 1829 1286 1852; x_wconf 89' lang='lat' dir='ltr'><strong>et</strong></span> <span class='ocrx_word' id='word_1_796' title='bbox 1308 1826 1469 1853; x_wconf 88' lang='lat' dir='ltr'><strong>eomburent</strong></span> <span class='ocrx_word' id='word_1_797' title='bbox 1487 1827 1548 1862; x_wconf 81' lang='lat' dir='ltr'><strong>igne</strong></span> <span class='ocrx_word' id='word_1_798' title='bbox 1562 1827 1644 1861; x_wconf 83' lang='lat' dir='ltr'><strong>pelles</strong></span> 
     </span>
    </p>
   </div>
   <div class='ocr_carea' id='block_1_98' title="bbox 860 1872 1643 1906">
    <p class='ocr_par' dir='ltr' id='par_1_98' title="bbox 860 1872 1643 1906">
     <span class='ocr_line' id='line_1_101' title="bbox 860 1872 1643 1906; baseline 0.004 -10"><span class='ocrx_word' id='word_1_799' title='bbox 860 1876 964 1902; x_wconf 89' lang='lat' dir='ltr'><strong>eorum,</strong></span> <span class='ocrx_word' id='word_1_800' title='bbox 978 1875 1004 1897; x_wconf 84' lang='lat' dir='ltr'><strong>et</strong></span> <span class='ocrx_word' id='word_1_801' title='bbox 1018 1878 1114 1898; x_wconf 86' lang='lat' dir='ltr'><strong>carnes</strong></span> <span class='ocrx_word' id='word_1_802' title='bbox 1127 1878 1233 1904; x_wconf 88' lang='lat' dir='ltr'><strong>eorum,</strong></span> <span class='ocrx_word' id='word_1_803' title='bbox 1251 1876 1277 1898; x_wconf 88' lang='lat' dir='ltr'><strong>et</strong></span> <span class='ocrx_word' id='word_1_804' title='bbox 1291 1872 1383 1899; x_wconf 79' lang='lat' dir='ltr'><strong>[imum</strong></span> <span class='ocrx_word' id='word_1_805' title='bbox 1398 1880 1502 1900; x_wconf 90' lang='lat' dir='ltr'><strong>eorum.</strong></span> <span class='ocrx_word' id='word_1_806' title='bbox 1531 1872 1576 1901; x_wconf 80' lang='lat'><strong>28.</strong></span> <span class='ocrx_word' id='word_1_807' title='bbox 1591 1872 1643 1906; x_wconf 84' lang='lat' dir='ltr'><strong>Qui</strong></span> 
     </span>
    </p>
   </div>
   <div class='ocr_carea' id='block_1_99' title="bbox 860 1917 1645 1951">
    <p class='ocr_par' dir='ltr' id='par_1_99' title="bbox 860 1917 1645 1951">
     <span class='ocr_line' id='line_1_102' title="bbox 860 1917 1645 1951; baseline 0.001 -8"><span class='ocrx_word' id='word_1_808' title='bbox 860 1921 949 1943; x_wconf 88' lang='lat' dir='ltr'><strong>autem</strong></span> <span class='ocrx_word' id='word_1_809' title='bbox 974 1917 1156 1945; x_wconf 86' lang='lat' dir='ltr'><strong>combusserit</strong></span> <span class='ocrx_word' id='word_1_810' title='bbox 1180 1925 1223 1949; x_wconf 84' lang='lat' dir='ltr'><strong>ea,</strong></span> <span class='ocrx_word' id='word_1_811' title='bbox 1242 1917 1342 1944; x_wconf 82' lang='lat' dir='ltr'><strong>lavabit</strong></span> <span class='ocrx_word' id='word_1_812' title='bbox 1363 1919 1522 1946; x_wconf 83' lang='lat' dir='ltr'><strong>vestimenta</strong></span> <span class='ocrx_word' id='word_1_813' title='bbox 1539 1926 1602 1951; x_wconf 88' lang='lat' dir='ltr'><strong>sua,</strong></span> <span class='ocrx_word' id='word_1_814' title='bbox 1618 1922 1645 1945; x_wconf 83' lang='lat' dir='ltr'><strong>et</strong></span> 
     </span>
    </p>
   </div>
   <div class='ocr_carea' id='block_1_100' title="bbox 861 1962 1644 1999">
    <p class='ocr_par' dir='ltr' id='par_1_100' title="bbox 861 1962 1644 1999">
     <span class='ocr_line' id='line_1_103' title="bbox 861 1962 1644 1999; baseline 0.003 -10"><span class='ocrx_word' id='word_1_815' title='bbox 861 1962 960 1990; x_wconf 89' lang='lat' dir='ltr'><strong>lavabit</strong></span> <span class='ocrx_word' id='word_1_816' title='bbox 970 1971 1069 1998; x_wconf 91' lang='lat' dir='ltr'><strong>corpus</strong></span> <span class='ocrx_word' id='word_1_817' title='bbox 1084 1971 1164 1991; x_wconf 90' lang='lat' dir='ltr'><strong>suum</strong></span> <span class='ocrx_word' id='word_1_818' title='bbox 1181 1972 1250 1999; x_wconf 85' lang='lat' dir='ltr'><strong>aqua</strong></span> <span class='ocrx_word' id='word_1_819' title='bbox 1268 1973 1275 1991; x_wconf 89' lang='lat'><strong>:</strong></span> <span class='ocrx_word' id='word_1_820' title='bbox 1291 1968 1318 1991; x_wconf 90' lang='lat' dir='ltr'><strong>et</strong></span> <span class='ocrx_word' id='word_1_821' title='bbox 1332 1969 1425 1998; x_wconf 89' lang='lat' dir='ltr'><strong>postea</strong></span> <span class='ocrx_word' id='word_1_822' title='bbox 1440 1965 1605 1999; x_wconf 74' lang='lat' dir='ltr'><strong>ingredietur</strong></span> <span class='ocrx_word' id='word_1_823' title='bbox 1618 1965 1644 1991; x_wconf 93' lang='lat' dir='ltr'><strong>in</strong></span> 
     </span>
    </p>
   </div>
   <div class='ocr_carea' id='block_1_101' title="bbox 861 2007 1646 2044">
    <p class='ocr_par' dir='ltr' id='par_1_101' title="bbox 861 2007 1646 2044">
     <span class='ocr_line' id='line_1_104' title="bbox 861 2007 1646 2044; baseline 0.004 -10"><span class='ocrx_word' id='word_1_824' title='bbox 861 2012 960 2035; x_wconf 86' lang='lat' dir='ltr'><strong>castra.</strong></span> <span class='ocrx_word' id='word_1_825' title='bbox 979 2007 1023 2035; x_wconf 87' lang='lat'><strong>29.</strong></span> <span class='ocrx_word' id='word_1_826' title='bbox 1038 2015 1069 2035; x_wconf 79' lang='grc' dir='ltr'><strong>-ε-</strong></span> <span class='ocrx_word' id='word_1_827' title='bbox 1085 2007 1117 2035; x_wconf 87' lang='lat' dir='ltr'><strong>Et</strong></span> <span class='ocrx_word' id='word_1_828' title='bbox 1139 2008 1191 2035; x_wconf 90' lang='lat' dir='ltr'><strong>erit</strong></span> <span class='ocrx_word' id='word_1_829' title='bbox 1215 2009 1266 2036; x_wconf 88' lang='lat' dir='ltr'><strong>hoc</strong></span> <span class='ocrx_word' id='word_1_830' title='bbox 1290 2009 1367 2036; x_wconf 81' lang='lat' dir='ltr'><strong>vobis</strong></span> <span class='ocrx_word' id='word_1_831' title='bbox 1382 2009 1530 2044; x_wconf 82' lang='lat' dir='ltr'><strong>legitimum</strong></span> <span class='ocrx_word' id='word_1_832' title='bbox 1548 2010 1646 2044; x_wconf 90' lang='lat' dir='ltr'><strong>sempi-</strong></span> 
     </span>
    </p>
   </div>
   <div class='ocr_carea' id='block_1_102' title="bbox 862 2053 1646 2089">
    <p class='ocr_par' dir='ltr' id='par_1_102' title="bbox 862 2053 1646 2089">
     <span class='ocr_line' id='line_1_105' title="bbox 862 2053 1646 2089; baseline 0.001 -9"><span class='ocrx_word' id='word_1_833' title='bbox 862 2057 967 2081; x_wconf 90' lang='lat' dir='ltr'><strong>ternum</strong></span> <span class='ocrx_word' id='word_1_834' title='bbox 981 2053 992 2088; x_wconf 71' lang='lat'><strong>:</strong></span> <span class='ocrx_word' id='word_1_835' title='bbox 1009 2053 1035 2080; x_wconf 91' lang='lat' dir='ltr'><strong>in</strong></span> <span class='ocrx_word' id='word_1_836' title='bbox 1049 2061 1141 2080; x_wconf 82' lang='lat' dir='ltr'><strong>mense</strong></span> <span class='ocrx_word' id='word_1_837' title='bbox 1153 2055 1278 2089; x_wconf 88' lang='lat' dir='ltr'><strong>septimo,</strong></span> <span class='ocrx_word' id='word_1_838' title='bbox 1304 2055 1408 2082; x_wconf 92' lang='lat' dir='ltr'><strong>decima</strong></span> <span class='ocrx_word' id='word_1_839' title='bbox 1424 2055 1542 2086; x_wconf 89' lang='lat' dir='ltr'><strong>mensis,</strong></span> <span class='ocrx_word' id='word_1_840' title='bbox 1557 2054 1646 2081; x_wconf 91' lang='lat' dir='ltr'><strong>humi-</strong></span> 
     </span>
    </p>
   </div>
   <div class='ocr_carea' id='block_1_103' title="bbox 861 2099 1645 2135">
    <p class='ocr_par' dir='ltr' id='par_1_103' title="bbox 861 2099 1645 2135">
     <span class='ocr_line' id='line_1_106' title="bbox 861 2099 1645 2135; baseline 0.003 -9"><span class='ocrx_word' id='word_1_841' title='bbox 861 2099 962 2127; x_wconf 85' lang='lat' dir='ltr'><strong>liabitis</strong></span> <span class='ocrx_word' id='word_1_842' title='bbox 978 2100 1083 2127; x_wconf 86' lang='lat' dir='ltr'><strong>animas</strong></span> <span class='ocrx_word' id='word_1_843' title='bbox 1104 2105 1224 2134; x_wconf 73' lang='lat' dir='ltr'><strong>vestras,</strong></span> <span class='ocrx_word' id='word_1_844' title='bbox 1242 2105 1269 2128; x_wconf 90' lang='lat' dir='ltr'><strong>et</strong></span> <span class='ocrx_word' id='word_1_845' title='bbox 1288 2108 1368 2128; x_wconf 91' lang='lat' dir='ltr'><strong>omne</strong></span> <span class='ocrx_word' id='word_1_846' title='bbox 1382 2108 1451 2135; x_wconf 87' lang='lat' dir='ltr'><strong>opus</strong></span> <span class='ocrx_word' id='word_1_847' title='bbox 1463 2108 1515 2128; x_wconf 91' lang='lat' dir='ltr'><strong>non</strong></span> <span class='ocrx_word' id='word_1_848' title='bbox 1530 2101 1645 2132; x_wconf 77' lang='lat' dir='ltr'><strong>facietis.</strong></span> 
     </span>
    </p>
   </div>
   <div class='ocr_carea' id='block_1_104' title="bbox 862 2145 1644 2182">
    <p class='ocr_par' dir='ltr' id='par_1_104' title="bbox 862 2145 1644 2182">
     <span class='ocr_line' id='line_1_107' title="bbox 862 2145 1644 2182; baseline 0.003 -11"><span class='ocrx_word' id='word_1_849' title='bbox 862 2145 997 2180; x_wconf 86' lang='lat' dir='ltr'><strong>indigena,</strong></span> <span class='ocrx_word' id='word_1_850' title='bbox 1021 2150 1047 2173; x_wconf 90' lang='lat' dir='ltr'><strong>et</strong></span> <span class='ocrx_word' id='word_1_851' title='bbox 1060 2147 1223 2182; x_wconf 88' lang='lat' dir='ltr'><strong>proselytus,</strong></span> <span class='ocrx_word' id='word_1_852' title='bbox 1245 2146 1292 2181; x_wconf 89' lang='lat' dir='ltr'><strong>qui</strong></span> <span class='ocrx_word' id='word_1_853' title='bbox 1308 2147 1448 2181; x_wconf 84' lang='lat' dir='ltr'><strong>appositus</strong></span> <span class='ocrx_word' id='word_1_854' title='bbox 1462 2151 1503 2174; x_wconf 87' lang='lat' dir='ltr'><strong>est</strong></span> <span class='ocrx_word' id='word_1_855' title='bbox 1517 2147 1543 2173; x_wconf 90' lang='lat' dir='ltr'><strong>in</strong></span> <span class='ocrx_word' id='word_1_856' title='bbox 1559 2147 1644 2174; x_wconf 75' lang='lat' dir='ltr'><strong>vobis.</strong></span> 
     </span>
    </p>
   </div>
   <div class='ocr_carea' id='block_1_105' title="bbox 862 2191 1634 2226">
    <p class='ocr_par' dir='ltr' id='par_1_105' title="bbox 862 2191 1634 2226">
     <span class='ocr_line' id='line_1_108' title="bbox 862 2191 1634 2226; baseline 0 -8"><span class='ocrx_word' id='word_1_857' title='bbox 862 2191 905 2218; x_wconf 79' lang='grc'><strong>50.</strong></span> <span class='ocrx_word' id='word_1_858' title='bbox 921 2191 949 2218; x_wconf 96' lang='lat' dir='ltr'><strong>ln</strong></span> <span class='ocrx_word' id='word_1_859' title='bbox 964 2192 1016 2219; x_wconf 87' lang='lat' dir='ltr'><strong>hac</strong></span> <span class='ocrx_word' id='word_1_860' title='bbox 1029 2192 1101 2219; x_wconf 88' lang='lat' dir='ltr'><strong>enim</strong></span> <span class='ocrx_word' id='word_1_861' title='bbox 1116 2192 1159 2219; x_wconf 88' lang='lat' dir='ltr'><strong>die</strong></span> <span class='ocrx_word' id='word_1_862' title='bbox 1170 2192 1290 2226; x_wconf 80' lang='lat' dir='ltr'><strong>expiabit</strong></span> <span class='ocrx_word' id='word_1_863' title='bbox 1305 2199 1353 2226; x_wconf 85' lang='lat' dir='ltr'><strong>pro</strong></span> <span class='ocrx_word' id='word_1_864' title='bbox 1368 2192 1455 2225; x_wconf 85' lang='lat' dir='ltr'><strong>vobis,</strong></span> <span class='ocrx_word' id='word_1_865' title='bbox 1466 2192 1499 2219; x_wconf 91' lang='lat' dir='ltr'><strong>ad</strong></span> <span class='ocrx_word' id='word_1_866' title='bbox 1514 2192 1634 2219; x_wconf 88' lang='lat' dir='ltr'><strong>mundan</strong></span> 
     </span>
    </p>
   </div>
   <div class='ocr_carea' id='block_1_106' title="bbox 861 2236 1646 2271">
    <p class='ocr_par' dir='ltr' id='par_1_106' title="bbox 861 2236 1646 2271">
     <span class='ocr_line' id='line_1_109' title="bbox 861 2236 1646 2271; baseline 0.001 -9"><span class='ocrx_word' id='word_1_867' title='bbox 861 2236 925 2263; x_wconf 92' lang='lat' dir='ltr'><strong>dum</strong></span> <span class='ocrx_word' id='word_1_868' title='bbox 937 2243 985 2264; x_wconf 83' lang='lat' dir='ltr'><strong>vos</strong></span> <span class='ocrx_word' id='word_1_869' title='bbox 999 2237 1033 2263; x_wconf 89' lang='lat' dir='ltr'><strong>ab</strong></span> <span class='ocrx_word' id='word_1_870' title='bbox 1045 2237 1171 2264; x_wconf 92' lang='lat' dir='ltr'><strong>omnibus</strong></span> <span class='ocrx_word' id='word_1_871' title='bbox 1185 2237 1303 2271; x_wconf 85' lang='lat' dir='ltr'><strong>peccatis</strong></span> <span class='ocrx_word' id='word_1_872' title='bbox 1317 2236 1424 2269; x_wconf 77' lang='lat' dir='ltr'><strong>vestris,</strong></span> <span class='ocrx_word' id='word_1_873' title='bbox 1433 2241 1495 2264; x_wconf 88' lang='lat' dir='ltr'><strong>ante</strong></span> <span class='ocrx_word' id='word_1_874' title='bbox 1503 2237 1646 2264; x_wconf 80' lang='lat' dir='ltr'><strong>Dominum</strong></span> 
     </span>
    </p>
   </div>
   <div class='ocr_carea' id='block_1_107' title="bbox 862 2282 1645 2311">
    <p class='ocr_par' dir='ltr' id='par_1_107' title="bbox 862 2282 1645 2311">
     <span class='ocr_line' id='line_1_110' title="bbox 862 2282 1645 2311; baseline 0.001 -2"><span class='ocrx_word' id='word_1_875' title='bbox 862 2282 1069 2310; x_wconf 89' lang='lat' dir='ltr'><strong>mundabimini.</strong></span> <span class='ocrx_word' id='word_1_876' title='bbox 1100 2283 1144 2311; x_wconf 85' lang='grc'><strong>51.</strong></span> <span class='ocrx_word' id='word_1_877' title='bbox 1159 2283 1276 2310; x_wconf 85' lang='lat' dir='ltr'><strong>Sabbata</strong></span> <span class='ocrx_word' id='word_1_878' title='bbox 1300 2283 1474 2310; x_wconf 82' lang='lat' dir='ltr'><strong>sabbatorum</strong></span> <span class='ocrx_word' id='word_1_879' title='bbox 1501 2287 1580 2310; x_wconf 85' lang='lat' dir='ltr'><strong>erunt</strong></span> <span class='ocrx_word' id='word_1_880' title='bbox 1596 2290 1645 2310; x_wconf 85' lang='lat' dir='ltr'><strong>vo-</strong></span> 
     </span>
    </p>
   </div>
   <div class='ocr_carea' id='block_1_108' title="bbox 863 2328 1648 2363">
    <p class='ocr_par' dir='ltr' id='par_1_108' title="bbox 863 2328 1648 2363">
     <span class='ocr_line' id='line_1_111' title="bbox 863 2328 1648 2363; baseline 0 -8"><span class='ocrx_word' id='word_1_881' title='bbox 863 2328 915 2362; x_wconf 86' lang='lat' dir='ltr'><strong>bis,</strong></span> <span class='ocrx_word' id='word_1_882' title='bbox 932 2333 959 2355; x_wconf 90' lang='lat' dir='ltr'><strong>et</strong></span> <span class='ocrx_word' id='word_1_883' title='bbox 970 2328 1149 2356; x_wconf 84' lang='lat' dir='ltr'><strong>humiliabitis</strong></span> <span class='ocrx_word' id='word_1_884' title='bbox 1162 2329 1268 2355; x_wconf 88' lang='lat' dir='ltr'><strong>animas</strong></span> <span class='ocrx_word' id='word_1_885' title='bbox 1279 2333 1392 2361; x_wconf 87' lang='lat' dir='ltr'><strong>vestras,</strong></span> <span class='ocrx_word' id='word_1_886' title='bbox 1406 2328 1555 2363; x_wconf 81' lang='lat' dir='ltr'><strong>legitimum</strong></span> <span class='ocrx_word' id='word_1_887' title='bbox 1580 2335 1648 2355; x_wconf 84' lang='lat' dir='ltr'><strong>sem-</strong></span> 
     </span>
    </p>
   </div>
   <div class='ocr_carea' id='block_1_109' title="bbox 862 2374 1645 2410">
    <p class='ocr_par' dir='ltr' id='par_1_109' title="bbox 862 2374 1645 2410">
     <span class='ocr_line' id='line_1_112' title="bbox 862 2374 1645 2410; baseline 0 -8"><span class='ocrx_word' id='word_1_888' title='bbox 862 2375 1009 2410; x_wconf 89' lang='lat' dir='ltr'><strong>piternum.</strong></span> <span class='ocrx_word' id='word_1_889' title='bbox 1038 2375 1082 2402; x_wconf 74' lang='lat'><strong>32.</strong></span> <span class='ocrx_word' id='word_1_890' title='bbox 1099 2374 1223 2409; x_wconf 83' lang='lat' dir='ltr'><strong>Expiabit</strong></span> <span class='ocrx_word' id='word_1_891' title='bbox 1246 2375 1391 2408; x_wconf 85' lang='lat' dir='ltr'><strong>sacerdos,</strong></span> <span class='ocrx_word' id='word_1_892' title='bbox 1418 2382 1497 2410; x_wconf 87' lang='lat' dir='ltr'><strong>quem</strong></span> <span class='ocrx_word' id='word_1_893' title='bbox 1520 2374 1645 2402; x_wconf 82' lang='lat' dir='ltr'><strong>unxerint</strong></span> 
     </span>
    </p>
   </div>
   <div class='ocr_carea' id='block_1_110' title="bbox 863 2419 1646 2456">
    <p class='ocr_par' dir='ltr' id='par_1_110' title="bbox 863 2419 1646 2456">
     <span class='ocr_line' id='line_1_113' title="bbox 863 2419 1646 2456; baseline 0 -8"><span class='ocrx_word' id='word_1_894' title='bbox 863 2429 936 2455; x_wconf 86' lang='lat' dir='ltr'><strong>eum,</strong></span> <span class='ocrx_word' id='word_1_895' title='bbox 950 2426 977 2448; x_wconf 87' lang='lat' dir='ltr'><strong>et</strong></span> <span class='ocrx_word' id='word_1_896' title='bbox 990 2429 1069 2456; x_wconf 86' lang='lat' dir='ltr'><strong>quem</strong></span> <span class='ocrx_word' id='word_1_897' title='bbox 1086 2420 1424 2455; x_wconf 81' lang='lat' dir='ltr'><strong>initiaverintmanusejus</strong></span> <span class='ocrx_word' id='word_1_898' title='bbox 1434 2421 1466 2447; x_wconf 89' lang='lat' dir='ltr'><strong>ad</strong></span> <span class='ocrx_word' id='word_1_899' title='bbox 1482 2419 1646 2456; x_wconf 71' lang='lat' dir='ltr'><strong>iungendum</strong></span> 
     </span>
    </p>
   </div>
   <div class='ocr_carea' id='block_1_111' title="bbox 865 2460 1648 2502">
    <p class='ocr_par' dir='ltr' id='par_1_111' title="bbox 865 2460 1648 2502">
     <span class='ocr_line' id='line_1_114' title="bbox 865 2460 1648 2502; baseline -0.001 -8"><span class='ocrx_word' id='word_1_900' title='bbox 865 2460 1016 2494; x_wconf 84' lang='lat' dir='ltr'><strong>sacerdotio</strong></span> <span class='ocrx_word' id='word_1_901' title='bbox 1041 2471 1102 2502; x_wconf 90' lang='lat' dir='ltr'><strong>post</strong></span> <span class='ocrx_word' id='word_1_902' title='bbox 1123 2471 1226 2501; x_wconf 87' lang='lat' dir='ltr'><strong>patrem</strong></span> <span class='ocrx_word' id='word_1_903' title='bbox 1240 2467 1308 2501; x_wconf 90' lang='lat' dir='ltr'><strong>ejus.</strong></span> <span class='ocrx_word' id='word_1_904' title='bbox 1336 2465 1369 2493; x_wconf 89' lang='lat' dir='ltr'><strong>Et</strong></span> <span class='ocrx_word' id='word_1_905' title='bbox 1393 2466 1486 2494; x_wconf 86' lang='lat' dir='ltr'><strong>induet</strong></span> <span class='ocrx_word' id='word_1_906' title='bbox 1506 2466 1603 2494; x_wconf 88' lang='lat' dir='ltr'><strong>stolam</strong></span> <span class='ocrx_word' id='word_1_907' title='bbox 1619 2467 1648 2493; x_wconf 91' lang='lat' dir='ltr'><strong>li-</strong></span> 
     </span>
    </p>
   </div>
   <div class='ocr_carea' id='block_1_112' title="bbox 865 2511 1649 2546">
    <p class='ocr_par' dir='ltr' id='par_1_112' title="bbox 865 2511 1649 2546">
     <span class='ocr_line' id='line_1_115' title="bbox 865 2511 1649 2546; baseline -0.003 -6"><span class='ocrx_word' id='word_1_908' title='bbox 865 2521 954 2546; x_wconf 83' lang='lat' dir='ltr'><strong>neam,</strong></span> <span class='ocrx_word' id='word_1_909' title='bbox 980 2513 1078 2540; x_wconf 86' lang='lat' dir='ltr'><strong>stolam</strong></span> <span class='ocrx_word' id='word_1_910' title='bbox 1104 2517 1236 2540; x_wconf 79' lang='lat' dir='ltr'><strong>sanctam.</strong></span> <span class='ocrx_word' id='word_1_911' title='bbox 1265 2512 1309 2539; x_wconf 76' lang='grc'><strong>55.</strong></span> <span class='ocrx_word' id='word_1_912' title='bbox 1328 2511 1362 2539; x_wconf 86' lang='grc' dir='ltr'>Ει</span> <span class='ocrx_word' id='word_1_913' title='bbox 1384 2512 1504 2546; x_wconf 81' lang='lat' dir='ltr'><strong>expiabit</strong></span> <span class='ocrx_word' id='word_1_914' title='bbox 1520 2512 1649 2540; x_wconf 80' lang='lat' dir='ltr'><strong>Sanctuzn</strong></span> 
     </span>
    </p>
   </div>
   <div class='ocr_carea' id='block_1_113' title="bbox 866 2557 1650 2593">
    <p class='ocr_par' dir='ltr' id='par_1_113' title="bbox 866 2557 1650 2593">
     <span class='ocr_line' id='line_1_116' title="bbox 866 2557 1650 2593; baseline 0 -7"><span class='ocrx_word' id='word_1_915' title='bbox 866 2560 965 2592; x_wconf 83' lang='lat' dir='ltr'><strong>sancti,</strong></span> <span class='ocrx_word' id='word_1_916' title='bbox 979 2564 1006 2586; x_wconf 86' lang='lat' dir='ltr'><strong>et</strong></span> <span class='ocrx_word' id='word_1_917' title='bbox 1020 2559 1223 2586; x_wconf 80' lang='lat' dir='ltr'><strong>tabernaculum</strong></span> <span class='ocrx_word' id='word_1_918' title='bbox 1245 2557 1403 2590; x_wconf 86' lang='lat' dir='ltr'><strong>testimonii,</strong></span> <span class='ocrx_word' id='word_1_919' title='bbox 1420 2563 1446 2584; x_wconf 84' lang='lat' dir='ltr'><strong>et</strong></span> <span class='ocrx_word' id='word_1_920' title='bbox 1457 2559 1542 2585; x_wconf 85' lang='lat' dir='ltr'><strong>altare</strong></span> <span class='ocrx_word' id='word_1_921' title='bbox 1557 2559 1650 2593; x_wconf 66' lang='lat' dir='ltr'><strong>expia&lt;</strong></span> 
     </span>
    </p>
   </div>
   <div class='ocr_carea' id='block_1_114' title="bbox 865 2604 1652 2640">
    <p class='ocr_par' dir='ltr' id='par_1_114' title="bbox 865 2604 1652 2640">
     <span class='ocr_line' id='line_1_117' title="bbox 865 2604 1652 2640; baseline 0 -8"><span class='ocrx_word' id='word_1_922' title='bbox 865 2605 914 2636; x_wconf 83' lang='lat' dir='ltr'><strong>bit,</strong></span> <span class='ocrx_word' id='word_1_923' title='bbox 935 2609 962 2632; x_wconf 84' lang='lat' dir='ltr'><strong>ct</strong></span> <span class='ocrx_word' id='word_1_924' title='bbox 977 2613 1025 2639; x_wconf 91' lang='lat' dir='ltr'><strong>pro</strong></span> <span class='ocrx_word' id='word_1_925' title='bbox 1047 2605 1244 2637; x_wconf 86' lang='lat' dir='ltr'><strong>sacerdotibus,</strong></span> <span class='ocrx_word' id='word_1_926' title='bbox 1261 2609 1288 2632; x_wconf 86' lang='lat' dir='ltr'><strong>et</strong></span> <span class='ocrx_word' id='word_1_927' title='bbox 1301 2613 1349 2639; x_wconf 91' lang='lat' dir='ltr'><strong>pro</strong></span> <span class='ocrx_word' id='word_1_928' title='bbox 1361 2604 1436 2631; x_wconf 89' lang='lat' dir='ltr'><strong>omni</strong></span> <span class='ocrx_word' id='word_1_929' title='bbox 1453 2613 1588 2640; x_wconf 76' lang='lat' dir='ltr'><strong>synagoga</strong></span> <span class='ocrx_word' id='word_1_930' title='bbox 1605 2612 1652 2632; x_wconf 70' lang='lat' dir='ltr'><strong>ex-</strong></span> 
     </span>
    </p>
   </div>
   <div class='ocr_carea' id='block_1_115' title="bbox 865 2649 1651 2685">
    <p class='ocr_par' dir='ltr' id='par_1_115' title="bbox 865 2649 1651 2685">
     <span class='ocr_line' id='line_1_118' title="bbox 865 2649 1651 2685; baseline 0 -9"><span class='ocrx_word' id='word_1_931' title='bbox 865 2649 959 2684; x_wconf 81' lang='lat' dir='ltr'><strong>piabit.</strong></span> <span class='ocrx_word' id='word_1_932' title='bbox 991 2650 1035 2677; x_wconf 70' lang='grc'><strong>54.</strong></span> <span class='ocrx_word' id='word_1_933' title='bbox 1052 2649 1084 2677; x_wconf 86' lang='lat' dir='ltr'><strong>Et</strong></span> <span class='ocrx_word' id='word_1_934' title='bbox 1103 2650 1154 2677; x_wconf 89' lang='lat' dir='ltr'><strong>erit</strong></span> <span class='ocrx_word' id='word_1_935' title='bbox 1178 2651 1230 2677; x_wconf 85' lang='lat' dir='ltr'><strong>hoc</strong></span> <span class='ocrx_word' id='word_1_936' title='bbox 1245 2650 1322 2678; x_wconf 79' lang='lat' dir='ltr'><strong>vobis</strong></span> <span class='ocrx_word' id='word_1_937' title='bbox 1344 2651 1492 2685; x_wconf 76' lang='lat' dir='ltr'><strong>legitimum</strong></span> <span class='ocrx_word' id='word_1_938' title='bbox 1510 2650 1651 2684; x_wconf 83' lang='lat' dir='ltr'><strong>sempiter-</strong></span> 
     </span>
    </p>
   </div>
   <div class='ocr_carea' id='block_1_116' title="bbox 866 2695 1651 2730">
    <p class='ocr_par' dir='ltr' id='par_1_116' title="bbox 866 2695 1651 2730">
     <span class='ocr_line' id='line_1_119' title="bbox 866 2695 1651 2730; baseline -0.003 -7"><span class='ocrx_word' id='word_1_939' title='bbox 866 2703 930 2723; x_wconf 84' lang='lat' dir='ltr'><strong>num</strong></span> <span class='ocrx_word' id='word_1_940' title='bbox 946 2695 978 2722; x_wconf 87' lang='lat' dir='ltr'><strong>ad</strong></span> <span class='ocrx_word' id='word_1_941' title='bbox 992 2695 1157 2730; x_wconf 76' lang='lat' dir='ltr'><strong>expiandum</strong></span> <span class='ocrx_word' id='word_1_942' title='bbox 1173 2704 1223 2730; x_wconf 90' lang='lat' dir='ltr'><strong>pro</strong></span> <span class='ocrx_word' id='word_1_943' title='bbox 1231 2696 1293 2724; x_wconf 85' lang='lat' dir='ltr'><strong>ﬁliis</strong></span> <span class='ocrx_word' id='word_1_944' title='bbox 1307 2696 1389 2724; x_wconf 88' lang='lat' dir='ltr'><strong>Israel</strong></span> <span class='ocrx_word' id='word_1_945' title='bbox 1403 2696 1436 2724; x_wconf 91' lang='lat' dir='ltr'><strong>ab</strong></span> <span class='ocrx_word' id='word_1_946' title='bbox 1449 2696 1575 2723; x_wconf 89' lang='lat' dir='ltr'><strong>omnibus</strong></span> <span class='ocrx_word' id='word_1_947' title='bbox 1589 2703 1651 2730; x_wconf 69' lang='lat' dir='ltr'><strong>pce-</strong></span> 
     </span>
    </p>
   </div>
   <div class='ocr_carea' id='block_1_117' title="bbox 866 2740 1652 2777">
    <p class='ocr_par' dir='ltr' id='par_1_117' title="bbox 866 2740 1652 2777">
     <span class='ocr_line' id='line_1_120' title="bbox 866 2740 1652 2777; baseline -0.001 -9"><span class='ocrx_word' id='word_1_948' title='bbox 866 2741 929 2769; x_wconf 83' lang='lat' dir='ltr'><strong>tatis</strong></span> <span class='ocrx_word' id='word_1_949' title='bbox 945 2748 1060 2775; x_wconf 81' lang='lat' dir='ltr'><strong>eorum;</strong></span> <span class='ocrx_word' id='word_1_950' title='bbox 1078 2742 1161 2770; x_wconf 84' lang='lat' dir='ltr'><strong>semel</strong></span> <span class='ocrx_word' id='word_1_951' title='bbox 1179 2742 1206 2769; x_wconf 89' lang='lat' dir='ltr'><strong>in</strong></span> <span class='ocrx_word' id='word_1_952' title='bbox 1220 2749 1292 2769; x_wconf 85' lang='lat' dir='ltr'><strong>anno</strong></span> <span class='ocrx_word' id='word_1_953' title='bbox 1305 2742 1360 2776; x_wconf 82' lang='lat' dir='ltr'><strong>ﬁet,</strong></span> <span class='ocrx_word' id='word_1_954' title='bbox 1379 2742 1449 2771; x_wconf 86' lang='lat' dir='ltr'><strong>sicut</strong></span> <span class='ocrx_word' id='word_1_955' title='bbox 1462 2740 1652 2777; x_wconf 64' lang='lat' dir='ltr'><strong>praecepitno-</strong></span> 
     </span>
    </p>
   </div>
   <div class='ocr_carea' id='block_1_118' title="bbox 867 2786 1046 2815">
    <p class='ocr_par' dir='ltr' id='par_1_118' title="bbox 867 2786 1046 2815">
     <span class='ocr_line' id='line_1_121' title="bbox 867 2786 1046 2815; baseline 0 0"><span class='ocrx_word' id='word_1_956' title='bbox 867 2787 958 2815; x_wconf 85' lang='lat' dir='ltr'><strong>minus</strong></span> <span class='ocrx_word' id='word_1_957' title='bbox 969 2786 1046 2815; x_wconf 85' lang='lat' dir='ltr'><strong>Mosi.</strong></span> 
     </span>
    </p>
   </div>
  </div>
