4122 6458
549 383 610 438 Η
1691 385 2030 444 EPISTOLA
2067 389 2638 448 NUNCUPATORIA.
3724 415 3795 471 η

540 503 790 614 Summo
829 503 1058 584 quippe
1091 501 1225 564 loco
1250 513 1438 614 natus
1483 513 1536 614 et
1579 507 1763 614 avita
1794 504 2018 614 gloria
2041 525 2292 614 memor,
2326 514 2628 590 majorum
2657 521 2910 578 tuorum
2935 524 3201 602 vestigia
3223 543 3350 587 non
3381 530 3562 593 modo
3593 551 3790 614 sequi,

541 603 650 665 sed
680 605 861 665 etiam
882 614 1263 665 antevertere
1291 605 1618 666 studuisti.
1650 605 1820 666 Hinc
1851 604 2262 684 episcopalem
2286 621 2511 672 nactus
2538 612 2903 691 dignitatem
2932 618 3117 680 rebus
3145 622 3440 689 Ecclesia
3471 628 3569 690 vel
3586 603 3792 694 ml;le

543 705 660 764 mis
697 704 1134 782 componendis
1162 720 1411 782 operam
1433 720 1562 762 non
1590 703 1798 764 minus
1826 706 2136 783 sagaciter
2157 725 2341 787 quam
2363 708 2635 788 feliciter
2659 713 2909 778 dedisti.
2941 719 3177 782 Deinde
3193 729 3607 800 promeritum
3631 748 3792 808 pur-

538 823 715 886 pura
741 807 1004 886 adeptus
1031 808 1346 878 honorem,
1370 825 1442 867 ac
1465 807 1852 884 gravissimis
1878 811 2058 886 regni
2081 811 2351 888 negotiis
2379 814 2551 891 apud
2572 827 2817 878 exteras
2837 823 3118 883 nationes
3143 830 3493 891 tractandis
3513 851 3551 892 a
3572 850 3789 912 regum

535 908 1198 1010 maximo‘deputatus,
1229 908 1468 970 nullam
1491 909 1768 989 Europa
1790 911 2109 973 catholica
2136 915 2448 992 regionem
2482 918 2721 998 insigni
2748 939 2955 984 rerum
2972 937 3286 1004 gestarum
3323 908 3663 1010 splendore
3681 960 3790 1000 ca-

538 1025 716 1110 cuam
744 1005 1082 1088 reliquisti.
1113 1009 1369 1073 Manent
1399 1011 1699 1092 hodieque
1735 1013 1962 1088 Roma,
1987 1030 2106 1092 per
2132 1025 2325 1075 totam
2358 1020 2634 1094 Italiam,
2672 1023 2739 1083 in
2771 1024 3124 1104 Germania,
3156 1005 3490 1110 Hispania.
3522 1037 3779 1100 Lusita-

536 1108 669 1178 nia,
719 1109 964 1268 egregia
1012 1111 1334 1189 sapientia
1377 1111 1754 1194 virtutisque
1791 1123 1912 1174 tua
1948 1115 2247 1193 vestigia;
2293 1134 2425 1196 qua
2475 1123 2682 1182 omnia
2728 1125 2788 1183 si
2817 1143 2940 1204 pro
2991 1131 3086 1190 rei
3120 1108 3428 1210 dignitate
3473 1153 3786 1201 recensere

536 1221 726 1268 aaare
775 1225 892 1268 ταν.

535 1221 892 1284 aggrediar,

1635 1403 1902 1492 ,οὲῧὶίὲηὶ
1924 1367 2209 1467 cupidum,
2239 1366 2402 1425 Pater
2430 1371 2657 1441 optime,
2700 1373 2844 1431 vires

532 1567 640 1671 sed
665 1568 1082 1650 eloquentiori
1109 1572 1264 1633 hanc
1283 1569 1552 1652 palmam
1579 1571 1864 1654 relinquo
1881 1595 1902 1642 ;
1954 1575 2108 1638 mihi
2141 1577 2301 1637 enim
2335 1578 2403 1639 id
2441 1589 2592 1641 esset
2615 1583 2990 1659 periculosa
3005 1588 3262 1667 plenum
3306 1610 3464 1671 opus
3493 1595 3660 1671 alea,
3713 1609 3776 1662 st

529 1668 785 1732 aliunde
815 1681 907 1734 tot
943 1672 1232 1736 laudibus
1267 1675 1493 1753 dignus
1521 1675 1634 1736 vix
1659 1675 1835 1738 laudi
1854 1678 2094 1740 aditum
2122 1681 2448 1742 concedere
2469 1683 2627 1744 soles
2883 1691 2886 1696 ’

616 1772 834 1833 Verum
862 1773 930 1835 id
953 1774 1108 1836 mihi
1140 1793 1179 1834 a
1206 1775 1506 1836 modestia
1552 1786 1663 1837 tua
1727 1777 2058 1856 impetrare
2083 1776 2285 1851 liceat,
2317 1780 2816 1847 Eminentissime
2846 1787 3225 1866 Cardinalis,
3265 1804 3334 1855 ut
3371 1796 3492 1857 duo
3529 1807 3772 1864 tantum

525 1894 908 1956 summopere
932 1878 1240 1954 miranda,
1275 1897 1540 1958 quorum
1561 1881 1735 1941 testis
1757 1883 1859 1962 fui
1885 1880 2195 1956 oculatus,
2225 1885 2344 1944 huc
2379 1885 2654 1964 afferam.
2705 1889 2985 1952 Primum
3013 1906 3099 1956 est
3130 1907 3189 1958 te
3215 1899 3303 1958 ita
3327 1901 3560 1976 patria
3587 1903 3771 1966 rebus

523 1995 761 2056 semper
796 1979 1188 2059 advigilasse,
1226 1988 1300 2040 ut
1329 1989 1529 2080 tamen
1563 1992 1942 2057 exterarum,
1977 1983 2149 2060 apud
2172 2001 2326 2063 quos
2357 1988 2604 2064 negotia
2631 1990 2905 2067 gerebas,
2946 1995 3184 2055 animos
3239 1998 3359 2059 tibi
3402 2001 3767 2080 devincires,

525 2093 582 2144 et
613 2100 714 2142 eos
741 2089 872 2142 tum
892 2082 1141 2162 officiis,
1167 2091 1298 2142 tum
1317 2079 1562 2142 dicendi
1592 2080 1798 2160 lepore
1819 2082 1910 2143 ita
1939 2081 2057 2144 tibi
2078 2082 2467 2161 conciliares,
2496 2099 2568 2149 ut
2591 2091 2914 2168 optimates
2935 2104 2989 2153 et
3010 2094 3209 2157 aulici
3231 2108 3290 2158 te
3313 2102 3493 2179 quasi
3521 2079 3770 2165 Patrem

521 2181 617 2244 υοι
651 2185 1082 2264 propinquum
1116 2193 1543 2281 agnoscerent.
1586 2182 1992 2259 Quamobrem
2023 2185 2089 2244 in
2117 2183 2296 2245 nulla
2319 2188 2448 2266 fere
2471 2188 2745 2268 Europa
2779 2193 3095 2257 catholica
3121 2199 3373 2276 regione
3399 2206 3766 2281 peregrinus

523 2287 930 2349 existimaris.
959 2285 1143 2364 Quod
1169 2286 1247 2358 si,
1273 2294 1345 2346 ut
1374 2285 1462 2346 ait
1492 2280 1726 2344 Orator
1757 2280 1863 2363 (a),
1896 2305 1926 2339 α
1957 2301 2086 2345 non
2121 2286 2458 2366 quidquam
2501 2308 2578 2349 ea:
2605 2289 2786 2352 rebus
2814 2294 3099 2357 humanis
3133 2308 3218 2359 est
3241 2299 3614 2378 praclarius
3655 2318 3766 2369 aut

516 2387 943 2467 prastantius,
993 2404 1174 2467 quam
1207 2385 1280 2446 de
1321 2383 1642 2463 republica
1670 2383 1816 2446 bene
1847 2384 2094 2462 mereri,
2122 2408 2151 2442 λυ
2181 2397 2450 2466 quantus
2499 2390 2643 2451 hinc
2678 2393 2807 2453 tuis
2855 2390 3146 2458 laudibus
3181 2400 3464 2464 cumulus
3502 2404 3764 2480 accedit,

519 2488 687 2571 quod
710 2506 839 2549 non
864 2488 1140 2566 patriam
1162 2485 1343 2548 modo
1370 2494 1564 2559 tuam,
1601 2484 1708 2546 sed
1733 2483 1895 2546 alias
1923 2486 2106 2548 etiam
2122 2488 2408 2548 nationes
2442 2491 2696 2551 summis
2727 2491 3035 2571 beneficiis
3060 2503 3770 2570 exornaveris;Lusita-

515 2592 685 2651 niam
713 2589 876 2664 dico,
913 2587 1268 2659 Bavariam,
1306 2582 1585 2652 Italiam;
1612 2602 1748 2664 qua
1776 2593 2021 2646 tantum
2050 2589 2402 2650 ornamenti
2425 2587 2523 2648 vel
2545 2592 2836 2668 prasidii
2863 2594 2931 2654 in
2959 2598 3238 2661 amicitia
3262 2611 3446 2680 atque
3474 2609 3764 2670 auctori-

517 2706 644 2757 tate
669 2703 804 2767 tua,
833 2700 1133 2773 quantum
1162 2688 1464 2750 commodi
1489 2689 1834 2767 repositum
1859 2689 1928 2750 in
1953 2688 2334 2768 benignitate
2351 2705 2699 2756 senserunt.

592 2794 877 2857 Alterum
905 2792 1073 2874 quod
1103 2792 1256 2853 mihi
1274 2801 1591 2870 stuporem
1617 2809 1774 2870 sape
1797 2792 2105 2870 ingentem
2129 2793 2348 2855 attulit
2378 2794 2543 2858 illud
2576 2806 2687 2873 est,
2715 2799 2883 2879 quod
2899 2799 3296 2878 amplissimis
3320 2804 3460 2869 licet
3490 2813 3767 2872 muneri-

515 2897 630 2959 bus
659 2913 776 2975 per
809 2903 1012 2956 totum
1047 2892 1188 2953 vita
1217 2888 1604 2952 curriculum
1623 2892 2023 2972 perfunctus,
2055 2890 2218 2952 nihil
2248 2893 2532 2955 obstante
2560 2913 2767 2957 rerum
2790 2899 3170 2976 agendarum
3198 2902 3375 2977 mole,
3410 2904 3765 2971 litterarum

516 3000 754 3063 cultum
770 3015 1086 3079 nunquam
1114 2995 1544 3057 intermiseris.
1575 2993 1698 3056 Nec
1716 3004 1957 3055 tantum
1981 2996 2119 3056 dico
2144 3006 2203 3056 te
2230 2997 2302 3058 id
2322 3000 2694 3076 prastitisse
2722 3002 2892 3080 quod
2915 3002 3114 3064 solent
3134 3004 3252 3067 alii
3276 3010 3585 3085 sapientes
3612 3014 3759 3082 viri.

511 3101 784 3182 publicis
805 3099 1073 3178 negotiis
1103 3096 1406 3176 deputati,
1435 3096 1545 3175 qui
1560 3095 1671 3156 ubi
1695 3114 1734 3154 a
1761 3093 1950 3157 solito
1977 3113 2229 3156 munere
2259 3106 2506 3173 vacant,
2531 3099 2614 3161 ad
2635 3099 3006 3162 litterariam
3031 3107 3536 3170 exercitationem
3557 3121 3765 3172 trans-

513 3215 681 3277 eunt,
715 3200 812 3263 vel
837 3219 960 3262 usu
990 3197 1296 3260 librorum
1343 3194 1710 3258 solitudinis
1740 3196 1990 3256 tadium
2013 3193 2272 3274 fallunt,
2315 3197 2483 3277 quod
2504 3209 2706 3259 tamen
2737 3202 2938 3276 ipsum
2969 3213 3055 3264 est
3091 3205 3154 3264 in
3183 3225 3406 3285 magna
3437 3206 3621 3270 laude
3643 3229 3764 3288 po-

508 3307 809 3374 nendum;
850 3305 956 3366 sed
983 3303 1075 3364 ita
1095 3318 1333 3380 semper
1361 3307 1787 3379 comparatum
1813 3299 2010 3378 fuisse
2044 3299 2338 3373 demiror,
2371 3309 2441 3361 ut
2474 3301 2546 3362 de
2573 3304 2790 3382 quovis
2823 3302 3218 3381 litteratura,
3245 3328 3352 3368 seu
3393 3329 3608 3386 sacra,
3655 3330 3763 3371 seu

506 3415 790 3494 profana
817 3427 1035 3490 genere
1064 3406 1453 3488 loquendum,
1480 3403 1905 3466 disserendum
1926 3401 2021 3463 vel
2047 3403 2438 3465 scribendum
2457 3407 2674 3486 fuerit,
2693 3425 2820 3467 non
2840 3409 3046 3470 minus
3067 3412 3351 3488 expedite
3373 3421 3425 3472 et
3453 3415 3766 3492 sagaciter

509 3515 631 3575 hac
657 3511 875 3590 egeris,
918 3527 1102 3590 quam
1127 3501 1503 3586 peritissimi
1527 3505 1754 3584 quique
1780 3503 2017 3563 artium
2048 3511 2101 3564 et
2125 3501 2606 3582 disciplinarum
2636 3507 2927 3584 magistri
2955 3527 2976 3566 :
3001 3508 3153 3567 adeo
3185 3518 3255 3568 ut
3284 3512 3394 3588 qui
3421 3519 3481 3570 te
3510 3515 3761 3592 negotia

513 3611 609 3673 vel
641 3613 1009 3692 gravissima
1038 3619 1214 3671 tanta
1239 3607 1497 3670 solertia
1523 3616 1892 3668 tractantem
1910 3615 2256 3682 cernerent,
2297 3608 2504 3668 omnia
2528 3609 2969 3686 posthabuisse
3011 3620 3333 3686 putarent,
3381 3630 3502 3693 quo
3550 3632 3758 3678 rerum

507 3712 917 3790 gerendarum
930 3711 1225 3789 peritiam
1251 3725 1671 3789 assequerere;
1692 3708 1802 3787 qui
1826 3726 1970 3770 vero
1993 3707 2067 3769 de
2095 3709 2418 3787 omnigena
2447 3707 2808 3770 litteratura
2825 3709 3220 3770 disserentem
3236 3714 3551 3788 audirent,
3570 3725 3629 3778 te
3651 3727 3754 3778 to-

509 3826 635 3879 tam
672 3824 911 3877 atatem
937 3815 999 3876 in
1027 3811 1382 3875 litterarum
1410 3811 1622 3873 studio
1658 3813 2047 3884 contrivisse,
2083 3822 2419 3892 ceteraque
2453 3813 2660 3876 omnia
2687 3813 3032 3891 neglexisse
3061 3815 3398 3880 crederent.

585 3917 707 3980 Sed
727 3936 911 3998 quam
937 3915 1115 3978 bonis
1145 3914 1362 3976 avibus
1384 3915 1616 3994 factum
1647 3923 1756 3986 est,
1782 3924 1852 3976 ut
1876 3933 1953 3974 ex
1975 3917 2170 3977 tantis
2195 3914 2604 3994 undequaque
2625 3919 2927 3995 susceptis
2943 3916 3328 3998 feliciterque
3351 3919 3541 3996 gestis
3568 3935 3758 3998 nego-

507 4023 619 4085 tiis
647 4021 728 4082 ad
756 4039 872 4081 nos
899 4028 1212 4096 receptum
1241 4015 1530 4078 haberes!
1557 4013 1944 4075 [mmortales
1971 4032 2114 4074 sane
2147 4015 2389 4093 gratias
2417 4015 2708 4077 habemus
2729 4016 3042 4079 Ludovico
3075 4018 3334 4096 Magno,
3369 4019 3480 4098 qui
3505 4030 3563 4078 te
3591 4029 3758 4078 acta-

507 4138 649 4182 rum
675 4139 885 4182 rerum
911 4117 1120 4198 gloria
1147 4115 1409 4192 clarum,
1439 4117 1626 4197 hujus
1654 4116 1916 4178 canobii
1937 4116 2284 4178 antistitem
2313 4119 2744 4187 constituerit;
2766 4139 2886 4199 qua
2910 4123 2975 4181 in
3004 4138 3071 4180 re
3088 4121 3296 4180 nescio
3324 4138 3408 4180 an
3423 4118 3575 4197 plus
3597 4119 3749 4190 tuis,

504 4225 1006 4286 Eminentissime
1031 4220 1412 4292 Cardinalis,
1443 4238 1626 4300 quam
1651 4221 1888 4281 nostris
1919 4221 2252 4280 commodis
2266 4223 2696 4301 prospexerit.
2731 4223 2897 4283 Hinc.
2919 4222 3030 4282 illa
3059 4221 3254 4301 effusa
3281 4223 3347 4282 in
3374 4221 3750 4282 monasterio

505 4336 724 4387 nostro
751 4324 995 4401 latitia,
1027 4326 1170 4387 hinc
1199 4322 1306 4384 ille
1328 4321 1594 4402 plausus
1630 4324 1902 4384 omnium
1935 4321 2245 4383 sodalium
2271 4324 2344 4386 de
2365 4335 2541 4386 tanta
2571 4328 2833 4406 fortuna
2860 4327 2982 4388 sibi
3010 4337 3225 4388 mutuo
3253 4323 3750 4404 gratulantium;

504 4451 629 4512 qua
657 4435 724 4494 in
752 4451 820 4493 re
864 4450 994 4493 non
1027 4439 1244 4510 partes
1289 4428 1412 4492 tuli
1437 4429 1849 4508 posteriores.
1889 4428 2138 4508 Ecquid
2171 4430 2330 4490 enim
2369 4427 2792 4493 litteratorum
2823 4433 3003 4493 catui
3039 4430 3192 4510 plus
3232 4430 3452 4509 gaudii
3499 4427 3745 4508 afferat,

502 4555 686 4616 quam
715 4556 851 4598 cum
878 4536 998 4598 sibi
1025 4535 1373 4614 principem
1395 4553 1436 4593 a
1457 4550 1671 4611 regum
1698 4532 2157 4612 sapientissimo
2190 4533 2509 4612 designari
2544 4536 2937 4614 conspiciunt
2969 4554 3123 4607 eum,
3155 4552 3330 4615 quem
3363 4532 3510 4611 ipsi,
3546 4531 3604 4591 si
3635 4547 3747 4609 pe-

501 4654 611 4696 nes
650 4655 714 4696 se
743 4638 872 4716 ejus
900 4637 995 4696 rei
1031 4635 1372 4697 arbitr-ium
1394 4635 1640 4714 fuisset,
1673 4633 1984 4694 communi
2007 4634 2278 4694 omnium
2313 4633 2552 4696 calculo
2583 4635 2706 4697 sibi
2725 4636 3164 4714 cooptassent?

579 4737 660 4798 In
693 4735 1370 4798 San-Germanensibus
1423 4745 1628 4797 autem
1660 4733 1895 4795 adibus
1931 4733 2085 4808 illis,
2115 4753 2248 4815 qua
2277 4745 2371 4796 tot
2396 4738 2765 4815 principum
2794 4735 3176 4798 domicilium
3204 4739 3485 4816 fuerunt,
3533 4755 3644 4797 ceu
3680 4737 3748 4796 in

501 4855 645 4899 arce
670 4835 765 4898 vel
799 4834 1048 4915 specula
1078 4835 1341 4914 quadam
1370 4835 1771 4907 constitutus,
1811 4833 2312 4894 Eminentissime
2339 4834 2723 4910 Cardinalis,
2760 4835 2841 4895 iis
2877 4835 3158 4896 omnibus
3183 4833 3383 4914 fulges
3414 4851 3744 4894 ornamen-

503 4941 609 5014 tis,
639 4939 866 5020 quibus
898 4936 1046 4998 olim
1075 4938 1285 4998 varias
1317 4937 1593 5014 Europa
1617 4946 1827 5015 gentes
1883 4934 2270 5008 illustrabas,
2319 4938 2603 5018 quodque
2639 4936 2924 4999 mirabile
2965 4939 3138 4998 dictu
3169 4949 3279 5010 est,
3321 4957 3520 4998 annos
3548 4956 3748 5016 prope

500 5043 831 5105 Nestoreae
860 5058 1155 5114 emensus,
1187 5040 1399 5102 divina
1419 5039 1684 5120 quadam
1713 5035 2026 5099 celeritate
2059 5039 2298 5116 ingenii
2333 5040 2700 5120 dicendique
2731 5042 2933 5118 copia,
2958 5041 3122 5100 sicut
3152 5036 3299 5099 olim
3330 5038 3435 5098 ille
3464 5039 3747 5100 Carnea-

503 5145 628 5215 des,
689 5145 962 5205 omnium
989 5142 1070 5202 ad
1095 5154 1154 5205 te
1179 5143 1418 5203 animos
1456 5143 1763 5203 convertis
1793 5150 1850 5202 et
1879 5141 2076 5219 rapis.
2115 5141 2196 5201 Te
2219 5160 2377 5221 sape
2409 5145 2476 5205 in
2505 5163 2794 5205 consessu
2841 5144 3233 5204 eruditorum
3273 5143 3646 5220 suspicimus
3672 5143 3747 5204 de

501 5246 720 5325 quovis
767 5244 1121 5308 litterarum
1167 5263 1384 5325 genere
1412 5247 1504 5308 ita
1521 5245 1728 5324 perite
1763 5242 2180 5318 disserentem,
2227 5253 2299 5305 ut
2338 5246 2660 5325 fateantur
2693 5263 2896 5305 omnes
2927 5253 2985 5304 te
3015 5261 3142 5302 non
3165 5244 3367 5303 minus
3395 5244 3745 5304 eruditione
3817 5305 3834 5326 ,

501 5366 684 5428 quam
716 5349 1022 5428 dignitate
1057 5350 1296 5430 primas
1319 5359 1541 5412 tenere.
1568 5350 1726 5412 Nam
1751 5349 1879 5409 sive
1911 5349 1984 5410 de
2009 5351 2281 5412 historia
2312 5359 2364 5410 et
2394 5348 2795 5427 geographia,
2843 5348 2969 5408 sive
2993 5347 3066 5408 de
3093 5345 3276 5406 rebus
3313 5345 3742 5404 ecclesiasticis

503 5457 556 5509 et
589 5451 904 5511 canonicis
926 5460 1178 5530 agatur,
1203 5468 1420 5530 parem
1443 5453 1510 5512 in
1540 5451 1826 5512 omnibus
1853 5449 2214 5533 facultatem
2255 5450 2524 5522 exhibes,
2559 5450 2627 5509 in
2647 5447 2848 5522 nulla,
2881 5458 2950 5508 ut
2983 5450 3076 5509 ita
3110 5447 3328 5519 dicam,
3361 5445 3531 5505 orbis
3566 5443 3738 5505 litte-

501 5547 667 5607 rarii
704 5556 889 5625 parte
931 5551 1170 5628 hospes.
1208 5552 1362 5612 Tum
1405 5551 1464 5612 si
1491 5547 1574 5610 ad
1607 5551 2056 5611 mansuetiores
2083 5549 2301 5610 Musas
2331 5558 2390 5609 te
2411 5549 2667 5628 referas,
2710 5546 2982 5620 Gracas,
3019 5544 3278 5607 Latinas
3317 5541 3736 5624 Gallicasque,

499 5648 806 5708 memoria
829 5646 1130 5729 felicitate
1141 5652 1422 5730 juvenes,
1451 5651 1692 5729 ingenii
1717 5649 2065 5713 acrimonia
2094 5648 2373 5711 eruditos
2401 5645 2705 5728 quoslibet
2728 5644 3066 5708 antecellis.

575 5778 654 5850 (α)
707 5775 823 5834 Cic.
867 5775 1023 5833 Fam.
1057 5794 1110 5846 ι,
1145 5778 1198 5833 5.
