4122 6424
305 393 377 450 15
1738 403 2131 466 ΡῙΗΕΡΑΤΙΟ.
3507 426 3576 480 l4

379 514 647 593 Stupent
674 537 820 579 sane
846 520 898 580 ii
916 538 1071 599 quos
1093 522 1177 583 ad
1199 525 1588 585 consortium
1613 527 1712 585 tui
1732 545 1982 588 evocare
2006 530 2313 607 dignaris,
2344 531 2770 598 litteratorum
2787 540 3087 619 princeps
3107 539 3570 616 amabilissime,

304 625 358 676 et
394 619 653 678 rediisse
681 631 913 698 putant
961 621 1074 682 illa
1115 634 1397 701 tempora
1439 627 1665 705 quibus
1701 630 1864 689 inter
1893 632 2219 709 principes
2252 635 2425 695 viros
2457 638 2523 697 in
2555 641 2722 699 omni
2753 657 2972 717 genere
2999 643 3292 704 micabas.
3347 641 3574 711 Omnia

301 721 532 799 quippe
563 724 630 782 in
652 734 710 783 te
731 723 1024 802 ﬂoridam
1055 725 1331 787 redolent
1356 739 1629 798 (etatem;
1662 731 1825 792 bona
1847 730 2159 806 valetudo,
2193 755 2429 798 summa
2457 742 2689 818 gratia,
2726 752 2940 803 tant-us
2971 742 3078 804 ille
3109 746 3175 804 in
3183 748 3459 826 jocando
3488 747 3572 807 le-

297 840 438 901 pos,
472 827 562 887 sic
593 837 968 905 temperatus
994 840 1066 890 ut
1087 829 1252 892 nihil
1263 834 1451 911 jocus
1480 833 1554 893 de
1579 837 1890 912 gravitate
1922 835 2234 919 decerpat.
2265 842 2390 918 Qui
2413 854 2472 906 te
2495 842 2678 906 talem
2695 847 2930 922 vident,
2964 849 3033 910 id
3051 867 3112 908 se
3138 851 3339 914 oculis
3361 851 3569 916 obser-

299 943 447 986 vare
473 936 701 1005 puta-nt
734 928 902 1008 quod
928 929 1177 1010 quidam
1209 951 1239 992 e
1266 934 1576 994 veteribus
1598 935 1768 996 dixit
1795 955 1810 992 :

1218 1096 1262 1150 Α
1285 1097 1451 1154 certis
1487 1099 1647 1155 annis
1677 1115 1853 1155 savum
1884 1116 2133 1157 remeare
2164 1114 2445 1174 peractum

374 1278 536 1354 Quis
569 1279 770 1356 igitur
797 1278 1056 1360 Origeni
1083 1283 1407 1363 fortunam
1436 1301 1562 1341 non
1589 1284 1950 1362 gratuletur
1983 1306 2180 1360 suam,
2215 1289 2324 1368 qui
2356 1291 2420 1350 in
2446 1294 2972 1369 prastantissima
3005 1297 3279 1378 Operum
3310 1319 3569 1364 suorum

291 1390 480 1456 parte
496 1399 658 1458 pene
671 1382 986 1444 redivivus
1013 1386 1376 1462 conspectui
1402 1387 1658 1447 sistitur
1682 1399 1791 1449 tuo
1809 1392 1837 1448 ?
1858 1409 1930 1450 ac
1954 1393 2064 1470 qui
2095 1393 2262 1452 inter
2282 1396 2396 1455 crvi
2419 1397 2522 1458 sui
2551 1397 2949 1460 Christianos
2976 1401 3244 1480 palmam
3261 1406 3569 1467 eruditio-

297 1487 399 1546 nis
434 1484 688 1562 tulerat,
709 1489 843 1570 jam
874 1499 951 1560 te,
987 1491 1344 1551 litterarum
1385 1490 1588 1564 decus,
1644 1503 1990 1570 patronum
2032 1496 2248 1573 ambit,
2292 1507 2363 1560 ut
2396 1501 2701 1578 auspiciis
2731 1504 2860 1563 tuis
2901 1523 2978 1563 ex
3009 1506 3280 1568 tenebris
3315 1507 3426 1570 ubi
3455 1509 3568 1570 diu

299 1585 569 1650 latuerat
597 1591 874 1665 eductus,
907 1593 990 1655 ad
1011 1594 1405 1655 eruditorum
1437 1595 1642 1658 orbem
1661 1595 1880 1678 faciles
1917 1601 2132 1663 aditus
2161 1603 2459 1680 reperiat,
2493 1615 2700 1667 cert-us
2722 1610 3078 1685 patrocinii
3097 1611 3197 1672 tui
3213 1611 3484 1691 pignore
3505 1635 3570 1676 se

296 1692 365 1752 in
409 1691 749 1770 pristinam
794 1713 922 1754 non
949 1713 1351 1760 reversurum
1378 1698 1730 1777 caliginem.
1771 1701 1960 1762 Hunc
2002 1700 2108 1762 ille
2123 1704 2258 1783 jam
2289 1701 2573 1766 labor-um
2601 1708 2882 1786 fructum
2922 1720 3262 1789 exspectat.
3295 1712 3566 1786 Quantis

298 1794 458 1853 enim
487 1794 823 1857 sudoribus
847 1799 1282 1878 Hexaplorum
1311 1812 1365 1864 et
1398 1803 1810 1882 Octaplorum
1851 1823 2009 1882 opus
2037 1805 2296 1868 molitus
2324 1810 2432 1883 sit,
2467 1813 2641 1871 testis
2667 1811 2762 1871 vel
2791 1813 2992 1891 ipsius
3017 1816 3224 1892 operis
3255 1817 3560 1890 conditio,

294 1899 471 1958 testis
496 1909 548 1958 et
574 1901 1020 1982 Hieronymus,
1045 1906 1154 1984 qui
1171 1904 1496 1985 Origenem
1524 1915 1874 1988 χαλκεντιρον
1896 1910 2196 1990 appellat,
2231 1915 2379 1993 quia
2398 1914 2635 1977 scilicet
2662 1917 2905 1978 viscera
2945 1921 3131 1998 quasi
3161 1939 3327 1980 (enea
3359 1921 3432 1983 ob
3466 1940 3568 1982 as-

291 2000 656 2062 siduitatem
689 2006 1006 2069 scribendi
1029 2009 1250 2071 habere
1275 2013 1628 2090 putabatur
1657 2031 1672 2070 :
1703 2015 1772 2074 in
1802 2016 1984 2094 cujus
2032 2015 2402 2096 colligendis
2432 2019 2720 2100 reliquiis
2753 2021 2948 2082 multo
2976 2021 3187 2085 labore
3213 2025 3567 2088 diuturnis-

293 2122 410 2184 que
433 2106 679 2184 vigiliis
709 2113 1114 2187 exercitatus,
1149 2132 1311 2193 pene
1341 2120 1551 2198 [actus
1579 2137 1714 2178 sum
1746 2129 1800 2179 et
1835 2120 1967 2196 ipse
1991 2125 2340 2202 χαλκέντερος
2382 2142 2401 2182 :
2437 2127 2805 2205 fortunatus
2844 2140 3047 2188 tamen
3089 2130 3148 2190 si
3187 2131 3366 2191 hasce
3402 2151 3564 2192 meas

293 2206 767 2273 lucubrationes
792 2215 1031 2278 lubenti
1055 2221 1262 2282 animo
1294 2224 1643 2302 acceperis;
1672 2225 2091 2303 fortunatior,
2112 2227 2170 2287 si
2195 2228 2278 2289 ad
2297 2227 2692 2303 diuturnum,
2718 2239 2791 2292 ut
2819 2249 3024 2309 spero,
3050 2241 3308 2311 tempus,
3341 2245 3565 2313 patro-

290 2314 460 2375 cinio
494 2324 604 2375 tuo
634 2319 734 2378 uti
765 2336 1040 2398 pergam.

1633 2623 1725 2683 Fr.
1780 2629 2099 2686 BERNARDUS
2140 2647 2208 2686 ne
2249 2632 2638 2699 Monrrwcow,

1432 2689 1736 2755 Monachus
1763 2699 2151 2759 Benedictiuus
2179 2717 2210 2758 e
2257 2689 2679 2778 congregatione
2706 2704 2894 2764 Sancti
2926 2708 3123 2765 Mauri.

1087 2943 3538 2979 mw,

1485 3110 2367 3246 PRIEFATIO.

358 3534 506 3588 Inter
526 3529 903 3602 praestantiora
928 3527 1180 3600 Origenis
1206 3545 1370 3601 opera
1406 3530 1706 3602 principem
1736 3532 1983 3587 obtinere
2002 3531 2183 3587 locum
2215 3525 2459 3602 Ilexapla
2478 3532 2589 3599 illa,
2621 3541 2773 3587 tanto
2795 3533 2980 3590 labore
3006 3536 3300 3609 studioque
3331 3541 3556 3597 concin-

286 3635 435 3694 nata,
474 3627 712 3681 fatentur
737 3625 936 3680 eruditi
970 3627 1173 3696 quique
1207 3634 1319 3679 tum
1351 3635 1583 3690 veteres,
1610 3637 1726 3680 tum
1761 3630 2112 3682 recentiores.
2154 3626 2290 3681 Cum
2320 3628 2464 3680 enim
2497 3626 2705 3681 homini
2735 3627 3047 3685 Christiano
3077 3631 3213 3686 nihil
3242 3633 3310 3688 ad
3345 3645 3551 3692 rectam

285 3723 444 3778 tidem
470 3723 813 3778 statuendam
843 3736 1134 3792 moresque
1172 3722 1550 3776 iuformandos
1589 3723 1952 3792 Opportunius
1985 3723 2380 3778 sitdivinarum
2413 3722 2821 3793 Scripturarum
2865 3725 3242 3798 intelligentia,
3267 3731 3386 3800 ejus
3422 3749 3556 3790 sane

285 3819 505 3874 utilitati
521 3827 652 3874 tunc
667 3820 866 3890 optime
881 3820 1188 3875 consultum
1206 3827 1428 3890 putatur
1449 3834 1570 3874 cum
1587 3820 1864 3890 quidpiam
1886 3820 1939 3873 in
1968 3821 2148 3875 lucem
2166 3821 2346 3874 editur
2357 3820 2424 3875 ad
2439 3821 2729 3876 reseranda
2751 3820 3046 3892 Scriptura:l
3063 3841 3263 3882 arcana
3277 3837 3331 3883 et
3345 3829 3412 3882 ad
3430 3831 3552 3899 ejus

285 3911 507 3966 intimos
533 3927 729 3967 sensus
753 3913 1116 3982 explorandos
1141 3912 1635 3967 accommodatum.
1661 3911 1803 3978 Quid
1841 3927 2024 3966 autem
2057 3927 2123 3968 eo
2159 3913 2212 3967 in
2255 3927 2450 3984 genere
2478 3915 2822 3981 accuratius,
2855 3916 2986 3986 quid
3022 3922 3090 3972 ad
3122 3917 3418 3989 Scriptura:
3465 3939 3554 3977 sa-

282 4020 390 4060 crae
417 4015 650 4062 mentem
673 4008 1016 4077 aperiendam
1049 4009 1390 4063 commodius
1411 4007 1615 4062 eximio
1642 4008 1734 4063 illo
1759 4007 2123 4078 Hexaplorum
2142 4019 2195 4063 et
2215 4008 2558 4078 Octaptorum
2575 4013 2776 4079 opere?
2801 4011 2874 4066 lbi
2895 4029 3132 4080 namque
3151 4055 3166 4079 ,
3195 4027 3390 4085 praeter
3406 4017 3551 4073 LXX

283 4100 642 4171 lnterpretum
683 4102 995 4168 editionem,
1030 4110 1140 4157 tres
1187 4103 1309 4157 alia:
1353 4102 1849 4172 interpretationes,
1895 4117 1926 4156 a
1965 4102 2140 4158 doctis
2172 4102 2304 4157 viris
2340 4102 2556 4171 Aquila,
2601 4101 2930 4173 Symmacho
2957 4115 3011 4161 et
3039 4105 3407 4167 Tlieodotione
3432 4113 3551 4168 ela-

283 4196 509 4261 boratae,
549 4197 604 4250 in
651 4197 906 4252 omnibus
954 4195 1232 4252 Hebraiczn
1282 4195 1577 4269 Scriptura:
1610 4197 1764 4252 libris
1798 4198 2223 4266 comparebant;
2266 4198 2318 4251 in
2353 4197 2508 4253 libris
2553 4199 2717 4253 etiam
2752 4215 2860 4254 non
2896 4203 3085 4269 paucis
3125 4205 3290 4258 trium
3323 4207 3550 4278 insuper

284 4289 518 4344 aliorum
551 4288 903 4358 interpretum
929 4303 1328 4360 anonymorum
1357 4288 1625 4342 editiones
1654 4302 1684 4342 e
1713 4287 1934 4359 regione
1959 4288 2339 4342 aderant-uno
2373 4287 2476 4341 sub
2521 4299 2741 4358 aspectu
2770 4291 2960 4358 positae
2985 4309 3000 4358 ;
3025 4291 3098 4346 ita
3123 4303 3180 4346 ut
3207 4309 3392 4348 earum
3423 4312 3548 4350 om-

283 4387 434 4442 nium
467 4387 715 4451 lectione,
763 4394 815 4439 et
855 4393 1044 4439 mutuo
1077 4383 1217 4439 facta
1257 4384 1689 4454 comparatione,
1723 4383 1768 4438 si
1813 4399 1921 4452 qua
1953 4383 2188 4438 obscura
2219 4389 2273 4435 et
2304 4381 2547 4437 difﬁcilia
2581 4395 2968 4449 occurrerent,
3006 4387 3164 4454 longe
3200 4385 3413 4444 facilius
3442 4391 3540 4446 tali

283 4479 530 4534 subsidio
562 4478 1000 4547 explanarentur.
1029 4474 1166 4530 Hinc
1193 4473 1395 4530 factum
1428 4485 1511 4529 est
1538 4485 1596 4528 ut
1623 4474 1795 4528 sancti
1839 4472 2049 4539 Patres,
2079 4488 2142 4528 ac
2184 4487 2394 4529 veteres
2429 4473 2724 4540 scriptores
2759 4473 3112 4529 ecclesiastici
3142 4490 3279 4544 pene
3312 4492 3503 4534 omnes
3529 4513 3546 4546 ,

280 4573 428 4642 iique
456 4571 692 4626 maxime
717 4570 810 4639 qui
845 4569 1020 4624 doctis
1049 4569 1102 4622 in
1139 4583 1350 4624 sacram
1389 4568 1726 4636 Scripturam
1765 4567 2178 4622 commentariis
2209 4567 2476 4628 claruere,
2517 4563 2883 4633 Ilexaplorum
2913 4564 3165 4635 Origenis
3208 4583 3368 4622 usum
3412 4585 3549 4638 pra:-

282 4669 648 4737 stantiamque
678 4666 882 4738 passim
913 4665 1310 4720 commendent.
1343 4664 1611 4720 Eusebius
1643 4679 1857 4733 nempe,
1884 4662 2188 4729 Diodorus,
2233 4663 2684 4735 Chrysostomus,
2716 4660 3116 4730 Theodoretus,
3147 4663 3446 4736 Procopius
3492 4679 3548 4722 et

282 4762 370 4817 alii
397 4781 410 4826 ;
444 4761 691 4830 interque
721 4757 948 4812 Latinos
971 4754 1355 4827 Hieronymus,
1387 4756 1478 4826 qui
1511 4771 1615 4810 non
1649 4756 1704 4809 in
1733 4755 2156 4810 Commentariis
2190 4756 2354 4809 modo
2385 4756 2499 4810 suis
2543 4769 2643 4822 ope
2684 4755 2900 4809 illorum
2927 4765 3184 4825 perpetuo
3215 4759 3409 4825 utitur,
3449 4761 3541 4813 sed

281 4855 448 4909 etiam
474 4854 526 4906 in
563 4851 878 4907 adornanda
902 4850 1101 4904 eximia
1129 4850 1214 4904 illa
1241 4850 1476 4905 editione
1508 4849 1722 4914 Latina,
1757 4864 1921 4919 quam
1957 4848 2120 4903 hodie
2162 4847 2444 4919 Vulgatam
2476 4849 2846 4918 appellamus,
2897 4848 3337 4921 frequentissime
3368 4853 3544 4924 Aqui-

284 4948 393 5002 lam
428 4947 510 5000 vel
535 4945 948 5016 Symmachum,
975 4945 1156 4999 rarius
1185 4942 1614 4999 Theodotionem
1642 4944 1845 4999 aliasve
1871 4943 2135 4999 editiones
2167 4947 2432 5014 sequitur.

357 5039 415 5094 Si
443 5041 571 5110 quid
609 5055 850 5110 unquam
877 5039 1283 5092 immortalitate
1320 5037 1543 5108 dignum
1573 5040 1834 5094 emissum
1867 5039 1920 5092 in
1959 5039 2136 5093 lucem
2175 5037 2374 5106 fuerit,
2401 5041 2448 5094 si
2472 5055 2578 5110 qua
2619 5040 2926 5096 lucubratio
2953 5057 2982 5096 a
3009 5050 3313 5112 temporum
3340 5044 3541 5114 injuria

278 5133 546 5191 vindicari
571 5135 849 5198 meruerit,
880 5133 992 5188 haec
1026 5148 1159 5188 sane
1197 5141 1317 5187 erat
1350 5141 1430 5187 tot
1465 5141 1619 5202 parta
1662 5133 1879 5203 vigiliis,
1912 5133 2212 5198 laboribus,
2245 5134 2571 5203 sumptibus.
2615 5135 2704 5199 At,
2734 5135 2870 5203 proh
2901 5134 3089 5190 dolor!
3125 5151 3156 5189 a
3180 5135 3394 5190 saeculis
3418 5138 3541 5204 plus

280 5247 443 5300 quam
475 5237 598 5283 octo
630 5229 862 5300 ingentis
891 5229 1050 5283 molis
1077 5243 1215 5298 opus
1239 5229 1313 5283 ita
1347 5229 1524 5298 periit,
1556 5237 1612 5282 ut
1637 5243 1706 5283 ne
1732 5229 1995 5297 particula
2025 5228 2244 5298 quidem
2277 5227 2419 5297 ejus,
2456 5238 2514 5282 ut
2552 5228 2727 5284 fuerat
2761 5229 2828 5283 ab
2853 5229 3087 5300 Origene
3109 5229 3495 5284 concinnatum
3519 5272 3535 5297 ,

281 5325 346 5379 ad
384 5339 480 5378 nos
503 5338 673 5391 usque
700 5323 994 5390 devenerit,
1020 5339 1120 5378 nec
1144 5339 1268 5393 spes
1297 5324 1544 5378 videatur
1574 5339 1696 5378 esse
1721 5325 1997 5393 quidpiam
2027 5339 2267 5392 unquam
2290 5337 2652 5388 emersurUm,
2682 5340 2791 5394 quo
2813 5333 2960 5378 tanta
2985 5324 3196 5393 jactura
3229 5327 3535 5392 sarciatur.;

279 5432 312 5471 a
344 5425 582 5483 tempore
636 5423 816 5468 autem
862 5415 1048 5469 amissi
1081 5415 1263 5483 operis
1313 5414 1522 5484 aliquot
1553 5414 1810 5468 eﬂluxere
1848 5414 2077 5478 saecula,
2114 5415 2433 5484 ignorantiae
2461 5415 2698 5492 tenebris
2732 5415 2866 5468 adeo
2907 5415 3123 5477 obruta,
3155 5423 3213 5466 ut
3236 5429 3303 5467 ne
3340 5430 3537 5470 sensus

278 5513 497 5584 quidem
533 5509 808 5578 importati
837 5509 1020 5563 damni
1071 5525 1234 5580 penes
1276 5510 1523 5565 homines
1553 5511 1743 5574 etiam,
1781 5518 1842 5564 ut
1894 5511 1986 5564 illa
2019 5519 2203 5575 aetate,
2238 5511 2430 5566 doctos
2463 5526 2582 5567 esse
2622 5511 2912 5564 videretur.
2948 5511 3017 5564 At
3059 5521 3178 5579 post
3205 5520 3532 5577 restaurata,

277 5607 542 5679 proximis
582 5604 817 5670 saeculis,
849 5605 1148 5659 litterarum
1180 5606 1558 5675 bonarumque
1588 5605 1785 5660 artium
1813 5607 1991 5660 studia
2015 5648 2030 5672 ,
2057 5606 2152 5660 ubi
2181 5614 2427 5660 veterum
2464 5605 2684 5673 scripta,
2713 5619 2834 5673 quae
2851 5604 2942 5656 diu
2972 5604 3260 5672 jacuerant
3285 5604 3531 5660 interitui

277 5698 546 5766 proxima.
578 5711 609 5748 e
654 5695 761 5751 situ
804 5696 1069 5750 vindicari
1116 5704 1170 5752 et
1221 5697 1277 5751 in
1325 5698 1598 5767 publicum
1648 5697 1820 5752 emitti
1851 5706 2168 5767 cmperunt,
2208 5713 2315 5752 non
2347 5696 2565 5752 defuere
2591 5697 2693 5750 viri
2723 5697 2815 5765 qui
2840 5695 2906 5748 de
2939 5698 3312 5752 restaurandis
3348 5697 3393 5751 si
3421 5712 3530 5750 non

280 5790 560 5861 Hexaplis,
599 5788 962 5858 Hexaplorum
1009 5789 1198 5844 saltem
1240 5790 1474 5855 laciniis,
1503 5790 1826 5860 cogitarent.
1873 5789 1976 5857 Qui
2004 5806 2132 5844 vero
2158 5791 2367 5860 primus
2401 5790 2477 5844 rei
2520 5804 2739 5844 manum
2771 5787 3012 5842 admovit
3037 5788 3335 5844 Flaminius
3365 5787 3531 5842 Nobi-

281 5883 406 5947 lius,
439 5884 494 5938 in
515 5882 703 5939 Bibliis
731 5881 933 5939 Graecis
963 5881 1146 5939 Roma
1170 5883 1318 5941 cusis
1347 5898 1490 5940 anno
1519 5883 1682 5951 1587,
1716 5882 1918 5938 multas
1946 5883 2190 5953 Aquilae,
2224 5881 2560 5954 Symmachi,
2583 5890 2637 5935 et
2665 5878 3056 5936 Theodotionis
3079 5881 3413 5947 aliorumque
3442 5873 3528 5937 in-
