4122 6458
545 401 614 461 ιε
1962 390 2355 448 ΡΒᾹΣῈΑΤΙΟ.
3724 408 3790 462 ιο

544 523 839 588 terpretum
867 511 1126 570 lectiones
1159 508 1308 585 notis
1333 507 1584 570 inseruit,
1610 513 1880 577 quotquot
1897 505 2150 562 videlicet
2169 516 2282 561 tum
2299 521 2364 560 ex
2395 504 2656 562 Romanis
2681 507 2985 574 codicibus,
3011 521 3128 569 tum
3157 527 3224 570 ex
3253 521 3494 570 veterum
3523 514 3677 572 libris
3699 533 3792 573 ex-

543 626 765 683 cerpere
796 618 1040 682 potuerat
1061 605 1256 662 Petrus
1286 603 1527 659 Marinus
1543 602 1842 664 Parisinus,
1875 611 1931 655 ut
1956 616 2023 656 ea
2055 601 2298 672 ejusdem
2335 600 2528 655 Morini
2552 603 2795 673 epistolis
2817 605 3158 676 aliorumque
3180 609 3506 662 testimoniis
3525 611 3794 679 arguitur.

613 706 730 764 Sub
761 705 877 762 haec
902 703 1139 760 Joannes
1155 701 1385 757 Drusius
1404 700 1592 755 eadem
1625 699 1741 768 ipsa
1770 713 1892 769 qua:
1914 697 2216 752 Fiaminius
2244 697 2504 760 ediderat,
2534 712 2640 752 non
2670 699 2861 768 paucis
2885 702 3292 758 accessionibus
3318 703 3642 774 locupletata
3667 721 3794 766 cum

551 800 781 858 eruditis
815 798 959 854 notis
987 795 1276 864 descripsit
1302 813 1316 849 :
1349 801 1404 848 at
1428 808 1551 848 cum
1577 791 1687 847 fato
1715 800 2125 862 praeoccupatus
2157 805 2219 843 ea
2247 789 2300 844 in
2333 790 2608 859 publicum
2642 791 2802 846 edere
2831 808 2940 846 non
2969 793 3250 863 potuisset,
3281 803 3408 865 post
3435 796 3555 864 ejus
3582 796 3794 852 obitum

539 895 849 968 publicandi
879 909 1065 948 curam
1099 893 1338 960 suscepit
1389 887 1635 943 Sixtinus
1664 888 1890 940 A-mama
1934 883 2326 940 Hebraicarum
2349 885 2648 939 litterarum
2685 884 3004 942 Franckerze
3027 887 3305 958 professor
3335 906 3628 967 :_opusque
3648 893 3793 946 Arn-

539 991 732 1046 ltemiae
763 989 962 1059 prodiit
995 1003 1138 1041 anno
1165 986 1321 1049 1622,
1354 985 1458 1039 hoc
1483 983 1640 1037 titulo
1672 1000 1686 1036 :
1733 980 1973 1035 Veterum
1999 982 2348 1048 interpretum
2373 979 2678 1034 Grecorum
2726 983 2782 1035 in
2829 993 2995 1036 totum
3027 982 3180 1038 Vetus
3208 983 3595 1039 Testamentum
3633 984 3799 1056 Frag-

540 1095 734 1150 menta,
759 1084 999 1145 collecta,
1022 1099 1170 1136 versa
1191 1089 1238 1134 et
1255 1081 1394 1135 notis
1413 1079 1686 1133 illustrata
1707 1093 1740 1131 α
1764 1075 1972 1130 Joanne
1993 1075 2212 1142 Drusis,
2239 1075 2436 1146 lingua
2457 1086 2656 1130 sancite
2677 1078 2730 1130 in
2751 1078 3044 1132 illustrium
3081 1077 3277 1134 Frisia
3305 1081 3554 1134 ordinum
3591 1080 3798 1136 Acade-

538 1181 668 1244 mia,
689 1179 814 1232 dum
838 1179 1044 1241 viveret,
1065 1175 1378 1246 professors.
1419 1170 1600 1227 Drusii
1633 1170 1788 1225 labor
1817 1185 1848 1225 a
1880 1170 2112 1224 laudatis
2145 1169 2280 1224 viris
2329 1169 2581 1224 laudatus
2605 1208 2622 1233 ,
2651 1170 2952 1226 litterarum
2991 1187 3268 1228 sacrarum
3298 1175 3560 1230 Studiosis
3593 1189 3796 1245 magno

540 1273 667 1329 usui
705 1270 828 1326 fuit.
854 1269 1014 1324 Hunc
1033 1283 1134 1339 ego
1161 1268 1358 1322 librum
1387 1265 1700 1336 frequenter
1738 1264 1890 1318 adire
1923 1263 2162 1320 solebam
2181 1303 2196 1329 ,
2222 1272 2518 1334 antequam
2559 1264 2627 1319 de
2659 1265 2814 1321 novis
2853 1267 3260 1322 accessionibus
3290 1267 3555 1324 faciendis
3579 1269 3792 1339 cogita-

537 1383 655 1423 rem
685 1382 700 1419 :
734 1374 789 1422 et
811 1365 1046 1420 mirabar
1070 1361 1300 1418 subinde
1320 1378 1386 1416 ex
1408 1370 1558 1416 tanto
1579 1373 1742 1429 opere
1771 1359 1906 1413 adeo
1933 1374 2106 1429 pauca
2125 1373 2412 1429 superesse
2442 1357 2770 1428 fragmenta.
2789 1359 2927 1414 Cum
2961 1370 3143 1417 autem
3173 1363 3488 1420 evolvendis
3512 1365 3800 1422 codicibus

539 1458 743 1516 Graecis
795 1457 1011 1513 solitam
1067 1455 1252 1511 darem
1283 1466 1526 1524 operam,
1575 1451 1687 1520 jam
1719 1449 1849 1504 anni
1874 1459 2003 1506 sunt
2037 1451 2325 1522 plusquam
2349 1451 2540 1522 viginti
2576 1459 2722 1518 tres,
2758 1467 2907 1518 rem,
2946 1469 3134 1524 quam,
3159 1469 3310 1525 petut
3337 1457 3792 1528 diligentissime,

539 1571 660 1612 sum
685 1569 940 1625 agressus
972 1571 984 1606 :
1021 1561 1135 1606 tum
1169 1549 1352 1621 siqua
1400 1557 1644 1602 veterum
1697 1546 2048 1617 interpretum
2091 1547 2208 1602 loca
2273 1547 2328 1601 in
2381 1548 2770 1618 manuscriptis
2806 1558 3178 1614 occurrerent,
3213 1552 3397 1606 statim
3427 1551 3494 1607 ad
3532 1551 3794 1618 Drusitun

537 1644 919 1714 properabam,
949 1649 1011 1697 ut
1031 1641 1365 1712 explorarem
1398 1655 1467 1694 an
1497 1638 1782 1694 observata
1811 1638 2065 1708 editaque
2096 1653 2303 1693 essent.
2341 1636 2497 1692 Brevi
2521 1648 2702 1694 autem
2734 1641 2977 1710 comperi
3007 1642 3176 1697 multa
3204 1644 3565 1712 praetermissa
3588 1642 3796 1712 fuisse,

537 1739 650 1794 imo
673 1754 739 1793 ex
763 1739 876 1809 jam
911 1736 1213 1792 observatis
1236 1745 1290 1790 et
1317 1734 1479 1790 editis
1511 1748 1618 1788 non
1639 1747 1812 1802 pauca
1830 1748 1951 1788 esse
1981 1748 2103 1802 qua:
2143 1748 2309 1787 manu
2352 1733 2560 1787 medica
2606 1744 2844 1803 egerent.
2881 1731 3019 1790 llinc
3063 1736 3246 1790 omnia
3279 1735 3587 1791 describere
3626 1736 3792 1806 ccepi,

537 1831 908 1904 paulatimque
932 1839 1048 1886 tum
1081 1829 1136 1884 in
1167 1827 1363 1896 Gallia,
1404 1835 1516 1882 tum
1543 1825 1599 1880 in
1627 1825 1799 1891 italia,
1833 1834 1888 1880 et
1913 1825 2261 1896 potissimum
2291 1823 2498 1890 Romae,
2533 1834 2742 1880 tantam
2781 1826 3076 1882 lectionum
3104 1828 3297 1883 silvam
3331 1827 3506 1897 reperi
3527 1868 3543 1894 ,
3568 1840 3627 1884 ut
3653 1828 3798 1884 Dru-

537 1929 691 1985 siana
717 1926 965 1984 collectio
995 1912 1196 1982 nostrae
1211 1931 1526 1994 comparata
1555 1937 1624 1979 ne
1659 1923 1928 1980 decimam
1965 1921 2208 1992 quidem,
2249 1921 2362 1976 imo
2413 1936 2483 1976 ne
2518 1921 2786 1978 decimam
2814 1923 3062 1994 quintam
3091 1924 3209 1995 ejus
3241 1937 3447 1996 partem
3476 1927 3788 1996 attingeret.

534 2025 856 2096 Quanquam
887 2036 996 2077 non
1023 2021 1078 2075 in
1103 2020 1360 2075 omnibus
1389 2017 1685 2090 Scriptum
1726 2033 1896 2075 sacrae
1927 2017 2084 2072 libris
2113 2019 2340 2088 aqualis
2383 2017 2644 2073 oﬂeratur
2667 2019 2961 2076 lectionum
3000 2023 3216 2078 messis.
3242 2021 3377 2077 Nam
3405 2023 3458 2077 in
3495 2021 3792 2078 Pentateu-

535 2117 660 2182 cho,
694 2116 740 2173 si
769 2127 1098 2171 annumeres
1133 2127 1196 2167 ea
1229 2127 1353 2182 quae
1377 2111 1432 2165 in
1454 2108 1764 2180 Appendice
1789 2124 1855 2166 ex
1889 2109 2076 2164 codice
2105 2107 2445 2164 Coisliniano
2477 2109 2864 2180 adjnnximus,
2899 2127 2968 2167 ne
3003 2113 3314 2169 vicesimam
3335 2116 3553 2186 quidem
3577 2127 3796 2171 nostra-

534 2224 656 2266 rum
693 2216 905 2280 partem
931 2214 1150 2280 aequant
1170 2204 1448 2260 Drusianae
1494 2204 1774 2260 lectiones.
1808 2203 1868 2258 ln
1913 2203 2068 2260 libris
2091 2201 2259 2258 Josue
2290 2202 2617 2260 etludicum
2637 2221 2780 2276 pene
2809 2207 2944 2262 nihil
2987 2207 3151 2265 habet
3190 2208 3441 2275 Drusius,
3477 2210 3572 2266 ubi
3603 2226 3705 2266 nos
3731 2210 3791 2264 in

535 2301 763 2372 singulis
787 2316 926 2372 pene
949 2299 1230 2356 versiculis
1253 2299 1512 2355 lectiones
1537 2298 1884 2368 proferimus.
1913 2300 1970 2352 ln
2004 2298 2158 2353 libris
2185 2297 2416 2368 Regum,
2443 2302 2678 2356 maxime
2697 2301 2749 2355 in
2779 2303 2958 2370 primo
2985 2312 3041 2359 et
3062 2305 3324 2370 secundo,
3343 2307 3432 2359 vix
3454 2306 3794 2377 quinquage-

533 2395 729 2450 simam
766 2405 1076 2450 nostrorum
1118 2393 1440 2464 particulam
1466 2394 1684 2449 exhibet
1700 2393 1806 2450 ille.
1835 2395 1892 2448 ln
1923 2394 2064 2449 libro
2083 2392 2187 2449 Job
2208 2395 2398 2450 multis
2427 2396 2673 2466 partibus
2705 2395 3032 2453 Drusianam
3056 2409 3277 2470 superat
3304 2411 3490 2455 nostra
3520 2401 3788 2466 collectio,

532 2491 842 2562 pariterque
871 2492 924 2546 in
955 2489 1210 2554 Psalmis,
1229 2505 1462 2560 quorum
1496 2490 1652 2545 multi
1677 2505 1813 2560 pene
1833 2499 2008 2545 totum
2041 2488 2432 2563 Symmachum
2461 2501 2872 2562 repraesentant.
2901 2491 2959 2548 In
3011 2490 3340 2560 Proverbiis,
3371 2493 3700 2550 Ecclesiaste
3736 2504 3792 2549 et

531 2587 774 2644 Canticis
803 2602 912 2642 non
948 2587 1117 2642 multa
1158 2584 1488 2656 proferimus
1529 2600 1690 2641 nova.
1724 2583 1921 2640 Verum
1953 2586 2007 2640 in
2035 2587 2314 2658 prophetis
2345 2586 2623 2650 omnibus,
2651 2586 2925 2657 praecipue
2949 2601 3079 2642 vero
3111 2588 3164 2643 in
3193 2587 3428 2644 Ieremia
3451 2631 3467 2656 ,
3513 2587 3792 2644 Ezechiele

532 2690 591 2738 et
618 2681 920 2737 minoribus
958 2680 1257 2751 prophetis,
1295 2690 1376 2736 tot
1400 2681 1642 2736 nondum
1675 2681 1962 2738 observata
1993 2693 2330 2752 comparent,
2355 2691 2416 2737 ιιι
2445 2681 2714 2738 Drusiana
2739 2683 2986 2739 collectio
3011 2684 3078 2739 iis
3107 2685 3301 2739 obruta
3349 2685 3594 2739 videatur
3639 2698 3785 2739 esse.

602 2774 700 2830 llis
731 2776 804 2831 ita
833 2775 1182 2844 comparatis,
1204 2774 1271 2830 de
1295 2774 1459 2830 modo
1483 2776 1843 2832 concinnandi
1876 2778 2178 2846 edendiquc
2203 2777 2384 2848 Operis
2426 2792 2536 2832 non
2562 2792 2671 2832 una
2697 2776 2801 2834 fuit
2829 2780 3129 2834 amicorum
3173 2782 3462 2835 sententia.
3503 2781 3610 2834 Alii
3645 2779 3790 2833 enim

534 2871 789 2926 volebant
819 2881 989 2925 totum
1043 2869 1370 2925 Hebraicum
1403 2869 1490 2924 edi
1535 2879 1742 2925 textum
1785 2887 1906 2926 cum
1942 2872 2389 2942 interpretatione
2417 2872 2527 2925 τῶν
2547 2871 2624 2936 0',
2645 2872 2836 2928 eadem
2858 2889 3087 2944 prorsus
3113 2876 3370 2931 methodo
3394 2891 3502 2946 qua
3531 2875 3791 2946 Origenes

531 2962 795 3026 ediderat,
820 2961 894 3016 ita
931 2969 990 3015 nt
1021 2975 1110 3016 sex
1136 2959 1335 3029 ubique
1381 2959 1648 3015 columnae
1677 2960 1952 3027 adessent,
1977 2967 2031 3014 ct
2053 2961 2225 3016 sicubi
2269 2961 2501 3016 aliorum
2535 2962 2892 3032 interpretum
2930 2964 3199 3020 editiones
3223 2965 3544 3030 deficerent,
3585 2981 3792 3021 vacuus

533 3059 608 3112 ibi
640 3057 793 3112 locus
820 3056 1236 3126 relinqueretur.
1266 3056 1336 3109 At
1374 3069 1462 3109 me
1494 3055 1814 3120 reluctante,
1838 3063 1892 3109 et
1923 3066 2128 3126 quanto
2157 3055 2521 3110 litteratorum
2553 3056 2922 3122 incommodo,
2957 3060 3286 3130 quantisque
3336 3061 3642 3131 sumptibus
3679 3070 3788 3115 tam

532 3154 772 3208 immane
808 3165 945 3220 opus
988 3149 1327 3220 proditurum
1355 3156 1501 3204 esset
1521 3148 1808 3228 objiciente
1843 3147 1942 3221 (α),
1977 3149 2060 3205 vel
2086 3149 2246 3206 iidem
2277 3151 2378 3218 ipsi
2405 3151 2499 3222 qui
2528 3151 2633 3206 tale
2657 3153 2946 3208 consilium
2972 3154 3268 3222 dederant,
3299 3165 3548 3211 auctores
3569 3157 3788 3212 demum

530 3247 768 3312 fuerunt,
801 3246 938 3300 utin
972 3246 1149 3317 primo
1205 3245 1382 3299 solum
1415 3243 1691 3298 Geneseos
1723 3244 1920 3315 capite,
1953 3245 2112 3314 quasi
2158 3261 2258 3316 pro
2283 3245 2606 3314 specimine,
2638 3245 2979 3318 Origeniana:
3001 3250 3271 3305 columnae
3300 3252 3553 3307 adessent
3586 3270 3600 3306 :
3639 3267 3704 3307 ac
3733 3253 3790 3308 in

529 3342 882 3413 sequentibus
910 3340 1105 3396 deinde
1127 3339 1416 3410 capitibus,
1445 3353 1508 3393 ea
1533 3339 1709 3394 solum
1739 3339 1858 3394 loca
1894 3339 2219 3395 aﬂ'errentur
2270 3341 2325 3395 in
2373 3343 2886 3413 medium,quorum
2921 3346 3296 3415 interpretatio
3328 3348 3444 3402 sive
3484 3350 3786 3403 secundum

527 3435 803 3505 Aquilam,
855 3433 969 3488 sive
1007 3433 1304 3488 secundum
1353 3429 1492 3485 alios
1520 3440 1731 3500 reperta
1749 3429 1974 3487 fuisset:
2012 3432 2087 3486 ita
2135 3439 2196 3486 ut
2246 3431 2508 3487 lectiones
2547 3433 2654 3488 illa:
2687 3450 2810 3488 cum
2865 3432 3112 3496 Hebraeo,
3143 3434 3288 3489 LXX
3317 3434 3708 3507 lnterpretihus
3735 3445 3790 3491 et

528 3527 759 3600 Vulgata
793 3535 1139 3598 comparatae,
1168 3541 1279 3581 uno
1305 3524 1408 3581 sub
1430 3535 1651 3597 aspectu
1675 3524 1940 3598 iacerent,
1972 3535 2027 3582 et
2057 3527 2278 3598 quidem
2309 3528 2502 3586 eodem
2530 3528 2742 3597 ordine,
2761 3537 3030 3600 quantum
3061 3528 3279 3595 licebat,
3307 3543 3420 3598 quo
3451 3531 3521 3584 ah
3558 3530 3790 3600 Origene

529 3623 586 3682 in
615 3621 874 3691 Hexaptis
906 3622 1095 3692 positae
1123 3619 1357 3675 fuerant.

599 3715 917 3787 Compendii
939 3730 1070 3771 vero
1099 3731 1286 3782 causa,
1315 3717 1408 3772 ubi
1428 3716 1539 3773 duo
1561 3716 1650 3773 vel
1679 3725 1788 3774 tres
1815 3717 1900 3773 vel
1932 3717 2114 3788 plures
2143 3717 2468 3789 interpretes
2510 3719 2704 3775 eodem
2735 3732 2964 3789 prorsus
2993 3717 3162 3773 modo
3179 3725 3420 3784 vertunt,
3450 3734 3513 3774 ac
3533 3718 3654 3774 sine
3679 3719 3792 3774 ullo

529 3809 618 3864 vel
650 3809 879 3866 minimo
911 3807 1250 3874 discrimine,
1286 3819 1418 3864 tunc
1441 3809 1746 3865 versionem
1777 3823 1886 3864 non
1912 3811 2210 3880 repetimus
2256 3811 2326 3866 ad
2369 3811 2636 3881 singulos,
2673 3819 2734 3865 ut
2775 3809 2980 3864 fecerat
3006 3810 3270 3880 Origenes
3291 3852 3304 3874 ,
3328 3811 3422 3865 sed
3451 3813 3670 3866 nomina
3689 3827 3788 3868 eo—

529 3917 652 3958 rum
681 3901 776 3973 qui
808 3901 1055 3958 similiter
1083 3900 1418 3970 interpretati
1443 3897 1681 3966 fuerant,
1709 3914 1738 3954 a
1763 3899 1938 3969 prima
1965 3900 2144 3954 solum
2171 3899 2412 3956 nominis
2434 3899 2636 3966 littera,
2665 3898 3045 3970 praemittimus
3071 3900 3172 3955 hoc
3206 3909 3365 3969 pacto
3389 3903 3478 3964 Α..
3509 3901 3596 3964 2‘...
3628 3901 3692 3956 Θ.
3725 3903 3788 3955 tv

528 3995 645 4058 τοῖς
672 3993 976 4066 μυκτῆρσιν
1007 3989 1172 4048 αὑτοῦ
1198 3990 1290 4054 Α..
1319 3989 1403 4058 S.,
1436 3989 1566 4058 Th.,
1593 3991 1648 4046 in
1677 3991 1896 4046 naribus
1925 3989 2060 4059 ejus.
2093 3988 2156 4045 lit

2159 3991 2372 4046 abiaica:
2400 3990 2672 4055 lectionis,
2704 4001 2757 4047 et
2782 3992 3288 4061 interpretationum
3319 3991 3787 4064 Graecarum,qua

531 4087 678 4142 illam
710 4096 1038 4157 sequuntur,
1061 4085 1371 4141 versionem
1407 4083 1658 4140 Latinam
1689 4085 1745 4139 in
1796 4085 1970 4140 altera
2027 4083 2280 4138 columna
2307 4098 2339 4138 e
2387 4083 2608 4155 regione
2645 4084 2918 4156 ponimus,
2951 4085 3240 4156 subiuncta
3265 4085 3440 4141 altero
3472 4086 3790 4142 charactere

531 4178 761 4250 Vulgata
787 4177 1002 4244 Latina,
1035 4177 1277 4232 utetiam
1309 4173 1496 4231 Graece
1518 4174 1756 4244 imperiti
1785 4175 1893 4229 hac
1925 4180 2116 4228 nostra
2140 4172 2459 4228 collectione
2490 4174 2568 4228 uti
2596 4175 2835 4230 valeant.

595 4269 717 4326 Non
746 4271 972 4325 deerant
1001 4267 1094 4338 qui
1118 4266 1313 4321 vellent
1353 4265 1624 4336 integrum
1669 4264 1755 4319 edi
1804 4272 2018 4320 textum
2049 4259 2318 4317 Biblicum
2345 4303 2361 4328 ,
2391 4263 2482 4318 alii
2507 4262 2868 4330 Hebraicum,
2905 4263 2997 4318 alii
3037 4260 3202 4328 LXX,
3222 4264 3312 4318 alii
3341 4280 3471 4320 vero
3500 4264 3788 4338 Vulgatam

527 4365 798 4434 Latinam,
833 4373 895 4420 ut
922 4365 1129 4420 scilicet
1153 4363 1246 4432 qui
1285 4359 1539 4431 Hexaptis
1568 4361 1796 4426 nostris,
1835 4359 1930 4414 ubi
1963 4367 2150 4414 textus
2180 4356 2388 4428 integer
2429 4359 2731 4415 secundum
2772 4359 2974 4414 nullam
3019 4359 3310 4414 editionem
3345 4360 3532 4425 adest,
3560 4362 3638 4415 uti
3675 4361 3787 4414 vel-

527 4461 662 4527 lent,
686 4461 760 4515 ibi
794 4467 970 4514 tamen
999 4465 1165 4512 totam
1193 4455 1488 4526 Scriptura:
1509 4454 1706 4510 seriem
1733 4453 2032 4510 secundum
2062 4452 2304 4522 aliquam
2337 4466 2405 4506 ex
2441 4452 2774 4507 editionihns
2806 4452 2874 4506 ad
2905 4465 3128 4506 manum
3162 4451 3444 4506 haberent.
3487 4449 3565 4506 Ne
3592 4451 3784 4519 multa,

529 4553 634 4609 lioc
655 4553 780 4608 item
807 4552 1095 4608 consilium
1143 4551 1511 4622 respuendum
1557 4550 1685 4605 duxi
1720 4548 2027 4618 :siquidem
2061 4562 2151 4603 res
2185 4547 2261 4601 ita
2309 4547 2633 4603 concinnata
2681 4556 2799 4613 est,
2828 4555 2888 4601 ut
2917 4548 3153 4618 quisque
3175 4546 3460 4602 commode
3487 4549 3682 4617 possit,
3702 4547 3788 4602 vel

529 4642 879 4708 llebraicnm,
901 4643 983 4697 vel
1017 4641 1158 4696 LXX
1195 4641 1539 4712 interpretes,
1569 4639 1653 4694 vel
1675 4637 1958 4708 Vulgatam
1983 4636 2254 4702 Latinam,
2279 4637 2364 4692 vel
2385 4638 2604 4693 demum
2637 4635 2936 4709 Polyglotta
2963 4639 3101 4707 ipsa,
3123 4639 3226 4695 hac
3247 4647 3512 4710 praesente
3531 4648 3584 4693 et
3600 4649 3785 4708 aperta

530 4733 897 4805 Hexaplorum
929 4732 1264 4798 collectione,
1288 4731 1594 4802 perlegere;
1626 4739 1790 4800 atque
1816 4729 1906 4784 ubi
1941 4735 2238 4798 suppetunt
2269 4735 2512 4781 veterum
2551 4727 2908 4796 interpretum
2935 4727 3217 4796 lectiones,
3259 4729 3479 4785 easdem
3523 4744 3647 4784 cum
3679 4745 3746 4784 eo
3766 4770 3783 4796 ,

529 4841 692 4898 quem
724 4843 836 4898 pra:
862 4827 1116 4881 manibus
1142 4825 1366 4892 habent,
1395 4823 1690 4895 Scriptura:
1716 4831 1866 4878 textu
1905 4819 2176 4886 conferre,
2208 4827 2268 4874 ut
2291 4819 2531 4889 plurium
2558 4819 2918 4890 interpretum
2956 4821 3162 4876 auxilio
3187 4835 3274 4876 res
3307 4820 3492 4874 minus
3531 4822 3670 4874 trita
3699 4820 3780 4876 vel

531 4923 776 4978 obscurae
807 4919 1020 4976 facilius
1048 4919 1272 4989 intelligi
1301 4925 1523 4988 queant.

605 5015 846 5088 Singulis
884 5014 1154 5086 capitibus
1186 5022 1344 5068 notas
1367 5011 1708 5083 subjicimus,
1739 5009 1832 5066 ubi
1865 5009 2042 5081 primo
2059 5009 2264 5066 dicitur
2285 5010 2558 5065 undenam
2586 5007 2854 5064 lectiones
2874 5018 3117 5064 veterum
3135 5009 3492 5080 interpretum
3515 5019 3785 5080 excerpta

529 5113 752 5170 fuerint.
783 5112 986 5167 Deinde
1029 5111 1074 5166 si
1103 5126 1209 5181 qua
1241 5113 1308 5165 ad
1360 5124 1545 5165 veram
1574 5107 1860 5163 lectionem
1902 5106 2254 5162 asserendam
2287 5117 2555 5176 oportuna
2581 5113 2892 5175 suppetant,
2915 5119 2977 5160 ea
3025 5105 3173 5160 clare
3217 5119 3318 5175 pro
3353 5103 3572 5160 modulo
3597 5115 3786 5160 nostro

530 5208 880 5279 proferimus.
901 5206 1044 5262 Loca
1063 5205 1283 5260 Patrum
1300 5219 1364 5259 ac
1383 5213 1622 5260 veterum
1643 5204 1969 5272 scriptorum
1992 5201 2276 5258 selectiora
2298 5201 2608 5271 adjicimus,
2632 5214 2824 5254 eorum
2851 5199 3089 5254 maxime
3115 5214 3349 5268 quorum
3374 5212 3562 5268 opera,
3591 5205 3784 5268 prater

531 5297 961 5370 ἀποσπασμάτιιι
975 5297 1186 5368 (exigua
1197 5295 1516 5365 fragmenta)
1530 5308 1651 5362 quae
1668 5293 1723 5346 in
1739 5291 1957 5346 Catenis
1969 5292 2352 5360 manuscriptis
2376 5300 2689 5362 supersunt,
2709 5290 2983 5360 deperdita
3001 5299 3149 5347 sunt.
3165 5289 3368 5345 Horum
3387 5305 3516 5345 vero
3533 5288 3781 5344 festivam

531 5391 744 5462 copiam
761 5390 1150 5445 animadvertet
1169 5387 1418 5442 eruditus
1448 5385 1638 5451 lector,
1664 5385 1966 5455 praasertim
1991 5385 2044 5439 in
2068 5383 2458 5442 Pentateucho.
2487 5387 2533 5440 Δ
2564 5385 2952 5456 prolixioribus
2981 5382 3454 5454 explanationibus
3477 5381 3782 5451 compendii

531 5499 700 5541 causa
731 5483 1114 5538 abstinuimus.
1146 5477 1264 5535 Non
1284 5479 1430 5535 enim
1459 5480 1521 5534 in
1543 5479 1824 5550 proposito
1860 5479 2018 5536 nobis
2053 5479 2156 5536 fuit
2181 5481 2572 5537 commentaria
2592 5497 2729 5536 nova
2761 5480 2815 5536 in
2850 5478 3186 5549 Scripturam
3220 5492 3434 5533 sacram
3463 5475 3650 5538 edere,
3685 5474 3781 5530 sed

529 5594 596 5636 ea
629 5578 807 5634 solum
845 5575 1037 5632 atferre
1058 5591 1182 5648 qua:
1201 5584 1444 5632 veterum
1470 5575 1828 5646 interpretum
1875 5575 2199 5633 lectionibus
2233 5575 2316 5632 vel
2344 5575 2602 5632 emendis
2625 5576 2708 5632 vel
2745 5573 3136 5632 confirmandis
3169 5571 3477 5630 necessaria
3499 5578 3674 5625 erant.
3701 5569 3777 5623 Ex

596 5701 667 5764 (α)
695 5698 1054 5764 Primigenium
1078 5699 1300 5749 ordinem
1315 5700 1678 5764 [partitionem
1717 5699 1909 5764 scilicet
1949 5702 2002 5749 in
2041 5701 2292 5752 columnas
2313 5713 2422 5756 sex,
2449 5697 2641 5764 abipao
2660 5698 2880 5764 Origene
2905 5698 3204 5764 institutum,
3225 5695 3537 5764 retlnuimus.

532 5751 707 5826 utique
740 5751 1154 5826 labor,_snmptus
1193 5751 1511 5826 grandioresl
1533 5774 1657 5826 quos
1679 5769 1844 5811 tamen
1867 5763 1917 5826 in
1955 5751 2161 5826 gratiam
2187 5751 2430 5826 tectorum
2463 5751 3078 5826 sub'eundos'receplmus.
3105 5751 3359 5811 Prodennt
3397 5767 3518 5817 ergo
3560 5751 3784 5817 curasti

531 5821 759 5889 reliqui:
778 5821 998 5888 non'jam
1017 5821 1217 5875 nomine
1240 5835 1402 5887 tenus,
1426 5823 1517 5874 sed
1540 5821 1658 5874 vere
1683 5834 1840 5883 nam
1861 5821 2157 5875 distribute.

929 5837 998 5876 un
1017 5821 1217 5875 nomine
1240 5835 1402 5887 tenus,
1426 5823 1517 5874 sed
1540 5821 1658 5874 vere
1683 5834 1840 5883 trum
1861 5821 2157 5875 distribute.
2184 5823 2318 5876 Ευιτ.
2345 5822 2557 5874 Panos.
