4122 6416
308 408 373 465 Π
1710 399 2094 456 ΡΒιΕΙδΑΤΙΟ.
3465 405 3532 461 18

309 521 485 579 Drusii
511 522 657 577 notis
684 535 777 576 eas
803 520 1111 589 delegimus
1126 526 1179 573 et
1207 514 1614 585 exscripsimus,
1647 531 1769 585 quae
1797 517 2043 571 utiliores
2077 531 2198 570 esse
2226 516 2564 571 videbantur.
2598 516 2747 574 Licet
2772 518 2918 574 enim
2948 518 3039 575 ille
3061 519 3268 575 strenui
3290 522 3526 591 scripto-

306 618 382 673 ris
417 631 614 669 munus
640 612 959 682 impleverit,
984 608 1355 679 grammaticis
1379 616 1557 661 tamen
1587 606 2062 673 adnotationibus,
2098 622 2198 677 pro
2221 622 2371 661 more
2395 622 2497 661 suo
2516 648 2532 674 ,
2568 608 2747 662 omnia
2770 609 2838 663 ad
2867 625 3125 666 nauseam
3152 627 3323 679 usque
3352 613 3531 682 reple-

308 708 403 773 vit,
438 706 511 760 ita
562 712 623 758 ut
667 718 753 758 res
806 700 1030 756 omnino
1063 700 1220 754 tritas
1241 707 1297 753 et
1329 697 1528 766 cuique
1570 697 1787 769 pervias
1830 697 2035 767 passim
2074 696 2263 751 allcrat
2293 712 2494 767 :quam
2523 712 2638 752 rem
2660 698 2763 767 ipsi
2789 739 2804 766 ,
2825 712 2926 755 nec
2952 700 3069 755 sine
3084 689 3362 769 ludibrio,
3396 700 3532 757 vitio

304 798 545 854 vertebat
561 794 831 865 Josephus
863 793 1122 862 Scaliger.

371 888 683 944 Euitionum
713 884 982 949 ordinem,
1008 897 1170 953 quem
1190 879 1447 952 Origenes
1467 879 1792 945 instituerat,
1823 879 2148 936 servandum
2180 879 2345 942 duxi,
2374 878 2447 934 ita
2484 888 2542 933 ut
2573 879 2747 949 primo
2772 880 2979 936 locetur
3001 879 3298 937 Hebraicus
3323 890 3527 949 textus,

302 985 495 1041 deinde
523 982 738 1053 Aquila,
783 988 909 1050 post
964 975 1344 1049 Symmachus,
1376 985 1570 1047 quarto
1600 977 1722 1031 loco
1750 974 1915 1039 LXX,
1946 983 2220 1045 postremo
2264 973 2565 1029 Theodotio
2598 992 2611 1027 :
2649 982 2811 1044 atque
2851 975 2939 1029 ubi
2969 982 3077 1030 tres
3107 976 3227 1029 aliae
3264 974 3531 1031 editiones

273 1083 277 1087 ’
302 1081 511 1151 quinta,
541 1086 694 1134 sexta
717 1085 771 1130 et
798 1074 1027 1145 septima
1050 1073 1335 1139 habentur,
1372 1072 1476 1127 illae
1499 1071 1808 1127 novissimae
1836 1072 2082 1125 omnium
2114 1079 2405 1139 ponantur.
2435 1066 2664 1128 Hebraei.
2690 1067 3051 1132 Sauiaritani,
3082 1076 3136 1123 et
3167 1066 3289 1139 Syri
3315 1068 3532 1125 Graecas

300 1162 800 1243 interpretationes:
812 1185 933 1241 qua:
962 1182 1350 1238 nonnunquam
1382 1177 1696 1231 occurrunt,
1727 1180 1938 1234 semper
1964 1174 2085 1235 post
2114 1163 2437 1218 Hebraicum
2464 1172 2667 1217 textum
2697 1170 2751 1216 et
2778 1170 2905 1217 ante
2928 1162 3065 1217 alias
3089 1161 3352 1218 editiones
3372 1162 3525 1218 Grae-

303 1282 394 1323 cas
425 1268 689 1321 locamus.
725 1262 999 1318 Hebraicze
1019 1261 1277 1316 lectiones
1309 1259 1428 1314 sine
1450 1257 1665 1329 punctis
1692 1257 2133 1326 motionibusque
2172 1255 2541 1310 Massoreticis
2576 1254 2666 1309 hic
2709 1268 2921 1323 semper
2953 1257 3307 1311 scribuntur:
3340 1268 3439 1309 nec
3465 1252 3535 1307 li-

303 1361 490 1416 berum
519 1359 624 1413 fuit
651 1370 809 1414 secus
832 1371 1011 1426 agere,
1036 1354 1163 1425 quia
1192 1361 1334 1409 nota
1361 1353 1463 1408 illa
1488 1352 1850 1408 Massoreticze
1876 1352 2174 1421 saepissime
2195 1351 2262 1406 ad
2290 1351 2459 1405 alium
2491 1364 2713 1406 sensum
2738 1350 3123 1418 determinant,
3146 1351 3532 1422 diversumque

300 1454 369 1508 ab
393 1466 459 1508 eo
478 1466 640 1522 quem
670 1451 744 1505 illi
761 1449 929 1505 secuti
960 1457 1106 1504 sunt.
1126 1446 1403 1502 Lineolam
1421 1455 1598 1500 tamen
1615 1444 1870 1513 Maccaph
1891 1444 2115 1507 dictam,
2135 1452 2193 1497 ut
2215 1444 2269 1497 in
2298 1443 2661 1499 Massoreticis
2682 1444 2831 1499 libris
2850 1454 3163 1513 usurpatur,
3195 1445 3529 1501 retinendam

300 1544 453 1607 duxi,
482 1543 607 1613 quia
640 1542 761 1611 ejus
787 1540 1024 1610 aliquam
1050 1540 1314 1594 rationem
1347 1537 1605 1592 habuisse
1624 1536 1875 1591 videntur
1911 1546 2120 1592 veteres
2142 1536 2253 1603 illi,
2291 1543 2353 1590 ut
2381 1549 2449 1590 ex
2485 1536 2662 1591 verbis
2688 1533 2968 1592 Hebraicis
2997 1535 3182 1610 Graece
3207 1536 3527 1609 descriptis,

299 1650 423 1708 quas
454 1643 765 1704 supersunt,
794 1632 1060 1703 liquidum
1082 1632 1319 1688 videtur.

370 1725 621 1782 Hebraici
655 1733 832 1780 textus
859 1723 1107 1778 Latinam
1137 1720 1637 1792 interpretationem
1660 1717 1944 1785 dedimus,
1974 1721 2190 1790 qualem
2238 1719 2437 1776 dedere
2471 1718 2664 1777 Santes
2696 1718 2973 1793 Pagninus
3005 1722 3088 1777 vel
3131 1719 3289 1779 Arias
3318 1720 3529 1778 Monta-

300 1833 404 1873 nus
432 1835 446 1873 :
481 1832 607 1871 nam
636 1817 957 1873 alterutrum
1000 1815 1114 1870 fere
1167 1815 1482 1885 sequimur;
1516 1813 1588 1868 ita
1618 1820 1796 1866 tamen
1830 1821 1890 1867 ut
1914 1814 2144 1883 quando
2172 1813 2247 1868 illi
2272 1815 2439 1870 nimio
2479 1813 2733 1884 scrupulo
2782 1814 3251 1885 interpretationes
3296 1815 3531 1870 eﬂerunt

301 1911 582 1975 barbaras,
633 1919 687 1966 et
710 1926 831 1980 quas
860 1911 952 1965 vix
983 1908 1352 1979 intelligantur
1371 1946 1386 1970 ,
1419 1907 1555 1961 alias
1597 1905 1990 1960 substituamus
2026 1907 2248 1975 paulum
2278 1906 2636 1977 elegantiores
2656 1915 2710 1961 et
2741 1906 3020 1961 clariores.
3051 1906 3154 1961 Vix
3190 1908 3335 1961 enim
3371 1923 3529 1977 aequo

299 2004 483 2060 animo
510 2003 676 2068 feras,
700 2002 931 2072 exempli
965 2017 1152 2065 causa,
1181 2016 1295 2067 eos,
1334 2000 1427 2054 ubi
1458 2007 1540 2084 ηδε
1570 2013 1669 2067 pro
1689 1999 1773 2051 ira
1810 1995 2092 2064 accipitur,
2119 1998 2264 2068 quod
2281 1998 2479 2068 passim
2506 1998 2786 2068 contingit,
2817 2015 3004 2053 nasum
3023 2007 3251 2061 vertere,
3270 2007 3324 2054 et
3340 2015 3528 2052 nasum

299 2096 418 2163 Dei,
439 2111 537 2168 pro
566 2097 652 2150 ira
684 2095 779 2150 Dei
813 2095 1015 2163 ubique
1040 2093 1403 2162 interpretari,
1435 2100 1495 2145 ut
1523 2098 1715 2146 caetera
1742 2098 1947 2145 taceam
1975 2088 2305 2160 κακοζηλίας
2336 2091 2600 2160 exempla.
2633 2089 2865 2147 Nomina
2893 2107 3023 2146 vero
3054 2093 3270 2161 prepria
3295 2106 3403 2145 non
3440 2106 3531 2148 88-

298 2189 535 2245 cundum
560 2187 963 2243 Massoreticam
987 2184 1292 2248 lectionem,
1321 2183 1417 2238 sed
1446 2190 1505 2237 ut
1529 2191 1738 2238 veteres
1764 2181 2043 2253 legebant,
2078 2189 2138 2236 ut
2172 2181 2464 2251 plurimum
2499 2182 2891 2253 esprimimus;
2923 2183 2969 2238 si
2996 2198 3154 2240 secus
3177 2182 3422 2252 accidat,
3444 2182 3528 2238 vel

300 2282 506 2337 incuria
534 2280 618 2336 vel
647 2282 800 2351 lapsu
827 2278 1284 2351 typographorum
1310 2276 1532 2332 accidit.
2020 2262 2025 2266 ’
2686 2258 2703 2273 ’

364 2371 673 2429 Αειετίεροε
701 2383 752 2428 et
803 2373 992 2427 obelos
1028 2371 1387 2442 apposuimus
1408 2409 1423 2435 ,
1456 2370 1771 2441 ubicunque
1821 2370 1876 2424 in
1909 2369 2293 2440 manuscriptis
2336 2370 2683 2427 notabantur.
2713 2369 2951 2427 Caeteros
2975 2380 3177 2435 autem,
3204 2372 3296 2442 qui
3320 2370 3525 2443 passim

295 2466 654 2523 occurrebant
671 2466 724 2519 in
751 2463 1008 2534 Hexaplis
1039 2462 1405 2534 Origenianis,
1427 2477 1676 2533 quosque
1697 2461 1812 2532 jam
1838 2462 2123 2517 restituere
2142 2460 2521 2517 difﬁcillimum
2549 2472 2709 2528 esset,
2729 2477 2837 2517 non
2862 2463 3253 2533 perquirendos
3280 2480 3401 2520 esse
3422 2482 3526 2535 pu-

298 2559 553 2616 tavimus.
579 2557 737 2625 Nam,
769 2566 828 2612 ut
848 2556 1025 2613 fusius
1045 2558 1099 2611 in
1127 2557 1586 2612 Praellmiuaribus
1616 2557 1847 2623 dicetur,
1876 2557 2261 2612 asteriscorum
2293 2556 2529 2612 maxima
2554 2572 2679 2627 pars
2700 2556 2863 2627 hujus
2891 2558 3105 2628 generis
3135 2566 3309 2625 erant,
3340 2569 3400 2614 ut
3429 2576 3528 2630 pa—

296 2668 418 2706 rum
454 2652 579 2707 inde
613 2652 750 2706 lucis
786 2651 855 2705 ad
895 2650 1198 2704 litterarum
1229 2648 1616 2704 Hebraicarum
1652 2648 2060 2719 intelligentiam
2103 2647 2403 2703 accederet.
2439 2648 2717 2718 Siquidem
2745 2658 2896 2703 tanto
2932 2649 3188 2719 scrupulo
3213 2648 3429 2704 fuerant
3454 2651 3527 2705 ab

294 2744 526 2817 Origene
574 2745 758 2817 positi,
809 2754 869 2800 ut
915 2744 999 2799 vel
1049 2758 1213 2813 quam
1242 2742 1495 2798 minimas
1518 2742 1811 2812 particulas
1846 2742 2303 2812 Hebraismosque
2331 2758 2543 2806 omnes,
2572 2743 2665 2812 qui
2696 2742 2884 2800 Grzeca
2919 2743 3101 2813 lingua
3132 2760 3240 2799 non
3271 2752 3531 2815 poterant

292 2842 558 2899 concinnae
613 2839 907 2906 enuntiari,
955 2838 1158 2908 quique
1191 2836 1324 2891 nihil
1356 2839 1423 2892 ad
1470 2852 1691 2893 sensum
1740 2837 2045 2904 faciebant,
2077 2837 2385 2907 importuna
2418 2838 2674 2910 ἀκριϐείᾳ
2705 2846 2973 2894 notarent.
3014 2837 3169 2895 Tunc
3187 2854 3318 2895 vero
3351 2841 3529 2896 solum

290 2934 537 2991 asterisci
558 2943 612 2989 et
638 2948 700 2989 ea
731 2948 851 3003 quae
876 2932 1152 2989 asteriscis
1175 2932 1555 2988 indicabantur
1586 2932 1737 2987 utilia
1758 2943 1931 2999 erant,
1963 2947 2085 2987 cum
2112 2933 2384 2989 clausulas
2406 2943 2501 2988 aut
2530 2933 2692 2991 verba
2724 2948 2755 2988 a
2782 2932 2924 2987 LXX
2962 2933 3349 3005 lnterpretibus
3388 2950 3531 3007 prae-

293 3030 544 3087 termissa
576 3030 907 3084 exhibebant
935 3048 949 3084 :
986 3029 1150 3099 hujus
1177 3037 1357 3084 autem
1392 3028 1606 3100 generis
1635 3029 1926 3085 asteriscos
1954 3043 2172 3084 summo
2220 3029 2403 3085 studio
2434 3029 2857 3099 perquisivimus
2877 3070 2893 3098 ,
2923 3031 3018 3101 qui
3051 3031 3097 3087 si
3125 3047 3247 3087 cum
3281 3032 3403 3088 aliis
3434 3047 3528 3087 su-

291 3124 641 3193 pervacaneis
676 3132 1084 3192 comparentur,
1133 3123 1449 3192 paucissimi
1495 3133 1643 3179 sunt.
1673 3123 1824 3179 Obeli
1863 3134 2066 3189 autem,
2113 3139 2176 3179 ea
2207 3139 2329 3195 qua:
2355 3124 2410 3178 in
2440 3123 2581 3177 LXX
2612 3124 2998 3195 lnterpretibus
3026 3126 3402 3182 redundabant
3432 3129 3531 3183 ad-

292 3229 561 3282 notantes,
616 3217 969 3287 assequeudze
1028 3215 1436 3287 Scripturarum
1486 3219 1676 3286 menti,
1732 3228 1794 3275 ut
1843 3219 2139 3290 plurimum
2169 3219 2360 3275 saltem
2381 3258 2396 3283 ,
2424 3234 2615 3289 parum
2650 3218 3044 3275 conducebant.
3078 3220 3443 3287 Quamobrem
3475 3224 3529 3279 id

288 3315 524 3368 maxime
543 3311 877 3379 curavimus,
901 3319 961 3366 ut
981 3327 1144 3382 quam
1176 3312 1438 3380 plurimas
1461 3328 1743 3382 possemus
1764 3324 2010 3369 veterum
2037 3314 2389 3384 interpretum
2419 3314 2677 3368 lectiones
2700 3313 2946 3369 studioso
2968 3315 3152 3371 lectori
3185 3316 3524 3374 oﬂ‘erremus.

360 3407 546 3464 Sicubi
583 3422 750 3477 porro
780 3406 1091 3477 hujusmodi
1126 3406 1388 3463 lectiones
1414 3406 1604 3462 Latine
1632 3416 1840 3463 tantum
1872 3409 1953 3463 vel
1982 3407 2051 3462 ab
2079 3407 2407 3478 Hieronymo
2433 3407 2515 3461 vel
2540 3407 2608 3462 ab
2638 3407 2908 3479 Hesychia
2932 3407 3253 3477 afferuntur,
3282 3424 3348 3465 ex
3378 3409 3529 3466 Lati-

286 3503 375 3559 nis
403 3504 589 3559 Graeca
616 3502 797 3559 facere
818 3503 937 3559 sine
968 3501 1203 3572 alicujus
1227 3516 1330 3556 ms.
1361 3502 1685 3558 auctoritate
1718 3512 1993 3558 tentavere
2030 3502 2249 3573 quidam
2287 3518 2301 3555 :
2327 3500 2624 3572 Graecaque
2670 3501 2985 3572 hujusmodi
3014 3502 3338 3574 fragmenta,
3369 3507 3529 3577 quasi

286 3614 603 3669 germanum
634 3597 865 3668 Aquilae,
927 3596 1261 3668 Symmachi,
1313 3595 1701 3652 Theodotionis
1746 3606 1803 3653 et
1851 3598 2080 3651 aliorum
2110 3605 2353 3665 textum,
2386 3597 2442 3653 in
2477 3597 2653 3653 lucem
2688 3599 3007 3655 emiserunt.
3040 3599 3114 3655 Ex
3154 3602 3353 3672 talique
3388 3619 3529 3658 ausu

287 3692 608 3761 plerumque
639 3692 838 3747 accidit
865 3699 925 3747 ut
957 3692 1118 3762 longe
1145 3690 1419 3760 disparata
1444 3705 1545 3761 pro
1573 3692 1716 3747 veris
1745 3692 2165 3760 substituantur,
2195 3693 2338 3762 quod
2366 3691 2666 3762 saepissime
2692 3692 2899 3763 experti
2929 3706 3143 3760 sumus,
3169 3709 3292 3753 cum
3317 3707 3528 3768 reperta

287 3800 415 3839 vera
443 3786 692 3849 lcetione,
718 3785 863 3841 illius
884 3785 1001 3840 sine
1031 3786 1353 3840 auctoritate
1374 3783 1581 3839 codicis
1610 3783 1845 3854 alicujus
1871 3783 2183 3840 substitute:
2211 3783 2410 3838 νωθεία
2440 3785 2737 3855 conspicua
2760 3784 2880 3840 fuit.
2904 3784 3015 3843 Nec
3042 3786 3287 3856 improbo
3318 3779 3525 3857 tamen,

285 3882 510 3951 quando
539 3881 876 3950 exploratum
915 3889 999 3934 est
1031 3896 1100 3934 ex
1129 3879 1329 3950 quibus
1355 3878 1558 3935 Graecis
1588 3879 1771 3934 verbis
1803 3877 1994 3934 Latina
2022 3881 2332 3945 manarint,
2364 3879 2411 3935 si
2447 3888 2577 3935 tunc
2604 3879 2720 3949 ipsa
2744 3879 2930 3936 Graeca
2974 3882 3139 3937 verba
3171 3883 3477 3940 iudicentur
3507 3902 3524 3942 :

280 3971 515 4041 exenipli
540 3985 726 4035 causa,
762 3971 808 4026 si
833 3970 960 4039 quis
982 3979 1223 4025 veterum
1275 3970 1481 4026 diceret
1523 3970 1734 4040 Aquilae
1763 3970 2048 4025 lectionem
2095 3971 2176 4026 sic
2205 3971 2423 4037 habere,
2463 3980 2512 4025 et
2541 3972 2598 4025 in
2625 3972 2832 4025 nomine
2851 3971 2967 4040 ejus
3001 3982 3176 4042 gentes
3202 3976 3487 4044 sperabunt
3507 4014 3527 4043 ,

282 4054 419 4120 ‘unc
443 4065 561 4119 sine
590 4065 831 4134 periculo
870 4064 977 4119 dici
1007 4073 1190 4134 posset
1217 4063 1403 4120 Graeca
1437 4063 1520 4118 sic
1553 4063 1829 4127 habuisse,
1869 4080 1910 4116 κε

1898 4064 1963 4116 ιαὶ
1985 4066 2043 4118 ὲν
2070 4063 2147 4135 τῷ
2169 4063 2390 4134 ὀνόματι
2420 4062 2584 4118 αὐτοῦ
2612 4062 2681 4116 τὰ
2708 4062 2836 4134 ἔθνη
2858 4062 3121 4119 ἐλπιοῦσι.
3153 4065 3222 4121 At
3249 4066 3341 4121 illo
3360 4067 3526 4123 etiam

282 4170 421 4214 casu
451 4139 755 4213 monendus
787 4166 931 4213 esset
962 4158 1135 4212 lector
1156 4155 1344 4213 Graeca
1364 4172 1429 4212 ex
1456 4155 1667 4213 Latinis
1696 4156 1842 4213 facta
1881 4156 2071 4225 fuisse,
2099 4159 2247 4229 quod
2276 4159 2439 4213 etiam
2469 4173 2683 4214 summa
2715 4158 2976 4229 religione
3001 4161 3352 4230 praastitimus
3379 4178 3394 4215 :
3422 4162 3527 4217 hu-

280 4247 633 4321 jusmodique
652 4248 770 4303 loca
795 4262 1010 4318 semper
1031 4247 1247 4304 uncinis
1270 4247 1616 4315 inclusimus,
1665 4262 1791 4304 cum
1819 4249 1902 4305 vel
1924 4264 1991 4303 ex
2021 4247 2232 4305 Latinis
2272 4246 2413 4303 facta
2434 4288 2449 4315 ,
2477 4249 2560 4304 vel
2589 4249 2810 4305 aliunde
2835 4249 3002 4305 dubia
3029 4250 3187 4307 nobis
3214 4266 3338 4307 esse
3371 4252 3522 4309 vide-

281 4345 507 4401 bantur.

388 4433 693 4491 Monendus
742 4442 827 4490 est
883 4434 1149 4489 candidus
1190 4433 1382 4501 lector,
1428 4442 1490 4488 ut
1528 4449 1651 4514 cum
1698 4433 1816 4490 loca
1877 4434 2123 4505 quaedam
2159 4434 2213 4490 in
2246 4433 2616 4489 Pentateucho
2648 4434 2934 4492 consulere
2964 4433 3226 4502 voluerit,
3256 4447 3363 4489 non
3400 4448 3522 4490 eam

279 4530 467 4597 modo,
490 4545 612 4601 quae
637 4529 692 4584 in
722 4529 988 4600 principio
1012 4530 1192 4599 posita
1228 4537 1332 4595 est,
1387 4528 1749 4598 llmplorum
1777 4529 2177 4593 collectionem,
2214 4529 2309 4584 sed
2360 4529 2524 4585 etiam
2567 4528 2930 4599 Appendicem
2964 4544 3179 4599 semper
3207 4530 3368 4585 adeat
3399 4548 3414 4585 :
3448 4531 3524 4587 ibi

281 4640 521 4697 namque
544 4624 777 4696 plurima
827 4623 1059 4694 reperiet
1086 4624 1329 4679 nondum
1376 4623 1662 4679 observata
1697 4624 1854 4680 nobis
1887 4640 2013 4679 cum
2041 4623 2468 4679 Pentateuchum
2511 4623 2819 4689 ederemus,
2843 4623 3135 4693 aliquando
3166 4623 3332 4679 etiam
3365 4610 3525 4694 plura

279 4735 446 4792 quam
472 4735 527 4773 In
558 4718 827 4790 principio
852 4726 1233 4789 posueramus.
1265 4717 1548 4775 Lectiones
1598 4719 1668 4774 ibi
1707 4720 1910 4786 multae,
1944 4719 2112 4790 ignoti
2146 4727 2304 4775 antea
2339 4717 2683 4788 interpretis,
2720 4733 2823 4773 suo
2866 4718 3081 4775 auctori
3118 4721 3522 4788 restituuntur;

278 4813 402 4868 aliae
430 4828 586 4869 secus
620 4813 808 4883 posita
831 4813 1210 4867 emendantur.
1236 4811 1389 4869 Hanc
1408 4821 1589 4869 auwm
1623 4813 1969 4871 Collectionis
2003 4822 2204 4870 nostra
2228 4823 2438 4884 partem
2468 4814 2588 4868 ideo
2613 4813 2670 4867 in
2700 4813 2836 4881 line,
2860 4813 3191 4884 Appendicis
3223 4828 3377 4870 more
3397 4853 3413 4880 ,
3439 4814 3521 4870 lo-

275 4909 545 4972 cavimus,
570 4909 700 4979 quia
729 4908 797 4964 ad
829 4909 1213 4964 bibliothecam
1241 4908 1653 4976 Coislinianam,
1682 4924 1748 4965 ex
1780 4910 1937 4980 cujus
1964 4910 2149 4966 codice
2176 4906 2474 4980 perinsigni
2498 4908 2759 4965 lectiones
2796 4909 2916 4964 illas
2940 4910 3270 4979 posteriores
3291 4906 3523 4963 mutuati

273 5020 493 5070 sumus,
522 5005 727 5061 aditum
757 5005 1047 5075 impetrare
1075 5005 1420 5075 nequivimus
1438 5005 1538 5077 (α),
1565 5006 1737 5061 donec
1762 5006 1818 5060 in
1839 5005 1959 5075 ejus
1981 5005 2383 5075 possessionem
2405 5003 2616 5059 veniret
2641 5003 3043 5059 illustrissimus
3068 5002 3222 5058 Dom.
3256 5001 3523 5058 Henricus

272 5099 508 5158 Carolus
533 5099 605 5155 du
633 5098 901 5156 Cambout
923 5100 990 5156 de
1009 5098 1239 5165 Coisliu,
1273 5100 1383 5156 dux
1414 5110 1468 5156 et
1511 5116 1612 5173 par
1637 5101 1882 5157 Francia:
1901 5142 1917 5168 ,
1938 5102 2231 5172 episcopus
2259 5098 2539 5167 Metensis,
2576 5098 2925 5156 Coislinianae
2956 5098 3178 5155 familiae
3205 5099 3392 5164 decus,
3426 5098 3524 5168 qui

272 5213 378 5268 pro
408 5196 593 5251 innata
624 5195 1001 5251 beneficientia
1031 5196 1248 5251 codices
1295 5196 1455 5252 nobis
1505 5198 1574 5253 ad
1628 5205 1822 5253 nutum
1874 5195 2260 5266 suppeditavit.
2287 5193 2412 5252 Haec
2442 5206 2609 5265 porro
2652 5194 2978 5251 bibliotheca
3019 5193 3521 5263 manuscriptorum

269 5288 589 5345 Graecorum
618 5287 774 5357 copia
805 5289 1013 5358 paucis,
1040 5289 1357 5359 praestantia
1379 5305 1507 5346 vero
1534 5298 1589 5346 et
1614 5291 1939 5362 antiquitate
1961 5289 2096 5346 nulli
2126 5290 2394 5346 concedit.
2429 5287 2635 5346 Horum
2671 5289 2981 5361 catalogum
3022 5287 3361 5358 peramplum
3395 5301 3521 5358 pre-

268 5385 540 5455 tiosisque
560 5382 839 5440 anecdotis
867 5384 1005 5439 bene
1026 5384 1212 5440 multis
1234 5384 1560 5442 instructum
1598 5386 1702 5442 sub
1736 5387 1855 5457 ejus
1886 5386 2148 5456 auspiciis
2181 5400 2461 5455 paramus,
2490 5383 2800 5455 prapediem
2827 5383 2881 5438 in
2910 5384 3087 5438 lucem
3119 5380 3411 5436 edendum.

343 5480 516 5536 Solita
549 5495 678 5550 erga
710 5496 813 5537 nos
836 5481 1172 5536 humanitate
1197 5494 1412 5551 semper
1448 5496 1583 5537 usus
1614 5490 1699 5537 est
1724 5482 2129 5538 illustrissimus
2163 5482 2333 5536 abbas
2359 5482 2428 5537 de
2454 5480 2713 5546 Loaivois,
2736 5478 3085 5539 Bibliothecae
3116 5474 3299 5547 Regiae
3326 5472 3522 5545 praefe-

266 5584 415 5644 ctus,
444 5576 537 5648 qui
567 5592 666 5646 pro
691 5583 822 5632 voto
845 5575 1003 5632 nobis
1027 5576 1205 5647 regios
1240 5577 1455 5632 codices
1477 5577 1705 5645 obtulit,
1734 5592 1970 5648 quorum
2001 5592 2161 5633 usum
2198 5575 2426 5646 singulae
2463 5574 2632 5629 ferme
2670 5571 2836 5642 hujus
2878 5570 3058 5640 operis
3087 5574 3296 5641 paglnze
3321 5567 3516 5625 testiﬁ-

264 5681 485 5726 cantur.
520 5668 730 5728 Ofﬁciis
762 5672 891 5727 item
920 5672 1036 5728 suis
1056 5687 1158 5729 nos
1187 5673 1436 5729 certatim
1469 5674 1744 5742 prosecuti
1772 5684 1901 5732 sunt
1926 5714 1941 5740 ,
1968 5672 2032 5728 V.
2057 5670 2140 5728 Cl.
2166 5671 2425 5729 Nicolaus
2453 5670 2727 5733 Clemens,
2773 5666 2841 5722 de
2860 5666 3018 5737 cujus
3038 5666 3191 5721 obitu
3220 5665 3514 5720 admodum

335 5765 407 5828 (α)
430 5766 695 5834 Lectiones
717 5764 1222 5834 codicls_Coislin_lani,
1246 5781 1369 5834 quas
1393 5769 1441 5816 in
1467 5770 1742 5834 appendlce
1765 5769 2046 5833 conjecerat
2067 5765 2498 5828 Montelalconius,
2539 5764 2600 5815 ad
2622 5765 2890 5828 capitulum
2926 5762 3331 5826 unumquodque,
3374 5772 3514 5821 cujus

266 5835 406 5891 sunt,
440 5829 740 5880 revocandas
759 5829 1054 5881 curavimus.
1082 5829 1221 5881 Enn.
1256 5829 1467 5880 Pnaos.
1499 5829 1515 5895 ξ
