4122 6430
548 353 624 416 19
1911 355 2427 418 PRELIMINARIA
3731 375 3808 432 ω

551 471 848 540 doluimus,
874 481 928 528 et
955 472 1359 530 eruditissimus
1407 473 1649 532 Joannes
1677 475 1982 546 Boivinius,
2034 481 2336 537 litterarum
2375 483 2618 538 omnium
2644 525 2658 550 ,
2693 487 3039 560 maximeque
3071 489 3402 561 Graecarum,
3449 492 3639 550 notitia
3665 497 3807 552 cele-

551 563 692 623 bris.

623 658 969 714 Bibliotheca:
993 658 1319 716 Colbertina:
1351 661 1640 719 thesauros
1666 665 1826 720 nobis
1860 667 2073 736 aperuit
2102 670 2592 738 prastantissimus
2617 672 2787 730 abbas
2827 675 2895 730 de
2919 674 3238 750 Seignelay,
3271 679 3499 750 ejusque
3529 680 3686 750 jussu
3709 696 3808 739 eo-

548 755 696 811 dices
726 755 882 810 nobis
912 769 1011 822 pro
1040 763 1166 810 voto
1193 758 1558 813 commodavit
1585 757 1648 812 ν.
1671 759 1753 815 Cl.
1781 761 1853 816 du
1885 761 2118 829 Chesne,
2145 763 2388 833 ejusdem
2417 765 2753 823 bibliothecae
2779 779 2982 824 custos.
3011 769 3456 828 Vetustissimum
3497 776 3808 844 pulcherri-

551 865 809 920 mumque
836 849 1226 920 Pr0phetarum
1255 853 1516 918 codicem,
1543 864 1765 924 rogante
1789 855 2079 913 Maecenate
2111 870 2298 914 nostro
2338 861 2776 918 eminentissimo
2809 864 3074 919 cardinali
3118 865 3420 934 d'Estrées,
3452 883 3482 923 a
3519 867 3636 922 RR.
3695 867 3803 924 PP.

548 945 773 1002 Jesuitis
805 946 872 1000 ad
899 956 1136 1014 quatuor
1160 949 1335 1003 solum
1365 948 1482 1004 dies
1513 950 1923 1020 impetravimus
1955 972 1968 1006 :
1997 955 2260 1024 pluraque
2284 955 2410 1010 inde
2426 958 2734 1027 excerpturi
2758 974 3001 1025 eramus,
3030 960 3076 1015 si
3094 960 3495 1016 diuturniorem
3517 962 3570 1016 in
3595 978 3661 1017 eo
3679 977 3808 1032 ope-

553 1055 672 1094 ram
695 1055 897 1110 ponere
926 1039 1190 1096 licuisset.
1217 1042 1431 1099 Gratias
1457 1046 1584 1100 item
1608 1047 1871 1103 habemus
1895 1050 2163 1106 maximas
2188 1051 2508 1107 doctissimo
2536 1054 2805 1125 nobisque
2836 1056 3172 1112 amicissimo
3196 1055 3447 1112 Michaeli
3472 1056 3711 1128 Lequien
3738 1073 3806 1116 ex

553 1133 746 1188 ordine
768 1133 1206 1204 praedicatorum,
1227 1137 1320 1205 qui
1351 1136 1625 1194 Francisci
1656 1138 1969 1198 Combefisii
2022 1144 2254 1201 schedas
2283 1145 2442 1203 nobis
2475 1148 2712 1218 obtulit,
2741 1151 2886 1206 unde
2913 1166 3025 1207 non
3060 1152 3394 1222 spernendas
3421 1153 3478 1208 in
3507 1153 3703 1210 Genesi
3746 1161 3806 1212 et

552 1227 739 1284 Exodo
768 1237 1010 1285 veterum
1035 1230 1295 1286 lectiones
1321 1235 1712 1302 excerpsimus.

621 1322 681 1379 In
729 1323 884 1380 Italia
925 1341 1036 1382 non
1077 1341 1250 1396 pauca
1287 1342 1355 1382 ex
1385 1328 1665 1386 codicibus
1695 1329 1972 1390 Vaticanis
2013 1335 2245 1391 mutuati
2291 1351 2520 1403 sumus,
2559 1337 2718 1410 longe
2742 1339 2900 1409 plura
2935 1340 3217 1397 collecturi
3239 1343 3286 1398 si
3313 1342 3624 1398 liberiorem
3649 1344 3808 1399 nobis

551 1417 758 1475 aditum
785 1419 1004 1477 fecisset
1035 1421 1085 1478 is
1116 1422 1210 1492 qui
1229 1433 1342 1478 tum
1373 1423 1741 1482 celeberrima:
1764 1427 1910 1484 illius
1939 1428 2291 1488 Bibliotheca
2328 1441 2516 1488 custos
2540 1443 2678 1489 erat.
2709 1433 2882 1490 Multo
2921 1436 3242 1506 ampliorem
3276 1436 3570 1492 lectionum
3592 1437 3805 1506 copiam

551 1516 916 1585 suppeditavit
945 1516 1272 1574 bibliotheca
1307 1517 1424 1579 RR.
1447 1518 1554 1575 PP.
1593 1520 1651 1577 S.
1679 1520 1867 1579 Basilii
1914 1523 2122 1592 Romae,
2149 1527 2310 1598 cujus
2353 1529 2574 1585 codices
2615 1545 2716 1600 pro
2755 1540 2884 1586 voto
2914 1531 2983 1586 ad
3011 1547 3236 1586 manum
3272 1547 3488 1602 semper
3517 1533 3810 1588 habuimus

549 1610 816 1667 beneflcio
862 1614 1302 1670 reverendissimi
1345 1613 1410 1670 P.
1449 1613 1594 1673 Petri
1645 1618 1912 1688 Mennitii,
1947 1621 2114 1677 totius
2159 1623 2372 1679 ordinis
2409 1624 2650 1696 pmfecti
2681 1626 2986 1697 generalis,
3010 1627 3104 1697 qui
3128 1627 3327 1682 studiis
3355 1626 3560 1682 nostris
3592 1639 3810 1696 semper

549 1704 704 1773 favit,
735 1715 791 1763 et
814 1708 1134 1780 rogantibus
1161 1726 1444 1782 nunquam
1470 1711 1664 1769 defuit.

978 2110 1856 2266 ΡΒΜΙΜΙΝΑΒΙΑ
1975 2111 2103 2266 ΙΝ

2222 2113 2725 2270 IEXAPLA
2830 2114 3369 2273 (illIGE'NIS

1683 2553 2064 2645 CAPUT
2137 2554 2664 2644 PRIMUM.

1135 2740 1228 2804 De
1289 2741 1735 2823 Tetraplorum
1785 2751 1978 2824 a'que
2014 2743 2456 2824 Hexaplorum
2495 2742 2871 2806 nominibus
2901 2740 3211 2806 etforma.

550 2899 593 2956 Ι.
628 2900 982 2970 Tetraploruln
1021 2909 1077 2954 et
1117 2903 1456 2970 Hexaplorum
1478 2909 1629 2970 varia
1661 2908 1886 2970 nomina.
1928 2906 1991 2956 Il.
2014 2906 2112 2958 Cur
2129 2906 2363 2970 Tetrapla
2383 2911 2436 2955 et
2478 2905 2704 2970 Hexapla
2733 2905 3342 2970 Qrigengadprnaverit.
3375 2904 3561 2970 llI._An
3587 2907 3812 2970 Hexapla

612 2966 754 3032 prius
774 2965 1197 3032 quam_'l‘et_rapla.
1221 2965 1419 3032 Certum
1442 2968 1892 3032 videturiTetrapla
1914 2973 2050 3032 prius
2069 2983 2214 3032 quam
2239 2965 2466 3032 Ilexapla
2489 2965 2724 3017 adornata
2745 2965 2910 3032 fuisse.
2939 2966 3016 3016 IV.
3038 2968 3425 3032 A0u_q_tempore_
3445 2968 3669 3031 Hexapla
3691 2965 3809 3019 coo-

612 3026 905 3092 cinnaverit.
927 3026 986 3092 Υ.
1015 3026 1120 3092 Qua
1149 3030 1352 3092 ratione
1373 3028 1626 3091 Tetrapla,
1647 3026 1869 3092 Hexap'Ia
1899 3026 1951 3079 et
1981 3026 2195 3092 Octapla
2226 3026 2495 3091 digesserit
2511 3065 2539 3092 ,_
2569 3032 2794 3092 itemque
2831 3030 3099 3092 Enneapla.
3118 3028 3212 3092 _Vl.
3251 3026 3302 3079 lli
3325 3029 3507 3092 quibus
3541 3026 3810 3092 Scriptura

615 3086 758 3154 libris
781 3089 1029 3154 tresalias
1039 3089 1288 3154 editiones
1311 3086 1549 3152 Hexaplis
1569 3086 1829 3142 addiderit.
1854 3093 1959 3142 VII.
1995 3092 2070 3141 De
2095 3086 2225 3140 notis
2249 3086 2304 3138 in
2323 3086 2622 3154 margigibus
2644 3086 2980 3154 Hexaplorum
3005 3086 3076 3140 'ab
3107 3090 3326 3152 Origene
3344 3086 3555 3154 'positis.
3585 3086 3708 3142 Vill.
3736 3095 3808 3142 Au

611 3148 905 3217 Samaritanl
930 3157 982 3217 et
1001 3151 1122 3217 Syri
1135 3152 1376 3217 lectiones
1397 3148 1774 3217 in'marginibus
1795 3154 2131 3216 Hexaplorum
2157 3154 2408 3202 locaverit.
2429 3148 2536 3202 'IX.
2564 3149 2738 3202 Utrum
2775 3148 3007 3216 Origenis
3031 3148 3257 3214 tempore
3297 3148 3588 3204 Sainaritani
3615 3161 3670 3204 et
3697 3154 3809 3215 Syri

607 3210 792 3262 Gracia
821 3213 1080 3262 versiones
1097 3211 1300 3263 fuerint.

653 3315 695 3371 l.
733 3316 1098 3388 Tetraplarum
1124 3326 1175 3374 et
1202 3317 1565 3390 Hexaplorum
1600 3323 1749 3376 varia
1779 3323 2012 3376 nomina.

619 3407 753 3475 Quae
771 3408 840 3465 de
870 3408 1249 3482 Tetraplorum
1309 3419 1364 3467 et
1400 3411 1766 3484 Hexaplorum
1809 3414 2127 3490 nominibus

548 3500 750 3556 dicturi
771 3517 987 3568 sumus,
1015 3502 1282 3572 nondum,
1313 3515 1373 3559 ut
1409 3517 1576 3576 puto,
1615 3506 1907 3564 observata
1949 3505 2123 3573 fuere,

548 3607 720 3663 quare
753 3593 841 3648 vel
888 3593 1005 3663 ipsa
1051 3594 1286 3650 novitate
1316 3596 1582 3666 placitura
1639 3613 1761 3655 esse
1790 3598 2124 3669 sperandum

547 3693 653 3739 est.
685 3681 939 3756 Tetrapla
962 3697 1016 3741 et
1053 3683 1314 3756 Hexapla,
1347 3689 1428 3744 sic
1461 3688 1516 3743 in
1561 3687 1759 3758 plurali
1802 3692 2124 3761 exprimun-

549 3783 640 3829 tur
661 3775 730 3830 ab
753 3774 1008 3847 Origene,
1042 3777 1302 3844 Eusebio,
1332 3777 1638 3849 Epiphanio
1677 3789 1732 3836 et
1767 3779 2122 3854 Hieronymo,

546 3866 866 3938 Τετμπλᾶ,
901 3867 1163 3934 Ἐξαπλᾶ,
1187 3869 1552 3940 videnturque
1567 3871 1641 3926 ita
1665 3872 1919 3942 primitus
1942 3873 2128 3943 appel-

545 3959 658 4016 lata
689 3959 880 4017 fuisse.
929 3960 1127 4017 Verum
1153 3962 1247 4017 alii
1279 3963 1602 4034 posterioris
1640 3966 1740 4020 :evi
1763 3965 1940 4021 Graeci
1989 3966 2128 4021 scri-

546 4061 732 4125 ptores
762 4052 1104 4124 frequentius
1133 4054 1488 4128 Τετραπλοῦν
1513 4066 1569 4112 et
1608 4057 1908 4125 Ἐξαπλοῦν
1933 4059 1988 4113 in
2012 4059 2128 4115 sin-

546 4145 722 4216 gulari
749 4145 1023 4211 dicebant,
1073 4145 1381 4216 Tetraplum
1413 4148 1667 4205 videlicet
1717 4158 1773 4205 et
1800 4148 2125 4221 Bezaplum,

549 4245 608 4291 ut
635 4237 838 4307 passim
869 4239 1276 4297 animadvertas
1305 4241 1363 4297 in
1401 4243 1546 4298 notis
1580 4243 1744 4313 hujus
1786 4245 1989 4314 operis.
2035 4243 2129 4300 Sic

547 4327 602 4382 in
630 4337 757 4384 nota
785 4329 854 4384 ad
883 4330 1136 4386 ultimum
1169 4342 1334 4403 caput
1366 4333 1491 4388 libri
1515 4331 1561 4387 II
1591 4333 1799 4406 Regum
1823 4375 1838 4400 ,
1869 4337 1930 4389 ὲν
1959 4335 2016 4389 δὲ
2048 4335 2128 4406 τῷ

557 4417 828 4492 Ἐξαπλῷ,
872 4423 1109 4488 καὶτοῖς
1153 4423 1568 4497 ἀκριϐεστέροις
1611 4427 1722 4480 τῶν
1753 4428 2125 4499 ἀντιγράφων,

545 4507 603 4562 in
629 4507 869 4579 Hexaplo
901 4522 1080 4566 autem
1106 4521 1156 4566 et
1179 4513 1236 4566 in
1257 4514 1681 4568 accuratioribus
1712 4514 2124 4584 exemplaribus,

545 4607 653 4653 etc.
690 4597 755 4653 Et
792 4599 919 4655 alibi
951 4600 1284 4672 frequenter,
1313 4606 1554 4661 maxime
1595 4605 1652 4660 in
1694 4605 1852 4661 libris
1891 4604 2124 4677 Regum.

2147 3325 2199 3384 Α
2225 3318 2569 3374 emendatum
2599 3316 2770 3373 fuisse
2793 3317 2867 3390 μὴ
2898 3320 2965 3390 τῇ
2993 3317 3132 3372 Σιὼν
3156 3357 3172 3382 ,
3210 3319 3450 3388 nunquid
3487 3317 3640 3373 Siom'
3660 3360 3675 3383 ,
3707 3335 3807 3374 ex-

2229 3418 2428 3479 puncta
2461 3409 2636 3463 littera
2661 3425 2714 3479 ρ.
2743 3407 2996 3478 Tetrapla
3033 3409 3198 3480 igitur
3227 3409 3623 3480 Τετρασέλιδον
3649 3449 3665 3473 ,
3700 3408 3807 3464 IIe-

2227 3502 2388 3573 xapla
2417 3516 2542 3556 vero
2603 3499 2944 3568 Ἐξασέλιδον
2967 3539 2984 3564 ,
3035 3500 3320 3569 sextuplex
3365 3500 3622 3555 columna
3661 3501 3810 3556 diee-

2227 3596 2447 3659 bautur,
2483 3601 2542 3647 ut
2567 3593 2756 3648 videas
2782 3595 2839 3646 in
2874 3601 3003 3645 nota
3035 3591 3105 3646 ad
3145 3606 3266 3661 cap.
3297 3605 3328 3644 v
3361 3590 3600 3647 Hichaea:
3630 3611 3644 3647 :
3679 3594 3806 3664 quia

2227 3682 2480 3754 Tetrapla
2520 3680 2796 3752 Origenis,
2827 3690 3064 3751 quatuor
3091 3682 3370 3738 versiones
3394 3683 3622 3754 Aquilae,
3649 3685 3809 3757 Sym-

2226 3777 2431 3840 machi,
2466 3773 2608 3828 LXX
2630 3775 2992 3842 lnterpretum
3013 3782 3068 3828 et
3097 3773 3490 3832 Theodotionis
3521 3793 3616 3847 per
3656 3780 3810 3833 colu-

2227 3881 2387 3921 mnas
2410 3881 2443 3921 e
2469 3865 2691 3936 regione
2727 3865 2941 3935 positas
2979 3867 3520 3936 complectebantur;
3569 3869 3807 3942 Hexapla

2227 3971 2360 4012 vero
2392 3965 2602 4011 textum
2632 3956 2962 4013 Hebraicum
2988 3958 3186 4014 litteris
3215 3958 3499 4016 Hebraicis
3522 4002 3537 4024 .
3575 3971 3630 4015 et
3658 3978 3689 4016 e
3723 3979 3808 4016 re-

2227 4047 2389 4119 gione
2407 4049 2654 4118 proxime
2673 4047 2927 4105 eumdem
2945 4049 3124 4120 ipsum
3145 4049 3350 4107 Graecis
3371 4051 3602 4118 litteris;
3622 4061 3808 4122 postea

2225 4149 2466 4212 quatuor
2489 4139 2708 4198 Graecas
2740 4142 3219 4212 interpretationes
3248 4143 3444 4199 eodem
3489 4160 3600 4214 quo
3642 4158 3808 4214 supra

2227 4235 2337 4288 ritu
2367 4234 2594 4297 locatas,
2621 4233 2975 4289 exhibebant.
3012 4233 3167 4298 Σελὶς
3199 4245 3381 4290 autem
3417 4236 3691 4305 signillcat
3719 4252 3810 4306 pa-

2227 4326 2433 4397 ginam,
2463 4325 2840 4397 τετρασέλιδον
2869 4325 3124 4398 paginam
3167 4326 3666 4396 quadruplicatam,
3707 4341 3806 4380 seu

2225 4428 2462 4490 quatuor
2515 4420 2920 4484 columnarum,
2990 4418 3299 4484 ἑξασέλιδον
3349 4433 3481 4474 vero
3550 4419 3806 4489 paginam

2228 4513 2682 4582 sextuplicatam,
2738 4512 2854 4568 sive
2903 4527 3002 4568 sex
3057 4513 3457 4568 columnarum.
3509 4509 3579 4566 Ut
3623 4521 3807 4566 autem

2225 4603 2503 4676 τετραπλᾶ
2531 4603 2928 4676 τετρασέλιδον,
2960 4613 3016 4658 et
3051 4603 3261 4670 ἑξαπλᾶ
3298 4601 3601 4669 ἑξασέλιδον
3640 4618 3809 4658 voca-

545 4689 792 4751 Indicant
815 4702 994 4748 autem
1027 4668 1320 4769 ’έετραπὶιᾶ
1353 4711 1448 4752 seu
1479 4696 1852 4768 Τετραπλοῖω,
1880 4668 2124 4768 quadru-

2226 4668 2446 4759 banlur,
2478 4696 2558 4752 sic
2577 4668 2920 4758 θίόκταπλᾶέ
2948 4668 3315 4760 ὀκταονέλιδον,
3345 4668 3481 4748 sive
3515 4709 3654 4763 opus
3683 4705 3808 4749 octo

543 4781 760 4850 plicem,
809 4783 1048 4849 Ἐξαπλᾶ
1083 4802 1211 4842 vero
1261 4802 1360 4844 seu
1399 4788 1733 4854 Ἐξαπλοῦν,
1769 4789 2124 4859 sextuplicem

545 4871 844 4944 Scriptum
869 4884 1100 4942 textum,
1139 4895 1249 4934 uno
1271 4890 1566 4950 conspectu
1597 4882 1837 4952 positum
1860 4923 1876 4950 ,
1911 4893 1973 4936 ut
2002 4883 2124 4952 plu-

541 4963 696 5021 ribus
727 4965 869 5022 infra
903 4971 1401 5036 repraesentabitur.
1433 4969 1560 5028 Haec
1608 4988 1774 5042 porro
1806 4974 2122 5045 significan-

543 5055 652 5110 tius
681 5071 711 5110 a
741 5057 944 5113 Graacis
964 5060 1282 5118 auctoribus
1313 5077 1422 5116 non
1440 5063 1632 5133 paucis
1665 5073 1928 5120 vocantur
1953 5065 2118 5119 etiam

540 5147 950 5219 Τετρασέλιδον,
987 5151 1102 5207 sive
1135 5153 1474 5224 quadruplex
1514 5155 1792 5211 columna.
1837 5153 1929 5211 Sic
1974 5155 2121 5214 enim

541 5238 773 5294 habetur
799 5240 852 5296 in
884 5243 1034 5297 notis
1073 5243 1140 5300 ad
1164 5245 1358 5313 psalm.
1386 5262 1586 5301 Lxxxw
1613 5262 1680 5304 ex
1703 5247 1893 5304 codice
1924 5245 2122 5302 Coisli-

543 5331 708 5387 niano
738 5351 752 5387 :
783 5335 982 5407 Μήτηρ
1005 5334 1144 5393 Σιὼν
1170 5337 1230 5390 τὸ
1268 5354 1299 5408 ρ
1321 5337 1461 5393 κατὰ
1492 5339 1814 5411 προσθήκην
1838 5338 2017 5392 ἔκειτο
2039 5340 2122 5402 εἰς

539 5421 640 5495 τὴν
667 5422 778 5477 τῶν
806 5426 862 5479 0’
894 5429 953 5483 ὲν
989 5427 1070 5499 τῷ
1096 5427 1503 5502 Τετρασελίδῳ·
1540 5431 1600 5483 ὲν
1645 5431 1702 5484 δὲ
1743 5430 1824 5502 τῷ
1866 5432 2122 5486 Ὀκτασε-

540 5509 686 5584 λίδῳ,
713 5515 788 5587 μὴ
817 5517 884 5588 τῇ
919 5517 1056 5574 Σιὼν
1083 5519 1251 5590 ἤγουν
1281 5520 1404 5591 δίχα
1427 5503 1656 5593 ’ποῦ’ρῶ.
1693 5520 1815 5590 Quo
1848 5521 2124 5592 significa-

541 5613 650 5670 tur,
678 5607 734 5661 in
761 5605 1120 5677 Tetraselido,
1153 5612 1268 5668 sive
1307 5613 1362 5668 in
1403 5611 1658 5684 Tetraplo
1685 5611 1831 5667 LXX
1863 5613 2123 5670 habuisse

538 5695 828 5754 lectionem
858 5699 1006 5754 illam
1036 5701 1305 5770 vitiatam,
1335 5703 1538 5776 Μήτηρ
1566 5703 1724 5770 Σιὼν,
1750 5703 1925 5759 Mater
1953 5702 2086 5764 Sion
2103 5721 2122 5769 ;

2224 4787 2626 4853 columnarum,
2651 4795 2712 4842 ut
2733 4787 2918 4842 videas
2941 4788 2994 4842 iu
3017 4795 3145 4842 nota
3173 4786 3240 4841 ad
3272 4787 3543 4856 psalmum
3580 4801 3804 4840 cum.

2223 4883 2434 4937 Dicitur
2465 4891 2647 4938 autem
2669 4895 2811 4952 opus
2844 4890 2970 4937 octo
3002 4881 3411 4946 columnarum,
3445 4879 3573 4948 quia
3613 4889 3807 4948 praeter

2223 4987 2318 5027 sex
2363 4978 2693 5026 memoratas
2738 4969 3028 5035 editiones,
3057 4970 3181 5026 dua:
3229 4970 3351 5024 alia:
3389 4968 3716 5038 quibusdam
3749 4969 3808 5024 in

2226 5060 2382 5116 libris
2423 5068 2724 5114 memorato
2757 5060 3136 5115 columnarum
3176 5059 3286 5116 situ
3337 5059 3806 5128 repraesentabatu-

2225 5161 2334 5206 ιιιι·.

2299 5244 2479 5299 Semel
2507 5243 2636 5299 item
2667 5243 2720 5296 in
2753 5243 2898 5298 notis
2926 5240 2995 5296 ad
3027 5238 3305 5306 Hessiam,
3337 5255 3458 5311 cap.
3503 5256 3584 5307 ιιι,
3619 5241 3672 5308 ᾗ.
3710 5240 3803 5304 ει,

2228 5335 2457 5406 legimus
2485 5333 2883 5400 πεντασὲλιδον,
2919 5333 3022 5388 hoc
3046 5341 3130 5388 est
3155 5334 3399 5403 quinque
3421 5335 3804 5390 columnarum

2224 5443 2381 5499 opus.
2415 5425 2552 5482 Nota
2590 5435 2772 5481 autem
2831 5427 2946 5480 haec
2973 5425 3154 5496 prodit
3181 5440 3248 5480 ex
3295 5426 3496 5498 insigni
3527 5443 3634 5480 ms.
3687 5423 3801 5477 RR.

2223 5519 2330 5574 PP.
2354 5517 2708 5584 Jesuitarum,
2727 5529 2781 5572 et
2805 5521 2886 5573 sic
2920 5519 3082 5572 habet
3115 5518 3200 5572 :oi
3225 5519 3284 5573 Γ.
3314 5519 3482 5590 στίχοι
3506 5521 3555 5572 οἱ
3585 5517 3805 5571 ὑποκεί-

2227 5627 2380 5681 μενοι
2406 5609 2507 5662 οὐκ
2528 5609 2736 5662 ἔκειντο
2769 5611 2826 5661 ὲν
2857 5608 2935 5679 τῷ
2954 5607 3339 5682 πεντασελιδῳ,
3368 5611 3489 5664 οὐδὲ
3525 5609 3806 5680 Ὠριγένης

2225 5701 2589 5774 ἐξηγούμενος
2610 5701 2816 5754 τούτων
2842 5701 3104 5774 ἐμνήσθη.
3143 5703 3196 5757 Id
3221 5712 3307 5757 est
3338 5721 3352 5756 :
3393 5701 3517 5756 Tres
3539 5701 3806 5770 sabjunru'

539 5791 598 5848 in
631 5787 942 5849 Octaselido
981 5803 1164 5852 autem
1200 5795 1315 5852 sive
1349 5797 1405 5856 in
1443 5796 1669 5870 Octaplo
1715 5797 1790 5854 ita
1839 5797 2037 5858 lectum
2071 5806 2127 5854 et
2229 5796 2472 5854 veniendi
2503 5812 2608 5850 non
2629 5803 2778 5850 erant
2811 5796 2862 5848 in
2886 5793 3244 5862 Pentaselido,
3273 5795 3379 5849 sive
3401 5795 3454 5848 in
3486 5792 3623 5846 libro
3649 5792 3806 5864 quin-
