4122 6418
364 380 426 434 21
1559 367 1629 421 ΙΝ
1668 363 1986 421 HEXAPLA
2023 354 2368 416 ORIGENIS.
3523 349 3599 406 22

365 514 463 571 que
489 497 853 553 columnarum
883 512 901 549 :
929 511 1087 565 neque
1109 508 1288 547 eorum
1313 492 1547 545 meminit
1599 489 1850 559 Origenes
1879 487 1935 539 in
1964 490 2011 545 Α
2072 481 2135 535 ll.
2165 479 2273 536 Cur
2303 475 2548 542 Tetrapla
2574 483 2623 529 et
2659 472 2901 571 Heiapla
2925 469 3172 571 Qrigenes
3203 464 3560 571 adamaverit.

364 589 690 657 expositione
714 604 831 641 sua.
871 587 999 639 lnde
1019 585 1319 654 profectum
1352 581 1582 637 fortasse
1610 595 1806 635 nomen
1827 588 1929 645 est,

365 679 515 749 quod
545 679 753 733 librarii
780 677 1004 748 quldam
1027 675 1344 731 Hebraicam
1368 673 1631 730 Hebraice
1673 673 1929 742 scriptam

365 770 698 833 columnam,
728 785 836 824 non
868 770 1069 824 usitata
1097 768 1201 823 sibi
1229 769 1605 823 characterum
1632 765 1807 821 forma
1838 766 1932 821 de-

366 861 562 927 territi,
593 862 648 915 in
692 859 967 915 nonnullis
1016 859 1419 928 exemplaribus
1463 857 1929 928 praetermiserim,

366 950 608 1020 satisque
633 950 925 1005 habuerint
960 949 1281 1005 Hebraicum
1317 958 1521 1005 textum
1564 949 1754 1005 Graeco
1800 950 1934 1005 cha-

365 1052 574 1096 ractere
621 1050 1054 1111 repraesentare:
1094 1042 1252 1112 cujus
1291 1043 1370 1097 rei
1402 1043 1710 1112 exemplum
1764 1041 1933 1097 habe-

364 1147 489 1186 mus
516 1132 569 1186 in
608 1133 797 1188 codice
831 1132 1148 1198 Barberino,
1175 1131 1328 1189 Oscae
1362 1150 1441 1200 ιι,
1478 1134 1531 1198 1,
1567 1134 1658 1188 ubi
1692 1134 1934 1203 quinque

364 1223 741 1280 columnarum
791 1226 1154 1296 fragmentum
1200 1226 1421 1282 effertur
1460 1242 1685 1297 prorsus
1729 1226 1931 1281 omissa

365 1314 634 1373 Hebraica
677 1318 989 1389 scriptione.
1056 1320 1114 1376 Si
1171 1322 1296 1390 quis
1356 1335 1537 1375 autem
1615 1321 1930 1385 reluctetur,

365 1418 421 1463 et
441 1408 624 1477 dicat,
665 1426 771 1465 non
824 1411 945 1467 ideo
995 1411 1367 1466 πεντασέλιδον
1411 1413 1630 1478 vocari,
1686 1414 1831 1483 quod
1878 1413 1932 1467 in

367 1497 691 1565 quibusdam
722 1500 876 1556 libris
901 1500 1163 1556 Hebraice
1187 1502 1455 1571 scriptura
1483 1516 1707 1571 prorsus
1729 1501 1934 1556 omissa

367 1586 553 1653 fuerit,
587 1590 680 1645 sed
712 1592 855 1661 quod
889 1591 942 1646 in
966 1593 1285 1648 recensione
1307 1593 1683 1647 columnarum
1717 1591 1935 1647 Hebrai-

367 1696 467 1736 cus
499 1690 699 1746 textus,
733 1684 902 1738 semel
935 1683 1237 1750 Hebraicis,
1262 1693 1560 1755 posteaque
1593 1685 1758 1740 semel
1785 1684 1934 1740 Grie-

368 1768 448 1823 cis
477 1768 671 1825 litteris
700 1771 1028 1842 descriptus,
1059 1788 1159 1843 pro
1185 1789 1294 1829 una
1323 1780 1535 1828 tantum
1559 1774 1813 1830 columna
1862 1777 1934 1829 sit

2102 571 2222 637 Quo
2258 579 2434 622 autem
2482 564 2709 620 consilio
2740 560 2988 629 Tetrapla
3020 568 3076 614 et
3104 557 3341 627 Hexapla
3371 555 3596 610 concin-

2032 663 2242 717 naverit
2288 658 2571 730 Origenes,
2605 655 2838 724 explicat
2877 650 3240 721 Hieronymus
3282 646 3599 718 praefatione

2032 754 2086 808 in
2119 753 2285 807 libros
2309 749 2794 817 Paralipomenon),
2828 744 2912 799 his
2940 742 3122 798 verbis
3154 758 3168 793 :
3206 739 3274 793 Et
3305 748 3441 793 certe
3473 736 3599 792 Ori-

2031 861 2179 916 genes
2215 859 2315 896 non
2350 841 2519 895 solum
2555 837 2878 907 exemplaria
2904 834 3192 904 composuit
3220 842 3445 902 quatuor
3485 827 3599 882 edi-

2033 937 2254 1000 tionum,
2287 949 2314 987 e
2336 932 2539 1002 regione
2563 927 2776 998 singula
2806 925 2960 981 verba
2988 922 3318 985 describens;
3362 928 3419 974 ut
3460 934 3596 972 unus

2032 1027 2341 1081 dissentiens
2373 1023 2577 1087 statim,
2603 1023 2807 1076 steteris
2839 1019 2976 1072 inter
3025 1033 3079 1070 se
3127 1010 3597 1076 consentientibus,

2033 1128 2330 1188 arguatur;
2364 1114 2473 1180 sed,
2498 1113 2635 1183 quod
2661 1110 2878 1180 majoris
2902 1107 3143 1162 a'udaciw
3162 1113 3261 1170 est,
3290 1106 3344 1159 in
3372 1101 3600 1158 editione

2034 1206 2183 1262 LXX
2213 1204 2579 1261 Theodotionis
2609 1203 2889 1255 editionem
2928 1198 3173 1262 miscuit,
3219 1196 3483 1249 asteriscis
3512 1196 3604 1248 de-

2032 1302 2247 1371 signans
2284 1314 2400 1369 que:
2425 1296 2599 1349 minus
2628 1304 2750 1347 ante
2781 1292 3010 1361 fuerant,
3049 1297 3101 1343 et
3130 1285 3347 1357 virgulis
3393 1302 3509 1357 quia
3530 1302 3601 1365 es

2033 1393 2295 1463 super/luo
2321 1389 2631 1445 videbantur
2668 1386 2931 1456 apposita.
2961 1380 3033 1437 Ut
3065 1381 3229 1452 igitur
3260 1378 3499 1450 prudens
3524 1377 3604 1432 ιθ

2033 1491 2154 1535 etor
2198 1497 2264 1536 ex
2297 1480 2591 1533 multarum
2622 1473 3129 1544 interpretationum
3159 1469 3445 1525 collatione
3474 1479 3602 1536 pos-

2034 1581 2117 1627 set
2145 1585 2394 1641 quaenam
2424 1568 2604 1623 verior
2646 1564 2936 1636 explicatio
2988 1569 3133 1617 esset
3176 1558 3602 1629 deprehendere,

2033 1665 2154 1720 illas
2176 1678 2365 1718 omnes
2394 1662 2662 1717 editiones
2694 1673 2805 1713 uno
2850 1664 3148 1725 conspectu
3180 1654 3380 1710 locavit
3419 1652 3604 1724 Orige-

2034 1771 2153 1823 nes,
2176 1763 2237 1810 ut
2268 1749 2531 1809 Hebraice
2554 1749 2790 1820 imperiti
2825 1755 3048 1819 possent
3076 1746 3313 1816 plurium
3356 1746 3496 1800 inter
3543 1759 3605 1799 se

367 1857 613 1927 habitus,
647 1860 775 1916 huic
796 1836 905 1917 non
936 1836 1229 1918 admodum
1264 1866 1577 1934 repugnabo
1611 1883 1624 1918 ε
1657 1881 1783 1920 nam
1810 1866 1938 1921 licet
1966 1845 2010 1901 B
2039 1844 2488 1904 consentientium
2510 1842 2887 1898 auctoritatem
2908 1838 3183 1909 amplecti.
3202 1836 3307 1892 Sed
3336 1838 3465 1908 quia
3486 1838 3605 1892 haec

368 1963 435 2004 ex
458 1950 846 2008 Hebraicarum
871 1955 1176 2010 litterarum
1200 1956 1498 2012 emissione
1519 1957 1785 2013 accidisse
1817 1974 1940 2014 sus-

368 2042 539 2111 picer,
567 2053 626 2097 ut
657 2044 711 2099 id
748 2053 864 2099 tuto
907 2046 1177 2101 afﬁrmare
1206 2048 1412 2117 possim
1435 2089 1449 2114 ,
1495 2050 1745 2120 exempla
1797 2066 1939 2106 nova

369 2131 665 2190 desiderari
698 2152 804 2192 non
838 2137 1085 2193 diﬂiteor.

442 2222 828 2295 Hexaplorum,
860 2228 1128 2296 ὲξαπλῶν,
1158 2245 1354 2286 nomen
1386 2245 1452 2287 ex
1478 2240 1675 2289 natura
1705 2248 1802 2288 sua
1846 2234 1941 2289 ad-

365 2314 650 2386 jectivum,
697 2320 1032 2376 substantive
1060 2323 1265 2393 passim
1314 2334 1612 2395 usurpatur
1649 2341 1678 2380 a
1739 2324 1942 2382 Graecis

373 2408 766 2477 scriptoribus;
821 2412 1114 2482 aliquando
1149 2415 1311 2469 etiam
1358 2416 1644 2484 adjective.
1695 2416 1786 2478 Sic
1820 2416 1941 2487 Epi-

372 2498 641 2567 phanius,
682 2503 820 2557 libro
862 2503 938 2558 De
988 2505 1326 2575 ponderibus,
1365 2506 1632 2572 Ἐξαπλὰς
1657 2505 1805 2577 (sic)
1844 2508 1943 2572 τὰς

372 2588 630 2657 Βίϐλους,
658 2590 981 2662 Sextuplices
1026 2595 1212 2650 Libros
1237 2642 1251 2665 ,
1289 2606 1349 2652 ut
1378 2592 1742 2667 Hexaplorum
1773 2598 1943 2655 libros

372 2681 623 2739 indicet:
669 2694 724 2740 et
777 2687 831 2741 in
887 2690 1267 2747 vetustissimo
1314 2693 1704 2762 prophetarum
1757 2688 1943 2744 codice

370 2784 538 2840 penes
560 2772 675 2828 RR.
703 2774 806 2829 PP.
837 2775 1076 2835 Jesuitas
1107 2780 1303 2850 legitur
1335 2779 1604 2847 ἑξαπλοῦς
1648 2780 1939 2851 Ἱερεμίας,

372 2863 652 2930 sextuplex
680 2862 980 2932 Jeremias,
1013 2883 1044 2921 a
1075 2870 1359 2939 sextuplici
1396 2871 1673 2926 columna.
1720 2869 1802 2923 Ex
1838 2869 1944 2924 fre-

372 2954 559 3021 quenti
586 2969 748 3024 porro
777 2958 888 3022 illa,
931 2975 1053 3030 quae
1075 2960 1131 3015 in
1164 2961 1438 3033 plerisque
1465 2963 1708 3034 antiquis
1751 2977 1941 3017 exem-

373 3044 619 3112 plaribus
649 3051 908 3114 occurrit,
956 3051 1324 3124 Hexaplorum
1372 3058 1687 3124 mentione,
1736 3055 1941 3112 factum

373 3137 589 3193 videtur
606 3150 667 3195 ut
697 3142 926 3208 librarii,
958 3146 1095 3217 πρὸς
1120 3149 1523 3222 ἀντιδιαστολὴν
1554 3149 1940 3221 Hexaplorum,

373 3228 513 3284 alios
545 3231 740 3295 libros,
781 3234 874 3302 qui
910 3236 1127 3290 unicam
1159 3236 1266 3290 τῶν
1291 3240 1346 3291 0’
1379 3240 1669 3295 editionem
1705 3240 1944 3311 comple—

373 3323 683 3390 ctebantur,
714 3326 861 3380 ἁπλᾶ
893 3327 1006 3382 sive
1029 3329 1294 3398 simplicia
1333 3336 1619 3395 vocarent,
1663 3341 1718 3387 et
1749 3333 1823 3387 ita
1857 3332 1944 3387 di-

374 3413 717 3484 stinguerent
747 3432 778 3472 a
807 3420 1218 3488 sextuplicibus.
1256 3421 1346 3477 Sic
1387 3423 1440 3477 in
1486 3424 1672 3479 codice
1708 3423 1944 3494 quodam

377 3504 714 3564 Coisliniano
744 3510 940 3566 decimi
968 3513 1151 3567 saeculi
1179 3513 1246 3568 ad
1276 3515 1472 3569 librum
1508 3514 1577 3568 lll
1611 3513 1818 3583 Regum
1844 3529 1942 3578 vn,

380 3594 468 3660 16,
501 3597 715 3667 legitur,
747 3599 806 3654 ἕν
824 3618 934 3654 τισι
956 3601 1015 3655 δὲ
1040 3601 1149 3656 τῶν
1172 3604 1377 3668 ἁπλῶν,
1400 3605 1455 3658 in
1484 3604 1800 3675 quibusdam
1825 3602 1945 3657 Ha-

377 3684 607 3754 plorum,
637 3688 753 3745 sive
776 3689 1109 3760 simplicium
1144 3694 1557 3764 exemplarium.

445 3779 666 3836 Certum
697 3784 1143 3856 exploratumque
1166 3795 1251 3843 est
1277 3787 1332 3841 in
1351 3786 1605 3853 Psalmis,
1635 3786 1688 3840 in
1709 3785 1949 3858 Prophe—

375 3869 450 3927 tis
474 3873 779 3930 minoribus
798 3885 852 3930 et
875 3875 1063 3932 forsan
1088 3878 1240 3944 alibi,
1264 3887 1462 3948 praeter
1490 3878 1629 3933 duas
1664 3878 1949 3935 columnas

376 3961 697 4033 Hebraicss,
731 3985 963 4040 quarum
992 3970 1163 4027 altera
1198 3970 1503 4038 Hebraicis,
1536 3971 1705 4027 altera
1745 3970 1948 4025 Graecis

375 4052 574 4112 litteris
609 4057 885 4129 descripta
932 4069 1081 4126 erat;
1136 4070 1191 4116 et
1238 4075 1334 4116 sex
1391 4062 1678 4117 columnas
1731 4059 1949 4116 Graecas

380 4147 606 4203 totidem
643 4147 1175 4218 interpretationum,
1207 4166 1404 4221 nempe
1429 4151 1662 4222 Aquilae,
1698 4151 1950 4223 Symma-

378 4238 498 4305 chi,
538 4237 704 4306 LXX,
742 4239 1135 4298 Theodotionis
1158 4284 1173 4309 ,
1222 4242 1439 4309 Quinta:
1476 4252 1529 4298 et
1563 4242 1776 4309 Sexus,
1829 4257 1952 4313 qua:

379 4328 544 4383 simul
573 4336 698 4384 octo
730 4330 1014 4387 columnas
1036 4371 1051 4396 ,
1090 4332 1205 4387 sive
1239 4331 1460 4403 Octapla
1498 4333 1905 4388 constituebant
1933 4350 1948 4399 ;

378 4418 666 4489 septimam
731 4422 895 4477 etiam
942 4422 1187 4479 Graecam
1238 4424 1533 4480 editionem
1578 4424 1746 4480 fuisse
1772 4467 1786 4489 ,
1830 4438 1952 4496 quae

377 4527 578 4567 nonam
622 4512 933 4569 columnam
997 4531 1265 4588 occupare
1324 4516 1542 4581 dcbuit,’
1594 4525 1757 4587 atque
1811 4517 1948 4571 adeo
1980 4539 2025 4594 ι)

379 4601 695 4675 Enneapla,
767 4607 884 4662 sive
930 4623 1125 4663 novem
1203 4609 1587 4664 columnarum
1646 4624 1786 4679 Opus
1837 4607 1950 4664 elli-

378 4710 523 4753 cere.
601 4699 673 4752 At
750 4698 954 4754 mirum
1024 4699 1256 4757 fortasse
1327 4702 1576 4756 videatur
1647 4699 1953 4771 Enneapla-

378 4802 502 4841 rum
580 4802 779 4843 nomen
847 4804 1119 4859 nusquam
1184 4791 1329 4861 apud
1409 4799 1620 4847 veteres
1686 4806 1953 4847 memora-

380 4884 495 4932 tum
520 4879 770 4948 reperiri.
806 4879 889 4934 An
915 4881 1041 4950 quia
1074 4882 1221 4938 illam
1241 4882 1533 4938 editionem
1555 4882 1817 4954 Origenes
1842 4897 1950 4937 non

382 4967 439 5023 in
465 4971 605 5025 serie
636 4970 1015 5027 columnarum
1037 5015 1052 5040 ,
1082 4974 1175 5029 sed
1211 4974 1265 5028 in
1305 4973 1417 5028 imo
1451 4974 1696 5045 margine
1744 4975 1953 5030 locaveo

381 5065 489 5124 rat,
517 5058 636 5115 ideo
657 5075 926 5131 nusquam
954 5060 1357 5133 Enneaplorum
1383 5077 1603 5127 nomen,
1626 5063 1789 5117 etiam
1824 5078 1950 5116 cum

381 5146 475 5203 illa
520 5150 724 5215 aderat,
775 5160 1099 5221 usurpatum
1129 5153 1251 5209 est?
1283 5154 1369 5207 An
1419 5162 1664 5206 veterum
1718 5151 1950 5214 incuria,

381 5240 596 5296 etiamsi
649 5243 961 5299 columnam
1008 5245 1356 5314 occupaverit
1419 5257 1572 5298 suam
1605 5281 1620 5305 ,
1681 5258 1951 5311 nusquam

382 5339 564 5388 tamen
587 5332 865 5406 Enneapla
889 5344 1187 5391 memorata
1213 5334 1721 5406 deprehenduntur?
1747 5333 1802 5388 ld
1825 5346 1955 5387 sane

382 5422 736 5479 divinandum
778 5424 1122 5495 relinquitur.
1172 5423 1341 5479 Multa
1393 5439 1611 5494 quoque
1663 5424 1768 5477 alia
1827 5429 1957 5477 sunt

382 5529 504 5584 qua:
529 5529 594 5569 ex
624 5515 742 5569 solo
770 5513 1131 5585 Hexaplorum
1155 5512 1615 5585 Octaplorumque
1635 5520 1953 5581 conspectu,

383 5607 565 5661 statim
596 5618 722 5660 n0ta
750 5608 948 5676 cuique
976 5617 1031 5661 et
1058 5608 1344 5663 manifesta
1372 5614 1584 5667 essent,
1625 5617 1854 5674 quaeque
1889 5602 1956 5657 iis

385 5696 627 5752 destituti
661 5698 749 5752 vix
780 5713 844 5752 ac
873 5713 940 5753 ne
968 5698 1058 5753 vix
1108 5699 1327 5769 quidem
1374 5698 1687 5768 conjectura
1734 5693 1954 5765 assequi

382 5802 699 5861 possumus.
1200 5782 1205 5783 ⁷

2038 1939 2149 1994 veri
2175 1951 2371 1993 sensus
2423 1931 2750 2002 assequendi
2775 1929 2885 1996 via,
2918 1929 3129 1984 incerta
3158 1943 3300 1996 saepe
3336 1935 3441 1992 est,
3505 1940 3605 1980 nec

2037 2031 2243 2088 erroris
2269 2027 2513 2100 periculo
2547 2034 2700 2078 vacat
2734 2041 2748 2077 :
2783 2022 3105 2093 plerumque
3129 2020 3273 2074 enim
3301 2017 3499 2072 accidit
3522 2025 3603 2082 ut,

2039 2123 2161 2177 aliis
2183 2136 2212 2174 a
2246 2133 2377 2174 vero
2404 2117 2578 2171 limite
2608 2112 3054 2176 deflectentibus,
3099 2124 3240 2165 unus
3288 2122 3603 2179 germanam

2038 2209 2280 2267 auctoris
2300 2214 2535 2262 mentem
2560 2202 2864 2272 exprimat;
2889 2200 3137 2255 dicamus
3155 2197 3318 2252 etiam
3346 2195 3609 2252 Hebraice

2037 2302 2212 2359 doctis
2229 2301 2367 2355 hanc
2383 2297 2680 2354 editionum
2707 2292 3080 2348 collectionem
3101 2289 3383 2361 perutilem
3405 2286 3605 2344 fuisse:

2039 2410 2164 2451 nam
2195 2394 2271 2448 illi
2299 2406 2398 2462 pro
2425 2405 2509 2457 ea,
2546 2404 2655 2458 qua
2689 2386 2984 2457 pollebant,
3034 2382 3426 2439 Hebraicarum
3450 2381 3610 2435 'litte-

2039 2501 2224 2542 rarum
2252 2483 2468 2555 peritia,
2498 2487 2746 2551 poterant
2785 2479 3038 2551 quisnam
3069 2477 3337 2545 interpres
3386 2473 3610 2544 propius

2040 2574 2109 2629 ad
2132 2572 2335 2629 fontem
2380 2570 2663 2626 accederet
2702 2567 3020 2636 intelligere.
3045 2565 3221 2620 Aliam
3276 2565 3404 2619 item
3445 2563 3611 2633 hujus

2041 2663 2110 2718 ab
2139 2678 2197 2719 se
2233 2660 2470 2730 suscepti
2505 2657 2689 2729 operis
2725 2671 2947 2712 causam
2995 2654 3305 2711 subindicat
3348 2652 3609 2724 Origenes

2041 2754 2432 2812 Commentario
2460 2754 2514 2807 in
2557 2749 2890 2805 Matthwum.
2924 2747 3063 2815 Quia
3098 2747 3357 2802 nimirum
3380 2745 3470 2800 ille
3491 2743 3611 2800 edi-

2043 2846 2178 2902 tioni
2201 2844 2310 2899 τῶν
2336 2846 2390 2897 0'
2420 2841 2679 2914 Vulgatte,
2708 2842 2822 2897 sive
2852 2841 3030 2911 κοινῇ,
3081 2837 3432 2894 librariorum
3472 2849 3611 2891 ausu

2041 2945 2097 2993 et
2126 2935 2436 3009 ignorantia
2466 2943 2758 3004 corruptae,
2779 2947 3000 2988 manum
3027 2931 3291 2987 medicam
3325 2929 3615 2986 admovere

2043 3027 2317 3098 cupiebat,
2347 3040 2410 3081 ea
2442 3039 2566 3095 quae
2599 3021 2968 3093 praetermissa
3001 3019 3240 3087 fuerant,
3262 3034 3328 3076 ex
3363 3018 3484 3074 aliis
3501 3017 3615 3073 ali-

2045 3124 2287 3181 tionibus
2309 3137 2434 3178 cum
2455 3119 2731 3176 asteriscis
2768 3117 2977 3174 addidit
3008 3133 3023 3170 :
3069 3132 3300 3189 quaeque
3344 3116 3615 3172 redunda-

1969 3199 2012 3256 (ἶ
2045 3217 2197 3283 bant,
2234 3230 2335 3270 nec
2375 3221 2532 3269 erant
2581 3211 2636 3265 in
2669 3209 2965 3274 Hebraico,
3012 3209 3275 3280 appositis
3325 3208 3526 3273 obelis,
3554 3216 3618 3263 ut

2045 3309 2255 3364 invecta
2281 3306 2504 3362 notavit.
2547 3304 2726 3374 Atque
2755 3312 2816 3358 ut
2841 3300 3313 3357 emcndationibus
3342 3300 3457 3356 suis
3479 3300 3619 3355 face-

2044 3409 2128 3457 ret
2150 3398 2330 3464 ﬁdem,
2363 3412 2471 3452 una
2499 3411 2624 3451 cum
2657 3394 2921 3450 Hebraice
2953 3392 3185 3448 aliorum
3211 3391 3619 3465 interpretatio-

2047 3506 2148 3546 nes
2173 3505 2205 3545 e
2236 3487 2460 3559 regione
2484 3485 2701 3557 posuit,
2731 3493 2793 3540 ut
2839 3484 3073 3554 quisque
3106 3482 3289 3537 videre
3330 3490 3513 3552 posset
3559 3496 3619 3537 se

2046 3596 2155 3636 non
2180 3579 2299 3635 sine
2326 3577 2651 3633 auctoritate
2677 3584 2732 3632 et
2775 3589 2969 3629 manca
3000 3572 3353 3629 resarcivisse
3377 3613 3392 3638 ,
3428 3580 3482 3627 et
3523 3587 3618 3627 su-

2045 3671 2252 3741 perﬂua
2274 3667 2511 3741 praefixis
2539 3668 2711 3725 obelis
2748 3676 2807 3722 ut
2837 3668 3058 3723 inducta
3094 3674 3334 3722 notasse.

2047 3761 2134 3817 ΙΙΙ.
2163 3765 2243 3816 Αη
2287 3760 2526 3828 Hexapla
2549 3763 2696 3830 prius
2724 3776 2913 3830 quam_
2931 3758 3207 3830 Tetrapla.
3238 3756 3453 3830 Certum
3473 3756 3618 3830 uide-

2120 3842 2208 3887 tur
2238 3827 2481 3901 Tetrapla
2501 3827 2649 3897 prius
2678 3827 2834 3902 quam
2865 3827 3106 3899 Hexapla
3139 3828 3406 3882 adornata
3427 3827 3613 3896 fuisse.

2119 3944 2390 4013 Quaeritur
2412 3942 2720 4013 Hexaplane
2746 3941 2914 4011 prius,
2946 3958 3016 3996 an
3042 3939 3292 4011 Tetrapla
3320 3938 3619 3994 concinna-

2050 4038 2187 4093 verit
2203 4035 2486 4107 Origenes.
2506 4034 2659 4097 Multi
2678 4032 2929 4103 Tetrapla
2949 4031 3224 4102 praeivisse
3257 4036 3617 4087 censuerunt:

2048 4143 2239 4185 verum
2262 4137 2465 4200 pugnat
2493 4125 2759 4182 Henricus
2793 4123 3041 4180 Valesius
3069 4122 3355 4194 Origenem
3382 4120 3621 4192 Hexapla

2049 4221 2288 4279 edidisse
2316 4229 2443 4276 ante
2486 4233 2651 4289 quam
2700 4215 2970 4287 Tetraplis
3015 4229 3240 4270 manum
3287 4213 3618 4275 admoveret,

2051 4316 2158 4372 hoc
2182 4316 2345 4370 nixus
2377 4312 2597 4368 Eusebii
2642 4309 2956 4366 testimonio
3012 4307 3154 4361 Hist.
3199 4305 3323 4359 Eccl
3349 4346 3362 4360 .
3388 4304 3485 4359 lib.
3534 4319 3618 4381 γι,

2050 4422 2172 4479 cap.
2197 4407 2263 4462 16
2291 4423 2304 4459 :
2340 4405 2553 4469 Ταύτας
2578 4402 2635 4455 δὲ
2670 4402 2888 4465 ἁπάσας
2932 4399 3025 4453 ἐπὶ
3063 4397 3257 4452 ταυτὸν
3283 4393 3622 4465 συναγαγὼν,

2051 4497 2240 4553 διελών
2269 4515 2331 4550 τε
2374 4497 2509 4568 πρὸς
2548 4492 2754 4561 κῶλον,
2800 4494 2894 4547 καὶ
2933 4489 3322 4559 ἀντιπαραθεὶς
3368 4486 3624 4560 ἀλλήλαις

2055 4590 2191 4665 μετὰ
2221 4590 2316 4643 καὶ
2362 4587 2532 4658 αὐτῆς
2573 4586 2671 4657 τῆς
2709 4583 2973 4655 Ἐϐραίων
3014 4580 3389 4652 σημειώσεως,
3416 4578 3485 4632 τὰ
3514 4577 3623 4632 τῶν

2051 4681 2356 4752 λεγομένων
2392 4676 2669 4745 Ἐξαπλῶν
2698 4677 2826 4746 ἡμῖν
2852 4672 3161 4749 ἀντίγραφα
3194 4668 3583 4724 καταλέλοιπεν
3604 4684 3618 4698 ·

2055 4772 2200 4835 ἰδίως
2236 4771 2334 4841 τὴν
2387 4767 2610 4823 Ἀκύλου
2655 4765 2748 4819 καὶ
2776 4764 3096 4836 Συμμάχου,
3140 4762 3235 4816 καὶ
3274 4759 3625 4823 Θεοδοτίωνος

2053 4862 2262 4916 ἔκδοσιν
2295 4861 2410 4933 ἄμα
2451 4863 2517 4932 τῇ
2548 4857 2656 4912 τῶν
2692 4860 2746 4912 0'
2773 4860 2831 4910 ὲν
2852 4859 2962 4920 τοῖς
2989 4854 3322 4926 Τετραπλοῖς
3365 4852 3625 4904 ἐπικατα-

2055 4953 2343 5015 σκευάσας.
2380 4952 2512 5019 Quae
2541 4951 2622 5009 sic
2647 4949 2738 5004 ille
2760 4949 2920 5003 vertit
2946 4965 2960 5001 :
3006 4946 3120 5001 Has
3150 4946 3315 5016 igitur
3344 4958 3520 4996 omnes
3541 4942 3625 4994 in-

2056 5047 2452 5117 terpretationes
2484 5060 2603 5098 cum
2626 5045 2681 5097 in
2706 5058 2866 5097 unum
2890 5056 3076 5109 corpus
3099 5037 3411 5107 collegisset,
3451 5044 3501 5088 et
3533 5048 3626 5101 per

2058 5148 2197 5194 certa
2220 5138 2336 5194 cola
2358 5154 2420 5192 ac
2443 5136 2675 5191 membra
2707 5135 3064 5198 distinxisset,
3090 5147 3197 5185 una
3225 5144 3343 5182 cunt
3368 5128 3480 5198 ipso
3508 5125 3624 5179 He-

2055 5232 2233 5286 braico
2266 5240 2411 5285 textu
2435 5273 2450 5297 ,
2483 5227 2847 5299 Hexaplorum
2867 5226 3013 5279 nobis
3035 5222 3357 5291 exemplaria
3377 5218 3623 5287 reliquit;

2054 5336 2235 5396 postea
2263 5342 2382 5380 vero
2401 5323 2683 5379 editionem
2712 5320 2918 5393 Aquila:
2944 5328 2995 5373 et
3025 5313 3329 5386 Symmachi
3357 5329 3418 5366 ac
3456 5310 3624 5365 Theo-

2057 5419 2287 5473 dotionis
2308 5434 2424 5472 cum
2451 5416 2798 5487 Septuaginta
2833 5413 3185 5479 lnterpretum
3232 5405 3462 5459 versione
3484 5418 3627 5456 seor-

2055 5528 2172 5566 sum
2200 5513 2258 5565 in
2285 5508 2544 5577 Tetraplis
2562 5507 2811 5577 ‘digesst't.
2837 5505 2962 5560 ldeo
2983 5509 3162 5555 autem
3198 5498 3278 5552 sic
3304 5495 3622 5552 vertendum

2057 5616 2177 5657 esse
2197 5598 2442 5663 credidit,
2473 5597 2619 5667 quod
2649 5608 2836 5650 vocem
2868 5588 3414 5651 ὲπικατασκευάσας,
3458 5595 3626 5653 quam

2057 5694 2173 5764 ipse
2213 5706 2279 5746 ex
2331 5687 2715 5758 manuscriptis
2768 5700 2867 5756 pro
2897 5680 3265 5742 ἐπισκευάσας
3321 5671 3624 5734 substituit,

2057 5760 2270 5854 putaret
2307 5779 2652 5853 signiﬁcare,
2700 5774 2952 5835 Tetrapla
2977 5767 3499 5846 posteditafuisse.
3554 5760 3630 5815 At
