4122 6428
519 318 597 382 93
1884 331 2405 390 ΡΒᾹΞΙΛΜΙΝΔΒΙΑ
3680 354 3750 411 ει

516 437 634 494 ςίνο
684 438 1072 511 ἐπισκευάσας,
1116 447 1231 503 sive
1279 450 1790 517 ἑπικατασκευάσας
1842 454 2049 525 legatur

2151 493 2159 516 ι
2187 459 2277 511 τὸν
2305 461 2514 531 ειρμδν,
2555 469 2683 525 etc..
2730 463 3033 520 referantur
3058 467 3126 522 ad
3153 468 3449 534 δείκνυται,
3482 481 3536 527 et
3557 489 3749 530 sensus

515 531 664 586 hunc
687 547 807 588 esse
835 535 1071 592 arbitror
1099 539 1324 609 hujusce
1353 543 1458 597 loci
1496 559 1714 600 sensum
1747 565 1760 599 :
1812 545 2080 617 Hexaplo-

515 640 634 677 rum
655 625 803 680 nobis
831 630 1154 698 exemplaria
1193 635 1402 705 reliquit
1429 654 1447 690 :
1496 655 1614 692 cum
1646 642 1864 694 seorsim
1895 643 2081 697 editio-

512 728 629 766 nem
658 715 882 783 Aquilae,
919 717 1221 789 Symmachi
1274 737 1322 779 et
1362 727 1731 787 Theodotianis
1767 749 1885 787 cum
1927 733 2077 795 LXX

510 803 896 879 Interpretibus
926 816 978 868 in
1008 817 1267 888 Tetraplis
1293 823 1612 893 digessisset.

578 900 834 960 Aoristus
875 908 1019 961 enim
1063 909 1166 966 hoc
1217 913 1321 967 situ
1375 916 1589 984 positus
1638 934 1751 974 rem
1805 930 2076 990 postremo

506 996 845 1052 enuntiatam
884 1000 1036 1068 prius
1079 1001 1276 1057 factam
1312 1020 1432 1060 esse
1470 1007 1720 1072 denotat,
1757 1028 1920 1080 quam
1955 1028 2072 1068 eam

509 1098 632 1153 quae
652 1090 972 1155 praecedenti
999 1094 1162 1148 verbo
1193 1095 1486 1151 indicatur.
1513 1098 1636 1155 Haec
1661 1118 1787 1157 vero
1821 1104 2074 1174 loquendi

509 1174 684 1232 forma
716 1181 850 1235 adeo
898 1183 1054 1238 obvia
1099 1187 1240 1256 apud
1275 1189 1572 1260 scriptorcs
1601 1191 1818 1250 Graecos
1864 1208 1964 1260 est,
2016 1209 2074 1253 ut

505 1265 707 1320 mirum
736 1270 804 1323 sit
834 1271 1009 1327 virum
1044 1274 1261 1332 doctum
1301 1280 1354 1333 in
1395 1295 1454 1335 re
1489 1289 1596 1335 tam
1641 1295 1824 1353 aperta
1859 1286 2070 1357 lapsum

503 1370 646 1414 esse.
672 1359 761 1415 Sic
787 1365 925 1432 apud
960 1367 1285 1425 Strabonem
1312 1374 1405 1428 lib.
1431 1391 1529 1430 xm
1554 1375 1667 1430 haec
1703 1379 1863 1432 verba
1890 1397 1904 1432 :
1942 1382 2070 1434 Ἀτ-

503 1450 664 1541 villo;
692 1455 958 1520 διεδέξατο
984 1459 1081 1530 τὴν
1103 1462 1294 1533 ἀρχὴν,
1322 1468 1415 1518 καὶ
1441 1467 1780 1541 ἀνηγορεύθη
1817 1469 2070 1540 βασιλεὺς

502 1535 656 1608 οὗτος
691 1548 938 1620 πρῶτος,
971 1555 1197 1622 νικήσας
1247 1557 1494 1622 Γαλάτας
1531 1535 1653 1632 vixi]
1702 1535 1947 1639 μείγᾶλῃ,
1991 1535 2070 1618 sic

502 1637 884 1706 explicantur:
939 1645 1148 1700 Attalus
1194 1652 1395 1717 excepit
1444 1652 1741 1720 imperium,
1784 1664 1832 1708 et
1865 1637 2066 1724 primus

501 1742 595 1781 rea:
622 1731 977 1798 proclamatus
1000 1747 1096 1802 est,
1122 1748 1396 1810 postquam
1423 1758 1666 1812 magnam
1687 1747 1960 1799 victoriam
2003 1749 2066 1801 de

499 1814 709 1877 Calatis
732 1838 1106 1893 reportaverat.
1125 1829 1260 1885 Nam
1285 1833 1408 1889 licet
1424 1835 1537 1891 haec
1556 1838 1774 1892 victoria
1795 1849 2066 1908 postremo

499 1907 621 1968 loco
651 1916 926 1972 enuntiari
959 1918 1225 1987 videatur,
1263 1937 1326 1976 ex
1356 1927 1643 1994 perspicuo
1694 1907 1871 1983 tamen
1915 1941 2065 1987 noto-

497 2013 606 2068 que
630 2017 732 2058 usu
782 2004 870 2061 hic
915 2008 1234 2076 intelligitur
1290 2014 1570 2070 victoriam
1622 2021 1964 2090 praecessisse
2012 2032 2066 2077 et

499 2089 969 2163 inaugurationem
997 2113 1238 2157 secutam
1283 2120 1423 2160 esse.
1455 2089 1633 2163 Hunc,
1663 2111 1789 2164 item
1842 2112 2062 2168 Eusebii

507 2179 686 2241 locum
719 2187 797 2242 sic
837 2189 1105 2261 intelligas
1137 2205 1368 2263 oportet,
1403 2213 1466 2252 ac
1498 2199 1543 2253 si
1577 2201 1748 2257 series
1779 2204 1849 2257 ita
1882 2221 1939 2258 se
1969 2205 2064 2259 ha-

506 2271 675 2339 heret,
710 2277 852 2342 ἰδίως
877 2281 974 2352 τὴν
1013 2284 1234 2338 ’Δκύλου
1267 2288 1358 2340 καὶ
1406 2291 1699 2362 Συμμάχου
1737 2297 1830 2348 καὶ
1872 2296 2061 2350 Θεοδο-

499 2363 690 2431 τίωνος
728 2368 934 2425 ἔκδοσιν
978 2374 1092 2446 ἅμα
1124 2379 1188 2447 τῇ
1232 2379 1340 2431 τῶν
1370 2385 1423 2432 U’
1469 2382 1528 2433 ἐν
1569 2387 1680 2446 τοῖς
1730 2385 2061 2456 Τετραπλοῖς

492 2457 1014 2528 ξπικατασκευάπας,
1045 2466 1114 2518 τὰ
1143 2467 1250 2521 τῶν
1278 2470 1584 2542 λεγομένων
1629 2475 1904 2541 Ἐξαπλῶν
1929 2483 2059 2551 ἡμῖν

490 2547 793 2620 ἀντίγραφα
824 2555 1240 2618 καταλέλοιπεν
1273 2562 1324 2615 id
1354 2574 1455 2630 est,
1485 2583 1602 2619 cum
1626 2570 1842 2620 scorsim
1867 2547 2058 2623 editio-

493 2651 606 2698 nem
627 2641 854 2711 Aquilae,
895 2644 1198 2716 Symmachi
1243 2662 1292 2706 et
1336 2654 1704 2717 Theodolionis
1750 2677 1868 2713 cum
1906 2661 2052 2715 LXX

494 2725 871 2801 Interpretibus
915 2739 970 2791 in
1004 2738 1262 2810 Tetraplis
1311 2746 1608 2815 digessisset
1634 2789 1647 2812 ,
1695 2751 2056 2822 Hexaplorum

490 2821 639 2879 nobis
669 2827 994 2895 exemplaria
1022 2832 1250 2904 reliquit.
1282 2833 1535 2908 Nihilque
1556 2841 1719 2896 ollicit
1742 2821 1869 2899 huic
1893 2846 2056 2901 inter-

487 2915 796 2982 pretationi,
830 2935 931 2975 vox
957 2927 1254 2993 composita
1288 2930 1834 2999 ὲπικατασκευάσαςε
1867 2940 2052 3000 eadem

487 3004 688 3083 quippe
740 3011 881 3066 ratio
926 3029 1080 3084 aeque
1113 3019 1251 3072 valet
1284 3021 1337 3074 in
1395 3026 1711 3094 compositis
1744 3009 2053 3101 quibusque

486 3104 651 3172 atque
685 3100 738 3154 in
770 3103 1126 3174 simplicibus,
1153 3126 1275 3164 cum
1311 3113 1401 3168 tali
1431 3117 1592 3170 modo
1623 3100 1974 3189 usurpantur.

551 3190 666 3257 Qua
691 3195 868 3264 posita
896 3199 1342 3270 interpretatione
1378 3205 1628 3278 Tetrapla
1682 3212 1824 3268 haud
1886 3216 2050 3274 dubie

482 3283 636 3363 prius
670 3302 833 3356 quam
864 3287 1103 3362 llexapla
1133 3296 1363 3352 ediderit
1385 3300 1667 3370 Origenes.
1706 3303 1770 3360 Et
1795 3308 1908 3362 haec
1935 3318 2050 3364 erat

481 3376 820 3435 eruditorum
865 3384 1048 3452 opinio
1081 3396 1370 3458 antequam
1420 3390 1704 3460 Valesius,
1744 3412 2047 3456 memorato

482 3465 700 3526 Eusebii
722 3470 842 3527 loco
875 3473 1064 3541 fultus,
1097 3493 1293 3534 novam
1320 3482 1570 3548 aperiret.
1597 3485 1677 3541 Ad
1704 3490 1815 3544 hinc
1839 3504 2042 3559 autem,

482 3557 733 3631 Origenis
763 3574 890 3619 nota
921 3567 974 3621 in
999 3579 1160 3638 caput
1191 3587 1335 3630 ιινιι
1363 3574 1585 3634 Genesis
1615 3596 1667 3633 v.
1701 3582 1754 3647 6,
1785 3598 1947 3652 quam
1976 3557 2043 3640 es

481 3654 668 3711 codice
695 3655 1077 3726 Monspeliensi
1106 3665 1249 3722 eruit
1271 3665 1631 3727 Combetisius
1651 3712 1665 3736 ,
1717 3683 1880 3729 totam
1926 3681 2042 3732 solo

481 3760 605 3806 vere
629 3749 982 3816 quaestionem
1012 3751 1243 3809 videtur.
1292 3755 1423 3812 Eam
1471 3777 1629 3830 porro
1667 3765 1744 3817 sic
1774 3767 2043 3824 edidimus

479 3836 665 3894 eodem
694 3841 848 3894 loco:
885 3841 1101 3914 Ἐπειδὴ
1131 3847 1188 3896 ἐν
1213 3851 1324 3911 τοῖς
1349 3850 1709 3924 Τετραπλοϊς,
1744 3857 1802 3925 ἐξ
1843 3853 1916 3912 ὧν
1949 3863 2044 3918 καὶ

476 3926 539 3980 τὸ
566 3928 894 4000 ἀντίγραφον
920 3935 1250 4008 μετελήφθη,
1281 3941 1416 4010 πρὸς
1435 3944 1524 3996 τὸν
1550 3947 1736 4017 εἱρμὸν
1767 3950 1856 4004 τὸν
1885 3953 1942 4005 ὲν
1966 3955 2045 4022 τῷ

488 4017 760 4092 Ἐϐραῖκῷ
797 4025 890 4076 καὶ
919 4029 1040 4090 ταῖς
1073 4028 1259 4094 ἄλλαις
1287 4033 1528 4089 ἐκδόσεσι
1565 4038 1832 4096 δείκνυται
1865 4048 1960 4098 καὶ

475 4111 582 4165 τῶν
615 4113 1008 4188 Ἐϐδομήκοντα
1040 4121 1096 4175 ἔν
1123 4139 1230 4176 τισι
1263 4127 1444 4192 τόποις
1466 4133 1810 4199 μετατεθεῖσα
1828 4177 1842 4200 ,
1876 4138 1950 4202 ὡς
1976 4141 2044 4204 τὰ

477 4205 669 4276 πρῶτα
705 4207 906 4282 ὕστερα
934 4214 1026 4266 καὶ
1056 4213 1124 4267 τὰ
1153 4215 1353 4289 ὕστερα
1375 4224 1564 4292 πρῶτα
1584 4227 1835 4294 γενέσθαι
1859 4247 1872 4259 ·
1905 4232 2042 4303 ὅπερ

474 4300 568 4358 καὶ
597 4301 827 4355 ἐνταῦθα
865 4306 1060 4378 εὑρέθη
1095 4309 1338 4362 παθοῦσα
1359 4330 1372 4342 '
1398 4315 1584 4368 τούτου
1609 4320 1768 4390 χάριν
1799 4300 2042 4396 παρεθήξ-

473 4404 647 4461 καμεν
681 4393 997 4449 ἀκολουθίαν
1019 4415 1033 4427 ·
1068 4399 1180 4453 ἔστι
1206 4402 1261 4457 δὲ
1297 4404 1453 4475 αὕτη.
1488 4408 1595 4478 Τῷ,
1628 4393 2038 4486 Κατοικήαομεν

471 4485 520 4546 el
553 4485 734 4549 παῖδές
769 4504 859 4540 σου
904 4492 961 4544 ἐν
994 4494 1062 4563 γῇ
1100 4493 1295 4566 Γεσὲμ,
1341 4501 1668 4567 συνάπτεται
1704 4507 1765 4559 τὸ
1787 4547 1800 4570 ,
1826 4485 1959 4562 Eius
1981 4511 2037 4563 δὲ

471 4575 670 4647 Φαραὼ
695 4577 770 4654 τῷ
810 4581 1026 4662 Ἰωσὴφ,
1061 4590 1465 4658 κατοικήτωσαν
1495 4596 1551 4646 ἐν
1572 4599 1641 4667 γῇ
1669 4599 1862 4671 Γεσέμ.
1893 4602 1955 4654 Εἰ
1980 4603 2036 4656 δὲ

470 4667 685 4740 ἐπίστῃ,
715 4670 795 4722 ὅτι
819 4673 953 4728 εἰσιν
979 4676 1035 4726 ὲν
1066 4677 1267 4742 αὐτοῖς.
1295 4679 1408 4735 Hoc
1442 4695 1523 4739 est
1554 4705 1566 4740 :
1602 4667 2034 4761 Quandoquidem

469 4759 524 4819 in
559 4757 838 4830 Tetraplis,
876 4767 1012 4819 unde
1030 4771 1294 4838 exemplar
1317 4783 1702 4846 transumptum
1729 4757 2037 4848 est,vsecun-

467 4850 594 4906 dum
617 4855 803 4907 seriem
834 4856 1084 4914 l-Iebraici
1109 4866 1438 4936 aliarumque
1469 4870 1756 4925 editionum
1793 4880 2029 4931 ostendi-

469 4949 577 5007 tur,
631 4943 976 5017 Septuaginta
1017 4949 1367 5022 Interpretum
1420 4961 1697 5016 editionem
1747 4967 1948 5036 aliquot
1979 4971 2031 5024 in

466 5034 597 5094 locis
627 5042 1004 5108 transpositam
1032 5045 1234 5112 fuisse;
1271 5049 1347 5103 ita
1389 5061 1446 5103 ut
1479 5069 1596 5122 qua;
1629 5057 1809 5124 priora
1836 5034 2027 5127 erant,

465 5129 762 5194 posterius;
788 5148 905 5200 qua:
953 5135 1262 5202 posteriora,
1309 5141 1454 5207 prius
1501 5143 1803 5200 locarentur
1843 5164 1862 5201 :
1892 5153 2029 5221 quod

464 5217 559 5270 hac
603 5221 763 5273 etiam
788 5223 902 5277 loco
934 5229 1189 5281 accidisse
1237 5230 1675 5301 deprehenditur;
1706 5239 1824 5293 ideo
1853 5258 2030 5296 veram

462 5309 649 5360 seriem
685 5311 767 5366 hic
805 5317 1166 5383 apposuimus,
1214 5337 1330 5390 quae
1363 5324 1438 5377 sic
1470 5324 1642 5380 habet.
1689 5328 1790 5382 His
1820 5331 1984 5385 verbis
2011 5375 2025 5399 ,

462 5394 837 5459 Hahitabimus
865 5407 1016 5473 pueri
1049 5409 1125 5462 tui
1163 5411 1214 5463 in
1241 5420 1382 5466 terra
1422 5414 1614 5489 Gesem
1638 5457 1653 5479 ,
1693 5419 2028 5490 subjungitur

461 5486 624 5540 illud:
645 5488 788 5551 Dixi'
817 5505 992 5550 autem
1016 5497 1228 5555 Pharao
1251 5500 1447 5572 Joseph
1475 5521 1489 5556 :
1524 5486 1860 5563 Habitent—in
1885 5486 2024 5568 terra

459 5578 673 5638 Gescm.
731 5584 788 5636 Si
826 5598 1004 5642 autem
1056 5595 1309 5658 noveris,
1344 5597 1489 5664 quod
1523 5599 1632 5653 sint
1687 5601 1740 5654 in
1788 5604 1888 5664 eis,
1917 5615 2020 5661 etc.

457 5667 630 5735 Quam
681 5684 862 5730 notam
914 5688 973 5732 ut
1001 5691 1144 5737 recte
1195 5685 1484 5759 intelligas,
1533 5695 1800 5763 virgulam
1853 5712 2022 5765 ponas

457 5770 664 5830 oportet
696 5775 816 5834 post
847 5782 1028 5825 vocem
1054 5774 1380 5850 μετελήφθη,
1403 5781 1470 5834 ita
1491 5790 1548 5838 ut
1568 5787 1845 5854 sequentia
1876 5789 2007 5858 πρὸς

2183 553 2272 614 sit,
2323 563 2602 607 ostensum
2652 566 2736 611 est
2790 557 3090 613 secundum
3150 563 3346 616 seriem
3376 565 3459 618 vel
3509 581 3574 619 ex
3607 573 3748 623 serie

2181 639 2431 697 Hebraici
2471 647 2776 701 etaliarum
2807 650 3108 705 editionum
3133 693 3148 712 ,
3185 663 3390 708 textum
3426 657 3532 709 τῶν
3572 662 3627 710 O’
3651 659 3749 712 ali-

2178 743 2310 802 quot
2343 736 2394 788 in
2431 738 2561 793 locis
2590 743 2978 810 transpositnm
2999 787 3012 807 ,
3039 753 3093 799 et
3135 759 3462 814 praepostere
3510 750 3744 805 locatum

2178 825 2374 890 fuisse;
2407 831 2653 885 videlicet
2686 834 2737 886 in
2769 845 2894 888 nota
2929 835 2999 889 ad
3029 839 3327 905 marginem
3368 841 3741 909 Tetraplornm

2176 921 2372 989 posita,
2397 937 2516 991 qua:
2535 925 2785 979 monebat
2805 942 2869 983 eo
2893 928 3010 982 loco
3034 931 3226 983 seriem
3255 931 3364 982 τῶν
3383 934 3434 984 0'
3472 934 3739 988 turbatam

2173 1022 2225 1065 et
2249 1016 2636 1082 transpositam
2670 1033 2790 1072 esse
2829 1036 2841 1070 :
2877 1037 2997 1090 quae
3030 1031 3332 1090 sequuntur
3358 1023 3523 1087 enim,
3549 1025 3740 1079 τούτου

2174 1102 2331 1175 χάριν
2363 1105 2755 1177 παρεθήκαμεν
2787 1110 3125 1175 ἀκολουθίαν,
3167 1114 3281 1165 ideo
3316 1125 3512 1166 rectam
3555 1119 3742 1168 seriem

2173 1195 2297 1264 (hic)
2332 1202 2701 1265 apposuimus,
2759 1214 2940 1270 aperte
2975 1205 3215 1259 indicant
3251 1207 3395 1260 illam
3441 1208 3739 1261 restitutio-

2171 1303 2292 1342 nem
2332 1301 2456 1358 post
2482 1293 2624 1346 edita
2671 1294 2918 1364 Tetrapla
2976 1295 3173 1351 factam
3232 1298 3418 1352 fuisse.
3479 1298 3573 1353 His
3619 1316 3740 1378 quas

2165 1379 2277 1448 jam
2307 1382 2537 1436 dicimus
2563 1384 2719 1438 [idem
2750 1385 2877 1440 facit
2901 1399 3025 1442 nota
3051 1389 3256 1443 codicis
3284 1389 3392 1441 ιιιι.
3419 1388 3521 1442 PP.
3559 1388 3738 1444 Jesui—

2171 1481 2344 1526 tarum
2372 1475 2578 1544 collegii
2613 1475 2870 1531 Ludovici
2898 1477 3093 1549 Magni,
3125 1497 3288 1550 quam
3321 1479 3458 1533 infra
3490 1481 3733 1536 edemus.

2170 1561 2241 1617 lbi
2279 1581 2512 1635 namque
2553 1569 2752 1622 dicitur
2789 1570 3074 1639 Origenem
3122 1572 3373 1643 Tctrapla
3404 1589 3499 1627 sua
3549 1589 3736 1627 corre-

2170 1655 2311 1708 xisse
2370 1665 2423 1709 et
2473 1659 2696 1712 seboliis
2740 1660 3076 1715 illustrasse:
3133 1680 3255 1731 quae
3306 1664 3509 1718 scholia
3561 1664 3734 1733 ipsius

2168 1742 2418 1811 Origenis
2442 1762 2602 1800 manu
2634 1749 2904 1818 descripta
2941 1752 3150 1804 viderat
3177 1754 3222 1806 is
3249 1753 3341 1822 qui
3386 1764 3568 1806 notam
3615 1753 3734 1806 edi-

2101 1807 2139 1862 Β
2168 1807 2446 1888 άίιίιιιιιιιι
2476 1851 2636 1904 porro
2662 1841 2783 1893 cod.
2819 1807 3247 1910 'Monspeliensis
3267 1807 3471 1896 ‘notam
3511 1843 3578 1897 ad
3628 1842 3734 1897 He-

2169 1925 2326 1994 xapla
2371 1927 2619 1996 Origenis
2663 1931 2930 1999 pertinere
2969 1948 3076 1984 non
3128 1933 3533 2001 ambigendum.
3594 1929 3728 1986 Nam

2168 2016 2221 2068 in
2255 2015 2507 2086 Hexaplis
2531 2020 2618 2074 ille
2650 2022 2764 2076 suis
2805 2023 2919 2077 loca
2950 2022 3303 2092 Septuaginta
3349 2023 3727 2093 lnlerpretum,

2165 2121 2286 2174 qua!
2314 2110 2396 2161 vel
2429 2111 2772 2166 librariorum
2808 2114 3084 2181 lapsu,vel
3107 2117 3211 2170 alio
3242 2132 3372 2171 casu
3402 2118 3729 2184 transposita

2164 2196 2400 2266 fuerant,
2433 2203 2610 2256 ordini
2653 2220 2753 2258 suo
2793 2206 3068 2271 restituit,
3117 2219 3176 2261 ut
3206 2208 3344 2262 inl'ra
3387 2209 3727 2277 probabitur.

2234 2290 2388 2356 Quod
2435 2303 2614 2347 autem
2661 2295 2714 2350 in
2775 2294 3043 2364 Tetraplis
3094 2300 3385 2352 editionem
3435 2299 3572 2352 LXX
3620 2316 3728 2355 non

2161 2382 2526 2438 emendaverit
2579 2383 2879 2455 Origenes,
2929 2388 3021 2440 sed
3075 2389 3140 2442 iis
3191 2406 3409 2442 manum
3463 2392 3726 2443 medicam

2161 2482 2348 2542 postea
2380 2477 2715 2539 admoverit,
2752 2495 2942 2548 nempe
2976 2495 3099 2534 cum
3127 2479 3359 2550 llexapla
3409 2491 3461 2534 et
3505 2481 3727 2549 Oetapla

2160 2565 2472 2630 adornaret,
2503 2569 2689 2624 multis
2719 2585 2782 2625 ex
2812 2571 2944 2625 locis
2961 2574 3365 2641 comprobatur.
3401 2574 3490 2627 Sic
3517 2575 3727 2641 psalmo

2159 2672 2378 2720 Lxxxvt,
2422 2659 2477 2712 in
2532 2672 2659 2716 nota
2706 2662 2771 2716 ad
2813 2664 2848 2732 ᾖ
2899 2663 2932 2718 5
2979 2664 3228 2732 superius
3267 2681 3417 2718 num.
3465 2667 3486 2718 ί
3541 2668 3722 2731 allata,

2157 2747 2358 2802 dicitur
2398 2751 2575 2806 locum
2616 2754 2766 2808 illum
2813 2755 3061 2808 vitiatum
3110 2756 3308 2825 Μήτηρ
3352 2756 3507 2820 Σιὼν,
3557 2758 3726 2812 Mater

2158 2837 2308 2906 Sion,
2357 2844 2450 2912 qni
2487 2846 2704 2913 respicit
2750 2845 3072 2900 Hebraicum
3111 2831 3287 2930 W251,
3323 2848 3502 2901 haberi
3539 2850 3591 2902 in
3619 2848 3722 2904 Te-

2156 2935 2436 2999 traselido,
2470 2937 2585 2991 sive
2615 2938 2667 2991 in
2696 2937 2981 3007 Tetraplo;
3019 2955 3177 2993 secus
3208 2948 3386 2992 autem
3416 2940 3468 2993 in
3498 2939 3725 2994 Octase-

2157 3025 2287 3090 lido,
2323 3028 2439 3081 sive
2475 3029 2528 3081 in
2576 3026 2834 3098 Octaplo,
2873 3031 2964 3085 ubi
3006 3043 3150 3086 recte
3193 3031 3499 3100 legebatur,
3546 3033 3618 3104 μὴ
3653 3035 3720 3106 τῇ

2159 3117 2316 3176 Σιὼν.
2348 3122 2582 3189 nunquid
2638 3121 2786 3185 Sion,
2820 3123 2945 3191 quia
2973 3123 3220 3178 videlicet
3261 3125 3404 3178 hunc
3437 3125 3613 3178 locum
3665 3125 3718 3178 in

2154 3208 2419 3280 Tetraplis
2465 3214 2781 3267 mendosum
2804 3255 2819 3278 ,
2854 3215 2906 3267 in
2937 3212 3176 3283 Octaplis
3201 3226 3382 3284 postea
3418 3217 3721 3274 emendavit

2148 3304 2431 3375 Origenes.
2467 3308 2522 3360 ln
2544 3308 2682 3362 libro
2716 3317 2894 3361 autem
2925 3306 3027 3362 Job
3051 3307 3490 3377 frequentissima
3514 3325 3717 3363 memo-

2149 3408 2340 3452 rantur
2371 3399 2486 3453 loca
2517 3416 2581 3454 ex
2616 3399 2886 3470 Tetraplis
2922 3403 3230 3469 desumpta,
3262 3400 3464 3472 quibus
3491 3401 3716 3453 demon-

2146 3498 2353 3545 stratur
2385 3489 2522 3548 LXX
2558 3491 2913 3562 lnterpretum
2969 3493 3284 3556 editionem,
3334 3508 3455 3562 qua:
3500 3494 3568 3545 ab
3596 3490 3716 3545 Ori-

2144 3599 2280 3652 gene
2323 3584 2378 3638 in
2427 3583 2692 3654 Tetraplis
2741 3585 2918 3654 posita
2950 3582 3151 3647 fuerat,
3206 3600 3315 3636 non
3371 3585 3712 3637 emendatam

2146 3675 2316 3731 fuisse
2345 3695 2358 3742 ;
2397 3679 2488 3731 sed
2539 3689 2593 3732 et
2624 3681 2916 3750 σφάλματα
2957 3689 3009 3733 et
3038 3688 3401 3748 praeposteras
3433 3678 3712 3742 lectiones,

2144 3782 2265 3834 quae
2293 3767 2346 3818 in
2376 3770 2777 3837 exemplaribus
2801 3769 2908 3823 τῶν
2939 3772 2993 3822 O'
3023 3771 3344 3830 exstabant,
3386 3769 3588 3822 intacta
3639 3768 3711 3820 lbi

2145 3859 2511 3922 remansisse,
2561 3869 2616 3912 ut
2665 3860 2899 3930 quisque
2945 3861 3376 3915 animadvertere
3434 3860 3603 3928 possit
3655 3861 3710 3912 in

2146 3948 2291 4002 notis
2320 3951 2537 4004 nostris.
2583 3948 2934 4020 Exploratum
2969 3954 3150 4021 itaque
3197 3961 3281 4006 est
3318 3962 3523 4004 textum
3565 3948 3709 4003 LXX

2145 4033 2500 4106 lnterpretum
2532 4041 2584 4092 in
2615 4039 2880 4110 Tetraplis
2904 4058 3007 4096 non
3034 4043 3378 4094 emendatum
3401 4040 3587 4103 fuisse,
3616 4041 3708 4092 sed

2144 4137 2338 4198 postea
2371 4134 2424 4182 in
2454 4129 2704 4203 llexaplis
2737 4133 2788 4186 id
2845 4133 3162 4202 praestitisse
3204 4132 3512 4198 Origenctn.
3566 4132 3712 4196 Qua-

2144 4233 2363 4290 propter
2385 4222 2471 4276 ubi
2501 4225 2566 4277 de
2588 4225 2919 4278 emendanda
2944 4224 3084 4280 LXX
3106 4226 3456 4293 Interpretum
3478 4225 3709 4276 lectione

2143 4313 2320 4382 agitur
2378 4315 2515 4382 apud
2566 4325 2815 4378 veteres,
2873 4314 3112 4383 Ilexapla
3167 4330 3399 4383 semper,
3456 4312 3706 4380 Ten-apis

2143 4421 2416 4474 nunquam
2451 4406 2703 4460 citantur.
2733 4405 2872 4462 Hine
2893 4417 3071 4460 autem
3105 4407 3366 4473 liquidum
3405 4417 3487 4462 est
3517 4406 3708 4459 Tetra-

2075 4490 2114 4543 D
2141 4498 2226 4567 pla
2260 4499 2410 4566 prius
2434 4513 2594 4566 quam
2631 4497 2853 4567 Octapla
2876 4502 3019 4553 edita
3046 4501 3213 4553 fuisse
3242 4519 3253 4552 :
3285 4516 3408 4556 nam
3452 4502 3495 4555 si
3524 4500 3705 4554 Hexa-

2139 4592 2225 4660 pla
2253 4608 2375 4645 cum
2409 4593 2648 4647 editione
2682 4593 2889 4647 Scilicet
2919 4593 3007 4646 illa
3029 4593 3138 4645 τῶν
3162 4595 3215 4647 Ο¹
3252 4609 3278 4646 a
3318 4596 3529 4648 mendis
3576 4610 3705 4663 ptir-

2135 4694 2274 4753 gata,
2303 4682 2456 4752 prius
2483 4683 2744 4738 edidisset
2787 4684 3081 4753 Origenes;
3128 4701 3196 4739 an
3232 4687 3484 4739 credatur
3524 4687 3699 4754 ipsum

2132 4787 2321 4845 postea
2351 4792 2475 4832 cum
2502 4775 2749 4845 Tctrapla
2778 4777 2984 4839 ederet,
3022 4779 3186 4834 missa
3225 4779 3313 4830 illa
3356 4795 3518 4846 quam
3551 4790 3702 4833 tanto

2131 4868 2319 4922 labore
2344 4869 2743 4922 emaculaverat
2769 4866 3058 4939 llcxapluri
3091 4871 3348 4933 editione,
3392 4871 3552 4923 aliain
3620 4871 3702 4924 in-

2130 4964 2475 5018 emendatam
2507 4975 2560 5018 et
2577 4965 2772 5019 erratis
2803 4966 3016 5033 plenam
3045 4964 3391 5032 posuisseﬂd
3416 4974 3559 5017 certe
3573 4981 3697 5019 cum

2131 5067 2279 5112 recta
2309 5059 2516 5112 ratione
2550 5068 2815 5127 pugnaret
2844 5075 2856 5110 ε
2899 5067 2953 5112 et
2989 5069 3247 5127 praeterea
3283 5057 3435 5112 locus
3480 5057 3696 5111 Eusebii

2130 5165 2290 5221 quem
2317 5165 2479 5219 supra
2503 5151 2912 5219 descripsimus,
2940 5165 3147 5202 necnon
3171 5165 3404 5217 sequens
3425 5149 3694 5221 Origenis,

2127 5240 2181 5294 id
2226 5252 2409 5310 aperte
2458 5251 2702 5295 narrant.
2737 5241 2860 5296 Haec
2907 5252 3087 5295 autem
3146 5242 3391 5311 pluribus
3423 5243 3692 5313 prosecuti

2133 5346 2345 5395 sumus,
2371 5331 2496 5401 quia
2529 5331 2795 5387 Henricus
2825 5331 3073 5386 Valesius
3097 5333 3274 5387 locum
3313 5331 3528 5387 Eusebii
3573 5349 3693 5403 per-

2132 5439 2316 5491 peram
2350 5425 2758 5494 interpretatus,
2797 5424 2970 5478 doctis
2996 5424 3205 5494 aliquot
3233 5425 3363 5478 viris
3395 5427 3578 5480 lucum
3613 5423 3694 5480 fe-

2221 5531 2293 5565 ιιι.

2125 5522 2293 5570 cerat.

2303 5602 2389 5658 IV.
2429 5604 2547 5669 Quo
2581 5614 2804 5670 tempore
2834 5604 3074 5673 Hexapla
3103 5607 3508 5659 concinnnrerit.

2199 5690 2274 5748 De
2318 5703 2557 5762 tempore
2602 5709 2711 5762 quo
2765 5693 2999 5763 Hexapla
3049 5695 3334 5748 adornavit
3384 5697 3681 5765 Origenes,

2129 5803 2352 5858 prorsus
2385 5787 2664 5842 ἁσύστατα
2696 5800 2879 5845 narrat
2914 5788 3268 5860 Epiphanius,
3299 5792 3388 5860 qui
3423 5793 3517 5856 ait,
3556 5791 3681 5847 Ori-
