4122 6448
429 369 501 427 85

1646 366 1715 422 1N
1751 367 2075 424 HEXAPLA
2111 367 2450 427 ORIGENIS.

3594 365 3662 422 26

428 500 618 557 genam
645 499 678 540 a
705 492 947 555 tempore
977 484 1124 543 Decii
1158 486 1225 542 ad
1251 500 1425 556 usque
1452 484 1743 555 imperium
1771 486 1909 541 Galli
1941 495 1996 541 et
2023 494 2069 550 Α
2098 487 2410 559 Symmachi
2438 484 2832 556 interpretatio.
2863 480 3099 538 Eusebio
3127 479 3309 535 itidem
3336 480 3660 551 astipulatnr

427 575 712 631 Volusiani
761 583 817 630 et
862 576 1005 630 ultra
1056 576 1352 634 ﬂoruisse:
1403 592 1470 633 ac
1516 579 1572 631 in
1617 577 1994 647 persecutione

427 667 572 723 Decii
607 668 776 722 multa
814 682 1035 736 passum
1061 707 1077 733 ,
1121 684 1299 739 neque
1331 677 1509 724 tamen
1556 669 1817 739 martyrio
1859 683 1994 723 con-

423 765 779 822 summatum,
816 756 1119 812 Caesaream
1159 761 1535 815 concessisse:
1570 758 1696 814 inde
1720 757 1993 830 Jerosoly-

425 862 570 901 mam
597 887 613 913 ,
657 856 843 916 postea
907 847 1154 918 Tyrum:
1207 850 1334 913 ubi,
1381 849 1558 919 pergit
1603 849 1724 912 ille.
1766 859 1890 904 octo
1940 856 1995 904 et

422 935 611 1005 viginti
656 952 925 992 annorum
960 940 1136 1008 spatio
1176 949 1454 1005 moratus,
1497 938 1736 1010 Hexapla
1771 956 1993 1010 compo-

422 1029 551 1083 suit.
582 1027 708 1084 Haac
739 1028 1101 1098 Epiphanius,
1135 1035 1228 1102 qui
1268 1034 1466 1086 mirum
1504 1040 1766 1101 quantum
1801 1048 1830 1086 a
1860 1047 2007 1087 vero

419 1120 771 1182 aberraverit.
798 1119 933 1176 Nam
960 1137 1104 1188 cum,
1132 1122 1366 1180 Eusebio
1394 1131 1550 1189 teste,
1583 1122 1846 1193 Origenes
1885 1123 1990 1176 im-

417 1213 735 1280 perantibus
779 1211 934 1268 Gallo
988 1223 1041 1267 et
1071 1213 1388 1277 Volusiano,
1444 1214 1538 1284 qui
1590 1229 1735 1268 anno
1785 1213 1991 1269 Christi

413 1302 521 1359 254
549 1304 676 1359 caesi
709 1312 857 1366 sunt,
892 1304 1111 1371 obierit,
1170 1304 1259 1359 vix
1307 1305 1483 1376 potuit
1535 1315 1656 1375 post
1688 1303 1833 1359 Decii
1863 1321 1987 1374 per-

416 1394 750 1448 secutionem
810 1393 935 1448 anni
975 1393 1079 1448 251
1140 1395 1314 1451 tribus
1370 1395 1531 1449 annis
1582 1396 1803 1451 vixisse.
1857 1395 1989 1452 June

414 1483 580 1554 igitur
607 1485 957 1540 doctissimus
1003 1485 1515 1556 illustrissimusque
1554 1486 1816 1553 Huctius,
1848 1489 1989 1558 reje-

413 1574 518 1630 ctis
549 1573 835 1644 Epiphanii
879 1576 1045 1641 notis,
1069 1577 1287 1632 aliunde
1327 1578 1594 1633 calculum
1634 1586 1817 1648 petere
1863 1581 1990 1635 niti.

411 1675 531 1723 tur:
548 1675 715 1735 utque
732 1667 1155 1736 probabiliorem
1176 1685 1239 1724 ea
1256 1671 1322 1725 de
1343 1686 1403 1725 re
1424 1673 1982 1740 statuatsentcntiam,

409 1759 477 1814 ad
503 1767 717 1828 tempus
744 1756 1026 1813 Maximini
1053 1776 1189 1830 opus
1227 1760 1591 1832 Hexaplorum
1627 1772 1885 1819 revocat:
1918 1780 1983 1820 ac

409 1847 674 1905 Caesareae
701 1850 1016 1904 inchoatum
1047 1889 1064 1917 ,
1118 1851 1242 1923 Tyri
1268 1863 1449 1909 autem
1488 1852 1783 1923 perfectum
1816 1854 1986 1911 fuisse

406 1940 678 2010 opinatur.
740 1941 817 1997 De
839 1950 991 1997 tanto
1035 1953 1215 2000 autem
1256 1946 1464 2001 edendo
1500 1960 1663 2016 opere
1701 1946 1814 2016 jam
1854 1956 1986 2004 tunc

405 2030 676 2102 cogitasse
700 2030 988 2102 Origenem
1017 2043 1192 2104 putat,
1221 2051 1345 2092 cum
1372 2037 1714 2092 Alexandriae
1742 2053 1986 2092 versare-

406 2128 528 2174 tur:
553 2120 861 2191 ibidemque
886 2125 1175 2179 nonnullas
1195 2124 1489 2195 Scriptura:
1511 2127 1983 2196 interpretationes

404 2209 687 2281 collegisse
711 2213 1143 2285 contulisseque:
1165 2231 1284 2286 qua:
1317 2216 1486 2273 totius
1508 2226 1796 2273 structurae
1818 2219 1981 2274 veluti

323 2375 327 2378 ξ
403 2300 706 2356 rudimenta
756 2304 943 2358 haberi
1002 2315 1299 2374 poterant;
1361 2308 1555 2362 deinde
1606 2307 1868 2364 Caesareae
1921 2310 1980 2363 in

400 2388 738 2459 Cappadocia
764 2392 841 2446 rei
867 2393 1011 2448 serio
1033 2411 1250 2450 manum
1278 2396 1625 2462 admovisse;
1653 2398 1981 2469 demumque

401 2477 529 2551 Tyri
551 2481 869 2537 absolvisse.
897 2482 989 2540 Sic
1005 2485 1093 2539 ille
1123 2484 1572 2558 Origenianorum
1592 2488 1687 2544 lib.
1711 2505 1751 2554 ι,
1775 2505 1897 2561 cap.
1921 2492 1977 2560 5,

396 2584 529 2627 num
555 2570 609 2625 2.
638 2570 771 2642 Ejus
794 2576 956 2628 verba
1003 2573 1207 2631 referre
1234 2592 1344 2631 non
1376 2578 1597 2648 pigebit.

473 2678 494 2713 ς
536 2661 910 2732 Tetraplorum
940 2675 997 2720 et
1022 2664 1387 2738 Hexaplorum
1409 2709 1424 2734 ,
1452 2685 1689 2740 quorum
1735 2672 1972 2727 mentio-

398 2766 522 2807 nem
561 2751 691 2808 fecit
740 2753 1010 2812 Eusebius
1050 2758 1146 2814 lib.
1193 2775 1248 2813 vr
1299 2759 1543 2827 Hirtam,
1582 2778 1703 2832 cap.
1746 2765 1833 2829 16,
1884 2766 1972 2822 cui

399 2845 628 2913 tempori
661 2845 1004 2917 adjungenda
1036 2852 1106 2905 sit
1142 2850 1473 2922 descriptio,
1516 2862 1756 2911 statuere
1786 2872 1972 2927 prom-

393 2943 548 3002 ptum
583 2950 692 2989 non
718 2944 820 2991 est.
854 2936 1079 2994 Factum
1122 2941 1174 2996 id
1211 2942 1522 3013 significare
1555 2948 1767 3002 videtur
1800 2948 1972 3004 Euse-

396 3021 522 3078 bius
562 3026 737 3080 multo
777 3037 1065 3097 antequam
1097 3030 1429 3089 Alexandria
1472 3036 1732 3109 Origenes
1776 3055 1968 3097 exces-

395 3113 592 3181 sisset,
623 3124 755 3171 tunc
784 3119 1040 3173 nimirum
1087 3137 1213 3177 cum
1256 3124 1608 3183 Ambrosium
1645 3131 1713 3185 ad
1762 3132 1965 3189 Christi

393 3203 556 3263 ﬁdem
598 3208 971 3265 convertebat.
1023 3211 1360 3290 Epiphanius
1410 3228 1591 3275 autem
1636 3221 1763 3293 Tyri
1811 3224 1967 3293 lucue

390 3297 547 3351 brata
577 3313 640 3351 ea
683 3313 791 3353 non
832 3301 997 3354 semel
1025 3308 1374 3362 asseveravit.
1409 3309 1524 3381 Ego
1549 3327 1677 3367 vero
1706 3314 1853 3370 aliud
1886 3317 1965 3371 rei

391 3385 517 3441 huic
562 3394 779 3458 tempus
809 3389 1030 3459 deputo,
1080 3396 1300 3462 quando
1350 3400 1581 3469 scilicet,
1616 3402 1965 3462 Christianos

392 3486 623 3532 vexante
663 3479 959 3535 Maximino
977 3525 990 3539 .
1017 3482 1321 3542 Caesaream
1350 3489 1708 3560 Cappadociae
1746 3496 1812 3550 ad
1841 3496 1963 3550 Fir-

390 3568 675 3625 milianum
710 3571 956 3643 confugit
994 3573 1276 3647 Origenes.
1311 3580 1353 3634 A
1400 3579 1614 3638 Juliana
1647 3587 1790 3640 enim
1831 3587 1966 3642 libe-

385 3659 570 3715 raliter
589 3675 847 3736 exceptus
873 3675 926 3720 et
949 3668 1112 3722 domo
1142 3678 1197 3724 et
1225 3670 1549 3728 bibliotheca
1576 3691 1607 3729 a
1633 3676 1962 3747 Symmacho

385 3748 514 3803 olim
567 3750 880 3819 instructa,
931 3757 997 3810 ad
1045 3774 1165 3812 eam
1217 3760 1412 3816 deinde
1462 3762 1794 3820 haereditatis
1837 3766 1960 3837 jure

383 3843 739 3909 transmissa,
774 3856 966 3903 nactus
998 3849 1110 3905 illic
1141 3859 1223 3905 est
1256 3849 1552 3922 Scriptura:
1581 3871 1750 3912 sacrae
1776 3874 1961 3913 exem-

382 3931 554 4001 plaria
575 3974 589 3999 ,
618 3935 816 4004 quibus
852 3953 985 3993 usus
1028 3937 1204 3995 fuerat
1233 3941 1616 4013 Symmachus.
1664 3945 1801 4001 Tum
1831 3964 1959 4003 vero

381 4020 600 4076 codices
633 4024 811 4093 ipsum
857 4027 1169 4085 conﬂixisse
1215 4031 1355 4086 inter
1403 4050 1463 4089 se
1515 4046 1569 4091 et
1606 4038 1959 4106 conjunxisse

379 4110 663 4177 probabile
691 4122 814 4168 est:
852 4116 944 4170 sed
978 4133 1100 4171 cum
1137 4114 1444 4176 institutum
1467 4139 1614 4193 .opns
1657 4141 1754 4195 per
1784 4143 1959 4199 angu-

379 4203 514 4259 stias
560 4206 818 4274 temporis
847 4207 921 4261 ibi
951 4209 1230 4266 absolvere
1262 4228 1368 4267 non
1413 4224 1617 4283 posset,
1645 4232 1954 4286 supremam

381 4289 485 4360 ipsi
528 4308 752 4348 manum
795 4296 851 4351 in
890 4300 1001 4352 otio
1040 4299 1204 4371 Tyrio
1249 4302 1596 4372 imposuisse.
1644 4306 1762 4363 Non
1809 4312 1954 4380 quod

376 4383 444 4437 de
476 4382 545 4439 iis
573 4387 839 4456 cogitasse
867 4387 1159 4461 Origenem
1193 4403 1306 4448 tum
1336 4397 1570 4465 primum
1607 4412 1785 4468 putem
1815 4419 1829 4467 ;
1859 4403 1955 4458 sed

2092 578 2459 649 Epiphanius,
2504 579 2750 634 scribens
2796 575 2987 630 haeresi
3030 588 3189 636 thv,
3219 586 3338 641 cap.
3378 572 3444 637 3,
3473 572 3660 643 Orige-

2093 683 2217 723 nem
2266 668 2674 723 lucubrationes
2709 681 2840 721 suas
2883 665 2940 718 in
2992 662 3370 730 Scripturam,
3420 663 3659 732 impulsu

2091 759 2367 814 Ambrosii
2396 767 2698 827 susceptas,
2721 758 2789 811 ab
2819 754 3074 823 Hexaplis
3098 753 3265 809 fuisse
3286 754 3655 823 auspicatum:

2093 850 2166 903 Τὸ
2191 849 2439 921 πρῶτον,
2476 849 2679 919 inquit,
2719 844 2880 901 αὑτοῦ
2929 844 3202 915 ἐπιμελῶς
3240 844 3660 915 ἐφιλοτιμήσατο

2093 942 2418 1008 συναγαγεῖν
2442 937 2550 993 τῶν
2583 938 2640 1004 ἒξ
2663 936 2988 1009 ἑρμηνειῶν.
3033 936 3197 1005 Atqui
3236 947 3366 989 tunc
3399 937 3658 1005 temporis

2089 1029 2433 1084 Alexandriae
2477 1029 2817 1083 versabatur.
2876 1025 3229 1095 Reterquehit
3277 1035 3656 1095 argumentum

2090 1115 2289 1184 aliquis
2312 1155 2325 1177 ,
2353 1123 2407 1170 et
2444 1115 2622 1182 dicet,
2655 1115 2758 1169 hoc
2799 1124 3037 1183 tempore
3066 1130 3157 1169 sex
3185 1113 3656 1183 interpretationes

2088 1202 2143 1258 in
2175 1218 2343 1259 unum
2371 1203 2626 1273 colligere
2652 1218 2758 1256 non
2780 1204 3021 1272 potuisse
3046 1200 3353 1272 Origenem,
3375 1202 3466 1272 qui
3492 1202 3652 1257 etiam

2089 1303 2204 1349 tum
2256 1293 2567 1364 Symmachi
2620 1294 3065 1363 interpretatione
3108 1303 3161 1348 et
3210 1294 3443 1348 editione
3492 1293 3654 1349 Sexta

2088 1395 2321 1441 careret.
2359 1385 2679 1455 Respondeo
2723 1384 3086 1454 Hexaplorum
3129 1384 3654 1454 coagmentationem

2087 1484 2268 1527 mente
2299 1472 2678 1544 pneformasse
2706 1474 2908 1543 ipsum,
2954 1489 3078 1526 cum
3108 1481 3251 1528 esset
3274 1473 3614 1527 Alexandriae
3634 1512 3649 1537 ,

2087 1577 2194 1616 non
2234 1563 2351 1632 ipsa
2388 1572 2792 1632 coagmentasse
2815 1601 2829 1625 ,
2879 1578 3001 1617 cum
3032 1562 3274 1616 nondum
3322 1564 3652 1631 exemplaria

2084 1653 2310 1708 haberet
2335 1653 2401 1709 ad
2424 1670 2643 1708 manum
2666 1672 2680 1708 :
2711 1654 2802 1708 sed
2830 1654 2941 1723 jam
2967 1653 3090 1707 inde
3114 1653 3245 1721 ipsis
3265 1653 3653 1721 invesrigandis

2085 1759 2304 1813 operam
2333 1745 2567 1800 dedisse.
2598 1742 2785 1814 Itaque
2813 1760 2922 1798 non
2953 1745 3086 1799 dicit
3113 1744 3450 1815 Epiphanius
3492 1749 3654 1820 συνήο

2014 1832 2058 1887 Β
2084 1856 2287 1909 γαγεν;
2316 1841 2429 1908 sed,
2464 1840 2883 1912 ἐφιλοτιμήσατο
2912 1843 3253 1909 συναγαγεῖν.
3295 1860 3314 1892 μ

2158 1932 2249 1985 Sic
2296 1932 2380 1986 vir
2425 1931 2830 1987 eruditissimus
2863 1932 3174 2001 opinionem
3220 1949 3375 1987 suam
3408 1948 3654 1989 asserere

2083 2021 2298 2077 nititur.
2339 2021 2437 2077 His
2467 2030 2647 2077 autem
2696 2032 2963 2093 repugnat
2993 2021 3373 2079 Tillemontius
3395 2065 3410 2090 ,
3442 2026 3535 2096 qui
3565 2034 3651 2079 ta-

2082 2130 2206 2169 men
2238 2126 2293 2170 et
2318 2116 2433 2185 ipse
2460 2115 2618 2186 quasi
2647 2115 2968 2171 hariolando
3002 2131 3115 2169 rem
3146 2116 3216 2169 ita
3247 2126 3560 2186 pertractat,
3592 2127 3652 2174 ut

2080 2206 2280 2265 dubius
2324 2207 2495 2261 lector
2541 2206 2750 2276 ignoret
2784 2206 2875 2261 ubi
2912 2206 3041 2277 ligat
3069 2206 3280 2277 pedem.
3326 2207 3457 2278 Ejus
3488 2210 3650 2265 verba

2080 2301 2160 2356 sic
2188 2299 2379 2353 Latina
2411 2295 2660 2351 facimus.

2155 2407 2175 2440 ι
2210 2386 2339 2443 Post
2366 2385 2643 2442 Valesium
2691 2386 2917 2443 iluetius
2950 2387 3224 2443 existimat
3256 2386 3493 2457 llexapla
3524 2386 3649 2442 Ori-

2078 2495 2267 2551 genem
2301 2480 2540 2535 edidisse
2574 2488 2863 2550 antequam
2895 2479 3143 2550 Tetrapla
3183 2482 3555 2536 concinnaret.
3589 2478 3645 2534 Si

2077 2570 2152 2626 ita
2199 2586 2259 2627 se
2305 2587 2394 2626 res
2425 2572 2653 2638 habeat,
2701 2587 2809 2625 non
2859 2573 3037 2642 potuit
3087 2572 3348 2643 Origenes
3396 2572 3649 2641 Hexaplis

2077 2677 2300 2717 manum
2338 2663 2629 2717 admovere
2662 2672 2952 2732 antequam
2987 2664 3367 2718 Alexandriam
3404 2680 3462 2719 se
3510 2665 3649 2718 reci-

2076 2766 2249 2826 peret,
2290 2754 2434 2824 quod
2463 2754 2657 2809 accidit
2688 2769 2832 2808 anno
2857 2755 2984 2819 251,
3016 2756 3454 2825 quandoquidem
3486 2754 3649 2810 Sexta

2074 2848 2287 2911 versio,
2317 2861 2480 2915 quam
2521 2846 2576 2901 in
2620 2845 2875 2917 Hexaplis
2908 2846 3106 2901 locavit
3128 2888 3142 2912 ,
3176 2861 3320 2900 anno
3352 2846 3647 2901 Alexandri

2075 2933 2260 2991 Severi
2291 2937 2551 3006 septimo,
2594 2949 2655 2991 ut
2682 2944 2868 2990 narrat
2897 2935 3254 3005 Epiphanius,
3285 2946 3497 3006 reperta
3527 2944 3646 3001 est,

2075 3027 2131 3082 id
2159 3037 2243 3082 est
2279 3043 2425 3083 anno
2457 3027 2660 3082 Christi
2690 3027 2816 3090 2'28,
2844 3027 2928 3080 vel
2959 3027 3171 3079 tantillo
3197 3035 3354 3080 antea
3382 3034 3643 3095 tempore.

2071 3119 2208 3174 Cum
2238 3127 2417 3174 autem
2453 3117 2749 3188 Septimam
2782 3132 3001 3187 quoque
3035 3117 3326 3171 editionem
3347 3156 3362 3181 ,
3393 3132 3515 3186 qua:
3542 3132 3645 3171 suo

2070 3210 2184 3264 hmc
2214 3219 2424 3279 reperta
2454 3207 2587 3275 fuit,
2625 3209 2678 3261 in
2707 3206 2963 3276 Hexaplis
2991 3208 3269 3277 posuerit,
3299 3223 3363 3261 ac
3390 3208 3556 3261 variis
3585 3222 3643 3260 a-

2066 3304 2268 3373 gitatus
2311 3302 2578 3373 negotiis,
2624 3309 2913 3369 antequam
2957 3300 3256 3354 Caesaream
3299 3307 3505 3369 peteret
3530 3314 3638 3353 ιιοί

2067 3402 2155 3449 sat
2184 3393 2277 3447 otii
2308 3403 2503 3448 nactus
2539 3391 2707 3445 fuisse
2737 3392 3022 3458 videatur;
3056 3391 3168 3444 veri
3195 3406 3326 3445 sane
3352 3391 3526 3447 simile
3551 3400 3637 3446 est

2064 3498 2188 3537 eum
2222 3483 2275 3537 in
2307 3483 2409 3537 hac
2451 3482 2584 3536 urbe
2619 3480 2860 3551 Hexapla
2890 3496 3146 3535 exorsum
3171 3496 3311 3536 esse.
3344 3480 3469 3536 HLBC
3508 3498 3638 3535 vero

2064 3574 2325 3643 temporis
2356 3572 2494 3626 ratio
2524 3588 2647 3627 cum
2680 3571 2968 3641 Epiphanii
2996 3560 3314 3626 narratione
3347 3572 3640 3627 convenire

2063 3663 2296 3730 videtur,
2318 3663 2409 3732 qui
2429 3663 2503 3716 ait
2524 3663 2701 3732 ipsum
2727 3661 2964 3731 Hexapla
2993 3677 3246 3716 exorsum
3275 3678 3396 3717 esse
3419 3663 3641 3732 quando

2062 3753 2265 3824 Tyrum
2297 3770 2356 3808 se
2384 3755 2626 3824 recepit;
2664 3761 2716 3807 et
2747 3753 2936 3823 viginti
2972 3762 3097 3807 octo
3131 3755 3289 3808 annis
3332 3754 3459 3823 huic
3490 3755 3639 3822 operi

2060 3846 2367 3901 insudasse.
2402 3845 2602 3901 Verum
2634 3854 2693 3900 ut
2721 3846 2837 3901 inec
2862 3846 3160 3901 consistere
3186 3854 3430 3916 possent,
3464 3862 3639 3901 annos

2059 3935 2363 3990 octodecim
2393 3951 2493 4005 pro
2522 3935 2714 4006 viginti
2746 3944 2869 3990 octo
2907 3936 3189 4006 legendum
3235 3946 3409 4001 esset,
3443 3945 3496 3991 et
3537 3953 3634 4006 pro

2060 4025 2203 4096 Tyro
2240 4024 2545 4080 Caesaream
2585 4026 3024 4080 substituendum
3072 4025 3251 4080 foret:
3297 4027 3387 4080 ubi
3424 4027 3637 4082 videtur

2058 4116 2320 4188 Origenes
2352 4117 2537 4172 sedem
2568 4118 2819 4191 posuisse
2847 4118 2914 4172 ab
2945 4134 3089 4172 anno
3120 4119 3218 4172 251
3254 4119 3321 4173 ad
3347 4118 3472 4172 250.
3501 4118 3639 4174 Nam

2058 4211 2105 4264 si
2136 4209 2258 4263 vitae
2284 4210 2478 4263 seriem
2511 4210 2782 4275 attendas,
2812 4211 2991 4263 statim
3021 4211 3171 4265 dicas
3197 4211 3484 4279 Origenem
3526 4228 3637 4268 non

2055 4301 2300 4370 potuisse
2324 4298 2453 4371 Tyri
2484 4315 2659 4355 annos
2681 4300 2750 4354 28
2774 4302 3130 4354 commorari:
3158 4301 3433 4370 multoque
3455 4302 3639 4359 minus

2057 4392 2140 4446 hae
2174 4390 2351 4462 Tyriae.
2394 4406 2563 4445 mora:
2612 4401 2737 4460 post
2778 4390 2926 4445 Decii
2972 4392 3400 4459 persecutionem
3449 4393 3636 4447 consi-

375 4472 719 4531 Aiexandriae
751 4477 985 4535 fortasse
1017 4483 1169 4552 prius
1200 4487 1383 4542 animo
1413 4488 1733 4555 informata,
1768 4494 1951 4551 Caesa-

2068 4482 2212 4553 gnari
2237 4491 2487 4551 possunt,
2515 4482 2569 4536 id
2602 4483 2730 4537 licet
2766 4480 2955 4536 fecerit
2987 4482 3353 4551 Epiphanius:
3385 4484 3634 4552 quando-

375 4578 481 4619 rea:
503 4565 861 4635 Cappadocia:
891 4570 1161 4640 inchoata,
1186 4573 1414 4632 Athenis
1437 4587 1491 4632 et
1513 4578 1771 4637 Caesareae
1802 4583 1949 4640 Stra-

378 4661 520 4747 tonis
561 4658 772 4725 aiiecta,
813 4678 877 4717 ac
921 4662 1046 4735 Tyri
1082 4667 1299 4722 demum
1347 4672 1584 4728 arbitror
1626 4674 1797 4731 fuisse
1829 4694 1950 4747 per-

375 4743 535 4801 fecta.
570 4747 649 4802 Ita
682 4748 920 4806 Eusebio
968 4754 1290 4811 conciliatur
1323 4757 1678 4829 Epiphanius,
1711 4743 1945 4833 quorum

377 4835 468 4890 ille
499 4838 738 4908 aliquam
786 4841 842 4901 in
880 4846 1275 4903 concinnandis
1306 4848 1561 4921 Hexaplis
1606 4854 1951 4912 Alexandriae

377 4939 596 4995 operam
629 4929 699 4984 ab
727 4928 959 5003 Origene
982 4936 1214 5003 positam
1245 4938 1454 4995 videtur
1480 4943 1822 5012 significare;
1857 4947 1947 5004 hic

375 5016 502 5089 Tyri
533 5019 704 5077 fuisse
728 5028 1030 5094 composita
1066 5040 1248 5096 aperte
1275 5030 1471 5099 docet;
1501 5036 1644 5104 quod
1677 5036 1751 5090 ita
1788 5037 1949 5094 intel-

373 5111 650 5180 ligendum
682 5124 786 5181 est,
821 5132 932 5173 .“on
959 5117 1085 5190 Tyri
1118 5120 1292 5174 solum
1327 5139 1390 5177 ea
1424 5125 1734 5182 elaborasse
1762 5127 1949 5201 Orige-

372 5217 521 5268 nem,
550 5205 643 5259 sed
668 5205 722 5260 in
757 5206 825 5262 iis
851 5209 1012 5263 etiam
1044 5210 1179 5265 locis
1203 5211 1256 5265 in
1287 5215 1486 5282 quibus
1527 5229 1649 5272 octo
1675 5230 1728 5273 et
1757 5220 1946 5290 viginti

372 5300 500 5346 ante
536 5305 763 5351 mortem
800 5300 959 5354 annis
998 5310 1246 5357 versatus
1276 5316 1395 5370 est,
1428 5321 1565 5374 quos
1601 5304 1727 5378 Tyri
1757 5320 1943 5367 trans-

371 5392 520 5439 actos
536 5400 817 5456 perperam
841 5388 1175 5460 Epiphanius
1197 5395 1446 5450 credidit.
1470 5395 1677 5453 Firmat
1701 5410 1944 5457 nostram

371 5475 740 5543 conjecturam
765 5483 909 5548 quod
934 5483 1011 5536 ait
1032 5483 1299 5542 Eusebius
1318 5487 1411 5540 lib.
1433 5503 1505 5543 vr.
1533 5487 1679 5548 Hist.
1705 5507 1824 5561 cap.
1858 5494 1943 5561 l7,

374 5561 693 5635 Symmachi
722 5568 1222 5639 interpretationem
1254 5577 1307 5630 in
1341 5574 1571 5633 Iuliana:
1602 5579 1941 5638 Bibliotheca

370 5654 657 5728 Origenem
704 5662 993 5728 reperisse.
1050 5663 1300 5722 Nondum
1351 5670 1541 5739 itaque‘
1576 5671 1815 5744 llexapla
1861 5676 1941 5730 vel

371 5747 623 5822 Tetrapla
668 5752 1091 5812 concinnaverat
1116 5798 1133 5826 ,
1167 5775 1403 5830 quorum
1435 5778 1561 5835 pars
1604 5781 1797 5838 magna
1839 5767 1941 5823 fuit

2054 4574 2271 4642 quidem
2306 4571 2563 4642 Origenes
2592 4582 2714 4642 post
2737 4589 2856 4627 eam
2890 4573 3320 4641 persecutionem
3350 4573 3439 4627 vix
3470 4574 3637 4635 trien-

2050 4665 2142 4720 nio
2174 4665 2333 4719 vixit.
2382 4664 2582 4720 Verum
2622 4665 2726 4719 hoc
2767 4665 2940 4734 posito
2987 4680 3171 4719 rerum
3221 4673 3634 4737 temporumque

2050 4758 2261 4824 ordine,
2293 4759 2484 4829 ingens
2510 4758 2640 4811 hinc
2669 4757 2845 4812 oritur
2871 4754 3178 4823 difﬁcultas,
3209 4759 3351 4827 quod
3386 4758 3634 4812 videatur

2049 4851 2308 4920 Origenes
2335 4851 2446 4919 jam
2483 4848 2721 4918 llexapla
2742 4847 2822 4901 vel
2841 4846 3090 4917 Tetrapla
3126 4864 3223 4903 sua
3253 4849 3487 4903 edidisse
3507 4865 3631 4903 cum

2048 4939 2193 4996 Julio
2241 4940 2500 4996 Africano
2549 4940 2804 5011 scripsit,
2833 4954 2956 5009 quae
2999 4948 3179 4993 tamen
3227 4940 3456 5009 epistola
3488 4955 3635 4997 anno

2049 5030 2154 5086 2°28
2185 5032 2309 5087 data
2342 5033 2513 5088 fuisse
2538 5032 2771 5087 videtur.
2797 5032 2855 5086 ln
2888 5033 2977 5086 illa
3005 5033 3209 5102 quippe
3230 5031 3455 5101 epistola
3487 5031 3634 5085 Afri-

2048 5141 2187 5180 cano
2218 5135 2405 5181 narrat
2432 5141 2491 5181 se
2526 5125 2728 5196 ingenti
2767 5125 2950 5179 labore
2981 5123 3231 5179 Hebraici
3270 5134 3324 5179 et
3362 5122 3504 5178 LXX
3546 5123 3633 5179 ln-

2051 5226 2347 5288 terpretum
2391 5218 2576 5273 varias
2620 5218 2918 5283 lectiones,
2958 5215 3098 5271 facta
3140 5215 3427 5285 utriusque
3467 5216 3634 5273 colla-

2050 5309 2198 5363 tione
2230 5308 2546 5377 collegisse,
2579 5323 2751 5379 eaqne
2782 5309 2848 5362 de
2881 5324 3050 5362 causa
3076 5310 3258 5361 varias
3286 5322 3479 5363 omnes
3509 5309 3630 5363 edi-

2045 5400 2225 5456 tiones
2247 5401 2669 5467 examinavisse,
2703 5401 2796 5454 ubi
2834 5416 2964 5455 sane
2994 5399 3245 5469 Tetrapla
3273 5401 3407 5456 satis
3446 5410 3632 5469 aperte

2048 5491 2290 5546 indicare
2341 5492 2576 5545 videtur.
2636 5491 2790 5556 Quod
2842 5490 2887 5545 si
2925 5490 3038 5544 haec
3070 5488 3321 5560 Origenis
3358 5492 3518 5545 verba
3559 5491 3629 5544 de

2046 5579 2188 5634 LXX
2214 5597 2336 5636 cum
2364 5581 2537 5637 ohelis
2565 5591 2617 5635 et
2647 5581 2929 5635 asteriscis
2959 5579 3199 5634 editione
3240 5581 3463 5649 intelligi
3494 5595 3656 5660 pos:

2046 5685 2199 5738 sent,
2240 5687 2402 5741 quam
2450 5673 2503 5727 in
2539 5671 2726 5727 eadem
2762 5671 2987 5740 epistola
3022 5679 3456 5734 commemorat,
3509 5672 3623 5725 haec

2042 5765 2211 5820 editio
2241 5779 2375 5821 sane
2422 5763 2642 5821 nonnisi
2689 5772 2815 5835 post
2859 5763 3110 5837 Tetrapla
3157 5764 3475 5824 concinnari
3525 5777 3618 5832 po-
