4122 6420
501 337 572 390 27
1445 337 1462 352 ⁸
1867 342 2384 399 ΡΒᾸΞῌΜΙΝΑΒΙΑ
3661 353 3735 410 28

515 461 685 516 tuisse
727 459 954 516 videtur.
989 455 1122 515 Nam
1159 460 1211 516 id
1236 462 1416 531 operis
1448 479 1572 518 cum
1607 462 1874 532 Tetraplis
1919 478 2070 517 com-
2101 467 2146 522 Α
2175 472 2253 514 ter
2282 463 2583 529 disputans,
2611 479 2773 527 supra
2811 463 3011 516 dictam
3049 463 3288 519 haeresim
3334 474 3572 522 astruere
3595 471 3736 524 side-

512 553 704 614 mode,
750 552 868 608 sine
917 549 1185 624 Tetraplis
1227 555 1444 609 nonnisi
1491 570 1689 624 magno
1735 555 1917 608 labore
1956 553 2073 608 ﬁeri

583 651 739 700 ιρι-αι.

583 658 739 700 terat.

510 658 608 788 Pot
640 735 861 789 Certum
888 743 973 789 est
1017 743 1198 789 autem
1230 732 1518 805 Origenem
1562 732 1888 789 Nicomedia
1933 735 2076 789 hanc

507 829 574 883 ad
600 825 919 882 Africanum
949 829 1234 898 epistolam
1267 829 1592 898 scripsisse:
1625 844 1855 899 cumque
1902 829 1985 884 bis
2018 829 2070 882 in

507 918 774 975 Graeciam
816 919 921 973 iter
953 919 1267 986 instituerit,
1311 921 1575 975 alterutro
1606 921 1798 977 itinere
1825 921 2073 978 Nicome-

504 1014 650 1069 diam
677 1012 898 1083 petiisse
917 1020 970 1065 et
990 1012 1272 1081 epistolam
1295 1013 1509 1068 dedisse
1532 1013 1775 1081 videtur;
1800 1029 1864 1070 ac
1892 1016 2071 1084 potius

504 1107 705 1175 primo,
741 1118 905 1173 quam
937 1105 1216 1159 secundo:
1257 1109 1455 1159 etenim
1485 1107 1720 1176 primum
1749 1123 1894 1162 anno
1923 1109 2030 1162 228
2052 1151 2068 1175 ,

507 1193 806 1248 secundum
833 1195 1117 1249 duodecim
1147 1203 1268 1264 post
1297 1211 1467 1251 annos
1497 1197 1747 1252 instituit.
1780 1199 2070 1254 Africanus

505 1296 635 1336 vero
664 1283 840 1354 ipsum
877 1287 970 1339 lilii
1003 1289 1223 1342 nomine
1257 1289 1575 1358 compellat,
1607 1290 1748 1360 quod
1780 1291 1960 1361 aptius
2001 1293 2070 1349 ad

505 1373 806 1428 secundum
837 1375 1121 1430 referatur.

582 1478 601 1512 ι
639 1460 763 1518 Haec
803 1471 862 1518 ut
892 1465 1197 1520 consistere
1243 1466 1456 1535 possint
1484 1467 1774 1523 dicendum
1813 1471 2026 1527 videtur
2049 1514 2066 1540 ,

503 1548 789 1622 Origenem
842 1553 1090 1625 Tetrapla
1120 1557 1480 1614 concinnasse
1509 1568 1632 1614 ante
1674 1575 1878 1615 annum
1923 1563 2065 1628 228,

505 1641 608 1697 sub
651 1641 766 1698 haec
812 1655 994 1699 autem
1030 1655 1155 1716 post
1201 1657 1470 1715 repertam
1513 1647 1731 1704 Sextam
1775 1652 2064 1708 editionem

505 1729 740 1803 ﬂexapla
770 1735 1024 1800 edidisse,
1059 1737 1152 1792 ubi
1181 1739 1424 1806 quintam
1455 1749 1509 1794 et
1541 1751 1746 1796 sextam
1779 1744 2060 1800 locaverit:

503 1821 630 1877 licet
660 1839 772 1878 non
805 1835 890 1880 sat
933 1827 1160 1898 intelligi
1213 1829 1386 1898 possit
1425 1845 1524 1884 cur
1564 1847 1670 1885 non
1715 1835 1957 1902 quintam
2009 1839 2064 1891 in

503 1911 771 1986 Tetraplis
805 1922 1070 1989 posuerit,
1100 1922 1146 1977 si
1180 1921 1269 1976 illa
1302 1938 1447 1977 anno
1473 1924 1578 1978 217
1621 1927 1835 1982 inventa
1873 1929 2062 1996 fuerit,

501 2016 562 2061 ut
593 2009 930 2078 Epiphanius
975 2024 1202 2083 narrat;
1251 2017 1356 2072 nisi
1397 2018 1534 2071 forte
1571 2018 1786 2074 dicatur
1816 2020 2065 2092 Tetrapla

499 2098 662 2153 etiam
693 2109 818 2156 ante
843 2101 990 2157 hunc
1015 2119 1217 2160 annum
1251 2108 1487 2177 perfecta
1514 2107 1702 2176 fuisse,
1731 2112 1818 2166 cui
1851 2123 2068 2168 senten-

502 2187 590 2242 tiae
614 2187 796 2246 lavere
823 2193 1038 2248 videtur
1065 2194 1332 2254 Eusebius
1352 2239 1367 2253 .
1391 2239 1406 2254 .
1434 2240 1448 2254 .
1472 2239 1487 2254 .
1506 2239 1522 2254 .
1544 2239 1558 2254 .
1579 2240 1596 2255 .
1617 2239 1634 2255 .
1656 2241 1671 2256 .
1705 2201 1799 2257 Vir
1824 2204 2069 2261 clarissi~

501 2295 625 2335 mus
655 2279 883 2338 Huetius
909 2293 1061 2352 putat
1082 2284 1368 2356 Origeuem
1397 2290 1631 2363 llexapla
1657 2310 1912 2350 exorsum
1942 2313 2065 2352 esse

499 2384 645 2425 anno
673 2371 813 2436 235,
854 2374 1013 2428 nixus
1047 2374 1264 2432 Eusebii
1298 2383 1607 2436 testimonio
1629 2422 1644 2446 ,
1675 2386 1766 2454 qui
1798 2387 1910 2451 ait,
1942 2386 2065 2442 Ori-

500 2477 692 2530 genem
728 2463 1200 2535 interpretationes
1229 2469 1540 2541 Symmachi
1573 2475 1626 2529 in
1662 2476 2000 2547 Scripturam
2032 2495 2063 2534 a

497 2551 712 2609 Juliana
747 2559 1040 2627 accepisse.
1089 2558 1226 2614 Hinc
1268 2563 1429 2618 infert
1461 2581 1618 2630 eum,
1649 2583 1772 2622 cum
1823 2572 2061 2626 nondum

500 2645 812 2718 Symmachi
877 2653 1184 2709 versionem
1249 2657 1583 2724 accepisset,
1649 2676 1757 2714 non
1821 2665 2065 2732 potuisse

501 2733 778 2806 Hexapla,
833 2755 955 2808 quae
1007 2742 1152 2797 haud
1195 2745 1358 2800 dubie
1412 2746 1721 2818 Symmachi
1768 2753 2061 2809 editionem

499 2828 1016 2898 complectebantur,
1047 2835 1337 2890 adornare.
1368 2837 1436 2892 At
1463 2841 1753 2897 verisimile
1783 2860 1890 2899 non
1915 2845 2067 2902 vide-

498 2924 608 2982 tur,
635 2913 923 2990 Origenem
957 2922 1268 2996 Symmachi
1298 2934 1621 2999 versionem,
1647 2933 1717 2987 60
1740 2945 1864 2989 ante
1891 2951 2064 2992 annos

496 3008 828 3065 elaboratam
855 3053 870 3072 .
938 3025 1045 3070 tam
1105 3034 1229 3072 sero
1277 3035 1496 3076 nactum
1553 3041 1716 3080 esse:
1781 3039 2065 3098 potestque

2176 562 2281 608 tur.
2312 555 2479 623 Atque
2531 555 2625 608 hos
2668 553 2966 624 Symmachi
3015 554 3430 611 Commentarios
3458 575 3565 612 una
3616 577 3734 614 eum

2173 641 2298 694 aliis
2344 658 2509 695 sacra
2553 640 2844 712 Scriptura
2877 645 3397 712 interpretationibus
3443 646 3508 700 ab
3557 649 3736 701 eodem

2172 730 2481 796 elaboratis,
2531 741 2756 784 testatur
2787 730 3034 801 Origenes
3073 748 3128 785 se
3170 749 3204 785 a
3242 730 3466 785 Iuliana
3505 734 3734 801 quadam

2173 823 2450 891 accepisse,
2475 823 2544 876 ad
2567 838 2726 891 quam
2754 823 2793 876 ii
2827 821 2952 876 libri
2979 824 3321 876 successionis
3343 824 3466 891 jure
3497 840 3741 891 pervene-

2173 922 2330 976 rant;
2360 914 2450 966 ubi
2475 913 2626 976 illud,
2654 914 2710 966 in
2732 912 2921 982 quibus
2947 913 3195 966 adversus
3221 911 3561 981 Erangelium
3597 912 3734 965 Mat-

2169 1002 2296 1055 thtei
2319 1002 2512 1055 acriter
2535 1002 2833 1068 disputans,
2859 1002 3218 1070 supradictam
3242 1002 3480 1056 haresim
3499 1013 3736 1056 astruere

2171 1095 2392 1159 videtur,
2422 1110 2488 1148 ex
2510 1095 2775 1149 diametro
2807 1094 3112 1165 oppositam
3147 1091 3380 1147 Eusebio
3408 1095 3731 1148 sententiain

2169 1187 2339 1240 eil'ert.
2371 1183 2507 1240 Nam
2560 1201 2623 1239 ea
2653 1184 2966 1240 Graecorum
3011 1185 3303 1238 verborum
3350 1198 3507 1239 mens
3541 1193 3648 1248 est,
3679 1185 3734 1236 in

2168 1279 2356 1349 quibus
2388 1277 2629 1332 Matthci
2661 1277 2945 1348 Evangelia
2969 1278 3147 1341 nixus,
3177 1277 3259 1331 vel
3288 1276 3355 1330 ad
3396 1277 3650 1340 litteram,
3679 1277 3734 1330 in

2166 1371 2354 1442 quibus
2380 1371 2450 1422 ad
2479 1369 2715 1424 Mattha'i
2751 1368 3097 1439 Evangelium
3143 1369 3439 1432 intendens,
3471 1384 3736 1420 memora-

2169 1470 2278 1514 tam
2303 1460 2539 1514 lueresim
2579 1469 2895 1530 propugnat.
2930 1457 3146 1513 Etenim
3197 1468 3407 1512 certum
3451 1465 3534 1512 est
3573 1455 3737 1511 Ebio-

2167 1552 2312 1605 nitas
2341 1566 2438 1620 pro
2464 1565 2562 1606 sua
2585 1552 2784 1604 tuenda
2813 1551 3004 1604 haeresi
3031 1549 3322 1620 Evangelia
3348 1549 3580 1604 Matthxi
3606 1565 3733 1604 usos

2166 1642 2371 1698 fuisse:
2413 1653 2469 1698 et
2514 1643 2658 1698 hunc
2704 1640 2924 1696 Eusebii
2968 1642 3146 1696 locum
3203 1642 3471 1710 respicere
3523 1642 3736 1698 videtur

2167 1731 2549 1804 Hieronymus,
2576 1748 2700 1789 cum
2736 1734 2813 1786 ait
2842 1733 2898 1786 in
2933 1731 3191 1803 Catalogo
3230 1733 3542 1801 scriptorum
3566 1732 3732 1788 eccle-

2163 1827 2522 1888 siasticarum,
2572 1825 2640 1880 de
2687 1823 2921 1893 Origene
2968 1824 3239 1894 loquens:
3287 1825 3492 1893 Aquila.-
3533 1824 3732 1876 scilicet

2163 1916 2377 1970 Pontici
2396 1915 2665 1984 proselgti,
2687 1925 2735 1968 et
2763 1914 3126 1968 Theodotionis
3146 1914 3403 1980 Ebionari,
3420 1926 3464 1967 et
3489 1912 3733 1984 Symma-

2163 2012 2245 2063 chi
2262 2011 2492 2079 ejusdem
2507 2010 2768 2078 dogmatis
2787 2025 2804 2062 :
2821 2009 2910 2079 qui
2932 2009 2987 2060 in
3011 2007 3353 2078 Evangelium
3374 2025 3576 2078 quoque
3591 2009 3732 2062 κατὰ

2163 2102 2436 2156 Ματϐαἰον
2459 2103 2668 2170 scripsit
2695 2100 3132 2164 Commentarios,
3161 2102 3224 2154 de
3245 2117 3346 2170 quo
3375 2110 3423 2154 et
3450 2118 3604 2154 suum
3635 2103 3732 2154 clo-

2163 2209 2284 2263 gma
2330 2194 2639 2262 conﬁrmare
2687 2202 2929 2247 conatur.
2983 2190 3040 2246 In
3094 2191 3199 2246 hoc
3244 2201 3422 2246 autem
3468 2201 3726 2262 peccant,

2163 2287 2220 2339 ni
2272 2284 2448 2350 fallor,
2501 2283 2746 2339 Valesius
2799 2295 2854 2339 et
2903 2283 3303 2348 Tillemontius,
3345 2286 3488 2353 quod
3541 2300 3728 2339 vocem

2159 2375 2305 2429 δοκεῖ
2332 2385 2543 2429 vertant
2571 2377 2794 2441 videtur,
2829 2391 2954 2430 cum
3005 2377 3274 2432 sexcentis
3315 2377 3575 2446 exemplis
3605 2393 3730 2446 pro-

2159 2467 2318 2522 betur
2345 2467 2406 2520 τὸ
2434 2466 2602 2532 δοκεῖ,
2626 2468 2861 2521 maxime
2891 2468 3031 2536 apud
3078 2469 3370 2536 scriptores
3402 2470 3730 2522 ecclesiasti-

2161 2573 2278 2622 cos,
2330 2573 2438 2612 non
2475 2558 2722 2612 minuere
2771 2557 3182 2612 allirmationem
3213 2573 3226 2610 :
3261 2575 3369 2628 qua
3404 2559 3471 2612 de
3505 2574 3560 2612 re
3607 2558 3730 2612 vide

2161 2645 2573 2701 Onomasticum
2604 2656 2850 2701 nostrum
2881 2648 2948 2700 ad
2980 2647 3257 2701 Athanasii
3294 2647 3489 2717 Opera,
3519 2649 3573 2701 in
3599 2662 3730 2703 voce

2159 2740 2343 2794 δοκεῖς
2379 2739 2433 2793 id
2468 2746 2650 2792 autem
2687 2749 2832 2792 recte
2882 2738 2936 2792 in
2972 2739 3138 2792 allato
3167 2739 3285 2792 loco
3317 2740 3572 2809 exprimit
3601 2737 3726 2794 Hie-

2162 2847 2445 2900 ronymus.
2485 2833 2640 2884 Δοκεῖ
2667 2830 2833 2902 igitur
2866 2830 3002 2884 nihil
3035 2831 3216 2892 ollicit,
3245 2832 3540 2900 quominus
3577 2833 3727 2887 dica-

2165 2928 2252 2975 tur
2279 2920 2662 2991 Symmachum
2695 2921 2868 2990 palam
2893 2930 2947 2975 et
2976 2936 3042 2974 ex
3073 2920 3319 2990 professo
3351 2920 3726 2978 Ehionitarum

2165 3011 2411 3066 haeresim
2444 3011 2771 3079 defendisse,
2803 3021 2858 3066 et
2888 3011 3033 3066 hunc
3067 3027 3294 3082 prorsus
3330 3013 3584 3067 existimo
3605 3031 3728 3070 esse

493 3103 780 3200 commode
809 3103 1077 3162 Eusebius
1111 3109 1334 3180 intelligi
1374 3123 1468 3166 aut
1499 3115 1566 3168 de
1600 3116 1720 3186 ipso
1752 3116 2062 3188 Symmachi
2090 3142 2133 3200 ο
2165 3103 2328 3200 bullis
2357 3103 2458 3158 ιοεί
2483 3118 2723 3200 “imm”?-

491 3195 832 3264 autographo
857 3236 872 3261 ,
909 3213 1032 3251 nam
1067 3214 1130 3252 ex
1163 3201 1280 3269 ipso
1311 3203 1638 3274 Symmacho
1679 3207 1810 3262 illud
1846 3207 2060 3266 Juliana

491 3297 808 3354 acceperat,
838 3297 933 3342 aut
960 3289 1026 3344 de
1051 3295 1443 3349 commentario
1479 3299 1714 3366 quodam
1749 3299 2062 3370 Symmachi

493 3371 549 3426 in
583 3373 918 3445 Scripturam
941 3418 956 3436 .
989 3395 1097 3434 non
1133 3382 1199 3434 de
1225 3382 1344 3451 ejus
1390 3387 1658 3442 versione.
1691 3387 1768 3442 En
1804 3391 1919 3459 ipsa
1951 3389 2063 3446 Eu-

492 3465 626 3520 sebii
657 3468 814 3522 verba
843 3488 855 3523 :
891 3471 1116 3526 Exstant
1159 3487 1293 3528 certe
1319 3477 1479 3530 etiam
1525 3496 1659 3533 nunc
1683 3481 2062 3539 Commentarii

493 3553 818 3624 Symmachi,
842 3561 896 3613 in
919 3564 1106 3631 quibus
1134 3563 1414 3634 Evangelia
1436 3571 1720 3623 secundum
1747 3572 2057 3628 Matt/neum

492 3646 707 3700 innixus
741 3665 1082 3706 memoratam
1113 3655 1525 3727 (Ebionitarum)
1565 3661 1788 3716 hwresin
1821 3677 2057 3721 astruere

491 3734 716 3789 videtur.
754 3737 864 3790 Hos
889 3750 1064 3794 autem
1098 3742 1343 3812 Origenes
1372 3763 1490 3799 cum
1517 3750 1636 3802 aliis
1662 3749 1966 3820 Symmachi
2001 3757 2054 3809 in

491 3820 796 3893 scripturas
821 3830 1335 3898 interpretationibus
1381 3855 1413 3889 a
1462 3837 1685 3892 Iuliana
1709 3844 1936 3908 quadam
1967 3863 2057 3898 ac—

489 3917 690 3984 cepisse
738 3935 793 3972 se
843 3933 1120 3974 memorat.
1175 3922 1231 3978 Si
1280 3928 1567 3998 ἑρμηνείαι
1610 3932 1819 3999 possint
1855 3934 1943 3990 hic
1989 3937 2056 3991 de

487 4008 884 4061 commentario
930 4010 1194 4082 intelligi,
1228 4017 1371 4084 quod
1414 4019 1681 4073 neminem
1713 4029 1844 4089 puto
1889 4040 2055 4095 nega-

491 4104 707 4161 turum,
758 4109 823 4154 .ut
874 4101 954 4155 sic
1009 4101 1114 4158 hoc
1164 4105 1285 4160 loco
1333 4108 1664 4179 intelligatur
1712 4115 1903 4170 suadet
1951 4131 2054 4172 vox

484 4186 679 4253 ἄλλων,
711 4191 856 4256 aliis,
897 4193 965 4246 ab
991 4191 1227 4250 Eusebio
1258 4199 1521 4255 adhibita.

560 4297 580 4331 s
629 4277 934 4337 Verisimile
970 4301 1102 4340 sane
1147 4297 1232 4343 cst
1271 4287 1557 4359 Origenem
1610 4293 1728 4363 ipso
1761 4295 2053 4353 Caracallas

485 4377 746 4438 tempore,
775 4370 1149 4444 Tetraplorum
1181 4396 1319 4449 Opus
1349 4398 1606 4438 exorsum
1630 4403 1771 4454 csse,
1801 4393 2052 4458 quando-

2234 3195 2330 3250 llis
2366 3195 2591 3260 carptim
2643 3193 2964 3257 observatis,
2995 3192 3107 3264 jam
3147 3191 3213 3246 ad
3265 3201 3424 3248 notas
3467 3193 3726 3263 temporis

2161 3287 2461 3341 veniamus.
2495 3283 2761 3339 Eusebius
2790 3285 2923 3338 nihil
2957 3299 3090 3353 pene
3119 3283 3295 3337 attulit
3345 3283 3488 3338 unde
3537 3283 3724 3338 calcu-

2159 3378 2272 3432 lum
2304 3377 2500 3430 ducere
2527 3374 2715 3427 liceat:
2748 3371 3081 3442 Epiphanius
3107 3386 3256 3430 vero.
3289 3371 3486 3424 infidus
3516 3380 3724 3439 tempo-

2158 3484 2280 3523 rum
2307 3465 2584 3537 magister,
2613 3464 2794 3517 omnia
2827 3478 2961 3532 pene
2992 3462 3228 3515 miscuit.
3258 3461 3503 3514 Attamen
3533 3463 3725 3515 nonni-

2157 3560 2236 3614 hil
2263 3557 2654 3630 prohabilitatis
2684 3555 2885 3609 habere
2916 3553 3128 3606 videtur
3155 3553 3298 3621 quod
3329 3553 3402 3606 ait
3429 3551 3722 3608 Tillemon-

2159 3651 2287 3716 tius,
2345 3665 2537 3720 nempe
2588 3649 2882 3704 verisimile
2935 3663 3058 3701 esse
3117 3644 3404 3716 Origenem
3473 3647 3724 3719 llexaplis

2155 3744 2380 3798 edendis
2413 3759 2632 3797 manum
2681 3741 2989 3797 admovisse
3019 3752 3303 3810 postquam
3343 3739 3559 3796 Sextam
3601 3744 3722 3797 edi-

2156 3837 2358 3891 tionem
2396 3842 2697 3904 repererat;
2745 3832 2946 3902 reperit
2991 3840 3196 3890 autem.
3231 3831 3530 3902 Epiphanio
3562 3843 3721 3902 teste,

2155 3943 2298 3982 anno
2325 3926 2612 3982 Alexandri
2645 3924 2830 3979 Severi
2869 3924 3122 3994 septimo,
3169 3925 3223 3978 id
3249 3935 3330 3980 est
3358 3925 3557 3980 Christi
3588 3925 3717 3984 228.

2155 4018 2222 4073 Et
2259 4018 2389 4087 quia
2435 4017 2632 4072 abhinc
2661 4017 2728 4070 ad
2765 4031 2966 4070 annum
2997 4016 3124 4077 231.
3155 4032 3264 4085 quo
3317 4015 3618 4072 Caesaream
3659 4032 3723 4074 se

2155 4112 2378 4179 recepit,
2400 4125 2506 4164 non
2535 4117 2620 4163 sat
2646 4109 2742 4162 otii
2771 4117 2825 4162 et
2852 4110 3119 4163 commodi
3149 4108 3405 4163 habuisse
3426 4109 3634 4163 videtur
3657 4117 3719 4164 ut

2153 4211 2264 4256 tam
2295 4200 2524 4254 arduam
2565 4215 2678 4254 rem
2710 4199 3031 4269 susciperet,
3061 4211 3368 4271 opportune
3411 4203 3464 4256 in
3510 4218 3716 4259 annum

2149 4292 2278 4357 251,
2305 4308 2426 4346 cum
2456 4291 2714 4346 Caesareae
2737 4302 2942 4361 ageret,
2969 4290 3330 4361 chaplorum
3365 4309 3503 4362 opus
3527 4294 3716 4348 remit-

2151 4385 2302 4440 titur.
2338 4383 2490 4451 Quod
2519 4396 2699 4438 autem
2731 4385 2917 4452 objicit
2945 4385 3048 4440 sibi
3092 4383 3469 4440 Tilletnontius
3501 4403 3567 4441 ex
3600 4387 3718 4454 epi-

483 4461 698 4524 quidem
731 4463 1016 4533 Eusebius,
1048 4470 1192 4524 nulla
1248 4483 1428 4530 motus
1457 4477 1561 4532 alia
1591 4481 1897 4548 occasione,
1933 4483 2049 4538 haec

2157 4476 2288 4530 stola
2309 4475 2570 4539 Africani,
2597 4475 2684 4529 ubi
2710 4474 2996 4543 Origeuem
3022 4476 3109 4530 ille
3135 4476 3300 4529 tilium
3326 4477 3576 4545 appellat,
3603 4493 3712 4530 nou

481 4556 638 4623 quasi
659 4555 936 4613 Caracalla
963 4562 1260 4631 imperante
1283 4578 1430 4637 gesta
1461 4581 1666 4626 narrat.
1701 4571 1868 4644 quue
1900 4576 2050 4631 vide-

480 4656 570 4700 tur
600 4645 826 4703 l-luetius
859 4651 1050 4718 partim
1084 4656 1274 4710 saltem
1305 4658 1611 4716 admittere.
1655 4681 1676 4714 ι

548 4734 822 4794 Hactenus
842 4737 1239 4812 Tillemontius,
1260 4749 1352 4816 qui
1385 4760 1660 4818 postremo
1685 4752 1907 4808 allatum
1939 4753 2046 4810 Eu-

477 4827 612 4882 sebii
661 4830 837 4884 locum
891 4833 1048 4904 longe
1101 4839 1296 4893 melius
1345 4843 1569 4897 venisse
1625 4844 1836 4899 videtur
1880 4862 2045 4916 quam

478 4916 744 4975 Henricus
771 4921 1038 4979 Valesius.
1067 4926 1252 4981 Graeca
1288 4929 1368 4983 sic
1399 4931 1596 4986 habent
1620 4950 1631 4984 :
1668 4936 1775 4988 Kal.
1800 4935 2045 5008 ὑπομνή-

476 5026 624 5081 ματα
653 5013 950 5084 Συμμάχου
979 5017 1146 5069 εἰσέτι
1170 5018 1264 5071 νῦν
1289 5021 1530 5092 φέρεται,
1558 5025 1613 5076 ὲν
1641 5021 1720 5088 οἷς
1738 5027 1885 5080 δοκεῖ
1910 5030 2044 5100 πρὸς

472 5102 534 5154 τὸ
563 5103 705 5158 κατὰ
735 5105 1011 5160 Ματθαϊον
1040 5111 1454 5182 ἀποτεινόμενος
1483 5117 1806 5185 Εὐαγγέλιον
1833 5121 1929 5190 τὴν
1954 5121 2040 5174 δε-

469 5191 786 5267 δηλωμένην
817 5199 1027 5268 αἵρεσιν
1055 5203 1356 5271 κρατύνειν.
1396 5205 1582 5260 Ταῦτα
1612 5208 1666 5261 δὲ
1691 5212 1720 5262 ὁ
1761 5211 2042 5283 Ὠριγένης

473 5285 614 5355 μετὰ
641 5289 734 5340 xal.
762 5289 936 5342 ἄλλων
957 5293 1035 5356 εἰς
1065 5292 1162 5356 τὰς
1195 5294 1413 5365 Γραφὰς
1443 5297 1745 5368 ὲρμηνειὼν
1774 5300 1864 5352 τοῦ
1895 5303 2040 5371 Συμ-

472 5380 647 5448 μάχου
691 5383 946 5452 σημαίνει
998 5385 1150 5456 παρὰ
1203 5387 1493 5459 Ἰουλιανῆς
1537 5406 1680 5452 τινος
1737 5391 2035 5461 εἰληφέναι,

467 5466 534 5536 ἢν
567 5468 660 5521 καί
693 5487 824 5540 φησι
859 5476 987 5544 παρ’
1016 5476 1180 5529 αὐτοῦ
1219 5479 1514 5549 Συμμάχου
1549 5481 1647 5542 τὰς
1677 5482 1889 5550 βίϐλους
1921 5484 2033 5536 δια-

464 5557 744 5624 δέξασθαι.
791 5561 914 5618 llaec
945 5581 1109 5634 porro
1140 5569 1220 5624 sic
1257 5573 1530 5626 transtulit
1571 5572 1836 5628 llenriCus
1872 5572 2033 5629 Vale-

467 5648 620 5704 sius:
671 5650 900 5708 Exstant
942 5667 1076 5709 certe
1117 5660 1404 5713 etiamnum
1445 5661 1822 5716 Commentarii
1876 5663 2032 5733 Sym-

467 5741 659 5811 machi,
685 5744 738 5798 in
766 5747 953 5817 quibus
981 5747 1228 5804 adversus
1257 5751 1596 5824 Erangrliunt
1630 5753 1868 5810 Matt/nui
1893 5758 2034 5810 acri-

2150 4565 2282 4620 tanti
2311 4581 2430 4620 esse
2460 4566 2722 4620 momenti
2747 4565 2985 4630 videtur;
3012 4581 3136 4620 nam
3169 4566 3461 4620 verisimile
3485 4575 3566 4620 est
3591 4566 3713 4619 ideo

2149 4657 2319 4712 lilium
2354 4672 2719 4726 nuncupasse,
2750 4661 2876 4726 quia
2923 4657 3078 4726 longe
3121 4657 3301 4710 minor
3344 4665 3502 4710 aelate
3546 4665 3708 4710 erat:

2147 4765 2268 4819 quae
2298 4748 2434 4802 ratio
2467 4757 2576 4802 tam
2607 4749 2659 4802 in
2690 4750 2866 4818 primo
2900 4764 3065 4818 quam
3094 4749 3146 4800 in
3188 4748 3428 4803 secundo
3461 4746 3713 4818 Origenis

2145 4839 2337 4894 itinere
2368 4854 2465 4908 par
2493 4839 2636 4894 haud
2693 4839 2854 4894 dubie
2881 4849 3018 4894 erat.
3067 4838 3178 4894 Nec
3223 4839 3420 4894 desunt
3465 4840 3711 4910 exempla

2143 4931 2345 5000 quibus
2370 4931 2421 4986 id
2455 4931 2841 4986 conﬁrmetur:
2875 4930 3142 4987 Eusebius
3165 4933 3309 4987 enim
3357 4930 3714 4986 Vercellcnsis

2143 5019 2462 5092 Dionysium
2510 5021 2963 5078 Mcdiolancnsem
3009 5025 3344 5093 episcopum,
3395 5031 3551 5077 astate
3595 5021 3708 5092 jam

2142 5122 2416 5167 maturum
2443 5114 2810 5185 dignitateque
2834 5117 3213 5184 conspicuum,
3242 5131 3300 5170 se
3324 5125 3502 5169 vimen
3524 5114 3710 5184 junio-

2141 5219 2278 5270 rem,
2307 5205 2476 5259 lilium
2520 5205 2841 5274 compellare
2872 5205 3096 5260 solebat.
3138 5204 3218 5258 Ex
3275 5206 3343 5259 iis
3391 5219 3553 5274 porro
3587 5220 3711 5275 qua:

2139 5293 2378 5348 diximus
2427 5296 2594 5363 probe
2632 5293 3027 5349 animadvertet
3058 5295 3296 5364 prudens
3331 5293 3520 5360 lector,
3571 5310 3710 5348 non-

2140 5385 2245 5439 nisi
2277 5384 2568 5441 levissimis
2595 5387 2924 5456 conjecturis
2963 5403 3146 5458 posse,
3177 5403 3286 5456 quo
3319 5395 3563 5458 tempore
3589 5385 3696 5441 Hc-

2137 5481 2296 5550 xapla
2315 5480 2458 5535 edita
2481 5477 2705 5546 fuerint,
2731 5480 2992 5534 indicari:
3025 5480 3376 5549 quamobrem
3401 5495 3526 5533 cum
3557 5478 3705 5532 nullo

2137 5582 2379 5628 veterum
2410 5573 2721 5627 testimonio
2760 5573 2937 5641 possit
2969 5572 3057 5627 hic
3102 5572 3184 5627 vel
3213 5582 3359 5627 certa
3391 5573 3473 5626 vel
3515 5570 3704 5624 admo-

2135 5663 2265 5718 dum
2295 5663 2589 5732 probabilis
2613 5663 2979 5734 chronologia:
3005 5663 3142 5720 ratio
3172 5665 3358 5729 statui,
3379 5664 3446 5720 ad
3471 5664 3706 5720 certiora

2139 5754 2425 5811 statuenda
2457 5768 2831 5824 properemus.
