4122 6416
426 363 501 421 99
1637 364 1708 419 ΙΝ
1744 364 2000 422 HEXAPI

2105 366 2446 425 ORIGENIS.
2671 359 2689 375 ⁸
3018 380 3027 389 ’
3598 371 3672 430 80

431 483 495 540 ν.
524 480 644 551 Qua
667 483 869 539 ratione
897 482 1165 556 Tetrapla,
1205 482 1466 556 He_a:apla,
1501 484 1727 556 Octapla
1770 487 1998 556 digesse-
2028 497 2073 552 Α
2102 489 2236 542 hanc
2274 498 2453 542 notam
2479 488 2736 544 habente:
2770 490 3027 545 Accurate
3064 489 3315 544 editiones
3346 505 3523 545 omnes
3546 506 3666 544 cor-

872 555 964 619 rit,
991 556 1217 625 itemque
1251 553 1544 625 Enneapla.

502 667 578 723 De
628 667 1006 740 Tetraplorum
1054 678 1108 724 et
1154 668 1518 741 Hexaplorum
1561 673 1775 737 ordine,
1822 675 1999 747 deque

427 759 780 829 interpretum
827 762 957 826 situ,
989 762 1134 817 nulla
1165 763 1276 831 jam
1310 772 1487 834 potest
1519 766 1651 819 oriri
1684 775 1997 822 controver-

431 848 533 905 sia.
564 849 684 905 Haec
710 851 910 921 quippe
935 852 1081 907 clare
1111 862 1165 907 et
1195 853 1312 908 sine
1341 855 1567 925 ambage
1600 856 1668 909 ah
1698 855 2017 927 Epiphanio,

431 950 487 996 et
510 942 838 1014 Hieronymo
862 944 1289 1000 describuntur:
1324 947 1532 1001 accedit
1560 947 1686 1001 item
1725 951 1997 1018 specimen

431 1034 637 1089 codicis
679 1034 978 1101 Barberini,
1015 1037 1106 1091 ubi
1153 1038 1530 1093 columnarum
1577 1040 1712 1094 ordo
1750 1052 2001 1096 accurate

431 1126 741 1181 exhibetur.
772 1124 830 1181 In
874 1126 1146 1198 Tetraplis
1177 1129 1341 1200 igitur
1384 1131 1608 1199 praeibat
1643 1131 1854 1201 Aquilm
1885 1133 2001 1186 edi-

433 1218 530 1284 tio,
557 1233 588 1272 e
618 1219 838 1289 regione
866 1220 1113 1289 proxime
1136 1221 1464 1290 sequebatur
1499 1220 1809 1293 Symmachi
1841 1224 2003 1277 inter-

429 1309 683 1379 pretatio,
714 1318 901 1380 postea
932 1309 1074 1366 LXX
1128 1310 1507 1382 lnterpretum,
1532 1322 1807 1383 postremo
1834 1312 2003 1368 Theo-

430 1402 687 1456 dotionis.
719 1401 776 1456 ln
806 1403 909 1458 hoc
936 1413 1116 1458 autem
1147 1405 1252 1459 situ
1285 1419 1391 1458 non
1423 1405 1562 1458 ratio
1584 1407 1865 1474 temporis,
1891 1422 2001 1475 quo

432 1494 656 1563 singula:
680 1494 1153 1563 interpretationes
1182 1495 1338 1549 editae
1361 1495 1593 1561 fuerant,
1622 1498 1996 1566 spectabatur:

430 1601 557 1640 nam
590 1595 649 1640 ut
693 1596 900 1641 certum
940 1599 1026 1643 est
1062 1588 1352 1643 editionem
1386 1588 1526 1642 LXX
1563 1591 1807 1644 omnium
1856 1589 1999 1642 anti-

429 1678 750 1748 quissimam
785 1695 927 1745 esse,
972 1679 1046 1734 ita
1079 1681 1424 1750 exploratum
1456 1681 1672 1736 videtur
1702 1682 1998 1735 editionem

430 1772 816 1829 Theodotionis
840 1773 1150 1846 Symmachi
1176 1776 1667 1844 interpretationem
1691 1785 1849 1829 aetate
1864 1792 2001 1845 prae-

2100 590 2254 635 rectte
2293 590 2453 634 sunt:
2483 580 2692 635 collata:
2730 582 2867 635 enim
2900 582 3111 650 fuerunt
3138 599 3257 635 cum
3291 580 3535 649 Tetraplo
3565 580 3673 635 He-

2099 672 2238 735 saia,
2267 681 2316 725 et
2345 688 2462 724 cum
2494 670 2756 739 Hexaplo.
2802 672 2884 725 Ad
2916 674 3048 735 ha’c,
3094 674 3157 725 ab
3192 674 3357 727 initio
3386 689 3550 743 usque
3597 673 3667 725 ad

2101 765 2350 819 uisionem
2414 763 2559 832 Tyri,
2614 765 2920 817 accuratius
2970 765 3271 819 emendatus
3324 774 3425 819 est.
3499 763 3667 817 Nacti

2099 859 2237 912 enim
2268 865 2431 910 tomos
2460 857 2748 923 exegeticos
2777 853 3016 922 Origenis
3046 858 3099 909 in
3132 855 3380 909 Hesaiam
3408 871 3568 925 usque
3599 855 3667 908 ad

2101 953 2259 1020 ﬁnem
2304 950 2518 1005 visionis
2575 948 2724 1018 Tyri,
2782 957 2833 1002 et
2882 948 3064 1002 sedulo
3107 950 3515 1011 considerantes,
3564 963 3667 1018 quo

2099 1059 2255 1096 sensu
2290 1041 2525 1111 singulas
2554 1040 2809 1093 dictiones
2834 1041 3108 1106 acceperit,
3138 1049 3395 1109 quantum
3431 1039 3666 1109 facultas

2102 1134 2223 1187 tulit
2267 1149 2416 1187 omne
2462 1132 2699 1196 dubium,
2746 1140 2794 1185 et
2829 1131 3131 1200 perplexum
3179 1132 3464 1185 secundum
3515 1130 3666 1183 illius

2100 1240 2308 1279 sensum
2351 1224 2693 1277 correximus.
2739 1222 2999 1277 Praeterea
3030 1222 3224 1275 collata
3256 1230 3334 1275 est
3378 1223 3538 1275 etiam
3572 1220 3668 1276 Fe—

2099 1317 2378 1386 ptuaginta
2419 1315 2770 1383 Interpretum
2817 1315 2980 1368 editio
3024 1330 3141 1367 cum
3185 1314 3254 1367 iis
3294 1330 3412 1383 qua:
3453 1314 3510 1366 in
3555 1312 3666 1366 He-

2100 1408 2271 1460 saiam
2300 1408 2510 1474 scripsit
2552 1405 2805 1459 Eusebius
2828 1421 2846 1457 :
2875 1416 3030 1474 atque
3059 1404 3115 1456 in
3147 1405 3332 1474 quibus
3357 1412 3472 1458 erat
3500 1404 3668 1457 sarie-

2103 1510 2209 1563 tas,
2239 1501 2491 1569 indagato
2524 1498 2867 1566 expositionis
2900 1513 3077 1561 sensu,
3115 1496 3401 1550 secundum
3430 1495 3545 1564 ejus
3572 1511 3666 1549 ra-

2103 1592 2294 1644 tionem
2324 1590 2616 1644 emendavi.

2170 1683 2372 1739 Deinde
2396 1698 2526 1737 vero
2549 1691 2674 1737 ante
2705 1680 3042 1736 Ezechielem
3076 1680 3190 1734 haec
3217 1689 3341 1735 nota
3379 1680 3593 1747 legitur.

2169 1776 2493 1847 Μετελήφθη
2523 1775 2578 1829 δὲ
2608 1776 2714 1828 ἀπὸ
2754 1775 3087 1846 ἀντιγράφου
3133 1774 3226 1826 τοῦ
3267 1772 3408 1826 άϐϐἄ
3452 1772 3666 1825 Ἀπολι-

428 1863 643 1929 cedere,
673 1865 821 1935 quod
869 1864 1033 1930 inira,
1085 1865 1196 1920 Deo
1233 1865 1468 1929 l‘avente,
1508 1866 1843 1935 probabitur.
1893 1866 1995 1922 Sed

2099 1868 2306 1938 vapiou,
2336 1866 2429 1920 τοῦ
2454 1866 2850 1937 κοινοϐιάρχου,
2880 1867 2938 1917 ἐν
2972 1857 3018 1930 ᾧ
3045 1864 3433 1917 καθυπόκειται
3457 1863 3629 1915 ταῦτα
3650 1879 3664 1893 ·

429 1953 552 2008 ideo
586 1954 794 2023 Aquilae
824 1955 1060 2023 primum
1089 1955 1267 2010 locum
1298 1956 1596 2026 deputavit,
1631 1956 1860 2026 ejusque
1886 1958 2002 2013 edi-

427 2044 631 2099 tionem
663 2044 899 2113 prioret'n
946 2046 1128 2115 posuit
1158 2045 1440 2117 Origenes,
1474 2049 1601 2117 quia
1651 2048 1743 2103 ille
1772 2063 2001 2119 scrupu-

428 2133 601 2189 losius
639 2150 801 2204 quam
845 2137 1025 2190 caeteri
1072 2152 1263 2192 omnes
1302 2137 1621 2195 Hebraicam
1674 2141 2000 2210 scripturam

428 2227 651 2281 verbum
685 2243 716 2282 e
760 2229 923 2284 verbo
964 2230 1187 2285 reddere
1219 2232 1520 2288 studuerat.
1572 2233 1699 2289 Post
1728 2235 1874 2290 hunc
1905 2251 2002 2289 au-

428 2325 540 2372 tem
588 2317 974 2389 Symmachum
1010 2321 1228 2382 locavit.
1263 2324 1392 2391 quia
1427 2324 1516 2379 ille
1554 2326 1802 2394 propius,
1836 2341 1999 2395 quam

428 2403 572 2458 LXX
600 2414 654 2459 et
686 2403 986 2460 Theodotio
1014 2408 1082 2463 ad
1111 2410 1387 2465 veritatem
1431 2410 1749 2468 Hebraicam
1777 2412 2000 2467 accede-

427 2493 539 2547 bat.
608 2492 813 2548 Deinde
865 2492 1008 2548 LXX
1074 2500 1369 2567 praeposuit
1426 2498 1809 2568 Theodotioni,
1870 2501 1999 2571 quia

428 2583 728 2641 Theodotio
776 2584 919 2639 LXX
973 2586 1297 2657 lnterpretes
1326 2606 1357 2644 e
1402 2591 1627 2663 vestigio
1665 2608 1803 2660 pene
1846 2593 1999 2663 sequi

426 2677 730 2732 videbatur.
755 2676 1003 2747 Tetrapla
1026 2695 1159 2735 vero
1184 2695 1282 2734 sua
1307 2678 1567 2752 Origenes
1595 2700 1759 2738 manu
1782 2685 1998 2754 propria

426 2769 752 2834 emendavit,
801 2771 1133 2841 scholiisque
1177 2771 1488 2829 illustravit.
1535 2774 1841 2846 Iisdemque
1898 2774 2001 2832 Te~

426 2860 616 2930 traplis
646 2876 786 2916 nova
833 2860 1100 2917 Eusebius
1147 2863 1356 2918 scholia
1401 2864 1620 2933 adjecit,
1667 2866 1721 2919 in
1775 2867 2001 2936 quibus-

426 2952 549 3005 dam
578 2952 767 3007 saltem
801 2951 1097 3023 Scripturte
1128 2954 1316 3010 libris:
1352 2954 1515 3025 idque
1560 2957 1615 3011 in
1648 2958 1778 3022 alio,
1814 2969 1875 3013 ut
1913 2959 1996 3013 vi-

427 3043 609 3106 detur,
631 3060 794 3113 quam
826 3045 880 3098 in
905 3043 1237 3114 Origeniano
1270 3048 1586 3116 exemplari,
1620 3050 1764 3118 quod
1794 3059 1999 3119 postre-

427 3153 578 3191 mum
612 3136 880 3208 Pamphili
902 3148 956 3193 et
987 3138 1207 3193 Eusebii
1241 3153 1405 3208 opera
1433 3142 1778 3196 emendatum
1809 3152 1913 3211 est,
1940 3153 1996 3198 ut

426 3231 752 3287 testiﬁcatur
778 3231 893 3300 ipse
920 3228 1191 3288 Eusebius
1222 3234 1275 3287 in
1304 3243 1433 3289 nota
1466 3235 1701 3303 quadam
1732 3237 1999 3305 exempla-

427 3327 507 3381 ris
542 3324 658 3380 ΚΒ.
688 3324 795 3379 ΡΡ.
847 3322 1204 3389 Jesuitarum,
1250 3342 1414 3392 quam
1469 3327 1737 3381 edidimus
1787 3326 2000 3382 Palma-

428 3419 665 3490 graphice
690 3415 889 3471 Griecte
916 3432 966 3487 p.
997 3418 1125 3470 2‘26.
1156 3416 1307 3472 Hanc
1333 3432 1497 3481 porro
1541 3425 1750 3481 notam,
1786 3433 1997 3474 necnon

428 3511 653 3564 alteram
690 3523 811 3577 quae
838 3507 1110 3576 praecedit,
1143 3515 1329 3575 utpote
1364 3522 1486 3577 qua:
1519 3508 1587 3561 ad
1629 3506 1998 3561 conﬁrmanda

427 3599 661 3669 plurima
689 3613 753 3652 ex
787 3612 949 3665 supra
999 3597 1162 3653 dictis
1205 3614 1313 3652 non
1344 3612 1535 3666 parum
1568 3596 1828 3650 momenti
1868 3596 2000 3651 all'e-

428 3695 569 3747 rant,
616 3684 706 3739 hic
732 3685 1041 3741 exscribere
1070 3686 1247 3741 visum
1274 3695 1375 3739 est.
1407 3685 1547 3740 Ante
1574 3682 1826 3739 Hesaiam
1868 3700 1998 3756 ergo

428 3775 482 3830 in
514 3774 699 3830 codice
726 3791 889 3845 supra
922 3786 1222 3831 memorato
1251 3777 1480 3844 legitur:

498 3868 826 3940 Μετελήφθη
863 3871 891 3921 ὁ
924 3870 1152 3935 Ἡσαΐας
1199 3870 1307 3924 ἀπὸ
1339 3868 1673 3943 ἀντιγράφω
1720 3871 1813 3924 τοῦ
1855 3872 1999 3926 ἅϐϐἆ

442 3960 837 4033 ’Δπολιναρίου,
882 3961 977 4015 τοῦ
1011 3962 1408 4034 κοινοϐιάρχου,
1440 3965 1497 4017 ὲν
1610 3962 1998 4019 καθυπόκειται

427 4053 618 4105 ταῦτα·
647 4052 969 4125 Μετελήφθη
1000 4056 1029 4106 ὁ
1062 4053 1288 4116 Ἡσαΐας
1316 4056 1381 4107 ἐκ
1408 4052 1515 4107 τῶν
1550 4055 1689 4109 κατὰ
1717 4054 1815 4119 τὰς
1846 4055 1998 4109 ἐκδό-

428 4160 543 4207 σεις
582 4142 881 4207 Ἑξαπλῶν.
931 4142 1256 4215 Ἀντεϐλήθη
1286 4143 1343 4196 δὲ
1377 4144 1471 4197 καλ⁵
1501 4143 1635 4215 πρὸς
1661 4144 1847 4216 ἕτερον
1871 4146 1996 4210 ἑξα-

429 4236 616 4302 πλοῦν,
648 4236 768 4307 ἕχον
799 4236 896 4307 τὴν
931 4236 1380 4307 παρασημείωσιν
1407 4236 1996 4309 ταύτηψΔιωρθώνται

425 4327 667 4399 ἀκριϐῶς
692 4329 861 4381 πᾶσαι
893 4330 950 4380 αἱ
980 4328 1217 4391 ἐκδόσεις
1235 4345 1247 4357 ·
1277 4327 1681 4398 ἀντεϐλήθησαν
1709 4328 1816 4400 γὰρ
1851 4330 1991 4401 πρὸς

425 4416 757 4487 τετραπλοῦν
791 4417 1037 4481 Ἡσαΐαν,
1066 4416 1144 4469 ἔτι
1168 4416 1225 4470 δὲ
1253 4418 1346 4470 καὶ
1374 4418 1511 4490 πρὸς
1538 4419 1821 4485 ἐξαπλοῦν.
1854 4420 1997 4491 Πρὸς

426 4508 653 4573 τούτοις,
675 4508 768 4561 καὶ
800 4508 908 4561 ἀπὸ
937 4510 1034 4577 τῆς
1068 4508 1263 4579 ἀρχῆς,
1297 4509 1402 4573 ἕως
1446 4508 1541 4562 τοῦ
1586 4511 1860 4580 ὁράματος
1891 4510 1996 4562 Τύ-
2030 4543 2069 4596 D

430 4618 543 4674 ρου,
575 4598 961 4672 ἀκριϐέστερον
990 4598 1310 4670 διώρθωται.
1342 4602 1757 4672 Εὑπορήσαντες
1777 4600 1883 4655 τῶν
1909 4602 1996 4671 μέ-

427 4710 517 4764 χρι
550 4692 735 4754 τέλους
766 4690 860 4742 τοῦ
894 4691 1169 4761 ὁράματος
1219 4691 1395 4762 Τύρου
1437 4692 1618 4762 τόμων
1658 4691 1996 4763 ὲξηγητικῶν

425 4788 505 4847 εἰς
548 4784 639 4836 τὸν
696 4783 920 4835 Ἡσαΐαν
966 4781 1292 4853 Ὤριγένους,
1346 4783 1440 4836 καὶ
1484 4783 1726 4853 ἀκριϐῶς
1776 4784 1998 4855 ἐπιστή-

429 4892 619 4938 σαντες
660 4876 726 4944 τῇ
763 4874 940 4945 ἐννοίᾳ
968 4872 1090 4927 καθ’
1122 4876 1187 4945 ἦν
1219 4860 1522 4945 ἐξηγήσατο
1563 4874 1797 4945 ἑκάστην
1831 4875 1994 4941 λέξιν,

430 4966 609 5031 καθὼς
646 4963 755 5019 οἷόν
795 4984 853 5019 τε
904 4962 994 5037 ἦν,
1056 4966 1152 5020 καὶ
1204 4968 1313 5020 πᾶν
1368 4967 1666 5037 ἀμφίϐολον
1720 4966 1862 5021 κατὰ
1899 4968 1998 5039 τὴν

429 5058 638 5111 ἐκείνου
689 5058 894 5111 ἔννοιαν
944 5056 1387 5128 διωρθωσάμεθα.
1430 5058 1571 5129 Πρὸς
1602 5058 1813 5121 τούτοις
1844 5075 1998 5111 συνε-

429 5149 588 5221 κρίθη
619 5150 651 5220 ἡ
682 5149 790 5203 τῶν
835 5149 1236 5220 Ἐϐδομήκοντα
1260 5148 1471 5213 ἕκδοσις
1500 5151 1595 5203 καὶ
1625 5150 1760 5221 πρὸς
1801 5150 1867 5203 τὰ
1894 5150 1998 5203 ὑπὸ

426 5241 686 5294 Εὐσεϐίου
725 5243 804 5304 εἰς
848 5242 1073 5294 Ἡσαΐαν
1116 5240 1400 5311 εἰρημένα,
1454 5243 1547 5295 καὶ
1580 5243 1638 5294 ὲν
1679 5236 1758 5304 οἷς
1804 5241 2000 5311 διεφώ-

426 5350 571 5397 νουν,
602 5332 701 5402 τῆς
735 5332 1046 5403 ἐξηγήσεως
1076 5332 1176 5401 τὴν
1221 5332 1427 5384 ἔννοιαν
1473 5329 1826 5404 ζητήσαντες,
1861 5333 1998 5405 πρὸς

426 5416 596 5488 αὐτὴν
629 5418 1070 5491 ὲδιωρθωσάμην.

500 5508 819 5577 Desumptus
848 5519 928 5563 est
958 5509 1183 5565 Hesaias
1215 5512 1278 5566 ab
1313 5512 1599 5581 exemplari
1629 5511 1833 5565 abbatis
1856 5511 1998 5581 Apo-

425 5597 609 5653 linarii
655 5600 1049 5667 coenobiarchaz,
1079 5603 1135 5655 in
1176 5619 1277 5671 quo
1317 5604 1426 5659 htrc
1473 5603 1865 5671 subjiciuntur:
1900 5603 2001 5658 De-

428 5700 666 5759 sumptus
689 5700 766 5745 est
800 5689 1027 5747 Hesaias
1049 5694 1112 5747 ab
1144 5693 1397 5763 Hexaplis
1433 5694 1716 5749 secundum
1744 5695 1997 5750 editiones

430 5782 728 5839 adornatis.
775 5780 1014 5839 Collatus
1061 5794 1237 5841 autem
1280 5787 1383 5856 fuit
1431 5803 1547 5841 cum
1598 5784 1703 5840 alio
1758 5785 1999 5853 Hexaplo

2101 1957 2426 2029 Μετελήφθη
2472 1957 2579 2010 ἀπὸ
2623 1956 2729 2009 τῶν
2773 1957 2915 2010 κατὰ
2965 1954 3065 2019 τὰς
3111 1954 3353 2016 ἐκδόσεις
3394 1952 3665 2019 ἐξαπλῶν,

2102 2050 2195 2102 καὶ
2218 2047 2497 2121 διωρθώθη
2530 2047 2637 2101 ἀπὸ
2666 2048 2773 2100 τῶν
2808 2046 3114 2118 Ὠριγένους
3135 2044 3299 2098 αὐτοῦ
3328 2042 3665 2115 τετραπλῶν,

2101 2140 2258 2194 ἅτινα
2316 2139 2409 2192 καὶ
2452 2136 2613 2190 αὐτοῦ
2657 2138 2799 2207 χειρὶ
2837 2135 3130 2207 διώρθωτο,
3186 2135 3280 2188 καὶ
3322 2133 3669 2205 ὲσχολιογρά-

2102 2248 2258 2302 φητο.
2301 2230 2358 2284 'O
2396 2228 2651 2292 Εὐσέϐιος
2679 2227 2791 2295 ἐγὼ
2821 2227 3005 2297 σχόλια
3044 2226 3349 2298 παρέθηκα.
3382 2223 3666 2295 Πάμφιλος

2100 2324 2197 2378 καὶ
2219 2321 2476 2385 Εὐσέϐιος
2510 2318 2930 2392 ὲδιωρθώσαντο.

2170 2414 2486 2483 Desumptus
2536 2422 2611 2465 est
2674 2409 2962 2479 (Ezechiel)
3016 2409 3081 2462 ab
3130 2408 3423 2477 exemplari
3462 2406 3713 2461 abbatis-

2100 2505 2397 2575 Apolinarii
2430 2502 2834 2576 .cwuobiarchw,
2885 2503 2942 2555 in
2984 2516 3086 2571 quo
3113 2499 3225 2554 htec
3265 2498 3665 2566 subjiciuntur:

2101 2596 2412 2665 Exscriptus
2436 2603 2514 2648 est
2541 2593 2605 2647 ab
2632 2592 2889 2662 Hexaplis
2912 2592 3165 2644 editiones
3191 2588 3666 2657 complectentibus,

2099 2699 2149 2743 et
2181 2698 2441 2743 correctus
2475 2698 2553 2742 est
2581 2689 2650 2741 ad
2680 2688 2836 2756 ﬁdem
2870 2684 3238 2754 Tetraplorum
3267 2682 3528 2752 Origenis,
3551 2698 3668 2752 qua

2098 2784 2258 2835 etiam
2282 2798 2442 2834 manu
2466 2780 2579 2849 ejus
2601 2779 2873 2834 emendata
2894 2788 2947 2831 et
2967 2775 3178 2831 scholiis
3200 2774 3471 2828 illustrata
3495 2783 3665 2828 erant.

2099 2871 2213 2943 Ego
2248 2871 2507 2926 Eusebius
2533 2872 2733 2927 scholia
2761 2871 2951 2942 adjeci.
2993 2867 3302 2939 Pamphilus
3330 2877 3380 2922 et
3409 2867 3666 2923 Eusebius

2099 2971 2459 3017 correxerunt.

2175 3053 2302 3108 Haec
2336 3063 2485 3108 tanta
2521 3063 2794 3107 tantorum
2827 3060 3140 3121 sumptuum
3188 3066 3353 3122 Opera
3389 3063 3669 3119 nunquam

2100 3144 2365 3212 potuisset
2393 3141 2676 3213 Origenes,
2710 3142 3005 3196 mediocris
3034 3140 3267 3196 fortunae
3295 3140 3398 3205 vir,
3422 3139 3667 3208 exsequi,

2102 3236 2206 3288 nisi
2243 3222 2525 3288 facultates
2579 3232 3046 3288 subministrasset
3096 3230 3436 3294 Ambrosius,
3474 3228 3557 3283 vir
3598 3228 3669 3283 ad

2101 3339 2313 3378 summa
2351 3333 2532 3383 natus,
2575 3323 2668 3391 qui
2698 3321 2914 3391 Origeni
2962 3335 3175 3390 semper
3210 3320 3462 3375 stimulos
3503 3319 3670 3373 adde-

2100 3416 2210 3478 bat,
2228 3424 2287 3469 ut
2302 3415 2356 3468 in
2378 3414 2651 3482 publicum
2668 3428 2825 3467 usum
2846 3413 3074 3480 plurima
3091 3410 3467 3481 perscriberet,
3483 3424 3673 3464 cumu-

2099 3508 2312 3576 lateque
2341 3506 2525 3559 omnia
2567 3505 2963 3574 suppeditabat,
2994 3504 3066 3557 ita
3109 3514 3168 3556 ut
3189 3501 3290 3572 ipsi
3323 3500 3668 3571 tacbygraphi

2099 3598 2212 3652 sive
2242 3596 2436 3650 notarii
2467 3604 2693 3665 septem,
2725 3594 2927 3648 librarii
2961 3592 3202 3652 totidem,
3234 3590 3425 3661 puellze
3452 3591 3578 3644 item
3611 3590 3668 3643 in

2099 3690 2448 3761 calligraphia
2494 3688 2824 3745 exercitata,
2868 3700 3080 3753 semper
3109 3681 3176 3735 ad
3215 3696 3437 3736 manum
3463 3688 3665 3735 essent.

2172 3781 2561 3851 Hexaplorum,
2602 3788 2662 3833 ut
2691 3793 2853 3847 supra
2886 3776 3147 3839 diximus,
3180 3774 3425 3827 ordinem
3460 3772 3535 3827 ita
3577 3787 3669 3827 ac-

2099 3881 2286 3927 curate
2331 3872 2644 3927 describunt
2694 3870 3029 3940 Epiphanius
3074 3874 3128 3920 et
3178 3864 3558 3935 Hieronymus,
3608 3872 3669 3917 ut

2098 3966 2232 4019 nihil
2259 3965 2370 4034 jam
2401 3963 2731 4019 dillicultatis
2754 3977 2817 4016 ea
2847 3961 2914 4015 de
2938 3977 2995 4015 re
3021 3958 3277 4029 supersit.
3306 3958 3460 4011 Libet
3486 3966 3668 4009 autem

2099 4057 2262 4111 verba
2313 4054 2628 4125 Hieronymi
2679 4053 2769 4106 hic
2821 4065 3094 4120 apponere
3146 4064 3211 4103 ex
3265 4047 3559 4102 Comment.
3614 4046 3671 4097 in

2100 4146 2274 4218 Epist.
2321 4147 2388 4199 ad
2426 4145 2603 4199 Titum
2628 4159 2647 4197 :
2690 4143 2836 4198 Unde
2877 4142 3024 4197 nobis
3058 4157 3199 4195 curta
3240 4140 3341 4209 fuit
3376 4152 3551 4192 omnes
3580 4152 3669 4188 ve-

2099 4242 2222 4295 teris
2274 4238 2401 4307 legis
2451 4237 2633 4302 libros,
2678 4252 2806 4304 quos
2858 4235 2936 4287 vir
2989 4234 3173 4286 doctus
3231 4229 3583 4284 Adamantius
3613 4228 3671 4279 in

2100 4329 2340 4399 Hexapla
2361 4329 2668 4398 digesserat,
2689 4331 2752 4379 de
2783 4325 3093 4380 Caesariensi
3124 4321 3437 4375 bibliotheca
3466 4319 3667 4371 descri-

2098 4431 2235 4490 ptos,
2266 4437 2331 4475 ea:
2368 4421 2498 4487 ipsis
2535 4417 2851 4471 authenticis
2890 4417 3187 4480 emendare,
3230 4414 3284 4466 in
3327 4411 3516 4481 quibus
3550 4412 3669 4476 ipsa

2099 4513 2326 4568 Hebrum
2359 4512 2586 4581 propriis
2619 4519 2741 4563 sunt
2771 4508 3160 4562 characteribus
3190 4505 3343 4559 uerba
3366 4505 3669 4571 descripta;

2097 4614 2147 4656 et
2197 4602 2393 4658 Graecis
2435 4602 2627 4655 litteris
2678 4601 2887 4652 tramite
2932 4614 3176 4665 expressa
3228 4587 3419 4651 uicino.
3474 4593 3671 4663 Aquila

2097 4695 2256 4747 etiam
2282 4703 2331 4746 et
2361 4690 2725 4762 Symmachus,
2752 4689 3097 4760 Septuaginta
3119 4702 3168 4742 et
3205 4686 3488 4741 Theodotio
3518 4700 3672 4739 suum

2099 4783 2333 4836 ordinem
2375 4790 2566 4834 tenent.
2604 4779 2865 4833 Nonnulli
2912 4797 3030 4833 vero
3067 4779 3212 4841 libri,
3245 4788 3293 4832 et
3341 4777 3568 4830 maxime
3617 4775 3670 4827 hi

2097 4875 2187 4944 qui
2227 4873 2366 4942 apud
2408 4871 2657 4925 Hebraeos
2702 4888 2850 4926 versu
2894 4870 3167 4939 compositi
3214 4880 3358 4933 sunt,
3393 4879 3494 4920 tres
3533 4865 3670 4921 alias

2096 4967 2348 5019 editiones
2376 4964 2590 5017 additas
2618 4963 2845 5016 habent:
2873 4979 3029 5033 quam
3056 4960 3330 5026 Quintam,
3355 4971 3402 5013 et
3430 4956 3668 5020 Sextum,

2097 5064 2146 5108 et
2178 5052 2464 5122 Septimum
2502 5054 2900 5106 translationem
2926 5063 3133 5114 vocant,
3169 5050 3536 5103 auctoritatem
3559 5049 3672 5101 sine

2100 5144 2395 5198 nominibus
2446 5144 2792 5211 interpretum
2843 5152 3171 5197 consecutos.
3233 5138 3460 5193 Planum
3511 5138 3672 5205 igitur

2099 5245 2183 5292 est
2204 5235 2444 5304 Hexapla
2477 5236 2557 5291 sic
2583 5236 2845 5305 disposita
2876 5234 3064 5296 fuisse,
3103 5240 3161 5285 ut
3195 5231 3428 5300 primam
3460 5231 3670 5284 colum-

2100 5343 2225 5382 nam
2273 5336 2564 5398 occuparet
2593 5327 2894 5381 chraicus
2928 5333 3133 5388 textus,
3164 5312 3443 5376 Hebraicis
3477 5321 3671 5375 litteris
3708 5396 3717 5403 .

2099 5420 2435 5489 descriptus;
2461 5419 2754 5475 secundam
2798 5418 2938 5471 idem
2976 5415 3276 5469 Hebraicus
3304 5413 3505 5469 Grani:
3535 5412 3671 5467 litteo

2101 5511 2178 5565 ris
2207 5520 2491 5575 exaratos;
2524 5511 2736 5565 tertiam
2765 5508 2984 5576 Aquila,
3008 5515 3259 5571 quartam
3290 5504 3672 5575 Symmachus,

2101 5601 2346 5670 quintam
2382 5599 2524 5653 LXX
2564 5600 2903 5669 lnterpretes.
2950 5606 3160 5651 sextam
3196 5595 3519 5651 Theodotio.
3562 5592 3671 5648 Cu-

2097 5692 2189 5761 jus
2211 5692 2287 5746 rei
2324 5693 2660 5747 luculentum
2689 5692 2996 5760 suppeditat
3017 5692 3323 5761 exemplum
3347 5690 3511 5744 codex
3537 5686 3672 5740 Bar-

2103 5784 2346 5853 berinus,
2398 5782 2491 5839 ubi
2540 5783 2573 5852 ᾗ
2636 5783 2661 5836 1
2716 5780 2909 5851 capitis
2957 5796 2995 5835 ιι
3045 5779 3200 5837 Osca:
3241 5780 3544 5852 prophetae,
3580 5776 3671 5831 illo
