4122 6456
465 402 538 462 3'5

1662 404 1728 459 ΙΝ
1767 405 2092 460 HEXAPLA
2129 406 2472 467 ORIGENIS.

3637 431 3710 487 δι

463 536 497 577 e
541 520 760 594 regione
790 520 1018 575 aliarum
1068 524 1275 592 positas
1318 522 1486 580 fuisse
1529 521 1583 579 in
1612 525 1752 581 libro
1783 525 2027 581 Psalmo-
2056 525 2101 581 Α
2132 537 2254 577 mus
2287 525 2584 581 admodum
2623 528 2992 597 perfunctorie
3039 535 3318 600 narravit;
3354 552 3457 594 nec
3494 542 3711 599 videtur

465 629 609 680 rum,
640 622 692 667 et
718 615 770 667 in
798 615 1081 669 duodecim
1117 616 1400 687 Prophetls
1429 619 1755 672 minoribus.
1791 620 1849 673 In
1878 618 2032 674 Psal-

464 712 569 766 mis
596 712 812 781 quidem
846 721 955 767 tres
1000 713 1122 769 illas
1171 714 1435 769 editiones
1483 730 1579 784 per
1625 723 1796 769 totum
1832 715 2026 771 librum

461 802 746 871 adiunctas
777 804 945 859 fuisse
976 806 1205 860 suadent
1230 804 1530 876 frequentia
1557 807 1893 878 singularum
1921 806 2029 862 fra—

464 906 674 964 gmenta
699 913 819 965 quae
846 897 1046 966 passim
1073 898 1465 953 observantur:
1500 900 1554 952 in
1583 899 1866 954 duodecim
1899 916 2028 954 vero

463 985 744 1057 Prophetis
768 988 1090 1051 minoribus,
1120 999 1251 1043 teste
1280 989 1624 1061 Hieronymo,
1655 1000 1847 1060 praeter
1865 992 2027 1060 Aqui-

464 1078 593 1143 lam,
643 1079 1050 1151 Symmachum,
1085 1080 1245 1146 LXX,
1280 1080 1706 1137 Theodotionem
1756 1092 1811 1138 et
1855 1082 2026 1149 Quin-

460 1178 594 1235 tam,
631 1171 752 1225 dum
795 1172 914 1226 aliae
951 1171 1215 1228 editiones
1259 1174 1519 1240 appositae
1559 1182 1736 1235 erant,
1780 1173 2027 1229 videlicet

463 1259 627 1316 Sexta
661 1271 715 1317 et
749 1261 1004 1332 Septima,
1050 1280 1278 1332 quarum
1326 1263 1621 1332 fragmenta
1670 1264 2020 1330 exhibemus;

461 1351 674 1418 Quinta:
695 1369 886 1422 nempe
913 1353 1368 1420 frequentissima,
1394 1356 1621 1410 aliarum
1648 1370 1773 1409 vero
1791 1356 2019 1410 rariora.

459 1444 743 1499 Canticum
779 1456 957 1500 autem
992 1444 1244 1502 Habacuc
1290 1449 1588 1503 secundum
1630 1465 1793 1503 unam
1827 1466 1891 1504 ex
1938 1450 2022 1505 his

459 1535 748 1603 postremis
814 1536 1140 1592 editionibus
1191 1538 1462 1605 integrum
1537 1548 2019 1606 repraesentamus,

458 1627 601 1696 quod
632 1642 753 1681 cum
799 1644 896 1682 nec
928 1628 1160 1695 Quintae,
1189 1645 1288 1684 nec
1326 1629 1504 1685 Sexta:
1544 1646 1666 1686 esse
1695 1632 1887 1701 possit,
1930 1646 2018 1685 se-

457 1717 641 1787 quitur
668 1732 733 1771 ex
786 1717 1024 1788 Septima
1050 1721 1395 1792 desumptum
1424 1737 1564 1777 esse.

524 1808 583 1862 lu
618 1809 858 1866 Cauticis
896 1813 1254 1879 canticorum,
1284 1813 1499 1880 Quintae
1544 1813 1719 1868 solum
1752 1822 1804 1868 et
1844 1813 2019 1869 Sextae

2130 615 2249 683 ejus
2292 620 2668 675 testimonium
2703 623 2771 676 ad
2797 638 2862 678 ea
2903 640 3026 694 quas
3051 629 3362 695 supradicta
3396 640 3525 686 sunt
3554 636 3712 703 peni-

2132 717 2218 762 tus
2243 711 2515 792 quadrare
2552 729 2742 782 posse;
2776 716 3045 785 siquidem
3089 720 3164 773 ait
3194 721 3300 788 ille,
3343 723 3397 776 in
3428 728 3709 782 nonnullis

2128 802 2285 857 libris
2308 812 2361 857 et
2403 805 2642 859 maxime
2665 805 2732 861 iis
2765 807 2859 876 qui
2892 823 3050 863 versu
3086 812 3375 878 compositi
3407 825 3557 879 sunt,
3592 823 3707 871 tres

2127 893 2284 956 alias,
2298 893 2564 949 editiones
2582 910 2774 964 nempe
2790 895 3069 963 Quintam,
3085 897 3302 954 Sextam
3316 910 3370 955 et
3382 901 3703 972 Septimam.

2126 982 2336 1038 additas
2375 982 2572 1047 fuisse;
2603 986 2677 1041 ita
2725 997 2782 1042 ut
2826 1003 2891 1043 ex
2930 991 3048 1059 ejus
3082 992 3265 1046 verbis
3307 992 3496 1048 inferri
3542 1011 3706 1065 posse

2126 1077 2391 1139 videatur,
2408 1078 2703 1132 maximam
2730 1078 3093 1150 Hexaplorum
3120 1093 3327 1153 partem
3346 1085 3436 1138 ubi
3461 1094 3573 1143 tres
3600 1089 3705 1145 illa:

2125 1167 2389 1223 editiones
2406 1169 2607 1226 additae
2629 1169 2979 1228 fuerantesse
3002 1175 3171 1231 libros
3196 1180 3452 1233 metricos
3473 1196 3487 1245 ;
3512 1195 3703 1253 nempe

2122 1255 2246 1320 Job,
2278 1258 2523 1316 Psalmos
2576 1270 2631 1314 et
2662 1260 2995 1329 Proverbia;
3033 1274 3087 1319 et
3121 1275 3302 1323 tamen
3337 1274 3700 1341 apertissimis

2122 1350 2384 1417 exemplis
2418 1354 2670 1420 superius
2701 1354 2989 1421 probatum
3017 1366 3121 1422 est,
3148 1359 3270 1416 illas
3295 1363 3564 1419 editiones
3600 1366 3700 1423 ad-

2122 1437 2292 1493 fuisse
2339 1440 2391 1493 in
2424 1440 2814 1508 Pentateucho,
2863 1445 2917 1498 in
2957 1444 3243 1513 Prophetis
3290 1453 3616 1520 minoribus,
3644 1464 3700 1512 et

2124 1528 2179 1582 in
2221 1527 2505 1596 Cauticis;
2551 1548 2614 1586 ex
2654 1534 2807 1589 libris
2853 1551 2985 1590 vero
3021 1541 3264 1596 metricis
3291 1541 3541 1602 Psalmos
3571 1557 3697 1603 tan-

2124 1630 2235 1676 tum
2268 1624 2433 1677 trium
2483 1624 3034 1683 illarum'editionum
3069 1632 3351 1701 reliquias,
3390 1646 3445 1691 et
3471 1640 3691 1707 quidem

2121 1713 2593 1784 frequentissimas
2628 1716 2908 1785 prteferre;
2938 1718 3041 1773 Joh
3069 1722 3252 1776 autem
3286 1733 3341 1779 et
3373 1725 3694 1799 Proverbia,

2119 1822 2354 1875 quorum
2397 1809 2631 1862 maxima
2662 1810 2955 1865 lectionum
2990 1811 3373 1883 Hexaplarium
3431 1820 3563 1874 silva
3594 1837 3691 1877 su-

452 1898 717 1957 lectiones
745 1902 1078 1970 afferuntur;
1110 1903 1363 1973 Septima:
1390 1921 1456 1958 ne
1479 1904 1768 1973 vestigium
1800 1905 2017 1974 quidem
2053 1898 2091 1912 "
2120 1906 2301 1967 peresl
2322 1938 2338 1963 ,
2385 1914 2456 1954 ne
2490 1900 2776 1970 vestigium
2820 1904 3037 1972 quidem
3083 1906 3247 1961 trium
3304 1909 3518 1965 illarum
3579 1914 3696 1967 edi-

453 1991 703 2057 habetur,
752 1994 896 2048 unde
937 1992 1170 2049 fortasse
1201 1996 1442 2064 suspicio
1488 1996 1698 2049 oriatur
1727 1995 1815 2050 hic
1844 1996 2021 2065 Septi-
2120 1989 2328 2044 tionum
2364 1991 2583 2045 habere.
2620 1989 2716 2047 His
2757 1995 3064 2063 conspectis
3099 2014 3256 2053 nemo
3286 2003 3561 2071 negaverit
3593 2006 3693 2059 ad-

455 2098 599 2137 mam
630 2100 740 2138 non
776 2084 1018 2140 adfuisse
1049 2102 1171 2140 curn
1203 2087 1345 2150 aliis,
1398 2086 1542 2155 quod
1590 2094 1770 2140 tamen
1801 2085 2018 2140 nonnisi
2119 2083 2340 2137 modum
2372 2082 2586 2137 diliicile
2627 2099 2749 2139 esse
2796 2087 3047 2154 superius
3085 2089 3262 2144 allata.
3287 2095 3531 2162 exempla
3562 2110 3691 2151 cum

452 2183 655 2229 temere
685 2174 941 2230 aiﬁrmari
972 2185 1149 2246 potest
1182 2196 1194 2232 :
1232 2177 1409 2247 potuit
1436 2178 1605 2245 enim,
1629 2179 1731 2233 etsi
1759 2176 2011 2243 adfuerit,

450 2283 480 2321 a
512 2267 891 2323 collectoribus
919 2270 1136 2338 negligi.

519 2357 577 2411 ln
625 2356 996 2414 Pentateucho
1029 2370 1209 2414 autem
1258 2359 1514 2427 Quintam
1548 2369 1601 2416 et
1635 2360 1853 2414 Sextam
1898 2361 2015 2416 edi-

448 2449 649 2502 tionem
682 2450 861 2504 locum
905 2464 1204 2520 occupasse
1234 2467 1393 2505 suum
1432 2452 1793 2507 testiﬁcantur
1823 2467 2012 2507 exem-

445 2541 530 2609 pla
569 2557 673 2595 non
709 2556 879 2610 pauca
924 2560 937 2595 :
976 2543 1057 2597 sic
1098 2543 1323 2598 Genesis
1353 2559 1471 2614 cap.
1504 2560 1689 2609 xxxiv,
1728 2543 1783 2611 Ῡ.
1825 2545 1914 2608 15,
1945 2559 2010 2598 ex

442 2633 633 2687 Codice
675 2632 845 2702 Regio
894 2634 1116 2689 aﬂ‘ertur
1159 2634 1373 2701 Quinta:
1398 2635 1652 2689 editionis
1701 2636 1881 2701 lectio,
1918 2636 2010 2689 ubi

443 2738 629 2777 vocem
681 2734 810 2783 nm:
858 2726 945 2780 hic
998 2726 1263 2795 interpres
1323 2726 1485 2780 vertit
1544 2727 1908 2796 εὐνοήσομεν;
1956 2733 2011 2780 et

443 2830 559 2885 cap.
588 2832 747 2881 xxxv,
780 2834 830 2872 v.
864 2818 950 2877 l9.
969 2818 1021 2871 in
1054 2819 1199 2872 hunc
1227 2820 1402 2873 locum
1426 2802 1662 2879 1311511,:
1683 2828 1784 2879 mn
1813 2827 2010 2879 nn'iEN

440 2907 761 2963 Ambrosius
801 2910 855 2961 in
893 2911 1051 2978 epist.
1101 2911 1167 2963 ad
1216 2909 1608 2964 Horontianum
1641 2912 1715 2964 ait
1758 2929 1772 2964 :
1806 2909 2008 2975 Quinta

439 3011 614 3055 autem
656 3002 895 3065 traditio,
943 3001 1202 3071 Ephrata,
1246 3002 1363 3071 ipse
1399 3010 1484 3057 est
1533 3002 1729 3057 domus
1784 3003 1941 3071 panis
1989 3020 2003 3057 :

438 3088 536 3141 hoc
599 3090 926 3157 praeteritum
993 3098 1069 3142 est
1149 3091 1201 3142 in
1280 3091 1507 3144 aliorum
1585 3092 1956 3145 traditionibus
1986 3131 2002 3157 ,

2116 2173 2297 2228 verbis
2324 2171 2640 2245 Hieronymi
2667 2176 2980 2231 conciliare.

2186 2261 2323 2317 Cum
2356 2272 2535 2318 autem
2565 2264 2789 2319 omnino
2818 2275 3023 2320 certum
3055 2268 3123 2323 sit
3158 2266 3446 2340 Origenem
3485 2288 3596 2328 non
3632 2276 3687 2329 in

2114 2352 2368 2408 omnibus
2403 2351 2697 2423 Scriptum
2728 2354 2884 2411 libris
2914 2366 3022 2413 tres
3055 2360 3178 2414 illas
3211 2361 3686 2430 interpretationis

2113 2441 2413 2511 adjecisse,
2459 2444 2628 2512 quani
2676 2453 2855 2513 pmest
2903 2462 3033 2499 num
3088 2458 3196 2503 tres
3243 2449 3319 2502 illi
3363 2452 3685 2521 interpretes

2113 2545 2278 2590 totam
2330 2534 2666 2606 Scripturam
2709 2538 2819 2592 sint
2860 2538 3216 2608 interpretati,
3247 2557 3315 2595 an
3360 2558 3455 2598 eas
3505 2545 3680 2599 solum

2112 2641 2292 2701 partes
2334 2648 2457 2702 qua:
2498 2633 2566 2687 ab
2611 2631 2842 2704 Origene
2874 2636 2929 2689 iu
2976 2635 3216 2707 Octaplis
3244 2641 3499 2697 adhibitae
3530 2655 3679 2698 sunt.

2112 2721 2255 2777 Sane
2285 2738 2431 2789 cum,
2462 2724 2540 2778 illi
2591 2725 2781 2778 saltem
2817 2725 2927 2781 duo
2959 2728 3192 2797 priores,
3227 2731 3678 2802 Pentateuchum,

2107 2812 2372 2879 Psalmos,
2402 2824 2459 2869 et
2497 2832 2563 2869 ex
2598 2814 2923 2888 Hieronymo
2955 2818 3057 2874 Job
3099 2832 3151 2875 et
3196 2821 3526 2892 Proverbia;
3554 2843 3677 2881 cum

2108 2904 2232 2958 item
2275 2906 2499 2960 Cantica
2547 2915 2603 2960 et
2649 2906 2887 2962 minores
2930 2908 3231 2981 Prophetas
3280 2916 3673 2983 transtulerint,

2107 3011 2214 3049 non
2262 2997 2420 3051 video
2472 2997 2601 3066 quid
2654 3014 2834 3053 causa:
2877 2997 3061 3067 fuerit,
3110 3017 3211 3057 cur
3255 3006 3462 3062 medios
3508 3007 3677 3065 libros

2107 3086 2410 3151 omiserint,
2439 3088 2697 3157 quodque
2730 3089 2907 3159 magis
2934 3099 3141 3159 urgeat,
3173 3106 3298 3146 cum
3348 3106 3456 3149 tres
3481 3096 3561 3150 illi
3592 3098 3672 3151 in-

437 3175 531 3229 nbi
584 3176 902 3231 traditiones
952 3177 1043 3231 ille
1089 3193 1188 3247 pro
1241 3179 1571 3234 editionibus
1632 3189 1880 3249 usurpat.
1931 3182 2068 3240 Ειο
2104 3185 2363 3246 terpretes
2408 3187 2470 3231 ut
2514 3177 2808 3246 plurimum
2860 3179 2917 3232 in
2961 3179 3152 3234 iisdem
3199 3180 3492 3252 Scriptura
3518 3186 3672 3241 libris

437 3264 609 3321 Levit.
680 3283 717 3333 t,
779 3266 841 3321 l6
901 3287 914 3321 :
977 3270 1040 3321 Α.
1103 3269 1185 3331 Σ.,
1244 3268 1341 3341 τὴν
1402 3269 1727 3334 σιτίζουσαν.
1790 3273 1851 3326 Θ.
1908 3272 1995 3335 Ε.,

434 3356 532 3427 τὴν
581 3357 750 3426 ὀσφὺν
794 3358 860 3428 ἣν
905 3361 1066 3429 ἡμεῖς
1111 3359 1382 3430 καλοῦμεν
1416 3360 1609 3429 φύσαν.
1638 3363 1768 3417 item
1820 3362 1994 3419 Levit.

432 3462 550 3516 cap.
585 3464 648 3510 ιι,
679 3464 733 3502 v.
766 3449 819 3514 5,
850 3450 904 3501 in
934 3451 1176 3519 Append.
1214 3452 1270 3505 Σ.
1304 3452 1391 3516 Ε.,
1423 3452 1530 3507 ἀπὸ
1556 3452 1663 3506 τῶν
1692 3454 1999 3525 καρπωμάι-

429 3554 540 3592 των
571 3539 798 3610 Κυρίου.
829 3538 895 3593 Ει
917 3539 1087 3594 Levit.
1119 3556 1195 3606 ιι,
1232 3542 1318 3595 l7.
1343 3544 1406 3596 A.
1438 3545 1512 3597 O'.
1544 3543 1605 3598 Θ.
1634 3545 1719 3609 Ε.,
1749 3544 1997 3598 νυκτικό·

431 3628 550 3695 ραξ.
585 3646 642 3694 ς.
677 3629 864 3698 γλαύξ.
908 3632 966 3684 E.
1006 3631 1280 3697 Quintam,
1312 3650 1370 3698 ς.
1421 3633 1638 3689 Sextam
1683 3635 1906 3701 indicat,
1942 3646 1996 3692 et

429 3721 714 3789 utriusque
761 3722 1137 3791 interpretatio
1186 3722 1428 3778 affertur.
1464 3724 1780 3794 Ibidemque
1817 3742 1871 3780 v.
1900 3727 1991 3782 51.

427 3812 503 3865 O’.
541 3812 601 3865 Θ.
628 3814 715 3877 Ε.,
743 3814 923 3867 αὐτῶν
956 3814 1311 3886 τεθνηκότων.
1348 3814 1505 3871 Hisce
1535 3826 1642 3870 tam
1680 3819 1882 3885 apertis
1912 3829 1993 3873 te—

428 3905 699 3960 stimoniis
728 3904 988 3974 refragari
1021 3922 1176 3961 nemo
1217 3923 1376 3976 posse
1419 3908 1649 3963 videtur.
1692 3910 1760 3964 At
1789 3911 1989 3965 mirum

422 4006 505 4049 est
526 3996 781 4063 Quintam
808 4007 861 4052 et
887 3998 1105 4051 Sextam
1134 3998 1426 4053 editionem
1451 4015 1482 4054 a
1507 4001 1723 4055 nemine
1746 4010 1988 4056 veterum

426 4088 760 4153 Graecorum,
793 4089 884 4159 qui
919 4090 972 4143 in
1005 4089 1429 4145 Pentateuchum
1463 4100 1543 4145 tot
1581 4091 1987 4148 Commentaria

420 4182 727 4247 ediderunt,
770 4193 1122 4237 memoratam
1156 4184 1368 4252 uspiam
1405 4182 1590 4237 fuisse.
1620 4183 1697 4237 De
1742 4182 1986 4253 Septima

423 4274 475 4327 in
522 4272 891 4329 Pentateucho
931 4275 1063 4328 nihil
1096 4275 1256 4330 hodie
1298 4294 1310 4330 :
1340 4285 1521 4329 utrum
1568 4292 1698 4332 vero
1724 4278 1852 4332 olim
1884 4278 1985 4332 ad-

419 4363 602 4431 fuerit,
652 4365 952 4435 ignoratur.
999 4362 1199 4419 Prazter
1244 4365 1409 4419 hosce
1444 4367 1633 4428 libros,
1679 4368 1771 4422 ubi
1816 4371 1981 4423 trium

417 4458 782 4528 posteriorum
825 4458 1123 4512 editionum
1161 4459 1384 4528 vestigia
1420 4462 1740 4528 reperimus,
1772 4462 1826 4515 in
1857 4462 1982 4516 aliis

413 4552 577 4604 etiam
619 4548 893 4604 exstitisse
920 4549 1227 4604 subindicat
1285 4548 1647 4622 Hieronymus
1677 4550 1881 4606 Comm.
1926 4554 1981 4605 in

414 4638 588 4710 Epist.
640 4641 709 4694 ad
763 4640 993 4695 Titum:
1046 4639 1306 4695 Nonnulli
1356 4656 1475 4694 vero
1524 4640 1666 4705 libri,
1693 4641 1884 4710 inquit,
1929 4652 1979 4694 et

412 4736 643 4789 maxime
670 4734 725 4787 Iti
762 4734 851 4804 qui
890 4734 1028 4802 apud
1065 4732 1314 4788 Hebraeos
1337 4749 1488 4786 versu
1514 4733 1792 4802 compositi
1829 4743 1976 4800 sunt,

414 4835 514 4880 tres
560 4824 697 4880 alia:
736 4825 987 4879 editiones
1032 4825 1243 4878 additas
1274 4824 1483 4891 habent,
1512 4840 1671 4895 quam
1697 4824 1976 4890 Quintam,

410 4925 461 4969 et
484 4915 720 4983 Sextum,
745 4926 794 4970 et
821 4916 1113 4986 Septimum
1142 4917 1540 4969 translationem
1565 4924 1771 4977 uocant,
1799 4926 1979 4968 aucto-

412 5006 621 5061 ritatem
648 5009 760 5061 sine
808 5008 1105 5061 nominibus
1141 5007 1480 5074 interpretum
1531 5014 1856 5058 consecutae.
1896 5003 1975 5058 Ex
2010 5044 2017 5051 .

409 5096 563 5152 libris
609 5109 787 5153 tamen
835 5114 994 5153 versu
1044 5097 1365 5165 conscriptis
1412 5096 1512 5150 soli
1547 5094 1751 5149 Psalmi
1805 5096 1971 5149 trium

409 5188 770 5257 posteriorum
819 5187 1324 5256 interpretationum
1372 5186 1631 5255 reliquias
1655 5184 1969 5255 praeferunt.

407 5278 465 5332 In
509 5276 612 5333 Job
650 5288 826 5333 autem
884 5288 938 5333 et
981 5276 1310 5341 Proverbiis,
1357 5277 1458 5332 etsi
1506 5277 1684 5346 ampla
1737 5277 1968 5330 aliarum

405 5370 703 5427 editionum
731 5384 884 5441 seges
908 5366 1189 5430 offeratur,
1218 5368 1354 5422 nihil
1382 5367 1542 5423 hodie
1566 5368 1634 5423 de
1665 5367 1837 5423 tribus
1860 5368 1968 5423 illis

405 5461 695 5534 postremis
724 5460 1108 5530 interpretibus
1145 5470 1413 5529 superest.

474 5550 534 5607 Si
563 5560 771 5606 stemus
803 5548 1114 5620 Hieronymi
1148 5550 1347 5613 verbis,
1382 5552 1436 5603 in
1469 5549 1537 5615 iis
1563 5548 1744 5615 ﬁbris)
1766 5548 1855 5602 ubi
1882 5547 1967 5602 lite

400 5652 692 5714 postremae
727 5642 992 5698 editiones
1025 5640 1438 5706 adhibebantur,
1471 5650 1582 5695 tres
1630 5656 1843 5710 semper
1876 5641 1967 5695 ad-

398 5745 577 5812 erant,
600 5749 704 5790 nec
740 5732 941 5800 Quinta
970 5733 1085 5789 sine
1111 5731 1295 5798 Sexta,
1331 5747 1431 5786 nec
1465 5739 1696 5800 utraque
1721 5731 1841 5785 sine
1866 5730 1964 5786 Se-

398 5826 566 5896 ptima
588 5823 769 5881 locum
794 5823 1005 5898 uspiam
1039 5822 1292 5878 habebat.
1314 5820 1515 5879 Verum
1544 5820 1660 5877 haec
1691 5818 1959 5891 Hieronyo
2009 5895 2014 5900 π

2099 3271 2461 3339 reperiantur,
2492 3269 2618 3323 licet
2648 3270 2792 3323 haud
2820 3269 2985 3324 dubie
3012 3271 3178 3327 variis
3204 3273 3258 3326 in
3283 3274 3420 3329 locis
3446 3277 3674 3346 scripse-

2098 3359 2227 3421 rint,
2270 3374 2368 3413 cur
2415 3359 2633 3413 eosdem
2682 3357 2850 3411 libros
2883 3371 2950 3410 ex
2972 3356 3246 3429 Hebraico
3278 3365 3665 3430 converterint,

2096 3450 2313 3502 eosdem
2363 3447 2698 3501 omiserint:
2747 3447 2850 3526 hoc
2899 3456 3045 3502 certe
3093 3464 3268 3519 neque
3311 3468 3441 3507 casu
3488 3470 3667 3525 neque

2095 3539 2325 3594 consilio
2377 3539 2621 3594 accidere
2667 3542 2908 3611 potuisse
2956 3541 3188 3596 videtur.
3222 3540 3280 3596 Si
3314 3545 3663 3613 respondeas,

2095 3645 2193 3685 cur
2224 3646 2353 3700 ergo
2385 3629 2645 3700 Origenes
2672 3633 2724 3686 in
2755 3632 3080 3702 quibusdam
3114 3632 3288 3698 libris,
3321 3650 3429 3688 non
3460 3635 3514 3691 in
3545 3651 3665 3689 om-

2094 3725 2276 3786 nibus,
2310 3723 2433 3779 illas
2460 3724 2724 3779 editiones
2756 3725 3086 3794 apposuerit,
3118 3739 3378 3794 reponam
3414 3741 3536 3796 ego,
3562 3743 3663 3782 cur

2092 3816 2147 3869 in
2175 3814 2408 3870 Threnis
2459 3815 2574 3870 sive
2620 3814 3126 3872 Lamentationibus
3176 3814 3444 3881 Jeremiaa,
3485 3819 3662 3873 solum

2093 3905 2478 3979 Symmachum
2508 3920 2633 3960 cum
2676 3907 2914 3962 editione
2939 3907 3050 3963 τῶν
3089 3908 3146 3961 0'
3170 3909 3389 3974 locavit,
3423 3924 3548 3964 cum
3582 3920 3662 3964 ta-

2091 4012 2214 4051 men
2240 3995 2437 4066 Aquila
2465 4005 2518 4050 et
2543 3994 2846 4050 Theodotio
2876 3995 3217 4065 hujuslibri,
3247 3996 3471 4065 perinde
3497 4005 3663 4066 atque

2088 4088 2343 4153 aliorum,
2377 4087 2876 4155 interpretationem
2922 4087 3328 4154 adornaverint,
3366 4096 3424 4141 ut
3459 4088 3658 4143 ibidem

2086 4182 2142 4236 in
2174 4181 2375 4235 Manilo
2415 4181 2729 4249 probamus.
2767 4178 2904 4235 Hinc
2934 4195 3065 4235 sane
3103 4180 3274 4249 liquet
3314 4196 3379 4236 ex
3412 4183 3515 4237 hac
3538 4179 3658 4237 Ori—

2085 4272 2238 4343 genis
2274 4272 2568 4325 omissione
2597 4270 2847 4326 concludi
2878 4286 2987 4325 non
3023 4286 3205 4341 posse,
3240 4272 3360 4327 illas
3391 4274 3656 4327 editiones

2083 4380 2194 4418 non
2237 4364 2496 4434 integras,
2542 4363 2635 4417 sed
2679 4363 2892 4432 aliquos
2925 4372 3134 4417 tantum
3184 4361 3460 4419 Hebraicae
3503 4363 3652 4419 Scri-

2082 4462 2254 4523 ptura!
2300 4451 2468 4505 libros
2504 4452 2813 4531 complexes
2858 4450 3046 4506 fuisse.
3079 4452 3346 4506 Caeterum
3391 4467 3506 4507 rem
3543 4470 3653 4509 non

2087 4544 2305 4616 penitus
2333 4544 2665 4613 exploratam
2699 4542 2916 4596 lectoris
2949 4540 3158 4612 judicio
3187 4542 3575 4612 permittimus.

2083 4658 2196 4714 VII.
2231 4658 2307 4713 De
2342 4657 2483 4712 notis
2510 4656 2566 4709 in
2591 4655 2920 4736 marginibus
2951 4653 3313 4724 Hexaplorum
3336 4655 3400 4709 ab
3427 4654 3651 4727 Origene
3728 4668 3739 4677 ‘

2759 4736 2967 4794 posuit.

2152 4816 2209 4871 In
2243 4815 2495 4886 Hexaplis
2528 4814 2738 4883 amplos
2766 4814 2935 4868 fuisse
2963 4814 3238 4883 margines
3283 4813 3430 4869 notis
3458 4811 3647 4883 Orige-

2079 4909 2258 4964 nianis
2300 4916 2549 4971 onustos,
2585 4915 2922 4975 compertum
2949 4905 3107 4960 nobis
3137 4914 3221 4960 est
3247 4923 3260 4959 :
3290 4906 3481 4960 horum
3514 4922 3643 4960 vero

2078 5008 2283 5071 partem
2309 5012 2414 5052 non
2440 4996 2716 5051 minimam
2744 4996 3378 5065 occupabantnominum
3404 4998 3647 5066 proprio-

2075 5109 2195 5148 rum
2239 5089 2623 5144 Hebraicorum
2681 5087 3074 5157 explicationes
3119 5085 3337 5140 Grmcaa.
3373 5082 3428 5139 Id
3458 5095 3639 5143 autem

2075 5182 2277 5237 indicat
2301 5179 2559 5249 Origenes
2590 5178 2642 5232 in
2672 5187 2799 5231 nota
2826 5177 3054 5246 quadam
3085 5177 3151 5230 ad
3175 5190 3295 5245 cap.
3327 5192 3494 5232 xxxvr
3541 5175 3643 5233 Ge-

2072 5272 2240 5336 nesis,
2267 5272 2318 5340 ,ᾗ
2349 5270 2437 5333 '56,
2481 5269 2571 5323 ubi
2608 5268 2689 5323 sic
2722 5267 2922 5322 habet:
2952 5266 3077 5329 Τοῖς
3115 5265 3213 5335 μὲν
3251 5265 3380 5337 περὶ
3411 5266 3640 5323 Ἀκύλαν

2070 5364 2165 5419 καὶ
2190 5363 2483 5434 Σύμμαχον
2517 5358 2790 5430 Φουτιφὰρ
2825 5356 3039 5428 εἴρηται
3069 5358 3125 5409 ὲν
3152 5354 3325 5427 τούτῳ
3348 5356 3427 5429 τῷ
3454 5357 3635 5430 τόπῳ·

2071 5457 2128 5509 ὲν
2153 5454 2211 5509 δὲ
2240 5453 2318 5524 τῷ
2346 5454 2516 5524 ἑτέρῳ
2537 5446 2896 5521 Φουρτιφαρέ.
2931 5446 3091 5518 Καὶή
3128 5447 3225 5517 μὲν
3249 5448 3343 5501 τοῦ
3371 5448 3637 5517 παρόντος

2067 5546 2327 5616 ὀνόματος
2351 5542 2615 5615 ἑρμηνεία
2638 5541 2965 5610 παράκειται
2989 5539 3062 5616 τῇ
3083 5536 3228 5601 λέξει
3246 5554 3260 5567 ο
3286 5540 3319 5610 ὴ
3342 5538 3401 5593 δὲ
3423 5536 3637 5603 ἔκθεσις

2065 5614 2173 5690 τοῦν
2206 5636 2397 5706 ἑτέρου
2424 5635 2483 5687 ὲν
2511 5635 2625 5696 τοῖς
2660 5631 2785 5701 ἑξῆς
2816 5614 3085 5700 φανεῖταί·
3114 5629 3166 5683 id
3197 5641 3282 5684 est
3313 5645 3327 5683 :
3361 5629 3557 5698 Aquila
3581 5638 3635 5682 et

2066 5725 2414 5795 Symmachus
2467 5721 2766 5791 Phutiphar
2813 5720 3058 5773 dixerunt
3104 5720 3200 5773 hoc
3248 5718 3386 5785 loco,
3426 5721 3479 5772 in
3522 5718 3635 5773 alio

2066 5826 2242 5872 autem
2264 5814 2620 5884 Plturtiphare
2647 5830 2665 5869 :
2692 5812 2963 5885 presenti:
2986 5827 3104 5867 vero
3126 5813 3351 5868 nominis
3372 5812 3634 5878 interpre-
