4122 6420
449 361 522 421 55
1790 361 2033 419 ιτιιιειιι

2134 361 2320 419 [anu
2835 419 2844 430 .
3635 372 3709 431 36

451 481 588 536 latio
611 478 725 534 voci
743 479 952 550 adjacet
981 478 1056 549 (id
1086 489 1170 534 est
1197 480 1252 533 in
1282 480 1571 550 margine),
1603 479 1825 535 alterius
1848 493 2025 536 autem
2053 490 2102 546 Α
2129 482 2292 536 nibus
2339 481 2594 536 collocari

448 569 737 639 explicatio
761 571 812 622 in
837 569 1170 640 sequentibus
1191 571 1572 624 declarabitur.
1599 569 1739 626 Hinc
1767 583 1850 627 est
1875 573 2026 642 quod

451 663 508 717 in
571 662 958 718 vetustissimis
1013 663 1442 732 manuscriptis,
1499 663 1642 718 unde
1695 665 2026 734 praecipuam

451 756 819 826 llexaplornm
856 767 1072 826 partem
1113 757 1508 826 excerpsimus,
1537 757 1642 812 illa:
1677 759 2025 828 propriorum

450 851 734 904 nominum
781 848 1178 904 llebraicorum
1231 849 1708 918 interpretationes
1739 851 1792 902 in
1825 850 2030 918 margi-

451 943 616 997 nibus
641 951 939 996 occurrant
964 958 978 1007 ;
1007 950 1066 994 ut
1095 941 1328 1010 exempli
1361 956 1549 1005 causa,
1580 941 1634 994 in
1657 940 2029 996 vetustissimo

451 1034 547 1090 illo
569 1034 758 1088 codice
784 1033 1143 1095 Coisliniano,
1173 1034 1264 1102 qui
1301 1033 1502 1087 unciali
1535 1033 1802 1102 quadrato
1839 1034 2030 1088 chara-

452 1137 602 1182 ctere
623 1127 861 1196 scriptus
893 1137 995 1191 est,
1027 1141 1091 1180 ac
1119 1127 1256 1181 sexti
1289 1127 1374 1181 vel
1419 1127 1633 1196 septimi
1684 1127 1866 1181 saaculi
1908 1143 2030 1183 esse

453 1226 700 1289 putatur,
729 1217 796 1273 ad
839 1217 1054 1287 singula
1084 1216 1194 1271 fere
1235 1217 1456 1272 nomina
1499 1217 1718 1286 propria
1761 1217 2028 1285 ejusmodi

454 1311 679 1374 notulae,
707 1310 815 1363 vim
839 1319 895 1364 et
922 1309 1303 1380 etymologiam
1335 1308 1574 1363 nominis
1601 1308 1924 1371 indicantes,
1945 1326 2031 1364 re-

456 1403 774 1472 periuntur;
814 1401 962 1456 verbi
993 1401 1188 1471 gratia,
1227 1401 1361 1472 ὲδὲμ
1382 1417 1396 1432 ·
1430 1400 1484 1454 in
1517 1416 1711 1470 marg.,
1741 1399 1966 1470 αἴμασις
1993 1401 2027 1471 ἢ

454 1493 658 1566 τρυφὴ,
682 1503 886 1561 septum
916 1501 1008 1545 aut
1029 1492 1303 1560 voluptas;
1328 1491 1529 1554 Φισὼν,
1556 1494 1730 1563 στόμα
1755 1493 1942 1563 κόρης,
1970 1507 2029 1546 os

456 1583 678 1652 puella;
703 1582 924 1646 Εὑιλὰτ,
951 1583 1232 1652 ὠδίνησεν,
1259 1583 1583 1649 parturivit;
1611 1581 1785 1653 Γηὼν,
1813 1583 2028 1652 στῆθος,

457 1686 674 1745 pectus;
722 1676 999 1738 Αἰθιοπία,
1047 1677 1330 1740 σκότωσις,
1375 1676 1772 1738 obtenebratio;
1817 1677 2027 1748 Τίγρις,

456 1769 681 1840 ἁρπαγὴ
713 1769 746 1839 ἢ
783 1768 1132 1832 ταπείνωσις,
1179 1769 1368 1837 rapina
1416 1779 1511 1822 aut
1559 1768 1896 1831 humiliatio;
1927 1769 2032 1822 Εὐ-

2649 501 2661 535 :
2716 497 3031 554 quanquam
3085 486 3142 542 id
3197 487 3424 544 minime
3472 499 3704 548 constet.

2133 571 2259 627 Haec
2286 574 2484 640 quippe
2519 573 2695 626 solum
2727 574 3024 629 divinando
3047 575 3284 634 dicimus
3313 597 3328 633 :
3363 579 3537 635 donec
3560 581 3705 636 enim

2136 661 2322 729 aliqua
2349 661 2432 715 vel
2453 662 2664 716 tantilla
2689 677 2816 732 pars
2837 661 3222 734 Hexaplorum,
3245 677 3306 722 ut
3327 668 3483 724 initio
3506 671 3704 742 scripta

2135 749 2379 818 fuerunt,
2405 766 2437 805 e
2470 753 2706 808 tenebris
2740 756 3042 820 emerserit,
3073 765 3135 809 ut
3161 756 3274 825 jam
3307 759 3568 827 diximus,
3595 761 3684 832 ple

2133 858 2258 898 nam
2289 843 2692 916 perfectamque
2723 847 2942 902 illorum
2990 851 3243 905 notitiam
3287 853 3558 922 expiscari
3597 869 3710 912 non

2132 935 2459 990 valebimus.

2136 1046 2228 1103 IX.
2296 1048 2487 1103 Utrum
2542 1050 2786 1130 Qrigenia
2835 1053 3446 1130 tempore‘Samaritani
3484 1068 3536 1113 et
3581 1055 3707 1130 Syri

2559 1123 2758 1177 (ἐι-ωιτν
2786 1128 3042 1178 versiones
3073 1125 3292 1194 fuerint.

2203 1209 2478 1277 Quasritur
2505 1230 2636 1269 num
2681 1215 2966 1287 Origenes,
3011 1218 3094 1274 vel
3127 1219 3171 1273 si
3201 1219 3294 1289 qui
3329 1220 3418 1274 alii
3450 1220 3504 1275 in
3543 1221 3706 1277 Com-

2135 1305 2420 1360 mentariis
2448 1303 2504 1359 in
2538 1306 2876 1379 Scripturam
2907 1308 3239 1364 Samaritani
3283 1319 3338 1364 et
3369 1310 3490 1381 Syri
3519 1311 3706 1366 lectio-

2135 1410 2234 1450 nes
2262 1395 2448 1454 Grtrce
2477 1400 2867 1466 adhibuerunt,
2896 1415 2992 1455 eas
3021 1417 3086 1455 ex
3115 1399 3458 1456 Samaritana
3488 1411 3542 1455 et
3570 1401 3705 1472 Syra

2134 1491 2407 1557 versione,
2441 1493 2535 1546 ubi
2579 1509 2719 1563 opus
2751 1493 2852 1548 fuit
2882 1495 3072 1550 Graece
3101 1496 3508 1564 expresserim;
3539 1510 3608 1549 an
3637 1510 3704 1549 ex

2137 1582 2318 1653 aliqua
2352 1583 2682 1640 Samaritani
2711 1595 2764 1640 et
2795 1586 2915 1657 Syri
2945 1587 3132 1642 Graeca
3159 1589 3531 1652 translatione,
3555 1590 3708 1658 prius

2136 1675 2420 1739 adornata,
2476 1680 2708 1733 mutuati
2757 1681 2883 1734 sint.
2937 1679 3178 1734 Graecam
3235 1679 3704 1734 Samaritanorum

2136 1767 2439 1822 versionem
2473 1769 2643 1824 fuisse
2675 1771 2855 1824 innuit
2890 1770 3249 1840 Epiphanius,
3286 1785 3410 1823 cum
3442 1770 3518 1823 ait
3548 1767 3709 1841 Sym-

458 1861 690 1932 φράτης,
723 1861 1052 1931 ηὐξημένος,
1085 1869 1272 1913 auctus
1291 1875 1311 1924 ;
1353 1859 1544 1929 Ἀδὰμ,
1575 1859 1836 1930 γηγενὴς,
1865 1860 1898 1930 ἢ
1945 1859 2033 1913 ἄν·

2140 1857 2415 1921 machum,
2445 1867 2506 1913 ut
2535 1857 3002 1913 Samaritanorum
3033 1858 3510 1927 interpretationes
3549 1873 3571 1910 (
3591 1872 3710 1912 ver-

457 1951 694 2024 Θρωπος,
718 1951 754 2023 ἢ
795 1950 945 2022 χοῦς,
980 1953 1264 2020 terrigena,
1290 1958 1386 2002 aut
1431 1950 1605 2016 homo,
1631 1959 1724 2004 aut
1755 1949 1944 2020 puluis.
1973 1948 2038 2003 Et

457 2043 664 2098 similes
694 2043 833 2097 bene
861 2043 1047 2098 multa:
1072 2061 1086 2096 :
1110 2057 1343 2112 quarum
1366 2057 1460 2097 eas
1491 2043 1667 2096 solum
1700 2057 1824 2111 quae
1850 2042 2038 2096 melio-

458 2133 536 2189 ris
564 2142 706 2188 nota:
730 2134 860 2188 visa:
893 2144 1023 2188 sunt
1047 2133 1101 2187 in
1130 2133 1366 2188 decursu
1398 2134 1582 2204 operis
1610 2134 1992 2188 adnotavimus
2016 2153 2031 2200 ;

457 2223 596 2278 alias
615 2231 796 2278 autem
826 2223 978 2278 nullo
1007 2222 1293 2292 dispendio
1323 2222 1519 2292 negligi
1551 2238 1712 2292 posse
1740 2223 2032 2288 duximus;

460 2324 575 2368 tum
625 2316 752 2384 quia
795 2330 992 2385 magna
1033 2329 1163 2384 pars
1207 2329 1396 2368 earum
1445 2314 1499 2368 in
1547 2314 1689 2369 libro
1745 2313 2034 2369 Nominum

460 2403 852 2459 Hebraicorum
879 2418 1012 2460 cusa
1052 2415 1176 2472 est;
1207 2414 1322 2459 tum
1364 2406 1529 2460 etiam
1557 2407 1688 2475 quia
1717 2405 2033 2476 huiusmodi

458 2499 802 2570 etymologia:
852 2499 1177 2569 plerumque
1222 2498 1390 2562 leves,
1440 2497 1668 2553 detorta:
1725 2499 2038 2567 nulliusque

460 2590 617 2660 pretii
648 2600 796 2646 sunt.
828 2592 1075 2645 Aliarum
1101 2605 1227 2646 vero
1247 2590 1687 2656 adnotationum,
1715 2605 1855 2661 quas
1881 2591 2038 2647 initio

458 2682 758 2736 editionum
790 2684 1128 2753 singularum
1168 2679 1456 2752 Origenem
1499 2683 1752 2750 posuisse
1793 2683 2037 2738 subindi-

459 2784 550 2830 cat
598 2775 903 2842 Eusebius,
954 2776 1247 2832 admodum
1293 2777 1625 2848 deploranda
1673 2776 1887 2846 jactura
1929 2788 2033 2834 est.

459 2864 596 2920 Nam
627 2867 700 2920 ibi
722 2867 983 2922 editionis
1006 2866 1273 2936 cujusque
1296 2869 1581 2923 historiam
1607 2869 1819 2923 texebat
1850 2878 2038 2939 etquo

2139 1958 2293 2014 teret,
2322 1951 2535 2005 tertiam
2575 1951 2813 2006 edidisse
2851 1950 3285 2004 translationem.
3320 1946 3454 2002 Nam
3483 1947 3538 2002 id
3568 1950 3610 2002 si
3641 1948 3708 2003 de

2137 2038 2482 2096 Samaritana
2538 2041 3026 2111 interpretatione,
3091 2039 3439 2094 Samaritano
3497 2037 3706 2108 vulgari

2137 2132 2391 2187 idiomate
2439 2132 2605 2198 facta,
2659 2133 2886 2201 intelligi
2936 2132 3208 2201 quispiam
3262 2131 3570 2196 contendat,
3610 2145 3710 2185 cur

2137 2223 2520 2294 Symmachus,
2547 2225 2687 2279 inter
2711 2223 3089 2279 Samaritanus
3115 2223 3491 2284 doctissimus,
3519 2231 3578 2276 ut
3608 2220 3712 2275 tri-

2134 2316 2342 2371 bulium
2377 2329 2604 2370 suorum
2654 2315 3060 2370 Samaritanam
3094 2315 3508 2369 translationem
3554 2327 3710 2368 ever-

2135 2415 2272 2461 teret
2316 2415 2372 2462 et
2411 2404 2742 2470 confutaret,
2773 2407 3019 2462 Graecam
3055 2406 3560 2476 interpretationem
3591 2403 3711 2459 edi-

2133 2499 2311 2554 derit?
2350 2497 2510 2553 Certe
2559 2499 2786 2553 omnino
2834 2509 3265 2554 consentaneum
3317 2498 3531 2552 videtur
3580 2510 3707 2550 eum

2134 2590 2378 2646 Graecam
2419 2590 2728 2645 versionem
2771 2593 3029 2656 edidisse,
3060 2602 3120 2647 ut
3149 2607 3270 2646 eam
3297 2589 3454 2644 alteri
3485 2587 3707 2651 Graece,

2133 2697 2256 2752 quae
2283 2690 2400 2736 erat
2425 2679 2924 2747 Samaritanorum,
2954 2691 3268 2753 opponeret.
3295 2679 3420 2735 Haec
3451 2693 3584 2734 sane
3609 2677 3711 2732 ob-

2130 2772 2301 2842 jectio
2325 2773 2621 2826 admodum
2650 2773 2883 2841 urgebit,
2906 2773 2950 2828 si
2987 2783 3166 2827 tamen
3198 2786 3322 2826 vera
3349 2771 3458 2825 sint
3491 2783 3614 2841 quae
3639 2767 3709 2822 de

2137 2861 2448 2934 Symmachi
2487 2878 2612 2917 cum
2663 2861 3024 2918 Samaritanis
3085 2862 3315 2918 dissidio
3366 2870 3552 2916 narrat
3579 2859 3709 2930 Epi-

460 2953 586 3007 loco
636 2966 848 3022 reperta
885 2953 1080 3010 fuisset
1116 2956 1411 3011 indicabat.
1437 2957 1575 3012 Illud
1615 2973 1745 3013 vero
1777 2959 2037 3014 damnum
2135 2955 2372 3024 phanius
2397 2973 2411 3008 :
2440 2970 2565 3009 nam
2591 2953 2713 3025 ejus
2739 2955 3050 3009 testimonio
3076 2971 3182 3009 non
3207 2953 3436 3009 multum
3463 2952 3703 3007 fidimus.

462 3043 590 3098 licet
615 3043 953 3115 Epiphanius
979 3046 1034 3100 in
1065 3046 1207 3101 libro
1254 3046 1328 3102 De
1356 3048 1674 3117 ponderibus
1703 3059 1754 3104 et
1781 3053 2038 3105 mensuris
2136 3047 2206 3101 At
2239 3062 2349 3101 non
2381 3046 2581 3101 desunt
2608 3045 2712 3100 alia
2743 3055 3085 3114 argumenta,
3119 3047 3318 3115 quibus
3349 3044 3401 3100 id
3426 3059 3708 3099 common-

463 3145 743 3208 utcunque
771 3138 1057 3192 sarciverit
1080 3179 1095 3205 ,
1128 3149 1188 3194 at
1211 3140 1380 3194 multa
1414 3142 1636 3198 miscuit
1660 3142 1749 3196 ille
1771 3154 2038 3213 notasque
2068 3199 2104 3213 ,_
2139 3145 2374 3204 stretur;
2422 3153 2549 3193 nam
2604 3153 2670 3191 οι
2717 3137 2852 3207 ipsis
2899 3136 3254 3192 Samaritana?
3299 3137 3556 3192 θάὶιὶοιιίί
3595 3137 3707 3191 ΐηο

461 3239 767 3299 temporum
797 3229 1162 3296 labefactavit,
1189 3240 1248 3285 ut
1275 3232 1526 3302 pluribus
1547 3232 1687 3289 infra
1731 3234 1960 3290 dicetur.

461 3341 600 3400 VIII.
637 3347 720 3400 An
752 3343 1083 3418 Samaritani
1109 3355 1161 3418 et
1188 3343 1323 3418 Syri,
1339 3344 1588 3399 lectiones
1613 3348 1671 3400 in
1705 3347 2034 3418 marginibus

917 3415 1279 3485 Hexaplorum
1305 3417 1576 3471 locaoerit.

529 3503 860 3562 Samaritani
901 3517 956 3562 et
983 3506 1105 3578 Syri
1130 3507 1393 3564 lectiones
1420 3509 1475 3564 in
1505 3509 1847 3580 marginibus
1881 3519 2034 3564 vetu-

460 3597 830 3652 stissimorum
873 3599 1286 3669 exemplarium,
1335 3615 1458 3671 qua
1504 3599 1870 3672 Hexaplorum
1919 3601 2033 3656 fra-

462 3698 681 3758 gmenta
701 3690 980 3754 exhibent,
1005 3706 1242 3761 persaepe
1261 3693 1644 3758 observantur;
1665 3692 1787 3763 Syri
1812 3692 2033 3763 quidem

464 3778 519 3830 in
557 3778 832 3848 plerisque
880 3778 1174 3850 Scriptura:
1210 3783 1394 3847 libris;
1437 3781 1766 3836 Samaritani
1805 3797 1935 3836 vero
1979 3783 2033 3836 in

461 3867 835 3925 Pentateucho
883 3880 1095 3926 tantum
1130 3891 1144 3927 :
1189 3874 1283 3928 ubi
1313 3888 1422 3928 non
1467 3873 1838 3944 infrequenter
1869 3875 2036 3928 inter-

463 3963 797 4032 pretationes
858 3962 1189 4019 Samaritani
1257 3965 1700 4032 animadvertas,
1761 3965 2036 4019 interdum

463 4053 630 4119 solas,
658 4055 858 4122 saepius
896 4070 1021 4110 cum
1065 4055 1299 4110 aliorum
1330 4054 1684 4124 interpretum
1713 4052 2037 4108 lectionibus

461 4147 710 4202 collatas.
759 4147 896 4202 Cum
956 4156 1139 4202 autem
1197 4147 1302 4202 illa;
1359 4143 1688 4200 Samaritani
1749 4145 2034 4208 lectiones,

463 4254 572 4293 non
619 4241 672 4294 in
715 4241 946 4295 vetustis
984 4240 1267 4294 codicibus
1303 4247 1538 4304 tantum,
1565 4237 1659 4292 sed
1691 4240 1854 4291 etiam
1891 4235 2034 4304 apud

461 4329 650 4387 Patres
683 4333 889 4402 quarti,
922 4333 1098 4402 quinti
1127 4341 1183 4387 et
1209 4332 1553 4402 sequentium
1586 4329 1913 4386 saculorum
1941 4341 2036 4384 oc-

461 4435 708 4489 currant,
740 4425 1024 4495 probabile
1069 4438 1204 4479 sane
1249 4423 1464 4478 videtur
1511 4423 1690 4492 ipsum
1745 4419 2034 4490 Origenem

2139 3231 2373 3298 gmentis
2399 3230 2668 3299 arguitur,
2694 3245 2756 3284 ea
2787 3245 2856 3283 ex
2893 3231 3074 3300 aliqua
3117 3229 3470 3284 translatione
3516 3226 3704 3282 Greca

2135 3321 2422 3393 desumpta
2479 3321 2649 3377 fuisse
2703 3342 2716 3377 :
2774 3323 3032 3377 nimirum
3082 3321 3250 3376 Exodi
3299 3335 3492 3386 xxvm,
3542 3320 3597 3384 4,
3652 3327 3708 3373 et

2135 3408 2311 3464 Levit.
2347 3425 2468 3476 vtu,
2499 3411 2556 3478 9,
2585 3427 2691 3466 vox
2736 3409 3001 3466 llebraica
3045 3419 3262 3472 mm,
3307 3411 3490 3476 mitra,
3530 3410 3611 3464 sic
3649 3410 3704 3463 in

2137 3500 2482 3558 Samaritana
2533 3504 2788 3559 versione
2842 3503 3186 3572 exprimitur,
3233 3502 3445 3571 πήλιον,
3481 3503 3701 3571 pileuna.

2134 3593 2252 3649 Vox
2276 3605 2456 3650 autem
2484 3595 2675 3666 πήλιος
2706 3604 2801 3649 aut
2829 3593 3028 3660 πίλιος,
3057 3608 3183 3647 nam
3213 3593 3446 3663 idipsum
3473 3602 3577 3658 est,
3607 3607 3707 3662 pro

2132 3687 2321 3757 pileus,
2369 3687 2484 3756 jam
2531 3702 2562 3740 a
2590 3685 2885 3740 Plutarcho
2928 3694 3189 3754 usurpata
3233 3685 3702 3756 deprehenditur:

2135 3777 2280 3831 unde
2300 3776 2610 3844 colligimus
2634 3776 2876 3831 Graecam
2910 3775 3376 3832 Samaritanorum
3399 3780 3704 3832 versionem

2135 3868 2284 3923 illam
2327 3883 2622 3939 usurpasse
2669 3883 2768 3937 pro
2803 3869 2963 3922 mitra
2995 3869 3076 3923 vel
3111 3871 3282 3924 cidari
3328 3871 3704 3940 exprimenda.

2136 3959 2325 4028 Neque
2349 3959 2496 4014 enim
2531 3958 2856 4029 cogitaverit
2877 3959 3147 4028 quispiam
3175 3974 3362 4013 vocem
3391 3957 3706 4028 huiusmodi

2138 4049 2604 4106 Latino-Graecam
2637 4051 2690 4106 in
2715 4051 2967 4106 versione
2995 4051 3177 4121 aliqua
3205 4047 3706 4105 Samaritano—Vul-

2137 4143 2250 4212 gari
2301 4144 2556 4198 idiomate
2580 4143 2904 4198 concinnata
2931 4143 3112 4197 locum
3143 4142 3420 4208 habuisse,
3451 4157 3575 4197 cum
3607 4142 3708 4197 bo-

2136 4235 2326 4288 dierna
2355 4231 2825 4289 Samaritanorum
2849 4235 3027 4288 versio
3057 4235 3402 4303 perantiqua,
3436 4242 3496 4287 ut
3522 4233 3708 4288 existi-

2137 4338 2340 4396 matur,
2373 4330 2529 4399 longe
2563 4330 2707 4385 aliud
2730 4329 2997 4384 exhibeat.
3025 4327 3092 4383 Et
3115 4327 3288 4383 Exod.
3315 4344 3435 4398 cap.
3463 4343 3539 4396 vr,
3567 4329 3622 4398 ᾖ.
3643 4327 3702 4393 3,

2135 4437 2324 4477 vocem
2357 4429 2476 4480 mm
2503 4422 2579 4476 ait
2603 4421 2975 4476 Theodoretus
3003 4421 3057 4475 in
3104 4419 3452 4476 Samaritana
3475 4419 3706 4490 exprimi

460 4517 721 4572 lectiones
754 4519 876 4572 illas
917 4516 1249 4572 Samaritani
1281 4516 1337 4570 in
1379 4516 1625 4587 margine
1666 4512 2030 4604 Hexaplorum
2064 4550 2109 4604 n
2142 4517 2284 4581 ιαὸἐ,
2321 4516 2449 4584 quia
2490 4515 2736 4568 videlicet
2767 4513 2846 4567 sic
2879 4513 3024 4567 illam
3051 4523 3396 4604 expresserat
3418 4512 3704 4604 qui-Grae-

377 4621 386 4628 '
458 4611 731 4680 posuisse.
782 4607 929 4665 Idem
975 4623 1140 4680 porro
1182 4607 1473 4664 dicendum
1502 4608 1716 4662 videtur
1757 4607 1824 4660 de
1869 4603 2029 4676 Syro,

459 4704 619 4774 cujus
645 4703 1117 4772 interpretationes
1138 4703 1343 4773 passim
1369 4700 1717 4770 reperiuntur
1733 4699 1787 4752 in
1811 4697 2030 4762 Genesi,

459 4808 513 4852 et
546 4795 755 4860 Exodo,
789 4795 844 4849 in
874 4793 1109 4850 Psalmis
1136 4795 1288 4860 item,
1321 4794 1374 4847 in
1403 4792 1661 4857 Jeremia,
1693 4793 1746 4845 in
1776 4790 2030 4856 Threnis;

458 4889 602 4960 apud
651 4887 984 4942 Ezechielem
1036 4887 1225 4950 etiam,
1277 4885 1552 4940 Danielem
1599 4894 1653 4939 et
1696 4881 1855 4939 Osee.
1907 4881 2032 4954 Syri

458 4995 624 5051 porro
654 4981 914 5035 lectiones
945 4978 1244 5033 afferuntur
1273 4978 1341 5032 ab
1369 4978 1602 5033 Eusebio
1624 4977 1972 5041 Caesariensi,
2001 4989 2033 5027 a
2091 5014 2108 5030 .

458 5075 694 5130 Diodoro
714 5073 968 5128 Tarsensi
995 5071 1366 5141 frequentius;
1399 5071 1467 5124 ab
1497 5069 1730 5126 Eusebio
1752 5069 2030 5133 Emiseno,

458 5167 808 5238 Hieronymo,
826 5164 1167 5219 Theodoreto
1192 5171 1246 5218 et
1271 5164 1414 5220 aliis.
1437 5163 1702 5232 Quodque
1727 5163 2030 5217 notandum

455 5265 562 5319 est,
604 5253 768 5307 iidem
813 5252 1162 5321 maximeque
1206 5251 1498 5317 Diodorus,
1529 5251 1727 5323 Syrum
1766 5267 1889 5305 eum
1926 5251 2033 5305 He-

457 5346 604 5400 brer
649 5359 790 5414 sape
829 5343 1170 5414 conjungunt
1197 5344 1299 5398 hoc
1342 5353 1524 5414 pacto,
1564 5344 1622 5396 ὐ
1665 5342 1836 5414 Σύρος
1881 5344 1975 5396 καὶ
2001 5343 2031 5395 ὁ

468 5434 736 5507 Ἐϐραῖος,
779 5435 884 5498 vel,
943 5435 1002 5488 '0
1061 5435 1308 5507 Ἐϐραῖος
1353 5435 1448 5487 καὶ
1498 5435 1527 5486 6
1574 5434 1767 5506 Σύρος,
1811 5435 2031 5504 quando

457 5527 662 5581 scilicet
686 5527 972 5581 amborum
999 5528 1474 5598 interpretationes
1501 5528 1854 5592 conveniunt,
1882 5527 2030 5596 quod

455 5631 600 5686 saape
642 5617 929 5687 contingit.
963 5616 1057 5672 Ha:
1099 5634 1263 5688 porro
1295 5619 1576 5683 lectiones,
1610 5619 1832 5689 perinde
1867 5627 2030 5688 atque

458 5705 792 5763 Samaritani
841 5710 910 5762 ab
963 5707 1219 5779 Origene,
1249 5711 1670 5781 diligentissimo
1712 5710 2027 5766 versionum

457 5798 767 5867 collectore,
803 5805 1102 5868 potuerunt
1132 5800 1295 5856 etiam
1340 5801 1394 5855 in
1429 5799 1794 5872 llexaplorum
1825 5799 2030 5872 margi-

2137 4621 2256 4662 cam
2301 4604 2771 4658 Samaritanorum
2819 4604 3129 4657 versionem
3171 4602 3476 4656 adornavit.
3521 4600 3707 4672 Neque

2133 4699 2278 4752 enim
2306 4697 2419 4751 haec
2442 4696 2589 4749 varia
2613 4695 2795 4759 lectio,
2828 4694 2910 4747 vel
2935 4710 3002 4748 ex
3029 4694 3374 4747 Samaritano
3409 4693 3706 4762 Scriptura:

2135 4796 2308 4851 textu,
2344 4786 2422 4840 vel
2465 4801 2532 4839 ex
2571 4783 2912 4838 Samaritana
2945 4782 3265 4836 Samarttice
3287 4783 3557 4851 descripta
3586 4796 3707 4836 \er-

2134 4878 2288 4932 sione
2332 4874 2551 4944 decerpi
2595 4882 2837 4944 poterat,
2887 4873 2977 4927 ubi
3023 4873 3219 4942 legitur
3271 4873 3540 4942 hodieque
3582 4881 3704 4932 Πτιν

2134 4968 2254 5023 sine
2287 4967 2624 5022 discrimine.
2664 4965 2720 5019 Si
2749 4967 2874 5035 quis
2903 4967 3040 5020 alias
3066 4967 3119 5018 in
3155 4963 3521 5019 Pentateucho
3549 4979 3579 5019 a
3613 4980 3708 5019 no-

2133 5060 2219 5115 bis
2256 5060 2447 5114 allatas
2488 5057 2820 5112 Samaritani
2877 5056 3187 5125 interpretis
3239 5055 3499 5110 lectiones
3543 5071 3708 5111 accu-

2134 5160 2252 5206 rate
2279 5151 2596 5220 perpendat,
2624 5164 2690 5204 ex
2719 5147 2927 5214 Graeca,
2953 5148 3008 5201 ni
3045 5146 3228 5214 fallor,
3259 5145 3707 5217 interpretatione

2132 5243 2450 5312 desumptas
2480 5256 2601 5295 esse
2623 5239 3010 5312 deprehendet.

2207 5333 2315 5388 Nec
2357 5332 2522 5386 oﬂicit
2569 5333 2696 5386 huic
2742 5341 2943 5385 nostrae
2985 5329 3227 5401 opinioni
3268 5339 3398 5385 nota
3454 5332 3704 5402 quaedam

2131 5423 2293 5479 Num.
2323 5439 2442 5492 cap.
2465 5439 2586 5488 xm,
2615 5424 2670 5492 Ῡ.
2705 5423 2757 5489 l,
2781 5437 2922 5492 qua,
2949 5433 3008 5476 ut
3039 5422 3296 5487 arbitror,
3321 5420 3572 5492 Origenis
3598 5431 3704 5489 est,

2133 5517 2224 5572 ubi
2255 5532 2380 5572 cum
2403 5517 2654 5584 quaedam
2695 5513 2970 5583 praeferret
3000 5513 3376 5568 Samaritanus
3405 5514 3703 5567 BlbiiOlllm

2132 5619 2315 5665 textus
2340 5623 2408 5662 ex
2441 5606 2869 5662 Deutemnomio
2911 5605 3218 5674 desumpta,
3255 5606 3444 5659 eadem
3489 5605 3604 5674 ipsa
3645 5616 3708 5660 se

2131 5701 2319 5758 Graece
2352 5699 2700 5755 transtulisse
2734 5698 3054 5753 testiﬁcatur
3083 5696 3366 5768 Origenes,
3403 5707 3456 5751 et
3484 5697 3705 5766 quidem

2133 5797 2298 5855 modo
2327 5793 2396 5852 ad
2417 5795 2714 5852 editionem
2741 5791 2887 5848 LXX
2915 5791 3353 5850 accommodato.
3381 5790 3418 5846 ἃ
3451 5790 3545 5846 καὶ
3567 5782 3712 5844 αὐτὰ
