4122 6414
393 354 466 411 37
1582 356 1648 411 IN
1690 356 2010 411 IIEXAPLA
2047 357 2389 413 OlllGENIS.
3551 370 3622 427 53

393 474 461 529 ὲκ
478 467 573 526 ro‘o
597 471 706 527 τῶν
732 451 1085 544 ἷαμαρειτῶν
1122 472 1410 545 Ἐϐραῖκοῢ
1435 472 1797 544 μετεϐάλομεν
1822 491 1937 527 κατ-

2062 472 2198 529 Hinc
2222 489 2383 544 porro
2413 474 2492 529 sic
2518 483 2776 544 arguatur
2802 495 2814 531 :
2846 476 2893 532 si
2921 494 3022 534 vox
3049 479 3137 535 illa
3163 481 3192 533 6
3215 479 3387 553 Σύρος
3412 486 3622 543 versio-

391 564 635 635 αλλήλως
672 566 735 634 τῇ
782 563 888 616 τῶν
915 565 968 617 0’
994 564 1256 635 ἑρμηνείᾳ
1276 566 1343 635 τῇ
1370 565 1428 616 ὲν
1459 563 1536 634 τῷ
1557 565 1937 638 Δευτερονομίιγ

2058 582 2180 621 nem
2215 568 2457 622 Graecam
2488 583 2555 621 ex
2589 568 2726 639 Syro
2772 569 2969 627 factam
3003 575 3222 640 indicet,
3257 578 3375 645 pari
3410 580 3624 636 ratione

393 656 686 728 φερομένῃ.
707 655 823 710 Νοη
844 658 987 711 enim
1012 658 1102 713 hic
1119 659 1297 728 agitur
1321 658 1387 712 de
1406 659 1744 712 Samaritana
1774 659 1937 727 aliqu:

2055 673 2160 712 vox
2201 659 2290 712 illa
2317 660 2346 711 6
2377 659 2623 729 Ἐϐραῖος
2650 662 2952 717 versionem
2984 664 3222 734 aliquam
3256 683 3322 721 ex
3351 667 3620 727 Hebraico

394 748 771 812 translatione,
807 749 900 803 sed
930 750 997 803 de
1027 751 1147 819 ipso
1178 758 1328 805 textu
1372 750 1671 805 Bibliorum
1720 749 1957 804 Samari-

393 850 524 895 tano
569 842 692 896 libri
726 844 1107 909 Numerorum,
1138 844 1228 899 ubi
1273 845 1433 899 etiam
1485 844 1648 899 hodie
1692 845 1857 899 multa
1886 859 1953 899 ex

396 932 816 989 Deuteronomio
840 936 1091 1005 decerpta
1122 938 1495 1006 reperiuntur:
1520 953 1641 1006 quae
1670 947 1730 992 ut
1755 952 1954 1007 reprae-

392 1034 633 1082 sentaret
676 1026 955 1098 Origenes,
986 1045 1175 1086 eorum
1203 1032 1701 1101 interpretationem
1736 1048 1800 1087 ex
1829 1049 1952 1088 ver-

390 1116 542 1173 sione
560 1119 669 1172 τῶν
686 1121 761 1185 0',
781 1128 841 1175 ut
870 1121 923 1175 in
950 1122 1369 1178 Deuteronomio
1384 1133 1521 1188 erat,
1550 1134 1830 1180 mutuatus
1846 1135 1946 1182 est.

458 1212 535 1269 De
564 1215 725 1287 Syro,
754 1215 911 1287 cujus
940 1214 1251 1286 frequentes
1279 1218 1538 1274 lectiones
1566 1218 1621 1272 in
1648 1219 1853 1283 multis,
1889 1228 1951 1274 ut

389 1322 553 1377 supra
603 1309 859 1381 diximus,
895 1309 1190 1379 Scriptura
1231 1310 1389 1365 libris
1427 1319 1743 1377 occurrunt,
1774 1312 1949 1381 major

385 1410 472 1458 est
503 1400 807 1457 diﬁicultas.
842 1402 991 1459 Licet
1022 1404 1167 1458 enim
1219 1405 1390 1461 multa
1437 1406 1667 1462 suadere
1712 1408 1944 1478 possint,

388 1494 560 1551 fuisse
588 1495 714 1549 olim
746 1495 986 1551 Graecam
1016 1497 1426 1552 translationem
1458 1513 1525 1553 ex
1567 1498 1816 1553 versione
1847 1498 1946 1570 Sy-

385 1584 533 1640 riaca
578 1586 977 1650 concinnatam,
1007 1601 1126 1641 eam
1158 1601 1351 1656 nempe
1380 1602 1502 1656 quae
1526 1589 1555 1641 6
1585 1585 1755 1659 Σύρος
1780 1603 1946 1643 voca-

385 1682 475 1729 tur
499 1689 528 1728 a
555 1675 855 1742 veteribus;
880 1676 986 1730 alia
1010 1685 1188 1732 tamen
1219 1686 1348 1732 sunt
1376 1693 1499 1747 quae
1523 1679 1592 1732 ab
1615 1679 1717 1733 hac
1741 1680 1945 1748 ample-

382 1766 573 1822 ctenda
611 1766 876 1822 sententia
915 1766 1241 1821 deterreant.
1262 1766 1406 1821 Sane
1438 1768 1503 1823 de
1532 1768 1780 1823 versione
1805 1785 1943 1838 qua-

381 1855 505 1910 dam
552 1857 736 1913 Graeca
770 1860 855 1929 agi
882 1858 1093 1913 videtur
1123 1858 1321 1915 Ezech.
1359 1876 1477 1923 vm,
1508 1858 1596 1925 16,
1630 1861 1720 1915 ubi
1757 1875 1943 1916 vocem

379 1928 519 2006 dmi
552 1948 721 2019 Syrus
750 1928 1020 2018 κιγκλίδα,
1064 1950 1115 2004 id
1148 1961 1230 2005 est
1264 1950 1573 2014 concellum,
1618 1952 1779 2006 vertit
1819 1969 1834 2005 :
1869 1952 1942 2006 ibi

379 2048 536 2094 vetus
563 2040 903 2105 scholiastes,
941 2042 998 2095 '0
1024 2042 1194 2113 Σύρος
1221 2042 1319 2114 τὴν
1347 2043 1594 2111 κιγκλίδα
1624 2044 1795 2109 καλεῖ,
1822 2045 1943 2115 ἥτις

378 2128 597 2198 λέγεται
624 2130 774 2199 παρὰ
814 2134 925 2194 τοῖς
956 2131 1169 2195 πολλοῖς
1198 2132 1492 2201 κάγκελλον
1511 2150 1525 2163 ·
1562 2133 1614 2187 id
1642 2142 1744 2193 est.
1777 2132 1943 2202 Syrus

378 2221 655 2276 cinclidem
679 2231 849 2287 uocat,
874 2238 991 2294 qua!
1014 2223 1151 2291 apud
1180 2223 1373 2278 multos
1412 2224 1609 2277 dicitur
1630 2223 1942 2283 cancetlum.

379 2307 480 2364 Ubi
510 2326 613 2365 vox
655 2312 907 2380 κιγκλίδα
938 2313 1155 2368 nonnisi
1182 2328 1250 2368 ex
1291 2314 1540 2369 versione
1570 2312 1756 2369 Graeca
1798 2316 1942 2370 sumi

374 2402 619 2470 potuisse
668 2404 899 2458 videtur.
954 2404 1018 2459 Et
1049 2403 1276 2460 Genesis
1322 2421 1515 2472 χχχιχ,
1558 2405 1615 2470 2,
1660 2406 1792 2461 illud
1826 2415 1942 2465 tum

372 2477 559 2554 nt‘m:
582 2495 652 2549 ait
692 2495 960 2551 Diodorus
984 2495 1178 2567 Syrum
1204 2496 1431 2553 vertisse
1452 2498 1594 2570 ἀνὴρ
1628 2498 1944 2553 κατευοδού-

378 2603 558 2657 μενος,
577 2586 962 2654 Symmachum
980 2601 1159 2645 autem
1171 2589 1352 2643 εὐοδού
1360 2607 1539 2663 μενος,
1557 2591 1806 2661 Aquilam
1818 2609 1942 2645 κατ-

374 2676 748 2748 ευθυνόμενος,
778 2676 920 2732 LXX
951 2679 1358 2750 ἐπιτυγχάνων
1392 2695 1515 2750 quas
1560 2682 1940 2738 translationes

374 2767 596 2821 unicum
628 2767 861 2823 efferunt
903 2785 1148 2832 sensum,
1180 2785 1373 2840 nempe
1420 2785 1755 2839 prosperous.
1803 2769 1941 2827 Hinc

373 2871 554 2919 autem
603 2863 733 2933 quid
779 2864 1001 2933 colligas
1047 2864 1213 2929 aliud,
1254 2863 1360 2917 nisi
1388 2863 1673 2919 lectionem
1707 2862 1828 2935 Syri
1871 2880 1938 2919 ex

372 2955 623 3010 versione
652 2954 840 3010 Graeca
868 2957 1208 3026 desumptam
1239 2955 1429 3012 fuisse.
1476 2953 1610 3010 Nam
1646 2956 1692 3012 si
1740 2955 1939 3011 Diodo-

372 3061 490 3113 rus,
532 3047 616 3102 vel
665 3047 711 3101 is
757 3047 852 3117 qui
892 3048 1102 3117 primus
1140 3047 1262 3119 Syri
1309 3049 1568 3104 lectiones
1605 3049 1839 3119 collegit,
1869 3064 1936 3103 ex

2054 749 2236 804 Graece
2278 749 2473 804 factam
2515 751 2883 820 signiﬁcabit:
2930 762 2988 809 at
3031 758 3326 813 verisimile
3376 776 3484 815 non
3534 772 3620 819 est

2052 839 2367 909 hujusmodi
2418 843 2724 896 versionem
2768 844 2838 898 ab
2865 845 2989 900 aliis
3034 848 3288 904 omnibus
3323 848 3620 921 Scriptura:

2052 930 2592 999 interpretationibus
2635 932 2906 988 diversam
2932 937 3230 994 exstitisse.
3275 940 3509 997 Aliunde
3535 952 3617 997 ta-

2051 1036 2175 1075 men
2218 1022 2334 1075 loca
2380 1021 2559 1075 aﬂ‘erri
2610 1033 2861 1091 possunt,
2904 1027 3018 1081 sive
3069 1028 3190 1099 Syri
3242 1039 3450 1087 tantum
3495 1048 3619 1089 esse

2049 1111 2318 1175 dicantur,
2352 1112 2465 1167 sive
2494 1111 2700 1167 Hebraei
2732 1124 2895 1184 atque
2939 1116 3080 1188 Syri,
3119 1136 3241 1188 qua:
3272 1138 3338 1176 ex
3368 1125 3619 1179 versione

2049 1204 2229 1273 aliqua
2243 1202 2429 1258 Graeca
2453 1204 2771 1275 deprompta
2794 1208 3062 1263 videntur.
3082 1208 3173 1265 Sic
3195 1210 3442 1268 Jercmiae
3463 1232 3617 1286 χχιι,

2046 1312 2206 1351 versu
2256 1296 2311 1362 2,
2346 1296 2436 1351 ubi
2472 1297 2546 1387 in
2595 1295 2819 1353 ilebrreo
2866 1301 3059 1371 legitur
3084 1311 3164 1387 In,
3194 1313 3248 1358 et
3275 1303 3417 1357 LXX
3450 1307 3616 1360 inter-

2045 1388 2238 1458 pretati
2286 1396 2413 1443 sunt
2461 1386 2680 1459 Θερμὺν,
2729 1389 2983 1456 calidum,
3021 1386 3216 1463 Aquila
3270 1410 3420 1461 vero,
3458 1395 3617 1467 Sym-

2045 1483 2272 1537 machus
2311 1488 2363 1536 et
2410 1480 2707 1536 Theodotio
2756 1482 2915 1555 χάριν
2965 1494 3200 1553 vertunt,
3240 1486 3615 1545 Theodoretus

2045 1574 2161 1629 hazc
2211 1573 2393 1637 habet,
2423 1572 2481 1626 τὸ
2511 1572 2729 1644 θερμὸν,
2774 1576 2802 1627 6
2839 1576 3010 1647 Σύρος
3046 1577 3141 1631 καὶ
3172 1579 3200 1630 6
3258 1578 3502 1650 Ἐϐραῖος
3533 1584 3611 1635 οι-

2044 1664 2295 1735 κτιρμδν,
2341 1663 2668 1717 τεθείκασιν·
2702 1666 2753 1719 id
2787 1675 2889 1730 est,
2934 1668 3186 1731 calidum,
3238 1668 3403 1739 Syrus
3455 1684 3612 1742 atque

2048 1757 2322 1824 Hebra'us,
2346 1759 2753 1822 miserationem,
2784 1773 3088 1829 posuerunt.
3122 1762 3187 1817 Et
3212 1765 3406 1823 Ezeelt.
3436 1782 3607 1832 xxv",

2044 1849 2135 1914 24,
2164 1849 2257 1903 ubi
2300 1848 2357 1902 in
2391 1847 2617 1909 Hebraeo
2666 1850 2859 1920 legitur
2887 1836 3075 1913 inﬂa:
3109 1838 3380 1922 ωνίνίπω,
3415 1858 3609 1927 Aquila

2043 1945 2226 2008 vertit,
2255 1944 2675 2013 ὲγκατασκεύοις
2714 1944 3065 2016 εἰλήμμασιν,
3104 1951 3420 2004 constructis
3458 1952 3610 2005 invo-

2044 2035 2207 2089 lucris
2228 2028 2248 2098 ξ
2271 2035 2651 2107 Symmachus,
2677 2039 2915 2104 pretiosis
2948 2038 3265 2103 involucris;
3285 2040 3610 2113 Theodotio,

2044 2128 2101 2179 ὲν
2145 2127 2392 2198 μακαλὶμ
2426 2128 2518 2181 καὶ
2560 2126 2788 2197 γαλιμὰ,
2838 2130 2891 2182 in
2953 2131 3234 2185 machalim
3286 2143 3335 2187 et
3384 2135 3607 2204 galima.

2045 2217 2415 2275 Theodoretus
2460 2234 2589 2273 vero
2631 2217 2751 2289 Syri
2791 2220 3074 2276 lectionem
3112 2223 3264 2277 atfert
3292 2224 3375 2280 his
3407 2227 3609 2296 verbis,

2043 2310 2100 2363 ἐν
2133 2309 2469 2381 ἀποκρύφοις
2514 2310 2765 2363 σκεύεσι·
2797 2310 2939 2366 οὕτω
2963 2312 3072 2384 γὰρ
3096 2314 3187 2366 καὶ
3226 2316 3254 2367 6
3282 2315 3451 2387 Σύρος
3485 2317 3610 2389 νοή-

2042 2419 2141 2465 σας
2163 2404 2503 2474 ἠρμήνευσεν
2523 2420 2534 2432 ·
2566 2402 2620 2457 id
2653 2413 2754 2466 est,
2786 2404 2853 2458 In
2883 2408 3102 2459 occultis
3150 2410 3288 2462 vasis
3318 2424 3336 2461 :
3360 2411 3435 2461 ita
3466 2410 3606 2462 enim

2040 2493 2330 2563 intelligens
2364 2492 2530 2563 Syrus
2566 2496 2862 2549 transtulit.
2903 2494 2969 2548 Et
2993 2498 3188 2551 Ezech.
3218 2514 3336 2568 cap.
3373 2515 3604 2564 xxxvm,

2040 2585 2094 2652 Ῡ.
2120 2585 2175 2649 2,
2202 2586 2291 2640 ubi
2311 2587 2505 2656 legitur
2531 2597 2672 2667 "pm:
2694 2597 2845 2652 mn,
2867 2597 3012 2642 notat
3040 2588 3435 2655 Tlteodoretus,
3460 2592 3605 2646 Τὸδὲ

2051 2674 2186 2740 Ῥὼς
2219 2678 2459 2748 κεφαλὴν
2484 2680 2512 2731 6
2533 2678 2700 2749 Σύρος
2724 2682 3083 2750 ὴρμήνευσεν,
3116 2681 3209 2733 καὶ
3235 2683 3263 2734 6
3301 2681 3526 2745 Ἀκύλας
3547 2682 3606 2736 δὲ

2039 2767 2280 2840 κεφαλὴν
2308 2769 2491 2839 Μοσὸχ
2528 2770 2589 2822 τὸ
2630 2770 2763 2834 Ῥὼς
2790 2771 2975 2841 Μοσὸχ
3006 2774 3380 2843 ἡρμήνευσεν·
3418 2775 3470 2827 id
3498 2784 3602 2843 est,

2041 2859 2206 2930 Syrus
2233 2859 2337 2914 Ros
2365 2872 2520 2930 caput
2560 2863 2966 2931 interpretatur;
3003 2873 3052 2917 et
3084 2865 3279 2935 Aquilo
3311 2867 3473 2920 etiam
3500 2867 3602 2921 Rat

2041 2953 2278 3017 Mosoch,
2327 2963 2483 3023 caput
2536 2952 2772 3020 Mosoch,
2802 2956 3197 3024 interpretatur.
3252 2958 3329 3012 Ibi
3358 2973 3488 3013 vero
3520 2958 3604 3025 S.,

2040 3043 2203 3110 LXX,
2235 3043 2362 3111 Th.,
2401 3043 2536 3107 Ῥὼς
2566 3046 2752 3115 Μοσὺχ
2775 3046 3108 3115 interpretati
3136 3057 3280 3106 sunt.

371 3136 599 3209 Syriaco
646 3137 792 3193 fonte
825 3138 972 3208 ipsas
1012 3140 1273 3209 petiisset,
1321 3140 1614 3210 Graeceque
1664 3142 1933 3207 vertisset,
1965 3152 2006 3208 c
2112 3133 2234 3188 Haec
2256 3150 2388 3189 sane
2418 3134 2557 3200 loca.
2588 3145 2641 3189 el
2672 3137 2775 3189 alia
2817 3136 2973 3205 longe
3014 3137 3166 3205 plura
3201 3155 3322 3209 quae
3362 3141 3607 3210 proferre

370 3245 651 3300 nunquam
703 3244 834 3284 sane
882 3230 1167 3285 lectionem
1215 3229 1479 3298 Graecam,
1520 3233 1643 3287 aliis
1683 3234 1938 3289 omnibus

371 3322 909 3392 interpretationibus
946 3337 1303 3393 synonymam
1341 3324 1635 3392 posuisset,
1678 3334 1740 3379 ut
1783 3340 1937 3380 com-

370 3412 676 3468 mentitium
693 3412 981 3467 discrimen
1012 3413 1309 3468 exhiberet.
1332 3412 1448 3468 Vox
1470 3415 1668 3485 quippe
1690 3414 1933 3486 Syriaca,

369 3520 492 3573 quae
541 3503 676 3558 verti
725 3511 938 3573 poterat
984 3503 1462 3575 κατευοδούμενος,
1516 3520 1671 3575 teque
1725 3514 1937 3575 poterat

368 3594 549 3649 εὐοδού
558 3611 734 3664 μενος,
764 3606 818 3649 et
844 3594 1325 3664 κατευθυνόμενος,
1352 3604 1407 3649 et
1444 3597 1817 3666 ἐπιτυγχάνων
1842 3611 1937 3652 ex-

368 3687 556 3755 plicati
591 3705 604 3739 :
646 3686 989 3753 nequeenim
1025 3685 1403 3741 tenuissimum
1447 3687 1576 3741 illud
1616 3687 1933 3753 discrimen,

368 3778 514 3848 quod
545 3778 685 3831 inter
713 3777 809 3831 has
842 3776 1059 3831 Graecas
1089 3791 1249 3832 voces
1283 3778 1590 3844 intercedit,
1619 3779 1673 3832 in
1711 3777 1934 3850 Syriaco

368 3866 725 3922 animadverti
776 3875 1007 3935 poterat.
1057 3865 1183 3922 Haec
1225 3877 1280 3922 et
1324 3868 1543 3932 similia,
1594 3884 1716 3939 qua:
1758 3869 1934 3938 quivis

367 3958 662 4014 observare
691 3956 885 4026 possit,
918 3956 1160 4012 Graecam
1191 3957 1427 4026 aliquam
1461 3956 1630 4013 fuisse
1670 3958 1931 4031 Syrorum

366 4048 671 4103 versionem
717 4048 963 4104 indicare
1006 4049 1279 4104 videntur.
1328 4048 1530 4105 Verum
1581 4066 1690 4105 non
1738 4051 1934 4106 desunt

364 4138 610 4208 exempla
640 4138 745 4192 alia
777 4154 899 4209 quae
924 4138 1068 4208 huic,
1086 4139 1327 4208 opinioni
1357 4139 1632 4195 adversari
1657 4139 1930 4207 videntur,

365 4238 426 4284 ut
454 4238 538 4283 est
564 4229 695 4283 illud
726 4244 791 4284 ex
826 4228 1057 4301 Didymo
1083 4229 1219 4285 Gen.
1265 4246 1381 4296 vni,
1429 4229 1481 4295 7,
1536 4230 1592 4285 Ὀ
1635 4230 1802 4303 Σύρος
1834 4210 1931 4303 οὐχ

361 4319 563 4391 ὁμοίως
593 4322 657 4391 τῇ
695 4319 1005 4392 Ἑλληνικῇ’
1050 4320 1197 4389 λέγει
1233 4320 1750 4392 γὰργύεῑέστρεύνε,
1783 4324 1876 4377 καὶ
1903 4327 1932 4378 6

373 4412 621 4484 Ἐϐραῖος
638 4429 653 4443 ·
686 4414 738 4468 id
757 4423 860 4480 est,
882 4412 1046 4484 Syrus
1070 4430 1171 4467 non
1193 4413 1415 4468 similem
1441 4412 1637 4469 Grteca:
1659 4415 1931 4469 lectionem

2039 3239 2345 3294 possemus,
2378 3227 2682 3280 versionem
2715 3228 2952 3297 aliquam
2981 3228 3226 3284 Graecam
3253 3245 3320 3285 ex
3357 3231 3492 3303 Syro
3524 3233 3609 3287 fa-

2038 3325 2178 3369 ctam
2206 3316 2447 3370 iudicare
2467 3316 2720 3369 videntur
2754 3358 2767 3371 .
2796 3333 2971 3387 neque
3002 3319 3147 3372 enim
3178 3318 3335 3375 facile
3360 3322 3607 3377 credide-

2036 3406 2139 3458 rim
2182 3405 2473 3474 scriptores
2514 3406 2635 3461 illos
2677 3418 3243 3480 commentatoresque
3273 3420 3480 3468 veteres
3509 3414 3606 3483 qui

2040 3492 2162 3563 Syri
2209 3494 2327 3549 loca
2361 3493 2615 3561 afferunt,
2652 3497 2734 3550 vel
2771 3496 3081 3565 Origenem,
3112 3502 3206 3571 qui
3238 3501 3469 3560 fortasse
3503 3505 3603 3560 bas

2039 3585 2165 3656 Syri
2214 3586 2691 3656 interpretationes
2742 3588 2796 3641 in
2847 3576 3183 3660 marginib'us
3235 3591 3603 3665 Hexaplorum

2036 3679 2299 3747 posuerit,
2334 3678 2612 3749 Syriacam
2645 3680 2818 3749 ipsam
2856 3683 3161 3738 versionem
3193 3701 3303 3754 prie
3350 3690 3604 3745 manibus

2036 3786 2250 3840 semper
2278 3772 2555 3837 habuisse,
2585 3783 2640 3827 et
2667 3774 2789 3829 loca
2817 3790 2941 3844 quae
2963 3776 3031 3829 ab
3067 3777 3190 3833 aliis
3216 3781 3605 3851 interpretibus

2033 3867 2414 3936 discrepabant
2457 3868 2818 3926 transtulisse.
2847 3869 3004 3936 Quod
3045 3880 3225 3927 tamen
3260 3889 3367 3928 non
3404 3876 3476 3931 ita
3506 3892 3606 3932 ex-

2033 3961 2304 4031 ploratum
2334 3975 2455 4015 esse
2484 3960 2740 4023 arbitror,
2769 3968 2827 4014 ut
2852 3972 2970 4016 tuto
3008 3962 3276 4019 afﬁrmare
3305 3966 3530 4033 possim.

2103 4051 2257 4120 Quod
2310 4053 2502 4107 attinet
2539 4053 2603 4107 ad
2639 4053 2899 4108 lectiones
2961 4053 3081 4109 illas
3112 4069 3234 4123 quae
3267 4054 3603 4125 frequentis-

2033 4144 2192 4208 sime,
2223 4145 2326 4199 hac
2376 4144 2594 4213 praeﬁxa
2637 4150 2813 4210 nota,‘
2856 4144 2914 4197 Ὀ
2953 4144 3221 4216 Ἐϐραῖος,
3283 4155 3602 4209 occurrunt,

2032 4243 2238 4289 certum
2268 4234 2486 4303 quidem
2544 4244 2627 4288 est
2683 4233 2803 4288 illas
2842 4248 2949 4287 non
2975 4249 3096 4290 esse
3149 4236 3380 4304 Aquilae,
3412 4248 3603 4293 contra

2032 4341 2196 4394 quam
2223 4325 2472 4379 nonnulli
2505 4324 2752 4379 arbitrati
2786 4333 2932 4392 sunt,
2982 4336 3044 4380 ut
3092 4327 3272 4381 statim
3302 4328 3604 4396 deprehen-

2030 4417 2121 4473 det
2148 4417 2195 4470 is
2221 4420 2314 4485 qui
2350 4417 2489 4471 hanc
2539 4415 2906 4487 Hexaplorum
2966 4418 3339 4473 collectionem
3381 4435 3603 4489 percur-

362 4505 555 4569 habet,
592 4506 724 4559 dicit
752 4505 914 4571 enim,
939 4520 1194 4561 reversus
1235 4514 1337 4572 est,
1366 4514 1424 4560 ut
1446 4516 1495 4561 et
1522 4505 1795 4561 Hebraeus.
1819 4505 1931 4562 Cur
1962 4494 2006 4549 D
2030 4518 2132 4563 ret.
2160 4508 2294 4564 Nam
2337 4510 2658 4579 plerumque
2711 4511 2975 4581 contingit
3022 4521 3080 4564 ut
3118 4523 3242 4580 post
3264 4512 3479 4567 allatam
3508 4513 3601 4567 τοῦ

362 4598 505 4652 dicat
526 4597 722 4669 Syrum
748 4610 858 4651 non
895 4596 1127 4652 similem
1161 4596 1361 4652 Graeca:
1390 4598 1675 4653 lectionem
1708 4598 1927 4664 habere,

363 4688 409 4739 si
436 4688 550 4755 ipse
592 4685 763 4758 Syrus
794 4686 980 4741 Graece
1003 4686 1329 4756 loquebatur
1358 4689 1412 4742 in
1447 4689 1699 4744 versione
1722 4704 1787 4743 ex
1821 4704 1927 4758 qua

364 4776 639 4831 hodierna:
682 4776 998 4846 hujusmodi
1030 4776 1292 4832 lectiones
1325 4777 1562 4833 collecta:
1591 4786 1721 4833 sunt
1749 4797 1763 4833 :
1798 4794 1930 4834 sane

363 4884 486 4922 cum
514 4868 775 4941 Didymus
804 4868 1052 4924 Graecum
1102 4867 1241 4939 Syro
1284 4879 1542 4939 opponat,
1574 4869 1735 4924 lectio
1763 4885 1927 4940 quam

364 4958 519 5013 affert
559 4975 625 5014 ex
657 4959 771 5029 ipsa
806 4957 1029 5029 Syriaca
1060 4959 1308 5014 versione
1337 4959 1626 5030 desumpta
1652 4967 1705 5014 et
1743 4958 1930 5015 Graece

363 5064 522 5105 versa
552 5050 720 5108 fuisse
744 5053 981 5106 videtur.
1013 5049 1215 5105 Verum
1243 5051 1373 5106 huic
1393 5063 1713 5123 argumento
1740 5052 1928 5121 reponi
1952 5084 1961 5097 ι

363 5152 560 5214 potest,
590 5144 676 5198 hic
700 5143 898 5216 Syrum
930 5144 1058 5210 dici,
1092 5158 1201 5198 non
1232 5144 1378 5214 quod
1414 5145 1530 5200 haec
1561 5144 1739 5199 versio
1770 5143 1926 5216 Syra,

364 5235 460 5290 sed
488 5235 629 5303 quod
652 5234 721 5289 ab
744 5235 1036 5306 interprete
1060 5234 1218 5306 Syro,
1251 5235 1437 5290 Graece
1465 5251 1563 5305 pro
1588 5234 1760 5307 Syris,
1786 5236 1927 5291 facta

361 5333 544 5389 esset;
593 5324 819 5394 parique
868 5326 1032 5379 modo
1091 5324 1405 5395 Ἑλληνικὴν
1451 5325 1559 5379 dici
1609 5324 1926 5393 editionem,

363 5430 486 5484 quae
510 5416 580 5469 ab
607 5416 899 5485 interprete
925 5415 1113 5473 Graeco
1138 5415 1281 5471 facta
1322 5416 1518 5471 fuerat.
1550 5415 1709 5471 Aliud
1746 5427 1925 5471 autem

364 5506 622 5567 occurrit,
646 5501 794 5575 quod
822 5503 1049 5561 fortasse
1071 5507 1246 5576 magis
1275 5515 1498 5577 urgeat:
1530 5505 1798 5563 Eusebius
1819 5506 1930 5562 Cte-

362 5595 624 5653 sariensis
663 5609 1075 5665 nonnunquam,
1102 5606 1157 5652 et
1184 5596 1454 5654 Diodorus
1500 5596 1785 5654 Tarsensis
1818 5598 1929 5654 fre-

362 5686 721 5754 quentissime
768 5683 978 5740 Hebraei
1021 5698 1075 5741 et
1120 5685 1240 5758 Syri
1273 5688 1534 5743 lectiones
1574 5689 1730 5759 quasi
1761 5705 1926 5745 unam

364 5776 614 5847 afferunt,
630 5778 733 5835 hac
749 5777 1030 5851 praemissa
1052 5787 1180 5834 nota
1196 5797 1209 5834 :
1228 5780 1285 5834 'O
1306 5779 1553 5852 Ἐϐραῖος
1569 5780 1664 5835 καὶ
1685 5782 1713 5833 6
1734 5781 1805 5834 Σύ
1815 5798 1921 5852 ρος.

2044 4600 2295 4672 Ἐὅραίου
2352 4602 2885 4669 interpretationem,
2933 4615 3062 4657 mox
3128 4612 3387 4672 sequatur
3443 4604 3604 4660 lectio

2030 4688 2260 4759 Aquilae,
2288 4690 2358 4745 ab
2378 4704 2441 4744 ea
2475 4692 2635 4760 longe
2672 4691 2906 4746 diversa.
2930 4690 3188 4762 Alioquin
3213 4694 3322 4760 ille,
3349 4695 3602 4765 quisquis

2030 4781 2244 4836 tandem
2269 4780 2450 4843 fuerit,
2485 4777 2763 4846 Hebraeus,
2818 4797 2925 4835 non
2961 4791 3068 4837 tam
3099 4784 3417 4853 scrupulose
3436 4785 3600 4840 verba

2030 4887 2299 4942 vocesque
2352 4872 2594 4941 singulas
2643 4880 2883 4927 sectatur
2911 4888 3075 4944 quam
3118 4875 3334 4944 Aquila.
3389 4871 3599 4929 Hebraei

2028 4978 2193 5035 porro
2222 4963 2438 5017 nomine
2461 4963 2684 5033 intelligi
2723 4961 2957 5018 fortasse
2996 4973 3229 5035 possunt
3260 4962 3468 5018 Hebraei
3520 4965 3601 5019 illi

2031 5051 2305 5117 doctores,
2335 5052 2537 5121 quibus
2593 5052 2647 5107 in
2678 5050 2975 5122 Scripturis
3003 5054 3337 5124 explicandis
3370 5056 3601 5110 uteban-

2029 5150 2118 5196 tur
2142 5151 2370 5205 veteres,
2404 5145 2749 5212 maximeque
2776 5143 3055 5215 Origenes,
3080 5146 3145 5200 de
3172 5160 3281 5213 quo
3303 5146 3380 5200 ait
3410 5145 3601 5201 Hiero-

2029 5248 2227 5304 nymus
2251 5233 2509 5304 Apologia
2536 5233 2604 5286 ad
2638 5232 2883 5302 Ruﬁnum
2913 5253 2926 5289 :
2965 5234 3075 5287 Nec
3100 5234 3439 5305 dedignatur,
3458 5235 3603 5292 Scri-

2009 5334 2244 5393 gpturom
2288 5326 2659 5395 interpretans,
2690 5343 2781 5395 per
2817 5328 3025 5397 singula
3048 5327 3164 5381 loco
3207 5328 3335 5396 quid
3363 5327 3599 5385 Hebraeis

2030 5417 2269 5470 videatur
2306 5417 2551 5471 inserere.
2580 5416 2821 5472 Hebraeis
2846 5418 2973 5471 item
3011 5418 3326 5473 doctoribus
3361 5419 3445 5475 usi
3472 5428 3603 5475 sunt

2030 5503 2320 5567 Eusebius,
2350 5504 2710 5577 Hieronymus
2737 5508 2955 5576 aliique.
3016 5506 3273 5576 Origenes
3304 5525 3454 5575 vero,
3504 5510 3601 5579 qui

1970 5632 1977 5638 η
2029 5595 2247 5652 Iudaeos
2269 5598 2579 5665 frequenter
2607 5599 2809 5664 adibat,
2865 5608 2925 5652 ut
2966 5600 3033 5654 de
3081 5598 3376 5670 Scriptura:
3422 5601 3599 5655 littera

2030 5691 2368 5757 edoceretur,
2401 5692 2523 5746 inde
2550 5689 2861 5758 frequentes
2916 5689 3011 5743 τοῦ
3052 5691 3306 5763 Ἐϐραίου
3331 5692 3601 5760 interpre-

2030 5779 2265 5837 tationes
2292 5781 2346 5836 in
2389 5781 2726 5853 marginibus
2774 5780 3138 5852 Hexaplornm
3170 5783 3307 5839 forte
3330 5781 3598 5854 posuerit.
