4122 6418
487 377 560 432 ‘59
1846 346 2377 414 PRELIMINARIA
3675 341 3748 396 to

490 486 682 556 Neque
720 492 900 538 tamen
951 493 1168 542 omnes,
1207 491 1330 547 qua
1382 474 1450 529 ad
1479 488 1582 529 nos
1635 485 1811 541 usque
1837 470 2068 524 devene-
2099 473 2146 531 Α
2172 463 2430 535 scrupulo
2458 461 2601 518 dico.
2633 457 2970 526 Quibusdam
2992 455 3138 512 enim
3159 455 3216 510 in
3239 453 3399 516 locis.
3425 451 3664 508 maxime
3687 451 3746 508 in

491 545 642 643 run-t,
694 575 791 630 τοῦ
824 571 1078 645 Ἐϐραίου
1132 545 1396 624 lectiones
1435 583 1503 621 ea
1535 565 1770 635 Origene
1817 574 2070 617 manasse
2177 558 2319 611 libro
2346 554 2470 617 Job,
2524 563 2634 608 tam
2667 551 2977 645 frequentes
3010 548 3208 645 adsunt
3243 545 3450 645 Hebraei
3475 545 3748 645 interpre-

489 636 744 725 videntur
777 684 792 720 :
821 636 948 720 nam
976 661 1272 718 verisimile
1297 667 1380 714 est
1403 656 1720 718 Eusebium,
1749 651 2069 714 Diodorum,
2173 648 2246 702 tis
2277 647 2556 708 lectiones.
2613 652 2674 699 ut
2722 643 2880 698 facile
2925 641 3070 698 credi
3121 639 3299 710 possit.
3343 653 3437 693 eas
3464 636 3537 694 ab
3564 637 3748 707 aliqua

490 759 880 831 Hieronymum
933 766 988 810 et
1031 754 1170 808 alios
1216 766 1248 806 a
1302 749 1619 805 doctoribus
1665 744 1784 800 suis
1827 741 2070 796 Hebraeis
2171 739 2418 792 versione
2443 735 2629 791 Graeca
2684 735 3002 803 desumptas
3040 730 3405 801 esse.'ltaque
3432 729 3607 785 donec
3633 729 3748 784 cla-

489 851 626 906 alias
653 821 954 918 accepisse,
983 859 1107 914 qua:
1131 841 1364 896 fortasse
1389 839 1443 894 in
1473 838 1578 892 hac
1599 834 1920 891 collectione
1941 845 2070 886 cum
2171 829 2289 884 rius
2335 828 2629 898 quodpiam
2691 835 2936 880 veterum
2991 823 3367 878 testimonium
3428 837 3462 877 e
3509 821 3748 877 tenebris

486 913 838 1016 Origeniauis
877 937 1153 1010 permistis
1183 941 1333 989 sunt.
1363 929 1496 986 Hac
1546 941 1768 1000 quoque
1813 939 1927 981 non
1950 925 2072 981 sine
2168 921 2473 986 emerserit,
2485 919 2552 974 de
2578 919 2666 973 his
2684 917 2904 974 nonnisi
2925 914 3246 972 hariolando
3263 913 3414 986 loqui
3427 926 3743 984 possumus.

1544 1100 1926 1192 CAPUT
1996 1043 2685 1188 SECUNDUM.

1751 1218 1840 1278 De
1897 1221 2072 1277 textu
2131 1210 2470 1274 Hebraico.

491 1329 533 1382 1.
553 1331 744 1381 Textus
763 1329 1052 1382 Hebraicus.
1073 1328 1124 1376 in
1147 1325 1385 1388 Hexapits
1407 1323 1702 1383 descriptus,
1727 1318 2094 1388 idemeratqui
2119 1315 2528 1388 hodiernum-non
2563 1319 2732 1388 autem
2754 1311 3442 1388 priscusglllehsamaritanns.

552 1374 1225 1454 iii-Ti'iu'iea'aii'iiliéisii’m
1243 1374 1590 1454 Hebraicarum
1604 1374 1853 1454 veterum.
1869 1381 1954 1452 lll.
1973 1374 2042 1428 Ei
2064 1374 2678 1454 quarumdam‘litterarum'
2699 1377 2907 1454 interlse
2930 1374 3250 1454 similit‘udip‘e
3275 1376 3744 1454 quang‘lectionum

555 1432 1574 1514 Zﬁiu‘eiﬁr‘éﬁiiéﬁiiiﬁﬁﬁasgﬁni3n.
1604 1443 1680 1492 IV.
1725 1445 1798 1493 De
1831 1444 1994 1505 prisco
2021 1432 2312 1502 scripturam
2354 1436 2642 1486 Hebraicam
2667 1437 2866 1498 legendi
2913 1448 3069 1484 more.
3091 1435 3149 1484 V.
3183 1435 3260 1486 De
3283 1432 3442 1484 veteri
3466 1432 3746 1484 litterarum

551 1507 972 1579 pronuntiatione.
1000 1513 1081 1561 Vl.
1103 1511 1178 1561 De
1205 1509 1452 1558 vocalibus
1475 1507 1818 1556 Hebraeorum.

491 1577 767 1654 Ῑίτεειυε
799 1595 1112 1660 Hebraicus,
1163 1594 1217 1646 in
1261 1591 1516 1661 Hexaplis
1561 1586 2070 1661 descript_us._ident
2176 1578 2519 1634 bibliothecis
2543 1587 2914 1644 asseruntur,
2945 1593 3054 1632 non
3097 1577 3391 1632 admodum
3413 1584 3635 1632 remota
3657 1589 3746 1630 ve-

559 1679 675 1750 erat
697 1668 787 1738 qui
807 1653 1113 1731 hodiernus,
1143 1680 1250 1718 non
1281 1653 1460 1716 autem
1505 1660 1711 1730 priscas
1734 1653 1848 1711 ille
1879 1653 2070 1710 Santo-

564 1752 794 1792 rttanus.

561 1827 855 1892 Eusebius,
911 1823 1057 1879 Hist.
1087 1823 1242 1889 eccl.,
1285 1821 1380 1876 lib.
1435 1835 1512 1886 vn,
1561 1818 1638 1873 ait
1681 1816 1966 1886 Origenem
2001 1814 2067 1868 ad

496 1917 736 1989 llexapla
788 1916 1164 1972 concinnanda
1209 1910 1628 1985 πρωτοτύπους,
1659 1909 1774 1964 sive
1809 1905 2064 1977 primige-

495 2011 616 2064 nias
636 2017 691 2063 et
715 2007 1058 2062 authenticas
1078 2003 1428 2058 Hebraeorum
1454 2000 1754 2069 scripturas
1783 1996 1887 2052 sibi
1917 2009 2065 2050 com-

498 2115 738 2172 parasse,
779 2098 879 2161 τὰς
921 2114 982 2150 τε
1014 2096 1162 2168 παρὰ
1201 2095 1310 2148 τῶν
1372 2091 1638 2146 Ἰουδαίων
1689 2087 2066 2161 ὲμφερομὲνας

499 2190 888 2264 πρωτοτύπους
949 2188 1133 2252 αὐτοῖς
1175 2185 1443 2256 Ἐϐραίων
1487 2182 1768 2252 στοιχείοις
1823 2179 2064 2251 γραφὰς,

495 2282 682 2352 κτῆμα
711 2280 840 2334 ἴδιον
869 2275 1219 2349 ποιήσασθαι.
1251 2273 1354 2330 Ubi
1383 2274 1585 2343 optime
1613 2281 1762 2326 notat
1791 2270 2064 2332 Valesius,

498 2371 790 2427 Eusebium
827 2386 996 2425 sacrae
1021 2369 1314 2438 Scriptura
1365 2365 1580 2420 codices
1625 2362 1917 2417 Hebraicos
1945 2361 2066 2415 ideo

497 2460 883 2532 πρωτοτύπους
913 2461 1024 2515 sive
1045 2456 1400 2528 primigenios
1429 2468 1646 2518 vccare,
1678 2467 1784 2506 non
1806 2451 1948 2521 quod
1981 2465 2068 2504 re-

495 2571 622 2610 vera
652 2565 836 2610 essent
861 2551 1248 2624 primigenium
1279 2548 1555 2618 exemplar
1585 2557 1639 2600 et
1667 2544 2064 2615 autograplium

495 2650 565 2706 ab
591 2648 760 2704 Esdra
794 2646 1196 2716 conscriptum;
1221 2641 1316 2697 sed
1340 2638 1724 2713 πρωτοτύπους
1751 2645 1806 2691 et
1833 2637 2066 2690 anthen-o

499 2745 638 2800 ticos
672 2742 944 2814 appellare
968 2739 1376 2808 comparatione
1404 2732 1548 2789 facta
1578 2748 1700 2787 cum
1727 2731 1928 2786 Gra'cis
1954 2729 2068 2782 edi-

498 2839 766 2904 tionibus,
795 2847 904 2892 tam
928 2835 1277 2905 Septuaginta
1322 2833 1698 2901 interpretum,
1725 2841 1889 2897 quam
1931 2824 2068 2879 alio-

498 2946 646 2996 rum,
673 2944 795 2999 qua!
839 2937 998 2984 erant
1041 2925 1517 2996 interpretationes
1545 2923 1614 2978 ad
1653 2920 1932 2990 exemplar
1962 2915 2068 2972 He-

496 3021 744 3076 hraicum
771 3021 1124 3075 concinnata.
1168 3017 1355 3087 Neque
1378 3017 1504 3071 item
1543 3016 1841 3086 putandum
1868 3020 1972 3075 est,
2009 3018 2068 3065 ut

498 3114 579 3167 vir
603 3113 824 3183 quidam
873 3112 1069 3166 doctus
1110 3109 1497 3175 arbitrabatur,
1536 3107 1656 3161 illas
1679 3104 2068 3178 πρωτοτύπους

2177 1673 2398 1727 tustatis
2429 1686 2569 1734 esse,
2604 1686 2919 1741 paucosque
2947 1670 3132 1724 haberi
3161 1669 3256 1739 qui
3284 1676 3544 1738 superent
3569 1682 3746 1722 annos

2173 1759 2625 1829 quadringentos.
2676 1759 3052 1828 Antiquiorem
3105 1760 3311 1814 nullum
3371 1757 3650 1813 novimus-
3678 1771 3746 1812 eo

2099 1871 2142 1928 Β
2177 1847 2530 1904 Pentateuchi
2569 1848 2844 1902 volumine
2891 1845 3244 1914 Bononiensi,
3299 1847 3366 1902 de
3415 1861 3527 1917 quo
3577 1845 3746 1901 multa

2169 1938 2409 1991 diximus
2439 1937 2492 1992 in
2525 1935 2712 1990 Diart'o
2745 1934 2965 2003 Italico,
3017 1952 3073 2007 p.
3103 1938 3207 1993 599
3232 1946 3287 1991 et
3318 1935 3444 2000 L00,
3477 1936 3624 2006 quod
3649 1951 3747 1990 an—

2173 2031 2262 2086 nis
2287 2031 2357 2086 ab
2385 2030 2512 2084 hinc
2533 2029 2948 2100 quadringentis
2991 2030 3252 2098 magistro
3273 2029 3480 2084 ordinis
3504 2026 3748 2082 Domini-

2164 2138 2428 2179 canorum
2476 2121 2786 2194 Aymerico,
2831 2122 2988 2193 quasi
3037 2120 3432 2190 autographum
3477 2117 3684 2185 Eadm,
3712 2131 3744 2172 a

2164 2214 2367 2271 ludatis
2421 2215 2665 2270 oblatum
2709 2213 2834 2268 fuit.
2885 2211 3036 2267 Licet
3093 2221 3276 2266 autem
3317 2209 3746 2266 commentitiam

2168 2307 2482 2377 huiusmodi
2510 2315 2832 2362 vetustatem
2865 2319 3028 2359 nemo
3058 2304 3300 2374 prudens
3330 2303 3602 2369 admittat,
3651 2315 3745 2356 ve-

2169 2398 2399 2453 risimile
2429 2407 2610 2452 tamen
2635 2405 2720 2451 est
2752 2397 2960 2465 aliquot
2998 2404 3124 2449 ante
3167 2395 3400 2458 saeculis,
3429 2408 3594 2464 quam
3635 2393 3745 2463 Ay-

2168 2491 2406 2546 mericus
2433 2491 2724 2560 acciperet,
2754 2499 3038 2544 exaratum
3093 2487 3280 2542 fuisse.
3319 2484 3375 2539 ln
3407 2487 3554 2538 hisce
3581 2498 3744 2554 porro

2169 2583 2427 2637 omnibus
2455 2582 2740 2637 codicibus
2772 2581 2962 2636 eadem
3019 2579 3158 2649 ipsa,
3208 2593 3331 2648 quae
3379 2577 3434 2630 in
3465 2575 3744 2631 hodiernis

2167 2672 2379 2739 Bibliis,
2439 2673 2820 2727 characterum
2871 2669 3048 2725 forma
3090 2668 3535 2737 deprehenditur,
3569 2665 3642 2722 ita
3684 2675 3745 2720 ut

2167 2765 2304 2818 nihil
2337 2763 2672 2818 discriminis
2725 2761 3050 2816 intercedat.
3095 2759 3246 2814 Alias
3284 2759 3607 2812 vetustiores
3631 2757 3743 2811 for-

2167 2870 2287 2908 mas
2312 2854 2684 2922 conspicimus
2712 2853 2766 2908 in
2796 2852 2994 2922 lapillis
3017 2851 3232 2906 duobus
3258 2849 3742 2913 Basilidianorum.

2168 2947 2264 3017 qui
2298 2961 2464 3016 penes
2495 2960 2580 2999 me
2602 2954 2752 3008 sunt,
2771 2942 3038 2998 Hebraico
3062 2943 3376 2997 charactere
3397 2940 3740 3009 conscriptis,

2168 3047 2222 3091 et
2245 3036 2464 3106 quidem
2489 3036 2649 3091 tertio
2669 3035 2884 3089 circiter
2910 3034 3112 3089 Christi
3139 3032 3361 3096 saeculo,
3394 3039 3455 3086 ut
3479 3040 3738 3101 putatur:

2169 3127 2284 3191 ubi,
2323 3139 2518 3197 praeter
2540 3141 2837 3197 paucarum
2871 3125 3170 3180 litterarum
3205 3123 3429 3194 ﬁguras,
3455 3123 3546 3177 vis
3593 3121 3740 3177 aliud

493 3205 713 3279 γραφὰς
740 3220 862 3260 esse
890 3203 1288 3258 Samaritanam
1344 3201 1694 3270 scripturam,
1741 3213 1906 3267 quam
1938 3194 2139 3280 Ori-c
2171 3194 2448 3289 “mp—iam
2512 3194 2784 3287 e'xpiscmi
2848 3216 3069 3282 vale“;
3124 3223 3185 3270 ιη
3246 3213 3511 3284 coming“
3575 3213 3741 3268 eum

493 3313 680 3368 genes,
716 3296 984 3352 Eusebius
1013 3305 1066 3350 et
1087 3293 1451 3365 Hieronymus
1485 3291 1554 3346 ab
1585 3289 1935 3343 Hebraeorum
1971 3302 2065 3357 pe-

493 3388 770 3444 ritissimis
791 3387 988 3453 edocti,
1021 3387 1255 3456 priscam
1284 3400 1407 3441 esse
1449 3381 1840 3438 llebraicorum
1873 3379 2066 3434 chara-

491 3491 699 3534 cterum
730 3478 962 3533 formam
1002 3487 1335 3533 asseverant.
1372 3474 1508 3529 Nam
1558 3472 1794 3528 dilucide
1826 3479 1882 3525 et
1916 3469 2063 3524 nulla

495 3571 784 3626 verborum
823 3571 1054 3639 ambage
1107 3569 1184 3623 ait
1236 3566 1505 3622 Eusebius
1548 3580 1642 3620 eas
1696 3578 1820 3618 esse
1852 3561 2064 3616 litteras

493 3678 616 3732 quae
646 3663 788 3732 apud
815 3661 1034 3717 Judteos
1075 3659 1550 3716 circumferuntur.
1582 3656 1738 3712 Tunc
1766 3671 1898 3710 vero
1929 3663 2064 3708 tem-

493 3753 644 3823 poris
669 3753 1038 3808 certissimum
1069 3760 1172 3816 est,
1207 3750 1508 3822 refragante
1554 3749 1795 3813 nemine,
1839 3745 2066 3801 Hebrai-

495 3858 686 3898 carum
717 3842 1113 3912 scripturarum
1137 3839 1482 3896 characteres
1525 3838 1746 3892 eosdem
1779 3837 1949 3892 fuisse
1970 3834 2066 3906 qui

497 3934 554 3989 in
585 3933 867 3989 hodiernis
917 3931 1106 3988 Bibliis
1159 3931 1438 3986 Hebraicis
1471 3930 1756 3984 habentur.
1793 3926 1912 3983 Non
1955 3942 2067 3997 quo

495 4025 660 4080 velim
710 4039 778 4078 ne
811 4023 1085 4078 tantillum
1129 4021 1346 4091 quidem
1395 4019 1728 4074 discriminis
1773 4019 1914 4073 inter
1945 4019 2067 4073 illas

495 4124 706 4170 veteres
733 4124 786 4169 et
823 4113 1112 4168 bodiernas
1142 4111 1534 4174 intercessisse,
1567 4109 1637 4163 ita
1685 4119 1744 4164 ut
1774 4124 1840 4163 ne
1863 4107 1943 4162 vel
1967 4107 2069 4161 mi-

494 4209 646 4264 nima
667 4207 896 4262 mutatio
920 4207 972 4260 in
1003 4205 1166 4260 ullam
1202 4203 1584 4258 Hebraicarum
1612 4203 1916 4257 litterarum
1948 4215 2072 4255 suc-

497 4299 748 4355 cessione
781 4308 1085 4368 temporum
1123 4297 1409 4366 importata
1453 4293 1634 4349 fuerit.
1671 4293 1779 4348 Sed
1823 4292 1945 4348 dico
1995 4293 2070 4346 ita

495 4389 714 4444 easdem
742 4403 884 4453 esse,
919 4397 980 4442 ut
1007 4387 1282 4442 modicum
1311 4402 1342 4440 a
1369 4387 1549 4456 prisca
1613 4383 1787 4440 forma
1833 4399 2072 4439 recesse-

495 4482 626 4534 rint.
663 4479 1001 4546 Querebatnr
1032 4479 1161 4534 olim
1197 4477 1556 4550 Hieronymus
1583 4477 1650 4532 de
1676 4475 2066 4532 Hebraicarum

495 4573 802 4628 litterarum
846 4572 1107 4641 parvitate
1154 4571 1322 4625 nimia
1359 4589 1371 4624 :
1425 4571 1640 4625 Accedit
1698 4568 1894 4639 (inquit
1931 4566 2067 4620 Pro—
2102 4561 2144 4616 υ

497 4662 623 4732 logo
653 4677 774 4732 cap.
811 4677 901 4726 xx,
927 4663 982 4714 in
1019 4660 1364 4728 Ezechielem)
1395 4660 1465 4714 ad
1499 4660 1634 4714 hanc
1677 4659 1917 4713 dictandi
1944 4658 2073 4725 dim-

499 4752 774 4814 cultatem,
828 4751 990 4822 quod,
1039 4751 1390 4821 caligantibus
1445 4750 1614 4804 oculis
1649 4756 1929 4812 senectute,
1968 4746 2071 4799 ali-

495 4837 624 4908 quid
663 4837 1048 4891 sustinentibus
1083 4838 1220 4890 beati
1252 4836 1427 4900 Isaac,
1457 4838 1525 4890 ad
1555 4851 1869 4890 nocturnum
1893 4839 2067 4889 lumen

496 4944 824 4998 nequaquam
847 4925 1114 4980 valeamus
1144 4925 1489 4979 Hebrworum
1521 4925 1789 4979 uolumina
1819 4922 2064 4992 relegere,

492 5034 612 5091 quae
652 5021 812 5074 etiam
835 5018 905 5072 ad
928 5018 1055 5072 solis
1079 5019 1284 5088 dieique
1309 5017 1565 5087 fulgorem
1595 5016 1896 5069 litterarum
1920 5015 2076 5067 nobii

492 5113 756 5182 parvitate
783 5120 1072 5166 caecantur.
1103 5109 1234 5178 Quae
1284 5110 1516 5164 fortasse
1547 5109 1621 5164 .de
1665 5108 2071 5177 exemplaribus

495 5214 707 5259 tantum
732 5202 1046 5276 Hieronymi
1078 5202 1303 5273 intelligi
1335 5201 1553 5256 debent.
1577 5199 1848 5255 Credibile
1871 5200 2072 5269 quippe

495 5308 578 5350 est
645 5296 786 5366 apud
855 5294 1143 5360 Hebraeos,
1221 5294 1444 5365 perinde
1510 5304 1672 5361 atque
1737 5292 1879 5362 apud
1943 5292 2072 5346 reli‘

494 5404 635 5458 quas
657 5389 804 5444 orbis
829 5389 1099 5456 nationes,
1151 5387 1484 5457 exemplaria
1528 5384 1779 5457 quaedam
1835 5385 2068 5452 minore,

498 5482 602 5534 alia
634 5495 762 5532 vero
788 5481 1315 5548 majorelitterarnm
1352 5479 1526 5535 forma
1563 5479 1834 5550 descripta
1875 5478 2066 5535 fuisse.

567 5568 630 5623 ll.
668 5568 970 5638 Spectmiua
1013 5572 1256 5640 quaedam
1287 5570 1589 5626 litterarum
1619 5569 2008 5625 Hebraicarunt

1156 5652 1405 5694 ueterum.

565 5728 787 5783 Certum
820 5728 1050 5782 habetur
1071 5731 1211 5799 apud
1245 5731 1510 5796 eruditos,
1541 5729 1834 5788 Hebraicos
1864 5730 2070 5786 Biblioa

495 5837 619 5877 rum
668 5822 884 5880 codices
926 5822 1352 5895 manuscriptos.
1391 5827 1485 5896 qui
1545 5827 1602 5882 in
1627 5826 1796 5883 variis
1837 5823 2068 5895 Europa

2167 3311 2385 3382 quando
2412 3309 2657 3364 Abt-arca
2689 3308 3002 3377 bnjusmodi
3053 3305 3300 3378 symbola
3325 3304 3511 3361 Grece
3536 3304 3740 3360 deseri.

2167 3413 2256 3474 pta
2292 3409 2443 3468 sunt,
2481 3418 2602 3472 qua:
2657 3401 2748 3455 vix
2795 3400 2896 3472 legi
2935 3415 3168 3468 raroque
3215 3399 3444 3469 intelligi
3489 3407 3738 3469 possunt.

2175 3491 2573 3560 Subjungimus
2603 3499 2782 3543 autem
2810 3489 3158 3558 alphabetum
3183 3485 3506 3541 Hebraicum
3535 3501 3604 3542 ex
3632 3502 3738 3542 ms.

2167 3581 2282 3636 RR.
2315 3580 2420 3636 PP.
2453 3579 2786 3636 Jesuitarum
2813 3579 3024 3646 collegii
3051 3576 3310 3634 Ludovici
3338 3578 3543 3649 Magni;
3567 3578 3660 3633 ubi
3681 3579 3738 3634 in

2167 3676 2310 3731 libro
2334 3675 2676 3729 Threnorum
2719 3671 2971 3727 Jeremiae
3009 3671 3313 3727 litterarum
3335 3670 3508 3725 forma
3537 3671 3741 3742 plurics

2167 3766 2477 3838 depingitur
2497 3780 2528 3818 a
2548 3765 2884 3833 ealligrapho
2903 3761 3126 3830 Graco;
3149 3763 3242 3819 sed
3273 3763 3346 3817 ita
3375 3762 3738 3833 indiligenter,

2169 3871 2231 3916 ut
2259 3874 2367 3913 non
2400 3873 2585 3912 secum
2615 3857 2730 3926 ipse
2757 3856 3080 3922 consentiat,
3120 3863 3177 3909 et
3221 3869 3344 3909 cum
3386 3853 3527 3908 idem
3553 3854 3742 3926 alpha-

2170 3953 2354 4008 betum
2387 3951 2596 4018 repetit,
2626 3965 2658 4004 a
2689 3949 2874 4019 priore
2904 3965 3068 4020 quam
3099 3954 3358 4018 posuerat
3399 3944 3573 4000 forma
3597 3957 3740 4016 saepe

2171 4041 2434 4098 deﬂectat.
2457 4039 2533 4094 Ex
2549 4041 2616 4094 iis
2633 4055 2761 4094 vero
2783 4041 2975 4096 formis
2991 4055 3086 4096 eas
3103 4036 3404 4107 delegimus
3423 4052 3544 4106 quae
3567 4037 3740 4108 magia

2173 4132 2555 4188 adlitterarum
2573 4129 2957 4186 Hebraicarum
2978 4131 3207 4203 figuram
3228 4127 3576 4184 accedebant.

2531 4239 2762 4354 κὶὶ
3150 4225 3366 4350 5’7

2537 4421 2577 4470 3

2540 4575 2570 4626 ἃ

2539 4707 2573 4762 τ

2535 4852 2576 4900 τ’
2659 4833 2763 4938 Π

2545 5011 2569 5061 Ἰ

2538 5170 2566 5220 τ

2663 4389 2765 4494 ὶι.

2662 4528 2762 4647 Β

2672 4681 2742 4799 η

2668 5015 2728 5114 d

2685 5144 2748 5259 P

2678 5297 2748 5411 h

2534 5338 2577 5388 Π

2527 5480 2579 5526 Ὀ

2541 5621 2563 5663 ἲ
2687 5616 2728 5671 \

2662 5443 2758 5558 Ls

2538 5784 2572 5832 ³
2660 5755 2762 5877 3'

3141 4429 3196 4484 ὀ

3150 4584 3178 4631 ἓ

3147 4711 3188 4760 ο

3149 4868 3190 4923 ν

3148 5007 3190 5062 a

3145 5167 3187 5224 κ

3143 5331 3186 5410 p

3144 5495 3186 5542 Ἴ

3139 5632 3196 5683 ω

3146 5789 3192 5845 n

3271 4391 3378 4664 Ξ

3286 4690 3376 4784 i>

3271 4841 3375 5106 ἔ

3271 5137 3372 5272 3

3269 5304 3376 5568 ἓ

3272 5599 3376 5711 (ς.

3279 5752 3375 5869 τι
