4122 6412
337 380 405 435 85
1536 377 1604 432 lN
1647 378 1973 436 HEXAPLA
2011 381 2358 439 ORIGENIS.
3521 388 3594 446 ιο

334 499 446 568 ejus
471 500 666 569 lingua!
691 498 930 552 habuerit
960 498 1228 552 notitiam.
1257 495 1512 552 Eamdem
1544 501 1718 568 ipsam
1743 509 1779 559 Ἰ
1799 509 1849 554 et
1873 511 1914 558 Ἶ
1945 510 1985 564 Α
2015 501 2047 568 ᾖ
2090 502 2180 567 50,
2217 501 2398 557 locum
2463 501 2609 557 hunc
2656 501 2924 557 dillicilem
2963 514 3192 564 nmm
3217 512 3444 593 nm-p
3472 523 3594 562 ver-

333 591 820 646 commutationem
866 591 1185 645 observabis
1217 590 1479 646 Proverb.
1529 609 1645 655 xxx,
1674 593 1775 658 23;
1806 592 1914 647 lle-
2018 600 2139 645 tunt
2177 591 2426 647 hodierni
2470 593 2868 658 hebraizantes,
2901 595 3012 649 Fili
3051 614 3303 662 perversa:
3346 590 3592 653 rebellio-

336 685 436 738 sai.
469 699 581 744 vin,
609 683 678 750 9;
708 699 764 748 ιι,
792 683 899 748 ‘28;
933 699 1044 749 xvi,
1081 684 1164 737 11.
1207 681 1447 752 Itemque
1480 700 1598 752 cap.
1641 699 1830 746 xxvm,
1878 685 1909 750 Ῡ

335 774 388 834 9,
423 781 476 825 et
519 770 719 826 Jerem.
756 788 846 835 xv,
890 771 986 837 12;
1032 787 1182 836 xxxx,
1213 771 1301 826 40.
1347 771 1476 826 Item
1519 772 1678 826 Prov.
1714 789 1908 834 xxviii,

333 863 430 927 22;
455 863 623 918 Amos
650 879 688 927 ι,
718 865 773 918 5.
808 863 874 917 Et
902 863 1192 933 Sophonize
1218 880 1299 928 ιιι,
1322 864 1374 928 9,
1401 864 1489 917 ubi
1518 881 1704 920 vocem
1732 875 1912 923 mh:

332 957 424 1023 A.,
456 954 557 1010 Th.
585 956 957 1026 ὲξειλεγμένον
993 957 1408 1019 transtulerunt,
1461 955 1614 1026 Vulg.
1664 957 1908 1022 electum,

335 1048 719 1120 Symmachus,
755 1049 1016 1120 καθαρὸν,
1059 1064 1290 1118 purum;
1335 1047 1478 1102 LXX
1517 1064 1668 1114 vero,
1698 1050 1790 1117 qui
1833 1050 1911 1102 le-

333 1151 528 1212 gerunt
547 1151 741 1207 mm,
772 1143 854 1204 εἰς
883 1141 982 1211 τὴν
1005 1139 1196 1208 γενεὰν
1226 1140 1414 1209 αὐτῆς,
1446 1141 1500 1193 in
1525 1143 1910 1208 generationem

331 1233 483 1300 ejus;
522 1248 634 1302 quo
670 1233 790 1286 loco
819 1241 969 1284 notat
1010 1229 1415 1300 Hieronymus:
1449 1227 1602 1282 LXX
1637 1230 1908 1295 dixerunt,

335 1327 388 1379 in
421 1324 826 1396 generationem
876 1323 1016 1391 ejus.
1069 1319 1137 1374 Et
1188 1320 1308 1373 hinc
1351 1336 1501 1373 error
1547 1331 1762 1373 exortus
1804 1329 1907 1386 est,

333 1418 472 1488 quod
515 1419 724 1472 verbum
771 1415 1088 1470 Hebraicum
1140 1430 1370 1477 nanum,
1425 1415 1564 1484 quod
1614 1414 1808 1485 Aquila
1859 1425 1911 1468 et

339 1512 652 1577 Tlieodotio,
685 1509 948 1571 electum;
985 1506 1354 1578 Symmachus,
1399 1505 1687 1570 mundum,
1738 1509 1906 1559 inter-

333 1616 568 1674 pretatus
624 1612 722 1666 est,
778 1599 928 1654 LXX
965 1600 1198 1668 legerunt
1248 1613 1478 1659 meum,
1521 1612 1620 1650 nes
1673 1596 1907 1650 litteram

332 1711 544 1750 DALE'II!
577 1695 962 1754 existimantes,
991 1699 1202 1760 propter
1234 1688 1478 1742 elementi
1506 1688 1727 1741 nimiam
1758 1691 1908 1742 simi-

333 1787 632 1847 litudinem,
659 1784 798 1854 quod
826 1799 988 1852 parvo
1019 1783 1164 1851 apice
1193 1781 1564 1849 distinguitur.
1601 1779 1667 1833 Et
1697 1777 1908 1834 Ht-saize

330 1893 475 1941 xuv,
503 1877 592 1930 ill.
633 1874 922 1929 lnnumera
955 1888 1094 1943 pene
1139 1872 1338 1927 similia
1379 1870 1570 1924 all'erre
1594 1883 1900 1938 possemus,

331 1969 425 2024 sed
459 1969 572 2021 hare
597 1975 760 2021 erunt
788 1965 854 2018 ad
881 1978 1122 2034 praisens
1150 1963 1457 2017 institutum
1497 1960 1656 2016 satis.

401 2053 776 2112 Observantur
803 2053 930 2108 item
959 2052 1289 2107 mutationes
1319 2049 1632 2119 frequentes
1657 2047 1751 2102 τοῦ
1783 2058 1806 2109 1
1851 2049 1907 2104 in

329 2155 349 2191 ν
377 2164 390 2200 :
423 2147 537 2216 jam
568 2146 802 2200 vidimus
830 2159 994 2212 supra
1015 2141 1118 2196 Joh
1138 2157 1214 2206 vi,
1244 2139 1333 2206 10,
1358 2140 1448 2195 ubi
1469 2140 1559 2194 alii
1584 2141 1906 2210 interpretes

328 2240 618 2294 lectionem
664 2235 987 2290 llehrait-am
1037 2234 1355 2289 hodiernam
1404 2242 1500 2298 Tm
1533 2233 1706 2288 secuti
1755 2240 1902 2296 sunt,

329 2327 472 2382 LXX
503 2338 604 2392 ’πνῖ
633 2329 847 2398 legisse,
880 2339 934 2380 et
965 2324 1067 2379 Job
1100 2340 1290 2388 xxxvi,
1312 2324 1403 2387 '50,
1431 2333 1551 2384 Tm
1580 2324 1775 2394 legisse
1804 2338 1904 2392 pro

326 2427 473 2478 't't'lN.
507 2419 598 2475 Sic
621 2422 782 2474 etiam
809 2418 1020 2488 psalmo
1056 2431 1247 2482 xum,
1275 2415 1330 2479 4,
1363 2431 1550 2469 vocem
1582 2413 1904 2470 Hebraicam

325 2521 480 2572 num
532 2513 608 2566 ait
667 2511 1092 2582 Chrysostomus
1167 2507 1428 2562 llebraice
1483 2507 1587 2578 legi
1649 2505 1900 2578 οὑαγὴθε

326 2605 538 2673 psalmo
574 2613 753 2657 autem
785 2616 955 2668 LXXII,
996 2601 1030 2669 3'
1066 2600 1116 2664 7,
1156 2599 1248 2654 ubi
1289 2599 1486 2670 legitur
1510 2606 1689 2662 1min,
1723 2599 1902 2653 oculos

326 2712 528 2763 eorum,
564 2709 726 2765 quam
775 2694 1060 2748 lectionem
1105 2691 1275 2746 secuti
1318 2702 1445 2746 sunt
1493 2692 1711 2761 Aquila,
1747 2690 1904 2761 Sym-

329 2790 558 2842 machus
599 2796 654 2840 et
702 2785 1085 2854 Hieronymus,
1118 2781 1259 2836 LXX
1303 2783 1548 2853 legerunt
1588 2791 1769 2849 των,
1807 2782 1902 2852 qui

327 2889 568 2942 vertunt,
600 2878 780 2932 ἀδικία
805 2875 1004 2941 αὐτῶν,
1041 2877 1296 2945 iniquitas
1344 2892 1544 2929 eorum.
1594 2874 1662 2929 Et
1691 2875 1901 2945 psalmo

329 2989 530 3034 cxu'n,
571 2972 652 3038 16,
678 2987 865 3027 vocem
891 2981 1024 3031 ’ἾῈὲ
1055 2982 1264 3026 veteres
1289 2969 1551 3025 llebraice
1580 2970 1766 3041 legunt
1790 2971 1904 3024 Χα-

332 3066 478 3136 φεὶρ,
508 3064 767 3132 Chaphir,
795 3070 848 3116 et
888 3059 1097 3117 Hesaize
1139 3077 1369 3127 xxxviii,
1417 3061 1503 3125 M,
1555 3075 1744 3116 vocem
1779 3070 1898 3126 D‘D,

327 3171 510 3226 equus,
557 3152 856 3206 Theodotio
905 3151 1031 3221 legit
1072 3161 1194 3218 om,
1248 3152 1354 3216 σὶς,
1401 3151 1544 3206 LXX
1588 3167 1717 3207 vero
1760 3152 1903 3224 χελι-

328 3247 452 3313 δών,
485 3247 734 3310 hirundo,
763 3252 1081 3298 verterunt:
1117 3259 1224 3314 qua
1265 3245 1331 3299 de
1383 3260 1442 3298 re
1489 3242 1853 3316 Hieronymus
1884 3263 1896 3298 2

331 3339 440 3393 Pro
469 3338 616 3408 pullo
649 3336 1104 3402 hirundinis,sive
1124 3334 1433 3400 hirundine,
1462 3351 1522 3387 ut
1548 3333 1703 3390 LXX
1733 3347 1904 3389 trans-

334 3432 585 3492 tulerunt,
622 3428 677 3480 in
727 3425 985 3480 llebraico
1013 3429 1268 3495 scriptum
1303 3436 1401 3492 est,
1429 3441 1521 3481 sus
1546 3441 1707 3488 soon,
1762 3428 1902 3496 quod

329 3524 702 3589 interpretatus
727 3529 806 3573 est
829 3518 1042 3588 Aquila,
1067 3533 1242 3588 equus
1276 3533 1442 3588 agor;
1475 3517 1780 3584 Theodotio,
1825 3534 1904 3573 sis

330 3627 503 3678 soon;
540 3611 712 3664 media
737 3611 878 3664 enim
905 3610 1099 3664 vocalis
1138 3609 1315 3664 littera
1346 3626 1469 3676 vsv,
1499 3612 1546 3664 si
1570 3619 1798 3680 ponatur
1822 3612 1903 3662 in-

333 3713 410 3756 ter
430 3703 533 3755 duo
560 3716 764 3756 ssuecn
807 3701 998 3770 legitur
1025 3715 1139 3766 sos,
1166 3710 1215 3753 et
1260 3701 1582 3769 appellatur,
1614 3716 1810 3770 equus,
1856 3702 1903 3753 si

332 3810 418 3851 IOD
445 3795 656 3864 legitur,
685 3809 782 3857 sus,
811 3804 859 3847 et
889 3794 1124 3848 hirundo
1153 3794 1372 3848 dicitur.
1412 3793 1477 3848 Et
1500 3792 1748 3848 Ieremia:
1781 3809 1900 3860 vin,

331 3887 384 3952 7,
419 3896 519 3948 οἳ)
562 3887 688 3940 item
729 3887 957 3956 legitur;
1007 3885 1061 3938 in
1097 3886 1342 3956 margine
1383 3893 1561 3940 autem
1607 3883 1902 3940 Hebraieo-

329 3994 519 4033 corum
566 3977 862 4033 Bililiorum
897 3985 1121 4032 notatur
1167 3977 1452 4048 legendum
1495 3993 1617 4032 esse
1652 3985 1772 4043 D’D,
1808 3978 1900 4032 ubi

330 4069 695 4140 Hieronymus
743 4088 756 4122 :
803 4068 1034 4122 Rursum
1073 4085 1167 4136 pro
1211 4068 1502 4123 hirundine
1552 4067 1898 4138 Symmachus

329 4161 573 4217 cicadam
612 4160 908 4224 transtulit,
934 4175 1050 4228 quae
1079 4158 1334 4213 Ilebraice
1357 4159 1554 4212 dicitur
1576 4174 1674 4213 εις.
1714 4158 1901 4228 Longe

327 4255 486 4325 plura
517 4253 826 4322 huiusmodi
872 4251 1117 4320 exempla
1161 4250 1402 4321 prolerre
1448 4265 1768 4320 possemus:
1805 4251 1901 4306 sed

329 4349 399 4402 ab
431 4348 499 4402 iis
537 4345 978 4417 supersedemus,
1027 4345 1264 4400 maxime
1305 4345 1434 4415 quia
1488 4344 1575 4397 illa
1608 4343 1701 4397 τοῦ
1730 4353 1754 4403 1
1787 4345 1841 4398 in
1880 4351 1899 4391 ν

329 4440 560 4495 mutatio
593 4439 913 4508 plerumque
941 4453 1162 4493 sensum
1197 4452 1304 4491 non
1336 4438 1445 4492 alio
1473 4435 1753 4492 transfert.

2016 684 2133 742 nis;
2177 682 2428 754 Vulgata,
2480 683 2591 737 Fili
2627 688 2864 740 mulieris
2913 689 3083 741 virum
3127 689 3267 742 ultro
3312 691 3588 759 rapientis,

2017 773 2399 845 Symmachus,
2450 775 2561 829 Fili
2609 777 3126 846 indisciplinatarum
3185 779 3583 847 deﬁcientium;

2015 865 2186 928 LXX,
2214 868 2309 919 Υἱὲ
2358 869 2628 938 κορασίων
2665 868 3124 938 αὐτομολούντων,
3169 871 3324 924 aliter
3354 871 3588 938 αὐτομο-

2013 957 2242 1021 λουσῶν,
2275 957 2387 1011 Fili
2429 960 2728 1028 puellarum
2761 962 2902 1014 ul’tro
2945 961 3278 1014 venientium.
3308 961 3416 1017 Pro
3458 973 3586 1034 '13:

2013 1048 2159 1102 enim
2207 1048 2405 1118 legisse
2445 1048 2700 1104 videntur
2738 1060 2906 1117 mm,
2952 1051 3272 1120 puellarum,
3312 1065 3352 1109 -π
3395 1068 3588 1122 nempe

2013 1154 2112 1208 pro
2130 1149 2168 1199 1,
2205 1148 2266 1194 ιιι
2293 1155 2479 1209 supra.
2717 1197 2724 1202 _

2084 1230 2283 1286 Praeter
2310 1231 2410 1285 has
2436 1247 2500 1286 ex
2528 1235 2953 1289 commutatione
2990 1234 3290 1290 litterarum
3327 1245 3475 1292 ortas
3503 1238 3587 1292 in-

2013 1323 2463 1392 terpretationum
2501 1324 2807 1391 varietates,
2835 1326 2955 1381 alia;
2986 1328 3344 1383 observantur
3375 1331 3465 1384 ιι1ιί
3499 1331 3588 1386 lit-

2013 1421 2141 1467 tera:
2170 1429 2267 1482 pro
2293 1415 2414 1468 aliis
2442 1415 2605 1468 etiam
2637 1431 2743 1470 non
2777 1416 3047 1473 similibus
3071 1419 3375 1474 substitulze
3395 1422 3588 1490 depre-

2015 1505 2344 1572 henduntur,
2379 1506 2462 1561 vel
2488 1508 2576 1560 ubi
2606 1524 2670 1561 ex
2703 1508 2914 1564 duabus
2945 1525 3054 1564 una
3083 1510 3333 1576 ellicitur,
3365 1522 3422 1567 ut
3445 1512 3582 1568 Gen.

2012 1612 2147 1662 xxv,
2190 1597 2244 1662 8,
2291 1597 2381 1652 ubi
2443 1598 2636 1665 legitur
2681 1584 2951 1666 πῆξιν-ἣδε,
2995 1603 3065 1654 ad
3096 1601 3345 1670 populum
3387 1619 3583 1670 suum,

2012 1686 2152 1741 alius
2188 1686 2455 1755 interpres
2484 1696 2636 1741 vetus
2669 1689 2962 1752 transtulit,
2996 1690 3132 1760 πρὸς
3158 1691 3283 1755 τοὺς
3318 1691 3580 1763 περάτας,

2013 1777 2198 1841 αὑτοῦ,
2258 1777 2327 1830 ad
2386 1779 2695 1831 transitores
2753 1797 2898 1840 suos,
2957 1781 3048 1849 qui
3115 1782 3309 1851 legisse
3369 1783 3585 1839 videtur

2007 1855 2296 1932 πήξῃ-ΒΝ.
2329 1867 2397 1920 Et
2423 1867 2582 1921 Num.
2613 1885 2733 1935 xm,
2762 1869 2848 1935 54,
2872 1855 3056 1931 D7515:
3082 1870 3440 1942 Symmachus
3463 1891 3587 1929 vero

2010 1963 2072 2014 tit
2113 1959 2449 2032 τεραστίους,
2490 1970 2835 2028 portentosos,
2873 1978 2935 2016 ac
2963 1963 3010 2018 si
3054 1963 3320 2032 legeretur
3351 1948 3580 2028 D7353).

2008 2053 2176 2109 Josue
2209 2069 2338 2108 vero
2370 2070 2442 2117 IV,
2493 2055 2546 2119 '5,
2593 2063 2796 2114 aurem
2835 2056 3153 2121 sacerdotes,
3187 2057 3328 2111 LXX
3365 2070 3584 2117 vertunt

2008 2144 2164 2208 λίθοι,
2199 2145 2430 2226 lapides,
2455 2146 2582 2215 quia
2614 2146 2857 2215 legerunt
2891 2156 3102 2208 unum
3140 2149 3233 2219 ("l.
3268 2150 3334 2204 Et
3371 2151 3413 2204 11
3443 2152 3576 2226 Reg.

2010 2254 2167 2301 xvnl,
2202 2238 2290 2301 '55,
2325 2223 2510 2302 111353,
2542 2239 2597 2290 in
2627 2241 2796 2294 eundo
2834 2242 3029 2310 ipsum,
3055 2251 3210 2299 vetus
3239 2245 3462 2313 quidam
3494 2223 3580 2302 in-

2007 2341 2216 2401 terpres
2279 2331 2475 2400 legisse
2530 2331 2744 2385 videtur
2789 2342 2981 2400 πει,
3035 2335 3129 2404 qui
3188 2337 3348 2391 vertit
3399 2339 3458 2392 ἐν
3503 2338 3580 2410 τῷ

2007 2423 2215 2478 κλαίειν
2239 2423 2423 2488 αὐτὸν,
2455 2423 2509 2475 in
2539 2423 2713 2491 ﬂendo
2739 2425 2934 2493 ipsum,
2969 2425 3105 2493 sive,
3149 2443 3269 2480 cum
3310 2429 3480 2496 fleret.
3515 2430 3582 2486 Et

2005 2519 2200 2588 psalm.
2251 2532 2401 2582 uxr,
2435 2517 2522 2582 M,
2559 2525 2708 2583 nm,
2742 2518 2956 2588 sanguis
3003 2533 3204 2585 eorum,
3244 2518 3386 2573 LXX
3434 2520 3580 2592 lege-

2005 2619 2135 2665 runt
2155 2620 2328 2676 Dm,
2379 2610 2803 2680 interpretantur
2847 2610 3016 2684 enim,
3051 2610 3112 2664 τὸ
3151 2611 3321 2682 ὄνομα
3369 2613 3574 2681 αὐτῶν,

1956 2718 2191 2778 _nomcn
2247 2719 2448 2758 eorum.
2523 2699 2781 2757 Proverb.
2842 2717 2994 2766 xxvi,
3043 2703 3142 2767 17,
3186 2704 3382 2774 legitur
3421 2713 3574 2766 um:

2005 2794 2206 2863 aliique
2249 2809 2460 2857 omnes,
2491 2795 2784 2859 auriculas,
2820 2803 2880 2848 ut
2924 2811 3022 2865 par
3061 2804 3164 2860 est,
3227 2797 3580 2868 exprimunt;

2005 2885 2148 2940 LXX
2185 2902 2336 2953 vero,
2385 2889 2481 2958 qui
2521 2898 2734 2942 vertunt
2787 2888 3006 2960 κέρκου,
3056 2899 3188 2949 :mn
3241 2892 3383 2947 haud
3416 2892 3584 2950 dubio

2005 2978 2203 3049 legisse
2233 2980 2500 3035 videntur.
2535 2978 2746 3034 Similia
2784 2983 2919 3039 bene
2951 2981 3121 3036 multa
3162 2981 3355 3038 alIerre
3388 2999 3582 3053 posse-

2003 3084 2128 3123 mus
2156 3069 2248 3124 ubi
2276 3069 2597 3140 interpretes
2623 3071 2696 3124 illi
2728 3079 2956 3134 veteres,
2993 3071 3106 3126 sive
3136 3073 3283 3126 varie
3327 3072 3577 3143 legerint,

1929 3183 1976 3245 ο
2007 3161 2121 3215 sive
2159 3159 2309 3216 varie
2352 3161 2638 3232 legendum
2681 3163 3008 3231 putaverint,
3062 3163 3220 3233 longe
3265 3164 3577 3234 disparatae

2006 3250 2480 3320 interpretationes
2517 3251 2801 3306 dederunt.
2845 3253 2910 3306 At
2953 3252 3021 3307 iis
3061 3254 3312 3309 consulto
3354 3267 3576 3325 praeter-

2006 3341 2191 3396 missis
2218 3340 2284 3394 ad
2311 3341 2414 3395 alia
2439 3351 2803 3396 transeamus.

2077 3431 2153 3484 Ex
2186 3433 2349 3487 modo
2387 3433 2552 3486 etiam
2578 3431 2848 3488 dividendi
2877 3448 3039 3489 voces
3068 3433 3578 3502 interpretationem

2005 3525 2239 3578 varietas
2266 3524 2462 3590 oritur,
2509 3533 2569 3577 ut
2605 3523 2862 3579 Proverb.
2893 3541 3050 3592 xvin,
3081 3525 3168 3589 10,
3199 3509 3347 3587 ‘rtm
3379 3528 3576 3597 Aquila

2004 3626 2057 3671 et
2090 3615 2417 3681 Theodotio,
2448 3617 2679 3684 πύργος,
2713 3615 3075 3681 turris;LXX
3104 3634 3231 3672 vero
3253 3628 3306 3672 et
3331 3620 3502 3684 Alius,
3525 3631 3578 3680 73

2006 3707 2268 3760 habentes
2295 3705 2450 3776 quasi
2479 3705 2919 3775 praepositionem
2947 3715 3040 3788 1n,
3067 3704 3265 3773 reiecto
3291 3712 3335 3791 π,
3370 3708 3434 3758 ὲκ
3477 3724 3575 3776 με-

2005 3797 2322 3866 γαλωσύνης
2369 3806 2422 3852 et
2470 3798 2532 3849 ἐκ
2587 3795 2866 3868 μεγέθους,
2915 3813 2978 3850 ea:
3018 3798 3400 3867 magnitudine,
3454 3814 3577 3853 ver-

2004 3896 2146 3942 tunt.

2078 3976 2156 4031 Ex
2185 3977 2540 4033 similitudine
2572 3981 2700 4032 item
2731 3988 2851 4034 soni
2890 3978 3182 4048 aliquando
3213 3978 3407 4033 litterae
3452 3979 3576 4032 nul-

2003 4071 2216 4124 latenus
2245 4069 2452 4124 similes
2484 4070 2601 4124 alite
2624 4086 2721 4138 pro
2743 4071 2865 4124 aliis
2894 4069 3254 4137 accipiuntur,
3287 4077 3346 4122 ut
3374 4069 3573 4138 psalms

2006 4177 2233 4228 Lxxm,
2285 4162 2382 4226 ll,
2432 4177 2617 4215 vocem
2682 4168 2833 4226 twn,
2894 4163 3020 4228 cito,
3076 4161 3270 4230 Aquila
3311 4159 3449 4230 ἀνὴρ
3493 4160 3576 4212 vir

2005 4254 2411 4324 interpretatur,
2442 4268 2505 4307 ac
2539 4253 2585 4306 si
2630 4253 2850 4324 legisset
2875 4263 3011 4312 una.
3044 4253 3216 4308 Exod.
3251 4268 3324 4317 IV,
3357 4251 3445 4316 96,
3473 4265 3573 4306 vo-

2003 4361 2120 4401 cem
2142 4355 2245 4434 Inn
2267 4345 2425 4399 vertit
2448 4345 2796 4415 ἐσφράγισεν,
2820 4361 2885 4400 ac
2906 4346 2949 4399 si
2977 4345 3194 4414 legisset
3217 4354 3361 4405 Dm.
3386 4343 3575 4397 Exem-

2002 4437 2154 4506 plum
2185 4436 2684 4506 singnlarissimum
2725 4435 2956 4491 habetur
2986 4435 3184 4491 Ezech.
3219 4451 3342 4501 xm,
3391 4434 3445 4498 5,
3478 4435 3574 4489 ubi

399 4535 508 4590 Sed
541 4535 772 4589 mutatio
799 4533 892 4586 τοῦ
917 4543 941 4592 1
971 4535 1024 4587 in
1052 4545 1095 4592 -ι
1125 4541 1179 4586 et
1205 4531 1470 4595 vicissim,
1501 4543 1623 4600 qua:
1653 4545 1902 4585 nonnun-
1930 4549 1976 4604 ι)
2001 4513 2155 4593 m5
2179 4530 2248 4582 ad
2277 4529 2524 4583 standum
2552 4528 2625 4583 ita
2650 4537 2945 4591 verterunt,
2973 4527 3115 4581 LXX
3147 4542 3210 4582 ac
3241 4528 3287 4583 si
3315 4527 3576 4598 legissent

329 4640 492 4695 quam
527 4625 789 4688 occurrit,
821 4638 1072 4692 magnam
1121 4623 1628 4692 interpretationum
1661 4620 1898 4674 varieta-

331 4725 438 4769 tem
473 4716 631 4784 parit.
663 4713 782 4768 Jam
810 4714 1044 4768 vidimus
1066 4729 1229 4782 supra
1259 4713 1323 4767 ad
1351 4711 1545 4780 psalm.
1588 4727 1738 4773 xxxx,
1783 4710 1814 4778 Ῡ
1847 4714 1899 4776 8,

335 4807 721 4878 Symmachum
759 4807 955 4876 legisse
990 4799 1168 4875 "11.15,
1197 4806 1541 4875 progenitori,
1577 4820 1674 4874 pro
1702 4793 1906 4868 "1115.

331 4899 517 4952 monti.
556 4897 622 4952 Et
650 4897 785 4953 Gen.
820 4915 1004 4963 xxxnv,
1047 4899 1102 4962 2,
1140 4899 1228 4952 ubi
1263 4899 1458 4968 legitur
1495 4904 1619 4957 mn
1653 4905 1707 4950 et
1757 4894 1898 4948 LXX

333 4992 551 5054 Εὺαίος,
592 4989 743 5061 Vulg.
783 4990 1002 5046 [levatus
1031 4991 1442 5053 transtulerunt,
1477 4999 1632 5043 vetus
1664 4989 1802 5043 alius
1826 4988 1901 5041 in-

334 5096 560 5152 terpres,
587 5084 676 5151 qui
714 5083 857 5137 haud
888 5085 1050 5137 dubie
1085 5084 1212 5152 legit
1237 5090 1396 5145 71m,
1433 5085 1700 5155 Χοῤῥαῖος
1731 5081 1903 5134 reddi-

332 5173 429 5228 dit.
459 5169 595 5225 Sunt
622 5180 799 5227 autcm
825 5172 1064 5228 (lhorrzei
1094 5173 1174 5225 vel
1197 5172 1395 5226 llorrzei
1419 5183 1585 5225 altera
1614 5187 1744 5241 gens
1765 5170 1902 5223 Cha-

333 5278 672 5318 nanaaorum.
718 5263 783 5317 Et
821 5262 886 5316 IV
924 5265 1053 5334 Reg.
1091 5280 1180 5329 xl,
1206 5264 1292 5330 16,
1341 5264 1433 5318 ubi
1477 5263 1674 5333 legitur
1711 5271 1898 5324 D’D‘lo,

335 5355 478 5411 LXX
508 5355 617 5408 τῶν
646 5357 847 5419 ἵππων,
883 5355 1131 5427 Vulgata,
1164 5374 1413 5427 equorum
1464 5366 1695 5410 vertunt.
1748 5357 1901 5409 Alius

335 5457 516 5502 autem
565 5453 720 5500 vetus
755 5447 1038 5516 interpres,
1074 5449 1165 5518 qui
1214 5457 1398 5508 nlo-,0
1449 5448 1597 5518 legit,
1637 5447 1902 5516 εὐνούχων

337 5542 453 5595 sive
479 5538 835 5593 cunuchorum
871 5541 1162 5595 transtulit.
1190 5538 1310 5594 Lib.
1339 5539 1356 5591 l
1399 5539 1626 5609 Regum,
1654 5554 1774 5608 cap.
1807 5555 1899 5603 xx,

403 5679 476 5750 (")
514 5678 633 5733 Non
668 5688 873 5740 arma
903 5690 1179 5734 verterunt
1223 5680 1384 5742 λίθοι,
1436 5679 1528 5735 sed
1554 5686 1746 5742 1:933“,
1771 5679 1902 5750 ,ευδ-

337 5765 442 5874 aue
490 5751 722 5806 articulo
749 5792 766 5818 ,
814 5751 962 5830 quod
1000 5752 1178 5820 reipsa
1219 5752 1324 5804 hoc
1361 5751 1432 5830 in_
1473 5766 1635 5830 versu
1682 5749 1898 5818 legitur.

384 5822 502 5874 lane
530 5831 708 5874 autem
761 5831 1065 5874 omiserunt
1105 5830 1215 5874 tres
1250 5821 1488 5874 hebratct
1535 5829 1715 5874 textus
1768 5832 1898 5874 orae-

384 5822 502 5876 lane
530 5831 708 5876 autem
761 5822 1065 5877 omiserunt
1105 5830 1215 5877 tres
1250 5821 1488 5877 hebraiei
1535 5829 1715 5875 textus
1766 5832 1951 5898 praei.

2001 4606 2182 4687 m5,
2216 4625 2635 4690 interpretantur
2658 4621 2802 4675 enim
2832 4621 3103 4690 λέγοντες,
3137 4621 3390 4678 dicentes.

2001 4714 2092 4768 IV.
2129 4715 2204 4769 De
2248 4717 2420 4784 prisco
2454 4719 2774 4784 scripturam
2817 4713 3136 4768 Hebraicam
3167 4715 3370 4785 legendi
3402 4730 3570 4771 more.

2071 4805 2333 4861 Fatentur
2363 4806 2557 4862 eruditi
2587 4820 2779 4861 omnes
2817 4821 3075 4875 magnum
3117 4805 3450 4860 intercedere
3484 4805 3570 4858 in-

2001 4910 2082 4955 ter
2131 4911 2338 4954 veteres
2386 4909 2441 4953 et
2481 4899 2812 4953 recentiores
2856 4898 2910 4950 in
2960 4896 3235 4953 llebraica:
3287 4898 3573 4966 scriptura:

2001 4991 2232 5046 lectione
2274 4988 2601 5063 discrimen;
2659 4991 2769 5044 imo
2816 4997 2870 5042 et
2899 4989 3144 5043 eamdem
3181 4989 3354 5058 ipsam
3403 4989 3455 5042 in
3492 4989 3571 5043 le-

2001 5083 2173 5152 gendo
2200 5081 2513 5135 varietatem
2554 5097 2654 5136 suo
2683 5090 2924 5149 tempore
2946 5081 3244 5146 observari,
3274 5081 3349 5134 ait
3371 5078 3569 5136 Hiero-

2002 5189 2196 5243 nymus
2236 5173 2394 5242 epist.
2444 5172 2512 5227 ad
2557 5168 2928 5242 Evangelum:
2980 5169 3090 5223 Nec
3140 5169 3321 5238 refert,
3369 5169 3571 5238 inquit.

2001 5274 2180 5318 utrum
2217 5263 2394 5320 Salem
2430 5273 2523 5317 aut
2569 5263 2734 5318 Salim
2774 5264 3106 5316 nominetur:
3139 5277 3256 5314 cum
3299 5253 3588 5316 vocalibus

2001 5357 2057 5410 in
2082 5357 2248 5409 medio
2279 5357 2467 5411 litteris
2497 5373 2712 5424 perraro
2733 5366 2952 5409 utantur
2996 5352 3229 5420 Hebrtei,
3263 5362 3312 5406 et
3340 5368 3436 5421 pro
3478 5367 3569 5406 vo-

2001 5447 2203 5500 luntate
2224 5447 2488 5515 {lectorum
2517 5463 2579 5500 ac
2621 5446 2872 5501 varietate
2907 5446 3173 5514 regionum
3203 5442 3386 5496 eadem
3410 5442 3570 5497 verba

2002 5539 2217 5592 diversis
2248 5539 2388 5592 sonis
2420 5548 2572 5607 atque
2602 5535 2897 5591 accentibus
2925 5536 3283 5606 proferantur.

2002 5678 2254 5732 cadentes
2300 5693 2501 5741 voces,
2539 5691 2676 5746 quas
2721 5673 2926 5729 Theod.
2973 5675 3053 5730 sic
3100 5674 3336 5730 reddidit
3390 5691 3405 5727 :
3455 5671 3569 5725 ἀπὸ

2004 5748 2247 5810 στάσεως
2280 5747 2454 5799 ποδῶν
2482 5745 2589 5798 τῶν
2625 5747 2835 5816 ἱερέων,
2868 5746 2922 5801 h.
2961 5762 3010 5803 e.
3044 5761 3072 5800 ϐ
3107 5751 3331 5800 statione
3377 5748 3566 5812 pedum

2004 5819 2358 5874 sacerdotum.
2401 5817 2602 5872 Duce.
3620 5818 3630 5825 ‘
