4122 6438
526 403 598 458 ιι
1865 403 2393 463 ΡΒᾸΞΙΛΜΙΝΑΒΙΔ
3712 411 3779 470 ιε

596 519 670 593 (a)
699 519 843 576 Nihil
883 505 1081 576 mirum
1119 516 1288 590 igitur
1315 523 1401 573 est
1449 517 1498 572 si
1545 515 1897 574 lassoretica
1937 519 2100 576 lectio
2126 523 2174 582 Δ
2202 534 2355 573 num.
2391 519 2445 586 5,
2475 515 2608 588 lay.
2645 516 2750 574 Sed
2781 518 2921 574 alius
2951 533 3005 576 ιι
3033 520 3252 576 circiter
3281 523 3464 578 seculi
3485 565 3500 590 ,
3542 539 3694 582 num.
3724 529 3778 594 2,

523 627 648 668 cum
676 611 1082 669 vetustioreilla
1105 625 1215 665 non
1241 624 1468 680 prorsus
1486 611 1796 678 conveniat,
1828 612 2100 683 siquidem

521 703 832 760 Massoretaa
869 720 990 760 eam
1023 703 1423 758 adnotaverunt
1448 717 1570 772 qua:
1599 711 1756 758 atate
1809 719 1909 760 sua
1955 712 2009 759 et
2035 719 2102 761 eo

520 798 640 853 loco
672 797 766 852 ubi
818 795 1183 852 versabantur
1211 793 1334 849 usui
1366 801 1513 857 erat,
1555 809 1787 864 quaeque
1837 796 1906 850 ab
1957 797 2101 852 anti-

519 890 711 960 quiore
737 889 830 944 illa
861 895 916 944 et
942 887 1010 942 ab
1038 900 1103 942 ea
1129 900 1252 956 quae
1280 883 1447 940 variis
1488 885 1543 940 in
1576 885 1890 955 regionibus
1938 903 2102 944 usurv

519 982 774 1050 pabatur,
809 979 1044 1035 multum
1075 976 1376 1032 differebat.
1414 975 1558 1042 Quin
1599 977 1765 1030 etiam
1812 977 1973 1034 hodie
2018 978 2099 1033 le-

519 1077 702 1128 ctione
717 1087 815 1142 per
837 1071 1164 1128 Massoretas
1179 1069 1246 1125 ad
1271 1077 1451 1125 certas
1473 1067 1694 1123 vocales
1714 1068 2097 1136 determinata,

518 1163 660 1217 inter
697 1161 977 1217 Rabbinos
1005 1160 1326 1232 plerumque
1357 1173 1467 1214 non
1511 1158 1646 1213 satis
1693 1159 1946 1214 convenit
1988 1175 2100 1231 quo

517 1259 681 1321 pacto
709 1251 782 1308 sit
817 1251 1125 1322 legendum.
1151 1249 1281 1305 inde
1313 1257 1397 1304 est
1422 1245 1570 1317 quod
1618 1256 1830 1302 veteres
1865 1249 1941 1304 illi
1985 1265 2098 1304 non

519 1359 706 1400 secum
743 1359 958 1414 semper
975 1341 1321 1399 consentiant
1352 1340 1404 1394 in
1429 1337 1754 1394 lectionibus
1778 1380 1792 1404 ,
1827 1339 1921 1396 sed
1956 1341 2098 1398 alius

519 1437 628 1491 alio
653 1435 817 1490 modo
839 1434 980 1489 idem
1009 1433 1234 1488 verbum
1263 1429 1527 1500 proferat,
1550 1430 1695 1500 quod
1723 1432 1987 1502 exemplis
2007 1448 2097 1487 se-

519 1525 816 1596 quentibus
849 1521 1478 1579 conlirmaturclnilium
1518 1536 1683 1590 porro
1733 1522 1987 1580 ducimus
2028 1524 2098 1578 ab

519 1617 808 1688 alphabeto
848 1615 1060 1680 Graeco,
1096 1614 1242 1686 quod
1276 1629 1400 1669 cum
1423 1613 1729 1668 litterarum
1757 1613 2094 1682 nominibus,

517 1711 723 1767 Graecis
749 1706 950 1765 litteris
973 1706 1302 1777 descriptum
1333 1705 1567 1760 habetur
1613 1704 1758 1776 apud
1799 1704 2094 1762 Eusebium

514 1801 594 1857 De
616 1819 782 1872 prter.
807 1817 1016 1871 evang..
1043 1798 1137 1853 lib.
1165 1814 1218 1862 x,
1253 1807 1308 1852 et
1333 1798 1387 1852 in
1410 1795 1599 1853 codice
1627 1794 1745 1852 RR.
1779 1795 1886 1855 PP.
1916 1795 2096 1854 Jesui-

2202 620 2257 664 et
2289 611 2429 664 alius
2463 625 2536 664 ιιι
2582 610 2788 674 saeculi,
2833 627 2986 666 num.
3039 611 3129 676 17,
3183 611 3320 667 Zain
3373 613 3554 670 habet.
3599 615 3781 675 Codex

2202 699 2330 755 item
2359 700 2586 756 Coislin.
2612 701 2853 767 Graecus,
2887 719 3041 756 num.
3078 703 3201 772 l9l,
3232 704 3392 759 habet
3416 703 3522 766 ζάτ.
3557 708 3614 763 in
3645 710 3783 767 alios

2201 794 2445 865 quotidie
2478 795 2661 849 incido
2691 799 2910 850 codices
2938 796 3032 866 qui
3067 794 3168 850 Zai
3211 796 3432 854 habent.
3476 798 3658 868 Quare
3689 804 3782 858 vix

2200 881 2561 940 dubitaverim
2595 886 2729 956 quin
2760 887 2889 940 olim
2919 887 2989 940 ab
3018 887 3276 943 omnibus
3316 887 3415 944 Zai
3435 931 3452 956 ,
3505 907 3613 946 non
3642 891 3780 947 Zain

2199 977 2400 1031 lectum
2433 975 2617 1040 tuerit,
2644 986 2672 1036 τ
2695 991 2886 1032 omnes
2917 993 3012 1047 per
3033 975 3335 1038 (reddunt.

2267 1074 2374 1126 nm
2401 1065 2597 1122 ΗΙιειΙι.
2634 1065 2906 1124 Eusebius
2937 1077 2992 1124 et
3023 1072 3144 1124 cod.
3168 1068 3280 1124 Jes.
3311 1070 3380 1140 ῆι)
3407 1071 3585 1140 legunt
3610 1112 3626 1138 ,
3655 1087 3779 1126 cum

2200 1160 2439 1230 aspirata
2467 1159 2698 1223 scilicet,
2727 1161 2832 1214 etsi
2863 1161 2916 1214 in
2934 1164 3227 1231 'postremo
3251 1177 3358 1215 non
3386 1162 3598 1230 legatur
3621 1164 3783 1232 spiri-

2199 1254 2320 1314 tus;
2349 1247 2498 1318 alph.
2528 1246 2772 1304 Ilurbac.
2798 1264 2964 1304 ιιετιι.
2995 1248 3147 1305 Hanc
3172 1251 3407 1305 litteram
3455 1250 3596 1304 LXX
3635 1252 3782 1324 lege-

2196 1338 2330 1394 bant
2369 1354 2468 1410 per
2496 1358 2558 1410 χ,
2589 1340 2694 1406 chi,
2747 1350 2808 1396 ut
2846 1349 3001 1396 notat
3051 1340 3420 1412 ilieronymus
3468 1342 3672 1408 Quart.
3721 1345 3780 1398 in

2198 1428 2353 1496 Gem,
2386 1441 2444 1484 ut
2472 1440 2578 1496 Dn,
2609 1431 2760 1501 Χὰμ,
2786 1433 2974 1487 Cham.
3011 1431 3076 1486 Et
3109 1434 3165 1486 in
3187 1431 3474 1487 Ieremiam
3507 1448 3626 1504 cap.
3661 1449 3774 1501 ιιι,

2197 1521 2230 1589 ᾗ
2277 1521 2332 1588 2,
2365 1522 2433 1578 de
2457 1538 2590 1578 voce
2626 1533 2812 1584 n‘D'tn
2840 1525 2955 1579 hanc
2979 1525 3135 1578 habet
3163 1543 3176 1580 τ
3211 1523 3278 1578 Et
3301 1541 3397 1594 pro
3422 1535 3577 1594 porta
3599 1526 3776 1594 fictili,

2196 1613 2415 1684 Aquila,
2452 1614 2804 1685 Symmachus
2826 1627 2886 1678 et
2925 1615 3210 1669 Theodotio
3238 1618 3407 1684 ipsum
3443 1619 3653 1670 rcrbum
3684 1635 3780 1687 po-

2195 1713 2415 1760 suerunt
2448 1705 2769 1761 llebraicum
2821 1724 3094 1774 usus";
3128 1724 3224 1777 pro
3257 1725 3359 1778 quo
3405 1707 3552 1762 LXX
3573 1749 3588 1773 ,
3623 1709 3778 1777 iuxta

2195 1811 2392 1849 merent
2422 1812 2597 1860 suum,
2631 1812 2727 1866 pro
2751 1799 3074 1866 aspiratione
3108 1814 3250 1852 ιιετιι
3289 1799 3512 1863 littera,
3549 1801 3777 1856 addide-

514 1870 695 1950 tarum
725 1870 1226 1963 collegiiLudovici
1249 1887 1428 1960 Magni
1473 1887 1526 1942 in
1551 1887 1786 1944 Threnis
1805 1885 2090 1958 Jeremiaa;
2124 1870 2166 1927 Β
2197 1897 2319 1940 runt
2341 1903 2429 1941 cui
2460 1886 2706 1942 Cra-cum
2729 1931 2745 1952 ,
2780 1897 2840 1942 ut
2881 1890 3116 1943 dicerent
3152 1891 3396 1944 charsith
3432 1906 3530 1961 pro
3567 1893 3775 1960 arsith;

513 1997 728 2038 necnon
762 1981 818 2036 in
853 1980 1142 2052 alphabeto
1173 1977 1377 2034 codicis
1401 1976 1782 2034 Hurhacensis
1815 1979 1964 2034 mille
1984 1980 2092 2036 cir-

513 2073 652 2129 citer
680 2087 974 2136 annorum,
1010 2085 1042 2126 a
1066 2069 1227 2124 nobis
1257 2069 1404 2124 edito
1437 2067 1864 2142 Pulcographic
1892 2070 2092 2128 Greca:

513 2183 568 2237 p.
601 2165 726 2222 221.

513 2258 578 2314 V.
613 2259 688 2314 De
711 2260 868 2314 veteri
895 2257 1196 2312 litterarum
1227 2254 1610 2310 Hebraicarum
1634 2258 2087 2327 pronuntiatione.

580 2340 700 2446 qlia
731 2355 941 2446 Αιεριι.
968 2351 1236 2446 Eusebius
1277 2351 1403 2423 legit
1437 2350 1568 2446 ᾶλςρ,
1607 2353 1730 2407 cod.
1770 2351 1881 2446 les.
1920 2353 2088 2424 ἀλφά,

514 2443 860 2521 alphabetum
891 2443 1249 2501 Murhacense
1274 2458 1466 2499 Διειιιι.
1503 2443 1596 2498 Ait
1637 2459 1770 2500 vero
1821 2445 2092 2519 Hierony-

505 2557 635 2598 mus
663 2539 1060 2606 Qucstionibus
1087 2539 1142 2592 in
1175 2535 1418 2592 Genesim
1438 2578 1454 2604 ,
1482 2536 1626 2592 hanc
1660 2537 1895 2592 litteram
1947 2554 2090 2610 sirpe

508 2649 604 2704 per
636 2650 663 2688 e
689 2633 816 2704 legi,
846 2631 1046 2701 saepius
1074 2643 1204 2684 vero
1232 2643 1331 2698 per
1355 2645 1408 2682 a.
1436 2627 1746 2698 Aliquando
1768 2645 1864 2693 per
1889 2648 1920 2685 ο
1947 2632 2088 2688 lecta

509 2719 930 2790 deprehenditur
945 2716 1089 2773 utlll
1121 2717 1253 2788 Reg.
1277 2734 1316 2783 ι,
1343 2718 1400 2786 5,
1432 2725 1615 2778 rum.
1643 2718 1734 2773 LX
1748 2719 1814 2785 Χ,
1851 2722 2084 2793 Ὀρνεας.

577 2820 685 2873 τινι
735 2812 889 2868 Bcth.
939 2810 1212 2868 Eusebius
1256 2819 1311 2867 et
1365 2813 1534 2868 codex
1581 2810 1694 2868 Jes.
1749 2813 1880 2886 βήθ·
1939 2816 2085 2886 alph.

510 2905 754 2961 hlurbac.
789 2919 950 2960 ιετιι.
987 2903 1224 2959 Omnino
1251 2903 1544 2976 respondet
1580 2905 1630 2969 ,ϐ
1661 2904 1852 2961 Graeco
1877 2951 1892 2971 ,
1925 2916 2091 2977 atque

509 2995 694 3060 hodie,
723 3004 784 3050 ut
805 2996 852 3060 ,Β
875 2995 1148 3061 Gnaeum,
1185 3010 1328 3066 saepe
1363 2994 1561 3064 legitur
1590 3007 1688 3063 per
1718 3010 1751 3046 v
1781 3010 2090 3051 consonan-

511 3095 641 3152 tem,
671 3087 890 3156 quando
911 3087 1118 3142 scilicet
1150 3103 1258 3144 non
1291 3096 1376 3144 est
1401 3089 1810 3160 daghessatum.

2193 1979 2332 2034 sicut
2365 1979 2503 2033 illud
2539 1990 2637 2046 est,
2668 1996 2764 2050 pro
2795 1979 3034 2045 Hebron,
3065 1981 3340 2050 Chebron,
3365 1994 3415 2037 et
3444 2000 3543 2053 pro
3567 1982 3776 2053 Jeriho,

2190 2068 2432 2138 Jericbo,
2457 2081 2506 2125 et
2535 2072 2761 2126 similia.
2791 2072 2918 2137 Alii,
2953 2075 3193 2129 maxime
3222 2090 3351 2129 vero
3390 2076 3583 2146 Aquila
3609 2115 3625 2141 ,
3677 2092 3776 2148 pro

2192 2161 2434 2233 aspirata
2466 2163 2702 2229 habent;
2729 2179 2792 2219 ac
2825 2174 2888 2219 ut
2911 2166 3207 2220 verisimile
3239 2177 3345 2230 est,
3395 2167 3554 2223 initio
3581 2168 3774 2224 dictio-

2192 2267 2325 2307 num
2354 2269 2450 2323 per
2483 2253 2737 2324 spiritum
2772 2254 3003 2309 densum
3025 2254 3360 2322 indicabant,
3381 2255 3508 2311 licet
3526 2256 3639 2326 jam
3665 2257 3778 2324 spi-

2190 2345 2398 2400 rituum
2429 2344 2747 2415 hujusr’nodi
2781 2347 3238 2402 commutationes
3282 2347 3499 2414 multat,
3537 2349 3776 2405 maxime

2193 2434 2248 2489 in
2279 2436 2592 2492 nominibus
2621 2438 2877 2508 propriis,
2917 2438 3392 2508 deprehendantur
3420 2459 3434 2494 :
3465 2441 3592 2512 quia
3625 2441 3774 2497 enim

2190 2523 2321 2582 olim
2373 2523 2626 2596 Origeuis
2673 2535 2937 2598 tempore,
2982 2538 3038 2584 et
3073 2529 3280 2600 aliquot
3319 2537 3444 2600 post
3480 2529 3770 2604 Origenem

2191 2618 2428 2684 saeculis,
2462 2620 2794 2690 exemplaria
2825 2621 3010 2676 omnia
3043 2621 3162 2677 sine
3184 2623 3470 2693 spiritibus
3497 2632 3552 2678 et
3577 2639 3774 2680 accen-

2190 2710 2339 2764 tibus
2367 2711 2842 2782 describebantur;
2887 2716 3112 2787 quando
3151 2715 3267 2770 haec
3303 2715 3553 2772 adnotari
3592 2731 3774 2788 caepe—

2189 2813 2340 2872 runt,
2359 2804 2675 2876 calligrapbi
2714 2821 2812 2862 eos
2836 2808 3062 2877 spiritus
3096 2810 3151 2862 in
3187 2809 3502 2865 nominibus
3534 2809 3774 2880 propriis

2187 2907 2511 2964 posuerunt,
2540 2899 2635 2968 qui
2674 2899 2912 2968 primum
2946 2900 3000 2953 in
3035 2909 3272 2954 mentem
3304 2901 3615 2958 veniebant.
3657 2901 3773 2960 liae

2187 2996 2370 3043 autem
2421 2989 2478 3043 in
2529 3004 2587 3044 re
2639 2991 2854 3045 codices
2895 2992 3067 3046 secuti
3097 3007 3329 3060 sumus,
3364 2994 3506 3048 male
3561 2994 3772 3066 positos

2186 3078 2342 3136 lenes
2367 3081 2593 3150 spiritus
2619 3081 2913 3136 emendare
2939 3097 3048 3137 non
3082 3083 3224 3138 ausi.
3262 3081 3317 3137 In
3363 3085 3543 3139 medio
3570 3087 3770 3143 dictio-

577 3165 712 3244 ’ππ
739 3181 966 3236 Ghimel.
1001 3179 1272 3238 Eusebius
1300 3181 1466 3253 γίμελ
1497 3181 1648 3252 legit,
1671 3181 1865 3237 codex.
1889 3178 2084 3237 Jesuit.

2189 3185 2319 3224 num
2353 3170 2587 3226 litteram
2621 3181 2664 3233 Π
2697 3173 2916 3227 nonnisi
2945 3189 3042 3242 per
3077 3173 3322 3228 vocalem
3347 3175 3766 3245 exprimebant;

511 3273 666 3346 γιμλ,
724 3273 1073 3345 alphabetum
1102 3272 1462 3330 Murhacense
1506 3287 1701 3328 causa.
1751 3270 2088 3342 Exprimitur
2117 3264 2155 3274 “’
2190 3264 2409 3319 unicum
2434 3273 2614 3319 tamen
2639 3265 2907 3334 reperitur
2935 3266 3244 3336 exemplum
3272 3268 3362 3322 ubi
3403 3268 3770 3341 Symmachus

504 3381 718 3437 semper
747 3381 844 3437 per
863 3385 904 3436 γ
928 3364 1199 3423 Graecum.

571 3441 680 3518 n‘n
704 3455 916 3512 Daletlt.
945 3453 1218 3512 Eusebius
1257 3462 1314 3512 et
1347 3453 1521 3511 codex
1552 3453 1664 3510 les.
1705 3453 1828 3508 δὲλο
1877 3454 2083 3525 legunt,

507 3559 803 3616 suppressa
826 3555 1103 3616 postrema
1128 3545 1302 3601 vocali
1325 3562 1341 3613 ;
1361 3543 1709 3616 alphabetum
1726 3543 2085 3600 Murhacense

505 3651 742 3692 DELETII.
786 3637 1004 3708 Legitur
1028 3652 1125 3708 per
1144 3635 1182 3689 δ
1213 3636 1438 3708 ubique.

575 3740 654 3789 an
684 3727 784 3784 He.
821 3727 1092 3785 Eusebius
1131 3737 1187 3786 et
1223 3729 1346 3786 cod.
1376 3728 1490 3786 Jes.
1537 3744 1645 3785 una
1680 3729 1862 3785 littera
1904 3747 1944 3797 η
1988 3745 2085 3784 ex-

508 3820 775 3890 primunt.
827 3819 1070 3890 Uterque
1113 3835 1236 3876 cum
1285 3820 1478 3890 spiritu
1523 3820 1692 3876 denso
1731 3821 1794 3889 ἡ.
1848 3820 2080 3890 Alpliab.

505 3909 750 3966 Murbac.
793 3927 882 3966 ne.
915 3909 1041 3966 Haec
1063 3925 1229 3981 porro
1266 3910 1445 3966 littera
1471 3911 1668 3980 saepius
1710 3927 1806 3982 per
1847 3927 1874 3964 ο
1901 3911 2084 3980 expri-

503 4002 776 4069 mebatur,
806 4017 946 4074 smpe
971 4003 1134 4058 etiam
1164 4019 1263 4074 per
1296 4019 1350 4070 α,
1381 4011 1517 4058 teste
1538 4000 1762 4057 Hieron.
1801 4001 2005 4068 Quart.
2027 4003 2084 4055 in

505 4091 636 4150 Gen.
681 4094 1031 4151 Canticorum
1081 4107 1265 4152 autem
1303 4109 1410 4160 vn,
1434 4095 1498 4160 6,
1538 4102 1776 4156 cam-nn
1803 4095 1938 4167 legit
1962 4095 2086 4166 qui-

501 4187 628 4244 dam
653 4197 811 4244 vetus
840 4188 1109 4259 interpres
1143 4187 1427 4259 βερατείμ.

569 4287 617 4342 ΊΊ
659 4279 794 4336 Vas.
829 4280 1098 4337 Eusebius
1131 4289 1187 4336 et
1220 4279 1344 4336 eod.
1378 4277 1492 4336 Jes.
1531 4279 1666 4334 οὐαῦ
1689 4319 1704 4344 ,
1738 4279 1884 4351 alpb.
1932 4279 2084 4335 Mur-

501 4373 622 4430 bac.
670 4389 796 4430 \‘AU.
843 4371 970 4430 Haec
1010 4373 1188 4429 littera
1237 4388 1518 4444 nunquam
1567 4373 1924 4429 consonantis
1962 4373 2082 4429 vice

499 4464 746 4538 fungitur
770 4465 825 4520 in
853 4463 1176 4536 fragmentis
1212 4479 1309 4536 per
1352 4465 1572 4520 Graecos
1616 4465 1905 4554 descriptis
1927 4507 1942 4534 ,
1977 4480 2077 4522 nec

2187 3371 2374 3410 vocem
2406 3364 2556 3416 Dmtt
2581 3356 2761 3426 ὠχεὶμ
2789 3357 2936 3426 legit,
2963 3371 3156 3427 nempe
3177 3355 3302 3413 lsai.
3329 3375 3451 3425 xm,
3487 3361 3578 3416 21.
3611 3361 3772 3418 Initio

2188 3463 2402 3514 vocum,
2431 3459 2490 3503 ut
2515 3448 2651 3510 dixi.
2681 3449 2921 3503 vocalem
2941 3463 3050 3519 qua
3077 3450 3308 3504 litteram
3333 3461 3374 3513 η
3392 3454 3771 3523 exprimebant

2185 3541 2430 3611 aspirare
2451 3539 2699 3597 solebant
2729 3558 2743 3596 :
2776 3557 2842 3596 ea
2879 3555 3045 3611 porro
3075 3543 3283 3598 vocalis
3323 3553 3442 3601 erat
3471 3546 3770 3617 aliquando

2182 3651 2232 3689 ε.
2267 3633 2357 3688 Sic
2386 3631 2524 3688 Gen.
2556 3647 2626 3699 ιι,
2660 3632 2748 3699 14,
2783 3632 3018 3700 ιδδεκελ,
3040 3617 3220 3716 5pm,
3253 3633 3448 3706 Tigris.
3472 3636 3639 3695 Iosue
3673 3657 3764 3707 xv,

2185 3727 2276 3790 30,
2299 3737 2502 3790 nam,
2531 3725 2698 3797 ἑρμά,
2728 3726 2950 3793 Herma,
2977 3737 3031 3785 et
3058 3731 3256 3786 similia
3292 3748 3306 3784 :
3340 3735 3539 3803 saepius
3582 3745 3766 3794 autem

2185 3839 2244 3885 ιι,
2279 3829 2340 3874 ιιι
2380 3819 2448 3874 lV'
2480 3818 2614 3890 Reg.
2647 3835 2686 3885 ι,
2721 3821 2775 3874 2.
2808 3820 3025 3890 Aquila,
3067 3823 3277 3889 ’AaCia,
3305 3833 3474 3886 mimi
3495 3865 3511 3890 ,
3559 3831 3652 3897 qui
3684 3830 3770 3886 di.

2186 3914 2328 3970 citur
2349 3912 2617 3968 Ochozias
2643 3913 2713 3967 ab
2745 3911 3075 3986 llieronymo
3121 3926 3175 3972 et
3221 3915 3406 3986 LXX;
3456 3928 3512 3975 et
3562 3923 3764 3993 psalm.

2186 4017 2277 4066 ιι,
2311 4001 2372 4068 7,
2401 4001 2590 4074 ἁρὸὼθ
2615 4044 2631 4070 ,
2674 4012 2969 4070 Πετιςει
3013 4005 3211 4075 psalm.
3255 4022 3390 4074 cm,
3427 4009 3530 4076 17,
3584 4013 3762 4080 detha,

2183 4091 2691 4160 mmwtlerem.
2722 4095 2912 4162 ιιι,2,
2949 4097 3038 4161 Α..
3071 4097 3155 4164 8.,
3191 4097 3320 4165 Th.,
3353 4102 3760 4173 apa‘t0,m

2189 4192 2247 4238 ut
2275 4199 2463 4254 supra.
2497 4184 2555 4239 In
2585 4185 2763 4241 medio
2790 4187 2904 4241 sive
2937 4195 3061 4257 post
3081 4188 3314 4258 primam
3345 4191 3578 4248 litteram
3610 4197 3792 4251 vocis'

2187 4271 2527 4344 frequentius
2548 4276 2677 4333 evel
2701 4293 2761 4345 η.
2790 4275 2928 4332 Gen.
2960 4293 3013 4342 ν,
3042 4277 3098 4343 6,
3128 4280 3330 4344 obessi,
3360 4291 3488 4351 vnn,
3514 4293 3564 4339 et
3594 4287 3762 4352 vixit;

2181 4365 2250 4421 Ill
2279 4367 2410 4446 Reg.
2439 4385 2477 4434 ι,
2508 4371 2562 4437 9,
2596 4370 2688 4437 Α..
2715 4368 2773 4425 8.
2796 4410 2811 4436 ,
2849 4369 3073 4436 ζωελὲθ,
3115 4357 3278 4434 n'm.
3313 4373 3459 4430 Psal.
3511 4393 3628 4446 vn,
3669 4379 3760 4446 15,

2181 4460 2353 4525 tam,
2384 4445 2554 4529 ὅπως
2587 4461 2714 4518 lsai.
2747 4477 2838 4529 xv,
2874 4463 2929 4529 5,
2954 4461 3045 4530 Α..
3073 4463 3275 4534 λουείθ,
3321 4453 3480 4529 riu-n5
3502 4511 3519 4538 ,
3557 4445 3760 4529 me.

499 4557 650 4629 fungi
679 4571 841 4628 posse
887 4557 1134 4625 videtur,
1179 4556 1626 4628 quandoquidem
1679 4559 1834 4614 initio
1876 4573 2073 4616 vocum
2104 4565 2151 4623 ι)
2177 4553 2482 4624 proprium.
2509 4553 2817 4624 Aliquando
2847 4555 3015 4609 etiam
3039 4571 3080 4608 a
3111 4565 3171 4610 ut
3200 4555 3266 4612 IV
3300 4557 3431 4631 Reg.
3485 4576 3524 4616 ι.
3563 4561 3621 4617 In
3652 4563 3760 4622 ﬁne

497 4650 823 4720 exprimitur
841 4663 939 4720 per
971 4651 1064 4716 οὐ,
1094 4649 1300 4716 οὑαεεὶ,
1323 4655 1461 4716 η-ιη,
1504 4660 1555 4704 et
1593 4651 1762 4716 vixit;
1799 4649 2073 4724 οὒεσσακή

495 4751 694 4832 τφωη
711 4784 725 4810 ,
755 4750 806 4797 et
825 4741 1096 4797 osculatus
1117 4749 1216 4798 est.
1247 4741 1304 4797 ln
1332 4743 1511 4799 medio
1537 4753 1720 4801 autem
1759 4751 1814 4801 et
1837 4746 1944 4801 line
1971 4760 2070 4801 vo-

497 4854 620 4894 cum
663 4838 826 4893 modo
881 4852 978 4908 per
1007 4853 1078 4891 ov
1098 4876 1114 4903 ,
1143 4835 1329 4902 modo,
1375 4844 1431 4891 et
1455 4837 1676 4908 quidem
1707 4835 2068 4910 frequentius,

497 4945 592 5002 per
619 4947 664 4982 ω
693 4929 974 4996 redditur;
1006 4944 1113 5000 qua
1142 4929 1210 4984 de
1231 4943 1290 4983 re
1318 4927 1478 4983 infra.

471 5009 476 5021 ’
563 5028 638 5110 τη
665 5019 821 5074 Zain.
843 5019 1110 5077 Eusebius
1131 5029 1186 5076 et
1217 5023 1338 5078 cod.
1366 5020 1477 5078 Jes.
1505 5022 1614 5076 lat
1640 5021 1844 5094 legunt,
1865 5025 2070 5081 omissa

493 5121 774 5185 postrema
823 5111 1062 5169 nominis
1103 5113 1305 5169 littera.
1362 5112 1603 5186 itemque
1644 5113 1748 5169 Za'i
1785 5115 1982 5186 legitur
2013 5117 2068 5171 in

494 5205 782 5277 alphabeto
807 5201 1150 5260 Murhacensi
1177 5203 1323 5276 quod
1345 5205 1617 5261 edidimus
1650 5205 2070 5278 Pa’woqrap/u'tz

495 5297 695 5354 Grca:
714 5313 768 5368 p.
795 5296 920 5353 221.
966 5296 1045 5351 Ex
1087 5297 1472 5367 manuscriptis
1516 5314 1647 5353 vero
1685 5300 1891 5362 nostris
1926 5315 2070 5355 unus

496 5407 550 5445 ix
578 5389 781 5456 saeculi,
805 5403 958 5444 num.
986 5390 1041 5453 3,
1067 5389 1232 5444 habet
1261 5389 1399 5455 Zai;
1425 5391 1584 5457 alter,
1617 5405 1669 5444 ιι
1707 5390 1926 5446 circiter
1964 5407 2069 5447 saa-

493 5484 623 5551 culi,
649 5499 804 5538 num.
831 5481 920 5550 12,
944 5483 1072 5538 item
1097 5481 1230 5547 Zai;
1260 5484 1477 5547 tertius,
1501 5499 1578 5538 ιιι
1610 5482 1827 5538 circiter
1859 5483 2066 5549 saeculi,

564 5641 642 5711 (a)
672 5639 805 5711 Quae
833 5637 1050 5711 abinde
1081 5647 1387 5711 sequuntur
1414 5636 1686 5711 praefatus
1709 5645 1810 5711 _est
1857 5637 2068 5694 Monte-

493 5705 764 5766 falconius
785 5709 839 5764 in
875 5705 1275 5780 Dissertatione,
1299 5705 1813 5780 Lexico-Hebraico,
1848 5711 1918 5764 ab
1948 5711 2069 5780 ipso

496 5782 780 5843 adornato,
804 5779 1114 5849 praemissa,
1138 5779 1283 5849 quod
1308 5779 1373 5833 ad
1401 5779 1606 5834 calcem
1649 5779 1905 5835 editionis
1953 5794 2069 5834 suae

499 5850 776 5906 coronidis
801 5852 918 5904 vice
943 5848 1145 5920 posuit.
1161 5848 1334 5916 Quod
1357 5864 1483 5906 cum
1525 5849 1788 5906 recudere
1831 5849 2065 5907 instituti

2179 4656 2364 4703 autem
2394 4662 2585 4703 vocum
2612 4663 2646 4701 ε
2666 4655 2762 4702 aut
2783 4663 2823 4718 η
2848 4646 2961 4703 fere
2981 4649 3328 4719 exprimitur,
3351 4653 3456 4710 nisi
3496 4665 3760 4725 sequatur

2176 4750 2217 4799 Π
2238 4740 2644 4812 paragogicum.
2671 4737 2764 4796 Sic
2804 4739 2939 4795 Gen.
2970 4755 3054 4802 ιιι.
3085 4741 3119 4795 8
3142 4782 3157 4808 ,
3186 4740 3389 4818 λαρουή
3415 4782 3432 4808 ,
3473 4731 3641 4813 rn-h,
3685 4750 3758 4805 οδ

2176 4832 2426 4913 spiritum
2455 4831 2540 4886 vel
2569 4834 2640 4884 ad
2667 4847 2877 4886 auram.
2906 4829 3109 4887 Psalm.
3151 4848 3248 4889 vtll
3273 4875 3290 4900 ,
3319 4835 3378 4901 1,
3407 4836 3756 4913 λαμανασσὴ,

2175 4907 2396 4990 ﬁnd),
2442 4923 2660 4980 Victori.
2695 4924 2784 4980 Ps.
2845 4941 3035 4992 vam,
3069 4927 3134 4994 l,
3189 4929 3356 5001 Κορέ,
3595 4907 3753 4991 Deut.

2177 5031 2290 5084 xvn,
2317 5017 2369 5071 1.
2399 5017 2490 5080 A.,
2519 5015 2677 5087 φεσέ,
2705 5025 2853 5084 non,
2887 5016 3060 5072 Phase
3086 5020 3167 5074 vel
3203 5019 3432 5078 Pascha.
3479 5015 3757 5084 Halacliia:

2179 5123 2239 5176 ιι,
2278 5109 2366 5173 l5,
2398 5109 2642 5182 μασδηή,
2673 5117 2830 5171 mm
2861 5109 3053 5178 altare,
3085 5119 3142 5166 et
3174 5112 3308 5168 ibid.
3343 5099 3532 5203 περ’-ι.
3564 5115 3752 5173 imo.

2176 5201 2484 5272 Aliquando
2510 5205 2678 5260 etiam
2711 5206 3046 5276 praponitur
3070 5222 3110 5260 a
3154 5217 3281 5264 ante
3322 5223 3374 5276 ε,
3429 5201 3491 5264 ut
3516 5207 3582 5264 IV
3612 5209 3748 5284 Reg.

2177 5311 2254 5361 ιι,
2281 5293 2334 5350 6.
2361 5295 2426 5349 A.
2457 5297 2653 5366 μεσαέ,
2681 5307 2832 5360 mn.

2244 5401 2370 5450 una
2400 5389 2547 5447 Teth.
2579 5392 2851 5449 Eusebius
2872 5400 2928 5449 et
2958 5393 3079 5448 cod.
3097 5391 3210 5450 Jes.
3233 5396 3334 5469 τήθ
3364 5411 3488 5452 cum
3511 5397 3752 5470 aspirata

2175 5483 2219 5536 Θ
2248 5484 2301 5538 in
2335 5483 2463 5551 line,
2499 5485 2851 5557 alphabetum
2886 5485 3243 5544 Murbacense
3269 5505 3413 5546 rs'ru
3436 5531 3453 5558 ,
3483 5489 3610 5547 licet
3639 5505 3752 5548 non

2175 5637 2350 5696 nostri
2370 5654 2477 5713 non
2513 5641 2606 5713 sit,
2638 5648 2826 5712 utpote
2855 5643 2950 5712 qui
2987 5642 3101 5713 jam
3141 5641 3378 5702 Lexicon
3419 5644 3748 5705 Hebraicum

2175 5711 2720 5786 numeris_omni_bus
2766 5711 3081 5786 absolutum
3124 5715 3478 5782 ediderimus,
3525 5721 3639 5777 huic
3679 5735 3749 5786 ex

2174 5781 2395 5858 laudata
2428 5778 2824 5858 Bisquisitione
2856 5783 2912 5839 in
2945 5785 3182 5858 gratiam
3217 5787 3437 5845 lectoris
3465 5778 3574 5846 huc
3595 5778 3750 5846 revo-

2175 5851 2444 5909 cavimus.
2474 5850 2636 5908 Eorr.
2668 5851 2842 5909 Pan.
