4122 6480
504 483 563 537 5|
1806 480 2331 538 PRELIMINARIA
3680 480 3749 534 52

500 616 662 656 voces
695 599 896 654 nullam
918 613 982 653 ex
1010 598 1205 653 litteris
1227 605 1390 662 vim
1415 597 1723 668 praferant,
1750 608 1958 655 certum
1985 608 2070 656 est
2098 607 2143 661 Α
2171 599 2353 664 beclm,
2396 599 2491 667 illi,
2528 598 2654 669 βάκ.
2694 599 2925 666 Quando
2977 608 3158 655 autem
3200 599 3506 670 praeedens
3546 597 3751 654 vocalis

499 708 597 747 eos
626 702 818 761 prater
853 692 952 746 has
982 691 1192 745 litteras
1232 690 1371 745 alias
1404 690 1661 745 habuisse
1692 690 1930 755 vocales,
1950 705 2074 759 qua

500 785 719 853 quidem
747 799 854 839 non
877 783 1279 846 scribebantur,
1302 782 1396 837 sed
1420 797 1487 836 ex
1510 780 1901 837 consuetudine
1928 780 2077 836 adhi-

498 878 791 943 bebantur,
820 877 923 933 etsi
955 891 1148 947 magna
1167 885 1311 931 esset
1338 876 1393 929 in
1422 875 1650 945 legendo
1680 874 1935 929 varietas.
1961 872 2075 928 Lit-

499 978 631 1023 tera
661 976 841 1022 autem
885 975 1049 1031 m
1099 966 1395 1035 prasertim
1440 980 1563 1034 qua
1605 964 1915 1033 aspirantur
1954 973 2074 1027 mat

500 1074 611 1114 non
644 1058 1059 1114 determinatam
1097 1056 1361 1119 vocalem,
1394 1056 1491 1111 sed
1524 1055 1687 1109 modo
1717 1054 1883 1117 hanc,
1910 1056 2072 1110 modo

498 1151 660 1205 aliam
691 1150 745 1204 in
775 1165 880 1205 usu
909 1148 1118 1220 legendi
1151 1155 1205 1203 et
1237 1144 1498 1217 loquendi
1524 1144 1863 1207 obtinebant,
1896 1145 1969 1197 ita
2011 1153 2072 1198 ut

497 1250 552 1295 et
580 1240 839 1309 aspiratio
870 1247 927 1293 et
972 1239 1181 1294 vocalis
1225 1252 1334 1293 una
1385 1244 1684 1292 sonarent:
1718 1235 1865 1303 quod
1907 1250 2069 1289 nemo

496 1331 793 1401 negaverit.
842 1328 1034 1384 Utrum
1087 1339 1267 1384 autem
1317 1327 1412 1383 illa
1452 1327 1712 1398 aspiratio
1758 1340 2069 1382 consonans

494 1424 602 1478 dici
627 1422 838 1489 debeat,
873 1422 1084 1477 videtur
1111 1437 1230 1477 esse
1260 1436 1408 1476 mera
1422 1420 1671 1475 ’nominis
1703 1419 1951 1488 quaestio.
1993 1416 2068 1473 De

494 1522 515 1560 ι
544 1523 597 1568 et
630 1522 787 1572 tuon
819 1521 922 1578 est,
957 1521 1017 1568 ut
1044 1513 1263 1583 quidem
1294 1501 1446 1581 p'uto,’
1475 1510 1573 1580 par
1601 1510 1741 1563 ratio
1768 1528 1782 1562 :
1808 1524 1932 1562 nam
1969 1522 2065 1562 ve-

493 1606 722 1661 risimile
747 1612 829 1660 est
857 1620 974 1666 eas.
1008 1615 1068 1659 ut
1095 1590 1391 1673 plurimum'
1418 1594 1630 1666 saltem,
1655 1601 1926 1656 vocalium
1951 1598 2066 1653 olli-

492 1698 582 1751 cio
627 1695 843 1751 functas
886 1711 1043 1760 esse;
1080 1696 1172 1749 sed
1220 1694 1289 1749 iis
1332 1696 1424 1763 qui
1473 1706 1634 1748 secus
1676 1690 2066 1747 existimabunt

489 1803 629 1853 rem,
663 1802 924 1858 perquam
968 1786 1151 1856 exigui
1189 1786 1469 1848 momenti,
1505 1783 1749 1853 pluribus
1799 1782 2062 1853 indagan-

489 1880 615 1935 dam
647 1880 825 1934 mitto.
855 1878 976 1933 Jam
1023 1879 1088 1933 ad
1118 1879 1333 1933 vocales
1382 1877 1503 1932 illas
1536 1885 1778 1930 veterum
1807 1890 1931 1930 cum
1962 1875 2063 1929 ho-

2175 700 2259 745 est
2288 707 2315 743 ε
2347 706 2441 759 per
2471 707 2498 742 ε
2539 691 2855 757 terminant,
2883 701 2944 745 ut
2975 706 3139 761 supra
3163 675 3334 772 τίῆν
3373 689 3658 760 ιελεδεθέχ.

2245 782 2553 852 Aliquando
2579 782 2766 846 etiam,
2794 782 2887 838 sed
2925 798 3071 849 raro,
3097 800 3131 836 ο
3154 783 3240 837 vel
3281 801 3325 835 ω
3358 798 3457 853 pro
3486 799 3527 835 a
3558 783 3746 852 legunt

2173 881 2385 927 veteres
2428 873 2528 936 illi,
2573 887 2638 927 ac
2671 872 2931 929 vicissim.
2982 874 3075 929 Sic
3115 872 3251 928 Gen.
3299 890 3499 940 xxxvi,
3549 873 3641 937 24,
3687 873 3745 927 in

2173 974 2326 1028 nota,
2351 972 2530 1049 mpm,
2574 963 2885 1020 Massoreta
2918 963 3121 1031 mukor,
3157 974 3312 1019 vetus
3335 964 3495 1019 lectio
3522 961 3745 1035 μυκὼρ,

2171 1056 2279 1108 nisi
2304 1054 2375 1110 sit
2402 1055 2660 1110 mendum
2694 1070 2792 1125 pro
2820 1054 3015 1129 μακὼρ
3035 1073 3051 1122 ;
3075 1064 3129 1109 et
3147 1053 3316 1111 Josue
3344 1070 3442 1137 vII,
3473 1056 3566 1118 9.4,
3590 1064 3747 1121 nus.

2171 1145 2484 1202 Massoreta
2522 1148 2712 1201 Achar.
2746 1147 2929 1217 Aliqui
2979 1147 3225 1218 legerunt
3259 1145 3446 1217 ’Axcip.
3481 1162 3591 1201 non
3643 1148 3744 1201 ob-

2170 1244 2352 1292 stante
2376 1246 2418 1295 1.
2457 1236 2560 1291 Alii
2598 1237 2794 1308 ’Axtbp.
2837 1236 2858 1290 l
2893 1235 3026 1308 Reg.
3062 1252 3194 1303 xvu,
3231 1237 3283 1302 1,
3317 1246 3488 1300 εισι.
3531 1235 3741 1291 Masso-

2168 1335 2299 1381 reta
2334 1325 2604 1381 Dammim
2626 1344 2645 1380 :
2671 1328 2746 1382 illi
2769 1328 2989 1399 δομμίν,
3014 1337 3069 1383 et
3096 1328 3292 1400 psalm.
3322 1342 3507 1392 vaIII,
3532 1327 3589 1394 2,
3616 1311 3745 1393 1'11,

2166 1416 2498 1483 Massorela,
2529 1419 2684 1473 haled
2707 1436 2728 1485 ,'
2759 1421 2835 1474 illi
2857 1421 2970 1474 δλδ.

2238 1508 2313 1563 De
2347 1511 2545 1564 scheva
2574 1510 2822 1579 quadam
2860 1509 3197 1566 observanda
3233 1508 3391 1563 nobis
3419 1518 3566 1565 sunt.
3598 1506 3744 1564 Mas-

2164 1600 2399 1655 sorctico
2431 1600 2650 1669 quidem
2685 1615 2836 1655 more
2866 1600 3160 1670 aliquando
3191 1600 3408 1670 legitur,
3442 1601 3743 1671 aliquando

2164 1691 2305 1745 silet.
2333 1689 2555 1760 Legitur
2582 1706 2795 1761 semper
2820 1691 2976 1746 initio
2996 1692 3145 1747 Vocis
3173 1693 3275 1747 sub
3302 1692 3480 1748 littera
3504 1693 3739 1765 daghes-

2163 1792 2302 1846 sata,
2334 1784 2387 1837 in
2414 1784 2592 1838 medio
2622 1785 2773 1839 vocis
2800 1794 2923 1854 post
2956 1783 3102 1838 aliud
3135 1785 3356 1849 scbeva,
3386 1794 3440 1840 et
3463 1794 3586 1855 post
3616 1802 3737 1842 mo-

2163 1875 2369 1929 tionem
2397 1890 2672 1947 magnam.
2709 1875 2848 1930 Alibi
2874 1877 3156 1946 quiescere
3186 1877 3345 1943 solet,
3372 1893 3402 1932 e
3434 1886 3613 1932 autem
3649 1892 3740 1933 so-

486 1971 691 2025 diernis
724 1969 1151 2025 hebraizantium
1181 1967 1515 2023 motionibus
1541 1964 1939 2036 comparandas
1968 1979 2062 2019 ve—
2093 1963 2135 2017 B
2165 1974 2259 2019 nat
2288 1980 2414 2020 cum
2460 1966 2675 2037 legitur.
2709 1965 2871 2023 Hisce
2919 1983 3085 2038 porro
3122 1968 3332 2038 legibus
3366 1983 3475 2023 non
3523 1968 3743 2023 stabant

488 2064 727 2116 niamus.
762 2059 1018 2116 Vocalem
1058 2060 1105 2114 Α
1150 2060 1483 2129 exprimunt,
1536 2066 1658 2127 post
1707 2055 2059 2119 Llassoretas,

488 2151 736 2205 hodierni
768 2151 1108 2221 grammatici
1135 2166 1228 2219 per
1253 2158 1458 2204 camets
1481 2146 1519 2215 ',
1558 2163 1653 2217 per
1691 2147 1894 2218 patahh
1922 2146 1976 2211 “,
2007 2156 2061 2200 et

484 2256 581 2310 per
602 2242 799 2297 scheva
826 2239 1079 2311 patahh"
1100 2240 1148 2295 E
1168 2256 1294 2296 vero
1325 2254 1419 2311 per
1448 2247 1589 2295 tsere
1608 2239 1629 2252 “
1659 2254 1754 2309 per
1767 2238 1917 2309 segol
1952 2235 1977 2257 δ’
2007 2247 2061 2293 et

482 2347 580 2401 per
600 2332 797 2387 scheva
814 2333 959 2404 segol
987 2331 1022 2353 ’τ
1061 2331 1107 2386 Ε
1123 2342 1301 2387 autem
1323 2331 1701 2387 tenuissimum
1718 2346 1812 2403 per
1827 2331 2052 2387 scheva:

482 2422 516 2477 Ι
554 2439 649 2492 per
676 2425 853 2496 hhiriq
882 2440 1140 2499 magnum
1173 2428 1254 2484 sic
1286 2436 1341 2483 ι.
1369 2429 1455 2483 vel
1498 2441 1748 2497 parvum,
1777 2441 1872 2481 seu
1917 2440 2057 2495 pun-

478 2526 629 2570 ctum
670 2518 773 2572 sub
806 2518 1011 2584 littera,
1040 2534 1204 2589 quam
1245 2518 1407 2575 allicit
1432 2520 1669 2590 positum
1698 2518 1778 2573 sic
1802 2526 1862 2591 τι,
1900 2516 1969 2569 bi.
2010 2513 2055 2571 0

477 2622 578 2675 per
617 2602 642 2665 ἦ
686 2609 902 2663 hbolem
945 2610 1189 2679 plenum,
1242 2610 1326 2664 vel
1364 2623 1459 2678 per
1504 2609 1722 2664 hbolem
1770 2607 2054 2670 deﬁciens,

473 2713 578 2754 seu
626 2709 886 2769 punctum
938 2701 992 2754 in
1043 2715 1278 2771 superno
1320 2701 1489 2756 latere
1540 2700 1819 2770 sequentis
1866 2700 2056 2755 littera

477 2792 739 2860 scriptum
764 2791 842 2848 sic
870 2784 949 2851 βῆ
975 2792 1133 2857 dom;
1166 2792 1292 2846 item
1317 2807 1413 2861 per
1435 2800 1641 2846 eamets
1673 2789 1947 2860 hhatouph
1974 2790 2055 2844 sic

474 2871 496 2889 '
523 2877 606 2930 vel
646 2893 743 2946 per
796 2876 1036 2948 hliateph
1074 2887 1313 2944 camets,
1348 2874 1378 2901 η
1423 2877 1468 2934 U
1514 2889 1697 2934 autem
1735 2894 1897 2948 grave
1958 2893 2054 2949 per

477 2966 742 3021 schourec
773 2979 795 3027 ι
837 2967 881 3023 U
926 2975 1087 3023 tenue
1125 2984 1223 3040 per
1259 2969 1480 3025 kibbus.
1524 2967 1601 3025 De
1646 2969 1912 3039 gravitate
1939 2968 2053 3023 sive

473 3057 737 3113 tenuitate
788 3059 1127 3130 singularum
1179 3061 1447 3117 vocalium
1493 3076 1603 3116 non
1653 3061 1884 3130 loquar,
1922 3061 2052 3131 quia

473 3148 610 3203 nihil
640 3148 954 3220 huiusmodi
980 3151 1300 3207 observatur
1330 3151 1385 3205 in
1409 3152 1651 3218 lectione
1673 3160 1942 3207 veterum.

541 3284 733 3357 Magna
770 3301 934 3357 porro
964 3288 1178 3359 legendi
1215 3287 1450 3344 varietas
1492 3289 1636 3347 inter
1678 3298 1891 3345 veteres
1925 3288 2047 3345 illos
2074 3317 2116 3375 ο

470 3378 796 3447 interpretes
828 3387 883 3434 et
908 3376 1236 3434 Massoretas
1278 3378 1723 3450 deprehenditur,
1747 3379 1821 3435 ita
1867 3388 1928 3435 ut
1957 3379 2048 3436 ubi

468 3468 549 3522 illi
573 3468 760 3538 legunt
788 3486 841 3535 a,
873 3470 929 3524 hi
955 3469 1133 3541 legant
1156 3486 1204 3532 ε,
1231 3476 1286 3525 et
1315 3470 1577 3537 vicissim,
1609 3479 1667 3525 ιιι
1696 3468 1718 3523 1
1744 3468 1877 3541 Reg.
1912 3486 2044 3534 ml,

470 3558 560 3621 18.
594 3570 755 3625 mna
799 3561 993 3631 Aquila
1044 3561 1262 3631 ὲρουϐά,
1302 3560 1611 3618 Massoreta
1639 3578 1769 3619 vero
1797 3563 2042 3630 arubath,

468 3664 594 3705 cum
629 3651 830 3706 selIeva
863 3650 1063 3719 patahlt
1107 3652 1159 3705 in
1191 3651 1366 3720 prima
1395 3661 1449 3707 et
1466 3652 1665 3709 kibbus
1699 3653 1754 3707 in
1782 3654 2042 3720 secunda,

472 3758 536 3800 ac
558 3742 859 3812 saepissime
890 3743 983 3799 ubi
1009 3752 1047 3806 π
1073 3752 1129 3796 et
1157 3754 1198 3801 Π
1223 3753 1480 3799 notantur
1508 3745 1685 3801 vocali
1718 3763 1771 3813 a,
1802 3747 1878 3801 illi
1907 3764 1934 3801 ε
1968 3747 2045 3801 le-

469 3841 623 3903 gunt.
654 3831 858 3888 Psalm.
907 3848 1078 3897 XLVII,
1119 3834 1172 3897 '5,
1210 3834 1304 3887 ubi
1347 3834 1661 3891 Massoreta
1692 3836 1826 3891 illud
1861 3846 2039 3903 arma,

469 3922 749 3979 larehethe
789 3925 993 3996 legunt.
1034 3923 1090 3978 ln
1125 3926 1358 3981 vetustis
1387 3927 1666 3982 codicibus
1701 3929 1899 3998 legitur
1931 3932 2042 4000 ἱερ-

468 4015 571 4087 χθή
592 4033 605 4046 ·
640 4025 695 4071 et
721 4016 910 4073 eodem
941 4017 1146 4085 psalmo
1165 4017 1221 4085 ᾗ,
1246 4016 1338 4084 10,
1369 4025 1526 4078 ’ωσι
1549 4017 1878 4085 Massoreta,
1904 4022 2044 4075 dim-

468 4107 670 4180 minou,
723 4107 820 4172 illi,
872 4106 1150 4180 δεμμηνοῦ
1202 4108 1436 4177 habent;
1483 4119 1537 4165 et
1585 4111 1779 4180 psalm.
1829 4128 1942 4180 (ιιι,
1985 4114 2040 4179 4,

464 4179 655 4277 -ιιι-ὺν,
677 4196 900 4252 Massor.
936 4179 1271 4264 ιαιάιιιιιεεα,
1300 4199 1399 4264 illi,
1437 4199 1744 4279 Ἰελεδεθέχ.
1764 4179 2043 4259 Malachia

466 4300 530 4348 II.
564 4287 654 4351 15,
686 4296 841 4353 mna,
876 4288 1105 4348 Massor.
1134 4305 1406 4356 csssoru;
1444 4290 1523 4346 illi
1566 4291 1814 4362 χεσσούθ.
1856 4291 2042 4364 Longe

466 4394 600 4438 vero
628 4381 827 4450 sapius
862 4381 938 4436 illi
982 4398 1011 4436 ε
1056 4382 1470 4439 Massoretieum
1518 4399 1613 4455 per
1656 4401 1689 4439 α
1738 4385 1943 4456 legunt,
1981 4394 2041 4441 ut

466 4468 639 4525 Levit.
686 4487 843 4537 xvm,
891 4474 981 4539 15,
1012 4458 1145 4539 5:11,
1181 4474 1409 4530 Μίκων.
1456 4492 1578 4532 cum
1618 4477 1821 4546 duplici
1868 4479 2037 4549 segol,

468 4560 694 4623 Theben
738 4560 1038 4620 Theodotio
1085 4566 1281 4620 Θάϐελ.
1329 4566 1582 4623 Judicum
1613 4585 1673 4623 ιιι
1716 4585 1859 4640 sape
1902 4580 2039 4637 mn

463 4650 780 4711 Massoreta
807 4670 931 4713 cum
959 4665 1099 4712 tsere
1142 4659 1245 4713 sub
1264 4660 1440 4729 prima
1470 4659 1647 4715 Eltud.
1678 4660 1840 4715 LXX.
1879 4662 2035 4727 Ἀώδ,
2073 4654 2115 4709 Ι)

464 4742 594 4808 Alii,
631 4741 825 4798 ’Aatbd.
878 4746 901 4798 Ι
946 4744 1075 4816 Reg.
1126 4763 1259 4814 xvu,
1292 4748 1344 4813 1,
1392 4757 1510 4809 om:
1560 4747 1793 4805 Massor.
1842 4748 2035 4819 Ephes.

463 4832 541 4886 illi
576 4832 731 4901 ἀφές.
770 4832 839 4887 lV
888 4834 1021 4905 Reg.
1074 4852 1229 4903 vaII,
1274 4839 1364 4900 54,
1404 4849 1508 4903 mn
1545 4837 1777 4894 Massor.
1827 4839 2049 4909 Henna,

461 4924 659 4993 Aquila
702 4925 842 4978 ’Avé.
872 4924 937 4979 IV
972 4925 1102 4997 Reg.
1144 4943 1268 4992 xxv,
1302 4929 1391 4994 17,
1419 4941 1595 4995 mm,
1631 4929 1859 4986 Massor.
1901 4931 2040 4993 Cho-

464 5013 684 5109 tlieretlt,
706 5013 911 5109 S_ymm.
928 5024 982 5109 et
999 5013 1298 5109 Theodotio
1325 5019 1563 5091 χωθάρθ.
1581 5018 1683 5075 Job
1701 5034 1832 5088 xui,
1852 5021 1918 5076 14

463 5104 693 5182 Massor.
726 5107 902 5174 keren,
933 5107 1127 5177 Aquila
1174 5123 1229 5163 et
1262 5107 1467 5180 Symm.
1505 5112 1662 5182 κάρν.
1693 5111 1903 5168 Psalm.
1938 5104 2035 5179 ιιι,

462 5197 552 5261 ιδ,
586 5180 716 5265 ιιειῃτ
743 5198 974 5255 Massor.
1007 5200 1284 5255 iehabbel:
1314 5212 1522 5258 veteres
1560 5180 1637 5257 nu
1672 5204 1842 5259 ιεσάλ.

534 5330 633 5386 llic
663 5348 792 5389 vero
828 5336 1126 5390 notandum
1158 5345 1243 5391 est
1272 5336 1325 5391 in
1354 5336 1527 5393 afﬁxis
1558 5339 1809 5393 secunda
1845 5354 2037 5409 perso-

462 5436 549 5476 na
578 5423 868 5493 singularis
898 5428 1187 5482 masculini
1213 5429 1426 5498 generis
1452 5438 1494 5512 Ἰ
1516 5431 1800 5500 supposito
1830 5440 2041 5486 camets

462 5529 527 5566 ca
552 5522 761 5571 veteres
790 5517 1113 5589 interpretes
1141 5535 1176 5573 a
1200 5528 1327 5577 ante
1360 5539 1388 5575 c
1426 5522 1626 5592 legere,
1657 5524 1918 5579 nimirum
1949 5542 2032 5580 ac.

395 5605 413 5663 ,³
462 5605 555 5661 Sic
595 5608 789 5676 psalm.
835 5626 979 5675 xuv,
1022 5612 1078 5677 8,
1118 5598 1314 5693 Tn‘m,
1360 5617 1449 5671 ubi
1482 5615 1795 5693 Massoreta
1844 5617 2036 5673 Eloeca

456 5697 662 5767 legunt,
698 5700 776 5755 illi
819 5701 1016 5773 ὲλωάχ.
1051 5690 1255 5760 Psalm.
1289 5722 1457 5774 xnvu,
1487 5708 1575 5774 10,
1601 5690 1767 5785 -ιίιεή
1803 5708 2032 5766 hlassor.

454 5787 781 5884 Ιξεεαιςςξιιι,
796 5791 871 5847 illi
894 5794 1126 5865 ἡχαλάχ.
1146 5794 1347 5853 Psalm.
1369 5815 1478 5861 cur,
1493 5801 1549 5863 5,
1567 5788 1658 5884 ἡ,
1685 5800 1913 5856 Massor.
1934 5801 2034 5857 Le-

450 5876 590 5939 elta:
623 5879 697 5934 illi
723 5879 846 5948 λάκ,
881 5884 1075 5941 melius
1108 5884 1226 5958 λάχ.
1258 5889 1387 5945 lsai.
1418 5905 1568 5957 xux,
1594 5876 1647 5957 3,
1677 5900 1758 5973 13
1797 5891 2027 5953 nassur.

2167 2065 2377 2113 veteres
2407 2058 2727 2127 interpretes
2760 2077 2776 2114 :
2810 2075 2935 2114 nam
2964 2060 3159 2114 selieva
3189 2074 3331 2129 sape
3354 2075 3460 2113 non
3491 2060 3741 2131 legebant

2168 2147 2325 2203 initio
2353 2148 2533 2211 vocis;
2565 2158 2626 2203 ut
2653 2149 2786 2205 Gen.
2830 2166 2868 2215 I,
2898 2150 2950 2215 1,
2983 2158 3238 2210 nm.
3273 2149 3604 2215 Massoreta,
3632 2150 3737 2205 Be-

2167 2239 2412 2303 resclu'lh,
2448 2240 2546 2304 illi,
2585 2240 2798 2312 βρησίθ.
2845 2239 2981 2297 Gen.
3012 2258 3073 2307 ιι,
3114 2242 3169 2305 8,
3194 2251 3347 2324 rm,
3380 2241 3606 2297 Massor.
3643 2243 3730 2296 be-

2165 2331 2349 2395 heden,
2372 2331 2451 2386 illi
2482 2330 2652 2401 βεδέν.
2694 2332 2864 2388 Levit.
2904 2348 3025 2397 xm,
3060 2333 3116 2396 2,
3147 2344 3281 2394 Μ
3310 2333 3539 2390 Massor.
3568 2335 3731 2399 καθ’,

2128 2422 2131 2427 ’
2166 2420 2492 2489 Theodotio,
2533 2424 2653 2496 σήθ.
2693 2424 2893 2480 Psalm.
2929 2441 3006 2490 xI,
3056 2425 3111 2492 9,
3152 2436 3290 2494 π,
3336 2425 3567 2483 Massor.
3611 2426 3731 2481 che-

2163 2530 2303 2575 rum,
2354 2514 2428 2569 illi
2474 2515 2645 2587 χράμ.
2688 2515 2887 2571 Psalm.
2936 2531 3105 2584 cxvtI,
3152 2516 3245 2583 25,
3292 2527 3446 2582 βω,
3501 2516 3730 2573 Massor.

2163 2602 2416 2670 barbam,
2458 2605 2535 2659 illi
2566 2605 2733 2678 βσήμ.

2230 2694 2566 2766 Frequenter
2617 2699 2783 2755 etiam
2833 2716 2931 2772 pro
2976 2701 3238 2758 hodierno
3286 2702 3482 2758 scheva
3537 2704 3740 2758 initiali

2160 2788 2408 2843 eamdem
2435 2790 2678 2844 vocalem
2710 2791 2971 2847 adhibent
3005 2794 3205 2863 quain
3242 2796 3488 2864 sequenti
3525 2796 3730 2866 syllaba

2161 2879 2409 2935 habetur.
2443 2879 2580 2937 Gen.
2611 2898 2722 2947 XIV,
2750 2883 2804 2948 5,
2837 2892 3046 2948 cum,
3079 2884 3407 2952 Massoreta,
3454 2885 3729 2955 Rephaim,

2158 2970 2374 3040 Aquila,
2421 2974 2683 3044 ραφαείμ.
2732 2972 2906 3029 Levit.
2950 2993 3066 3041 nx,
3101 2976 3192 3044 27,
3230 2985 3351 3038 nun
3389 2976 3727 3041 Massereta,

2157 3057 2387 3123 Pheatlt,
2424 3065 2501 3118 illi
2553 3063 2719 3134 φαάθ.
2766 3064 2971 3132 Psalm,
3020 3083 3140 3132 ην,
3188 3067 3242 3131 8,
3273 3078 3455 3130 mam
3497 3069 3724 3125 Massor.

2157 3150 2411 3230 taebaoth,
2441 3151 2660 3210 Veteres
2685 3154 2762 3208 illi
2792 3155 3009 3209 σαὸαώο
3041 3172 3202 3230 sape.
3230 3157 3430 3215 Psalm.
3460 3176 3628 3228 nm,
3661 3162 3721 3225 5,

2150 3226 2325 3307 νὼ,
2382 3242 2645 3309 Massor.,
2706 3246 2956 3318 pelagav;
3013 3249 3089 3304 illi
3106 3226 3133 3317 ,v
3181 3250 3456 3319 φαΜγαῦ.
3518 3226 3722 3307 Psalm.

2148 3349 2341 3402 sum,
2389 3336 2445 3404 5,
2485 3321 2687 3406 'mn'a,
2737 3338 2967 3396 Massor.
3021 3341 3344 3407 lentare/cal,-
3399 3344 3498 3411 illi,
3547 3344 3726 3414 λαμα-

2150 3428 2267 3482 σάλ.
2328 3428 2533 3485 Horum
2587 3433 2835 3502 exempla
2884 3433 3189 3503 frequentia
3242 3436 3482 3505 reperire
3531 3444 3617 3490 est
3665 3437 3722 3490 in

2146 3519 2287 3575 LXX
2334 3519 2747 3593 lnterpretibus,
2782 3535 2842 3581 ut
2884 3526 3166 3592 scheiomo,
3200 3525 3475 3596 Σολομὼν,
3502 3535 3556 3581 et
3594 3527 3729 3583 alia.

2145 3608 2242 3665 Est
2266 3611 2430 3666 etiam
2460 3613 2554 3668 ubi
2584 3624 2853 3684 sequente
2874 3630 2935 3666 ου
2976 3615 3175 3669 sclieva
3210 3614 3341 3669 illud
3378 3615 3582 3670 initiale
3626 3632 3721 3687 per

2142 3718 2185 3754 α
2216 3702 2543 3771 exprimant,
2575 3712 2636 3759 ut
2667 3705 2866 3773 psalm.
2900 3719 3056 3770 XLIII,
3094 3705 3180 3769 13,
3215 3714 3366 3771 vim,
3408 3706 3626 3777 μανούδ.

2216 3790 2293 3847 De
2323 3800 2344 3839 ν
2379 3793 2498 3861 iod,
2533 3803 2588 3849 et
2630 3795 2699 3849 de
2738 3795 2913 3850 vocali
2958 3796 2976 3849 l
3021 3796 3135 3851 hac
3184 3796 3522 3852 observanda
3559 3809 3723 3866 sunt;

2142 3888 2165 3930 ι
2203 3896 2420 3953 semper
2450 3884 2762 3953 exprimunt
2799 3893 3008 3942 veteres
3043 3903 3137 3956 per
3166 3906 3207 3954 ι,
3257 3890 3341 3944 vel
3387 3889 3718 3946 iudiscrimi-

2144 3974 2314 4026 natim
2359 3989 2457 4043 per
2503 3991 2574 4038 ει,
2617 3975 2723 4029 nisi
2762 3978 2959 4031 mendo
3004 3977 3347 4033 librariorum
3397 3995 3450 4033 ει
3478 3980 3723 4049 positum

2144 4063 2313 4119 fuerit
2360 4080 2458 4134 pro
2500 4083 2539 4131 ι,
2574 4067 2718 4136 quod
2761 4066 3198 4139 frequentissime
3230 4072 3283 4125 in
3327 4075 3717 4143 manuscriptis

2143 4158 2347 4213 Gracis
2366 4173 2500 4229 pene
2522 4161 2779 4214 omnibus
2795 4163 3132 4218 observatur.
3152 4164 3285 4218 Gen.
3317 4181 3355 4233 I,
3380 4166 3430 4230 l,
3454 4175 3719 4231 nam,

2144 4248 2359 4319 βρησίθ.
2390 4248 2527 4314 Gen,
2556 4267 2667 4316 xIv,
2704 4252 2757 4318 5,
2791 4262 2998 4321 arma,
3028 4256 3246 4326 Aquila,
3282 4256 3545 4328 ραφαείμ.
3574 4256 3713 4313 Gen.

2141 4357 2335 4432 xum,
2378 4342 2466 4408 19,
2504 4351 2666 4408 ειίτιι,
2707 4343 2851 4414 ἁείρ.
2888 4342 3058 4398 Levit.
3098 4360 3137 4409 I,
3175 4344 3226 4409 1,
3270 4355 3457 4432 mpm,
3494 4346 3714 4416 οὑικρά.

2139 4431 2274 4488 Gen.
2309 4449 2494 4500 xxxvi,
2521 4433 2612 4500 24,
2648 4435 2702 4488 in
2751 4442 2880 4490 nota
2918 4443 3093 4503 Dim,
3128 4431 3373 4510 appetit.
3408 4436 3429 4490 Ι
3466 4436 3599 4509 Reg.
3638 4454 3716 4500 Iv.

2141 4524 2229 4590 18,
2265 4534 2511 4593 εινιπιηιει,
2542 4525 2802 4597 ἁρὸαείμ.
2835 4524 2857 4578 ι
2900 4525 3031 4598 Reg.
3063 4543 3199 4592 xvu,
3233 4528 3285 4591 1,
3314 4537 3465 4588 εισι
3493 4529 3712 4601 δομμίν.

2140 4614 2183 4668 ll
2231 4616 2363 4685 Reg.
2395 4632 2504 4682 χιν,
2553 4616 2645 4683 26,
2686 4626 2909 4681 alma,
2956 4618 3214 4689 μαθαεὶμ.
3262 4618 3329 4672 ΙΙΙ
3370 4618 3500 4691 Reg.
3548 4636 3623 4683 Vl,
3660 4622 3713 4685 1,

2141 4711 2397 4762 cum
2424 4703 2779 4777 βασεμονείμ.
2829 4705 2896 4759 ιν
2925 4706 3057 4779 Reg.
3091 4725 3130 4775 I,
3160 4709 3215 4773 2,
3257 4718 3446 4773 mm,
3476 4709 3542 4765 Α,
3587 4710 3714 4765 ’Λα-

2140 4794 2252 4860 (ia,
2281 4795 2337 4851 S.
2384 4796 2646 4868 Ὀχοζίας.
2687 4797 2755 4852 ιγ
2800 4797 2934 4869 Reg.
2966 4816 3125 4868 uIII,
3158 4800 3211 4869 7,
3256 4811 3508 4869 DW‘I,
3548 4804 3716 4858 ἀκκο-

2136 4886 2320 4959 suam.
2352 4888 2453 4945 Job
2480 4906 2609 4956 sui,
2634 4891 2723 4958 M,
2745 4896 2927 4951 unum
2953 4892 3041 4959 A.,
3069 4891 3151 4956 8.,
3176 4895 3388 4963 ἱεμιμα.
3413 4886 3560 4949 Psal.
3592 4912 3713 4962 vui,

2139 4978 2192 5041 1,
2238 4984 2433 5044 ninia,
2469 4980 2713 5049 ἀγεοοίθ.
2749 4980 2893 5037 Psal.
2927 4999 3004 5051 ιι,
3034 4984 3087 5047 1,
3126 4992 3401 5050 minima,
3438 4986 3720 5057 ἁσεμινίθλ

2135 5067 2282 5126 Psal.
2319 5088 2465 5137 xLIv,
2498 5074 2548 5138 1,
2574 5081 2749 5140 rm'n,
2792 5074 2987 5141 ἰδιδώθ,
3020 5086 3074 5133 et
3101 5080 3229 5132 alibi
3268 5094 3428 5149 sape.

2210 5162 2311 5219 Ubi
2348 5180 2476 5221 vero
2511 5173 2530 5211 ν
2565 5167 2800 5236 quiescit
2839 5168 2894 5221 in
2925 5174 3086 5235 tsere,
3130 5185 3225 5238 per
3264 5187 3300 5238 η
3338 5170 3495 5241 vulgo
3531 5174 3721 5244 ειμι-ἰ-.

2136 5264 2313 5320 ιιιιιιιι,
2344 5257 2525 5332 rarius
2559 5273 2654 5327 per
2675 5274 2724 5311 ε.
2759 5256 2827 5310 ιν
2866 5256 2996 5327 Reg.
3034 5275 3073 5323 I,
3111 5259 3166 5324 8,
3197 5244 3351 5326 tribu,
3385 5262 3530 5332 ὲλοή.
3562 5262 3717 5325 Psal.,

2136 5359 2234 5409 vII,
2266 5345 2320 5410 8,
2352 5330 2527 5411 mbm,
2554 5346 2753 5400 οὐαλεά
2783 5346 2928 5402 Psal.
2978 5365 3144 5413 XLVII,
3184 5351 3237 5417 5,
3275 5359 3453 5419 πιοην,
3496 5330 3705 5425 ἱερχθή.

2137 5436 2284 5493 Psal.
2314 5455 2481 5507 xuii,
2510 5441 2595 5506 10,
2626 5442 2861 5513 ἡχαλὰχ,
2901 5428 3087 5525 Ἳίιὶντι.
3120 5444 3235 5500 Alia
3265 5449 3436 5504 multa
3462 5454 3715 5522 exempla

2137 5529 2380 5599 proferre
2403 5548 2712 5602 possemus,
2731 5535 2827 5589 sed
2860 5535 2976 5589 hac
3004 5537 3136 5591 satis
3168 5550 3351 5594 sunto.

2205 5619 2436 5687 Quando
2463 5632 2644 5678 autem
2672 5623 2851 5678 littera
2878 5632 2898 5669 ν
2933 5641 3032 5680 nec
3070 5630 3414 5696 exprimitur,
3446 5646 3546 5686 nec
3577 5632 3706 5686 sub.

2134 5716 2473 5787 intelligitur,
2518 5727 2577 5772 ut
2608 5718 2663 5772 in
2698 5734 2827 5772 voce
2852 5727 2965 5779 1m
3006 5719 3199 5784 David,
3239 5738 3360 5791 qua
3399 5725 3708 5792 sapiusm

2133 5807 2389 5863 scribitur
2428 5823 2750 5880 suppresso,
2794 5811 2888 5865 sed
2927 5811 3306 5867 subintellecto
3345 5820 3390 5876 ν,
3444 5824 3571 5869 tunc
3610 5831 3707 5883 per

2132 5899 2317 5969 blIiriq
2364 5915 2588 5966 parvum
2640 5917 2671 5955 a
2718 5900 3031 5960 Massoretis
3077 5910 3318 5972 notatur,
3353 5920 3384 5957 ιι
3438 5906 3713 5963 veteribus
