  <div class='ocr_page' id='page_1' title='image "/cluster/home/n/w/nwhite01/storage/ocr_20150623/15:no.5/coo.31924054872936/042.png"; bbox 0 0 4122 6448; ppageno 0'>
   <div class='ocr_carea' id='block_1_1' title="bbox 344 482 3592 549">
    <p class='ocr_par' dir='ltr' id='par_1_1' title="bbox 344 482 3592 549">
     <span class='ocr_line' id='line_1_1' title="bbox 344 482 3592 549; baseline 0.013 -28"><span class='ocrx_word' id='word_1_1' title='bbox 344 492 415 549; x_wconf 67' lang='lat'><strong>53</strong></span> <span class='ocrx_word' id='word_1_2' title='bbox 1577 487 1646 541; x_wconf 82' lang='lat' dir='ltr'><strong>IN</strong></span> <span class='ocrx_word' id='word_1_3' title='bbox 1685 482 2014 540; x_wconf 76' lang='lat' dir='ltr'><strong>iiEXAPLA</strong></span> <span class='ocrx_word' id='word_1_4' title='bbox 2052 482 2396 543; x_wconf 81' lang='lat' dir='ltr'><strong>ORIGENIS.</strong></span> <span class='ocrx_word' id='word_1_5' title='bbox 3524 486 3592 542; x_wconf 65' lang='lat'><strong>54</strong></span> 
     </span>
    </p>
   </div>
   <div class='ocr_carea' id='block_1_2' title="bbox 345 596 3593 687">
    <p class='ocr_par' dir='ltr' id='par_1_2' title="bbox 345 596 3593 687">
     <span class='ocr_line' id='line_1_2' title="bbox 345 596 3593 687; baseline -0.005 -20"><span class='ocrx_word' id='word_1_6' title='bbox 345 627 621 685; x_wconf 83' lang='lat' dir='ltr'><strong>nunquam</strong></span> <span class='ocrx_word' id='word_1_7' title='bbox 671 614 817 684; x_wconf 81' lang='lat' dir='ltr'><strong>peri</strong></span> <span class='ocrx_word' id='word_1_8' title='bbox 855 613 1076 687; x_wconf 81' lang='lat' dir='ltr'><strong>legitur,</strong></span> <span class='ocrx_word' id='word_1_9' title='bbox 1132 610 1228 669; x_wconf 84' lang='lat' dir='ltr'><strong>sed</strong></span> <span class='ocrx_word' id='word_1_10' title='bbox 1261 607 1601 680; x_wconf 76' lang='lat' dir='ltr'><strong>frequentius</strong></span> <span class='ocrx_word' id='word_1_11' title='bbox 1642 621 1738 678; x_wconf 82' lang='lat' dir='ltr'><strong>per</strong></span> <span class='ocrx_word' id='word_1_12' title='bbox 1783 620 1812 658; x_wconf 74' lang='grc' dir='ltr'><strong><em>ε</em></strong></span> <span class='ocrx_word' id='word_1_13' title='bbox 1860 612 1920 659; x_wconf 89' lang='lat' dir='ltr'><strong>ut</strong></span> <span class='ocrx_word' id='word_1_14' title='bbox 1948 606 1996 664; x_wconf 79' lang='grc' dir='ltr'><strong>Δ</strong></span> <span class='ocrx_word' id='word_1_15' title='bbox 2025 609 2350 671; x_wconf 88' lang='lat' dir='ltr'><strong>temporum,</strong></span> <span class='ocrx_word' id='word_1_16' title='bbox 2382 599 2603 657; x_wconf 85' lang='lat' dir='ltr'><strong>inducta</strong></span> <span class='ocrx_word' id='word_1_17' title='bbox 2637 598 2812 656; x_wconf 85' lang='lat' dir='ltr'><strong>fuisse</strong></span> <span class='ocrx_word' id='word_1_18' title='bbox 2854 597 3125 669; x_wconf 88' lang='lat' dir='ltr'><strong>suspicari</strong></span> <span class='ocrx_word' id='word_1_19' title='bbox 3173 596 3256 654; x_wconf 79' lang='lat' dir='ltr'><strong>fas</strong></span> <span class='ocrx_word' id='word_1_20' title='bbox 3287 604 3393 666; x_wconf 90' lang='lat' dir='ltr'><strong>est,</strong></span> <span class='ocrx_word' id='word_1_21' title='bbox 3424 612 3593 668; x_wconf 82' lang='lat' dir='ltr'><strong>quare</strong></span> 
     </span>
    </p>
   </div>
   <div class='ocr_carea' id='block_1_3' title="bbox 344 695 1917 790">
    <p class='ocr_par' dir='ltr' id='par_1_3' title="bbox 344 695 1917 790">
     <span class='ocr_line' id='line_1_3' title="bbox 344 695 1917 790; baseline -0.006 -32"><span class='ocrx_word' id='word_1_22' title='bbox 344 700 481 758; x_wconf 85' lang='lat' dir='ltr'><strong>Gen.</strong></span> <span class='ocrx_word' id='word_1_23' title='bbox 520 718 580 769; x_wconf 91' lang='lat' dir='ltr'><strong>ll,</strong></span> <span class='ocrx_word' id='word_1_24' title='bbox 605 701 661 768; x_wconf 91' lang='lat'><strong>8,</strong></span> <span class='ocrx_word' id='word_1_25' title='bbox 908 704 1135 760; x_wconf 84' lang='lat' dir='ltr'><strong>Massor.</strong></span> <span class='ocrx_word' id='word_1_26' title='bbox 1173 701 1479 762; x_wconf 80' lang='lat' dir='ltr'><strong>mikkedem,</strong></span> <span class='ocrx_word' id='word_1_27' title='bbox 1517 699 1614 763; x_wconf 82' lang='lat' dir='ltr'><strong>illi,</strong></span> <span class='ocrx_word' id='word_1_28' title='bbox 1657 695 1917 769; x_wconf 83' lang='grc' dir='ltr'>μεκεδέμ.</span> 
     </span>
    </p>
   </div>
   <div class='ocr_carea' id='block_1_4' title="bbox 346 778 1920 866">
    <p class='ocr_par' dir='ltr' id='par_1_4' title="bbox 346 778 1920 866">
     <span class='ocr_line' id='line_1_4' title="bbox 346 778 1920 866; baseline -0.004 -17"><span class='ocrx_word' id='word_1_29' title='bbox 346 792 514 851; x_wconf 81' lang='lat' dir='ltr'><strong>Levit.</strong></span> <span class='ocrx_word' id='word_1_30' title='bbox 547 811 648 863; x_wconf 86' lang='lat' dir='ltr'><strong>vn,</strong></span> <span class='ocrx_word' id='word_1_31' title='bbox 695 778 785 861; x_wconf 64' lang='lat'>18;</span> <span class='ocrx_word' id='word_1_32' title='bbox 1026 794 1339 852; x_wconf 74' lang='lat' dir='ltr'><strong>Massoretze</strong></span> <span class='ocrx_word' id='word_1_33' title='bbox 1382 790 1646 862; x_wconf 70' lang='lat' dir='ltr'><strong>Plriggoul</strong></span> <span class='ocrx_word' id='word_1_34' title='bbox 1698 791 1920 853; x_wconf 78' lang='lat' dir='ltr'><strong>habent,</strong></span> 
     </span>
    </p>
   </div>
   <div class='ocr_carea' id='block_1_5' title="bbox 344 881 1919 957">
    <p class='ocr_par' dir='ltr' id='par_1_5' title="bbox 344 881 1919 957">
     <span class='ocr_line' id='line_1_5' title="bbox 344 881 1919 957; baseline -0.005 -17"><span class='ocrx_word' id='word_1_35' title='bbox 344 885 645 941; x_wconf 81' lang='lat' dir='ltr'><strong>Theodotio</strong></span> <span class='ocrx_word' id='word_1_36' title='bbox 672 898 852 942; x_wconf 88' lang='lat' dir='ltr'><strong>autem</strong></span> <span class='ocrx_word' id='word_1_37' title='bbox 881 887 1119 957; x_wconf 78' lang='grc' dir='ltr'><strong>φεγγοὺλ</strong></span> <span class='ocrx_word' id='word_1_38' title='bbox 1157 887 1239 940; x_wconf 85' lang='lat' dir='ltr'><strong>vel</strong></span> <span class='ocrx_word' id='word_1_39' title='bbox 1270 885 1508 956; x_wconf 81' lang='grc' dir='ltr'><strong>φεγγὼλ.</strong></span> <span class='ocrx_word' id='word_1_40' title='bbox 1542 883 1688 938; x_wconf 86' lang='lat' dir='ltr'><strong>Psal.</strong></span> <span class='ocrx_word' id='word_1_41' title='bbox 1724 898 1800 946; x_wconf 82' lang='lat' dir='ltr'><strong>Ix,</strong></span> <span class='ocrx_word' id='word_1_42' title='bbox 1832 881 1919 947; x_wconf 80' lang='lat' dir='ltr'><strong>l7,</strong></span> 
     </span>
    </p>
   </div>
   <div class='ocr_carea' id='block_1_6' title="bbox 339 975 1921 1061">
    <p class='ocr_par' dir='ltr' id='par_1_6' title="bbox 339 975 1921 1061">
     <span class='ocr_line' id='line_1_6' title="bbox 339 975 1921 1061; baseline -0.006 -25"><span class='ocrx_word' id='word_1_43' title='bbox 339 987 498 1061; x_wconf 57' lang='lat' dir='ltr'><strong>317m,</strong></span> <span class='ocrx_word' id='word_1_44' title='bbox 544 977 858 1034; x_wconf 66' lang='lat' dir='ltr'><strong>Massoretzc</strong></span> <span class='ocrx_word' id='word_1_45' title='bbox 887 980 1156 1049; x_wconf 79' lang='lat' dir='ltr'><strong>higgaion,</strong></span> <span class='ocrx_word' id='word_1_46' title='bbox 1209 979 1286 1032; x_wconf 89' lang='lat' dir='ltr'><strong>illi</strong></span> <span class='ocrx_word' id='word_1_47' title='bbox 1334 976 1569 1047; x_wconf 82' lang='grc' dir='ltr'><strong>ὲγγαὼν.</strong></span> <span class='ocrx_word' id='word_1_48' title='bbox 1615 975 1758 1031; x_wconf 85' lang='lat' dir='ltr'><strong>Psal.</strong></span> <span class='ocrx_word' id='word_1_49' title='bbox 1808 989 1921 1041; x_wconf 83' lang='lat' dir='ltr'><strong>Ctx,</strong></span> 
     </span>
    </p>
   </div>
   <div class='ocr_carea' id='block_1_7' title="bbox 337 1069 1918 1143">
    <p class='ocr_par' dir='ltr' id='par_1_7' title="bbox 337 1069 1918 1143">
     <span class='ocr_line' id='line_1_7' title="bbox 337 1069 1918 1143; baseline -0.001 -18"><span class='ocrx_word' id='word_1_50' title='bbox 337 1079 544 1136; x_wconf 68' lang='grc' dir='ltr'><strong>ἾΠὶΰὩ,</strong></span> <span class='ocrx_word' id='word_1_51' title='bbox 571 1069 800 1129; x_wconf 76' lang='lat' dir='ltr'><strong>Massor.</strong></span> <span class='ocrx_word' id='word_1_52' title='bbox 819 1070 1145 1136; x_wconf 74' lang='lat' dir='ltr'><strong>Miscltltltar,</strong></span> <span class='ocrx_word' id='word_1_53' title='bbox 1170 1071 1266 1135; x_wconf 85' lang='lat' dir='ltr'><strong>illi,</strong></span> <span class='ocrx_word' id='word_1_54' title='bbox 1289 1070 1559 1143; x_wconf 76' lang='grc' dir='ltr'><strong>μεσσαάρ.</strong></span> <span class='ocrx_word' id='word_1_55' title='bbox 1581 1070 1724 1124; x_wconf 83' lang='lat' dir='ltr'><strong>Psal.</strong></span> <span class='ocrx_word' id='word_1_56' title='bbox 1749 1084 1918 1131; x_wconf 64' lang='grc' dir='ltr'><strong>ωιτη,</strong></span> 
     </span>
    </p>
   </div>
   <div class='ocr_carea' id='block_1_8' title="bbox 337 1156 1920 1231">
    <p class='ocr_par' dir='ltr' id='par_1_8' title="bbox 337 1156 1920 1231">
     <span class='ocr_line' id='line_1_8' title="bbox 337 1156 1920 1231; baseline -0.003 -13"><span class='ocrx_word' id='word_1_57' title='bbox 337 1156 429 1210; x_wconf 65' lang='grc'><strong>27.</strong></span> <span class='ocrx_word' id='word_1_58' title='bbox 475 1166 642 1226; x_wconf 68' lang='grc' dir='ltr'>ῚἾΣΝ,</span> <span class='ocrx_word' id='word_1_59' title='bbox 691 1159 917 1215; x_wconf 83' lang='lat' dir='ltr'><strong>Massor.</strong></span> <span class='ocrx_word' id='word_1_60' title='bbox 961 1161 1127 1223; x_wconf 76' lang='lat' dir='ltr'><strong>isrou,</strong></span> <span class='ocrx_word' id='word_1_61' title='bbox 1188 1161 1288 1226; x_wconf 89' lang='lat' dir='ltr'><strong>illi,</strong></span> <span class='ocrx_word' id='word_1_62' title='bbox 1343 1160 1527 1231; x_wconf 73' lang='grc' dir='ltr'><strong>ὲςρού.</strong></span> <span class='ocrx_word' id='word_1_63' title='bbox 1578 1160 1704 1215; x_wconf 71' lang='lat' dir='ltr'><strong>lsai.</strong></span> <span class='ocrx_word' id='word_1_64' title='bbox 1749 1175 1827 1223; x_wconf 82' lang='lat' dir='ltr'><strong>Ix,</strong></span> <span class='ocrx_word' id='word_1_65' title='bbox 1863 1160 1920 1225; x_wconf 85' lang='lat'><strong>5,</strong></span> 
     </span>
    </p>
   </div>
   <div class='ocr_carea' id='block_1_9' title="bbox 339 1245 1919 1325">
    <p class='ocr_par' dir='ltr' id='par_1_9' title="bbox 339 1245 1919 1325">
     <span class='ocr_line' id='line_1_9' title="bbox 339 1245 1919 1325; baseline 0.008 -27"><span class='ocrx_word' id='word_1_66' title='bbox 339 1245 578 1313; x_wconf 80' lang='lat' dir='ltr'><strong>Massor,</strong></span> <span class='ocrx_word' id='word_1_67' title='bbox 613 1250 866 1320; x_wconf 84' lang='lat' dir='ltr'><strong>ghibbor;</strong></span> <span class='ocrx_word' id='word_1_68' title='bbox 896 1253 993 1317; x_wconf 90' lang='lat' dir='ltr'><strong>illi,</strong></span> <span class='ocrx_word' id='word_1_69' title='bbox 1033 1251 1233 1325; x_wconf 76' lang='grc' dir='ltr'><strong>γεϐὠρ.</strong></span> <span class='ocrx_word' id='word_1_70' title='bbox 1269 1252 1407 1307; x_wconf 87' lang='lat' dir='ltr'><strong>Osce</strong></span> <span class='ocrx_word' id='word_1_71' title='bbox 1445 1267 1520 1317; x_wconf 73' lang='lat' dir='ltr'><strong>x1,</strong></span> <span class='ocrx_word' id='word_1_72' title='bbox 1566 1252 1621 1318; x_wconf 80' lang='grc'><strong>1,</strong></span> <span class='ocrx_word' id='word_1_73' title='bbox 1649 1258 1919 1317; x_wconf 58' lang='lat' dir='ltr'>DHYDD.</span> 
     </span>
    </p>
   </div>
   <div class='ocr_carea' id='block_1_10' title="bbox 338 1337 1923 1416">
    <p class='ocr_par' dir='ltr' id='par_1_10' title="bbox 338 1337 1923 1416">
     <span class='ocr_line' id='line_1_10' title="bbox 338 1337 1923 1416; baseline 0.003 -23"><span class='ocrx_word' id='word_1_74' title='bbox 338 1337 577 1395; x_wconf 80' lang='lat' dir='ltr'><strong>Massor.</strong></span> <span class='ocrx_word' id='word_1_75' title='bbox 611 1343 1022 1397; x_wconf 77' lang='lat' dir='ltr'><strong>mintmitsraim.</strong></span> <span class='ocrx_word' id='word_1_76' title='bbox 1062 1342 1164 1407; x_wconf 86' lang='lat' dir='ltr'><strong>illi,</strong></span> <span class='ocrx_word' id='word_1_77' title='bbox 1210 1343 1592 1416; x_wconf 81' lang='grc' dir='ltr'><strong>μεμμεσραίμ.</strong></span> <span class='ocrx_word' id='word_1_78' title='bbox 1642 1342 1923 1399; x_wconf 72' lang='lat' dir='ltr'><strong>Malachia:</strong></span> 
     </span>
    </p>
   </div>
   <div class='ocr_carea' id='block_1_11' title="bbox 343 1433 1669 1508">
    <p class='ocr_par' dir='ltr' id='par_1_11' title="bbox 343 1433 1669 1508">
     <span class='ocr_line' id='line_1_11' title="bbox 343 1433 1669 1508; baseline 0.005 -24"><span class='ocrx_word' id='word_1_79' title='bbox 343 1443 408 1495; x_wconf 87' lang='lat' dir='ltr'><strong>ll,</strong></span> <span class='ocrx_word' id='word_1_80' title='bbox 439 1433 528 1499; x_wconf 76' lang='lat' dir='ltr'><strong>l3,</strong></span> <span class='ocrx_word' id='word_1_81' title='bbox 551 1442 729 1501; x_wconf 71' lang='lat' dir='ltr'><strong>mm,</strong></span> <span class='ocrx_word' id='word_1_82' title='bbox 761 1433 1093 1503; x_wconf 75' lang='lat' dir='ltr'><strong>Massorctzc,</strong></span> <span class='ocrx_word' id='word_1_83' title='bbox 1128 1437 1346 1501; x_wconf 73' lang='lat' dir='ltr'><strong>dimali;</strong></span> <span class='ocrx_word' id='word_1_84' title='bbox 1378 1436 1476 1503; x_wconf 85' lang='lat' dir='ltr'><strong>illi,</strong></span> <span class='ocrx_word' id='word_1_85' title='bbox 1510 1435 1669 1508; x_wconf 69' lang='grc' dir='ltr'><strong>δεμὲ.</strong></span> 
     </span>
    </p>
   </div>
   <div class='ocr_carea' id='block_1_12' title="bbox 418 1548 1922 1641">
    <p class='ocr_par' dir='ltr' id='par_1_12' title="bbox 418 1548 1922 1641">
     <span class='ocr_line' id='line_1_12' title="bbox 418 1548 1922 1641; baseline 0.002 -18"><span class='ocrx_word' id='word_1_86' title='bbox 418 1566 652 1636; x_wconf 83' lang='lat' dir='ltr'><strong>Quando</strong></span> <span class='ocrx_word' id='word_1_87' title='bbox 691 1571 873 1641; x_wconf 86' lang='lat' dir='ltr'><strong>hhiriq</strong></span> <span class='ocrx_word' id='word_1_88' title='bbox 921 1586 1151 1641; x_wconf 78' lang='lat' dir='ltr'><strong>parvum</strong></span> <span class='ocrx_word' id='word_1_89' title='bbox 1201 1571 1350 1641; x_wconf 88' lang='lat' dir='ltr'><strong>jacet</strong></span> <span class='ocrx_word' id='word_1_90' title='bbox 1400 1579 1525 1640; x_wconf 89' lang='lat' dir='ltr'><strong>post</strong></span> <span class='ocrx_word' id='word_1_91' title='bbox 1571 1548 1625 1634; x_wconf 77' lang='grc' dir='ltr'><strong>ἁ,</strong></span> <span class='ocrx_word' id='word_1_92' title='bbox 1676 1570 1922 1626; x_wconf 80' lang='lat' dir='ltr'><strong>vocalem</strong></span> 
     </span>
    </p>
   </div>
   <div class='ocr_carea' id='block_1_13' title="bbox 346 1661 1924 1734">
    <p class='ocr_par' dir='ltr' id='par_1_13' title="bbox 346 1661 1924 1734">
     <span class='ocr_line' id='line_1_13' title="bbox 346 1661 1924 1734; baseline 0.003 -18"><span class='ocrx_word' id='word_1_93' title='bbox 346 1668 479 1717; x_wconf 82' lang='lat' dir='ltr'><strong>tunc</strong></span> <span class='ocrx_word' id='word_1_94' title='bbox 507 1677 653 1731; x_wconf 88' lang='lat' dir='ltr'><strong>pera</strong></span> <span class='ocrx_word' id='word_1_95' title='bbox 679 1665 1008 1733; x_wconf 77' lang='lat' dir='ltr'><strong>exprimunt.</strong></span> <span class='ocrx_word' id='word_1_96' title='bbox 1040 1664 1082 1717; x_wconf 93' lang='lat' dir='ltr'><strong>ll</strong></span> <span class='ocrx_word' id='word_1_97' title='bbox 1117 1663 1250 1734; x_wconf 77' lang='lat' dir='ltr'><strong>Reg.</strong></span> <span class='ocrx_word' id='word_1_98' title='bbox 1286 1678 1423 1729; x_wconf 77' lang='lat' dir='ltr'><strong>xvn,</strong></span> <span class='ocrx_word' id='word_1_99' title='bbox 1451 1663 1539 1730; x_wconf 76' lang='lat' dir='ltr'><strong>l9,</strong></span> <span class='ocrx_word' id='word_1_100' title='bbox 1558 1670 1760 1733; x_wconf 64' lang='lat' dir='ltr'><strong>rma-:1,</strong></span> <span class='ocrx_word' id='word_1_101' title='bbox 1780 1661 1924 1720; x_wconf 85' lang='lat' dir='ltr'><strong>Mas-</strong></span> 
     </span>
    </p>
   </div>
   <div class='ocr_carea' id='block_1_14' title="bbox 346 1754 1218 1829">
    <p class='ocr_par' dir='ltr' id='par_1_14' title="bbox 346 1754 1218 1829">
     <span class='ocr_line' id='line_1_14' title="bbox 346 1754 1218 1829; baseline 0.001 -19"><span class='ocrx_word' id='word_1_102' title='bbox 346 1769 461 1811; x_wconf 72' lang='lat' dir='ltr'><strong>Ior.</strong></span> <span class='ocrx_word' id='word_1_103' title='bbox 495 1754 812 1825; x_wconf 81' lang='lat' dir='ltr'><strong>hariphotlt;</strong></span> <span class='ocrx_word' id='word_1_104' title='bbox 842 1757 939 1823; x_wconf 87' lang='lat' dir='ltr'><strong>illi,</strong></span> <span class='ocrx_word' id='word_1_105' title='bbox 964 1754 1218 1829; x_wconf 74' lang='grc' dir='ltr'><strong>ἁραςρὼθ.</strong></span> 
     </span>
    </p>
   </div>
   <div class='ocr_carea' id='block_1_15' title="bbox 2022 689 3354 764">
    <p class='ocr_par' dir='ltr' id='par_1_15' title="bbox 2022 689 3354 764">
     <span class='ocr_line' id='line_1_15' title="bbox 2022 689 3354 764; baseline -0.002 -17"><span class='ocrx_word' id='word_1_106' title='bbox 2022 704 2362 764; x_wconf 84' lang='lat' dir='ltr'><strong>percptarem</strong></span> <span class='ocrx_word' id='word_1_107' title='bbox 2397 701 2457 746; x_wconf 91' lang='lat' dir='ltr'><strong>ut</strong></span> <span class='ocrx_word' id='word_1_108' title='bbox 2489 694 2606 747; x_wconf 65' lang='lat' dir='ltr'><strong>hate</strong></span> <span class='ocrx_word' id='word_1_109' title='bbox 2634 707 2759 747; x_wconf 90' lang='lat' dir='ltr'><strong>cum</strong></span> <span class='ocrx_word' id='word_1_110' title='bbox 2794 706 2930 748; x_wconf 88' lang='lat' dir='ltr'><strong>mss.</strong></span> <span class='ocrx_word' id='word_1_111' title='bbox 2958 689 3354 746; x_wconf 75' lang='lat' dir='ltr'><strong>conferrentur.</strong></span> 
     </span>
    </p>
   </div>
   <div class='ocr_carea' id='block_1_16' title="bbox 2091 782 3593 849">
    <p class='ocr_par' dir='ltr' id='par_1_16' title="bbox 2091 782 3593 849">
     <span class='ocr_line' id='line_1_16' title="bbox 2091 782 3593 849; baseline -0.005 -8"><span class='ocrx_word' id='word_1_112' title='bbox 2091 786 2250 841; x_wconf 85' lang='lat' dir='ltr'><strong>Circa</strong></span> <span class='ocrx_word' id='word_1_113' title='bbox 2278 786 2510 840; x_wconf 86' lang='lat' dir='ltr'><strong>litteram</strong></span> <span class='ocrx_word' id='word_1_114' title='bbox 2554 786 2845 849; x_wconf 71' lang='lat' dir='ltr'><strong>1hholem,</strong></span> <span class='ocrx_word' id='word_1_115' title='bbox 2881 783 3115 839; x_wconf 76' lang='lat' dir='ltr'><strong>schurek</strong></span> <span class='ocrx_word' id='word_1_116' title='bbox 3161 792 3214 837; x_wconf 91' lang='lat' dir='ltr'><strong>et</strong></span> <span class='ocrx_word' id='word_1_117' title='bbox 3256 782 3593 838; x_wconf 83' lang='lat' dir='ltr'><strong>cametshba-</strong></span> 
     </span>
    </p>
   </div>
   <div class='ocr_carea' id='block_1_17' title="bbox 2024 875 3596 946">
    <p class='ocr_par' dir='ltr' id='par_1_17' title="bbox 2024 875 3596 946">
     <span class='ocr_line' id='line_1_17' title="bbox 2024 875 3596 946; baseline -0.003 -14"><span class='ocrx_word' id='word_1_118' title='bbox 2024 877 2155 946; x_wconf 89' lang='lat' dir='ltr'><strong>tuph</strong></span> <span class='ocrx_word' id='word_1_119' title='bbox 2195 878 2309 931; x_wconf 71' lang='lat' dir='ltr'><strong>hrcc</strong></span> <span class='ocrx_word' id='word_1_120' title='bbox 2336 878 2768 933; x_wconf 81' lang='lat' dir='ltr'><strong>observavimus.</strong></span> <span class='ocrx_word' id='word_1_121' title='bbox 2817 885 2840 936; x_wconf 74' lang='grc' dir='ltr'><strong>’ί</strong></span> <span class='ocrx_word' id='word_1_122' title='bbox 2883 876 3088 930; x_wconf 84' lang='lat' dir='ltr'><strong>initiale</strong></span> <span class='ocrx_word' id='word_1_123' title='bbox 3119 875 3433 929; x_wconf 88' lang='lat' dir='ltr'><strong>scbevatum</strong></span> <span class='ocrx_word' id='word_1_124' title='bbox 3465 888 3596 944; x_wconf 82' lang='lat' dir='ltr'><strong>per-</strong></span> 
     </span>
    </p>
   </div>
   <div class='ocr_carea' id='block_1_18' title="bbox 2022 966 3667 1038">
    <p class='ocr_par' dir='ltr' id='par_1_18' title="bbox 2022 966 3667 1038">
     <span class='ocr_line' id='line_1_18' title="bbox 2022 966 3667 1038; baseline -0.004 -15"><span class='ocrx_word' id='word_1_125' title='bbox 2022 968 2147 1023; x_wconf 86' lang='lat' dir='ltr'><strong>inde</strong></span> <span class='ocrx_word' id='word_1_126' title='bbox 2197 978 2360 1038; x_wconf 83' lang='lat' dir='ltr'><strong>atque</strong></span> <span class='ocrx_word' id='word_1_127' title='bbox 2407 969 2673 1023; x_wconf 88' lang='lat' dir='ltr'><strong>schourcc</strong></span> <span class='ocrx_word' id='word_1_128' title='bbox 2702 968 2879 1023; x_wconf 88' lang='lat' dir='ltr'><strong>solent</strong></span> <span class='ocrx_word' id='word_1_129' title='bbox 2906 982 2999 1036; x_wconf 89' lang='lat' dir='ltr'><strong>per</strong></span> <span class='ocrx_word' id='word_1_130' title='bbox 3027 966 3087 1019; x_wconf 79' lang='grc' dir='ltr'><strong>οὐ</strong></span> <span class='ocrx_word' id='word_1_131' title='bbox 3136 966 3459 1035; x_wconf 77' lang='lat' dir='ltr'><strong>exprimere,</strong></span> <span class='ocrx_word' id='word_1_132' title='bbox 3499 979 3596 1018; x_wconf 84' lang='lat' dir='ltr'><strong>ne-</strong></span> <span class='ocrx_word' id='word_1_133' title='bbox 3652 1008 3667 1031; x_wconf 26' lang='grc' dir='ltr'><strong>,κ</strong></span> 
     </span>
    </p>
   </div>
   <div class='ocr_carea' id='block_1_19' title="bbox 2022 1058 3597 1132">
    <p class='ocr_par' dir='ltr' id='par_1_19' title="bbox 2022 1058 3597 1132">
     <span class='ocr_line' id='line_1_19' title="bbox 2022 1058 3597 1132; baseline 0 -18"><span class='ocrx_word' id='word_1_134' title='bbox 2022 1062 2201 1132; x_wconf 80' lang='lat' dir='ltr'><strong>glccto</strong></span> <span class='ocrx_word' id='word_1_135' title='bbox 2235 1062 2434 1116; x_wconf 82' lang='lat' dir='ltr'><strong>scheva</strong></span> <span class='ocrx_word' id='word_1_136' title='bbox 2460 1061 2743 1115; x_wconf 86' lang='lat' dir='ltr'><strong>hodierno.</strong></span> <span class='ocrx_word' id='word_1_137' title='bbox 2772 1059 2863 1115; x_wconf 87' lang='lat' dir='ltr'><strong>Sic</strong></span> <span class='ocrx_word' id='word_1_138' title='bbox 2884 1058 3096 1129; x_wconf 86' lang='lat' dir='ltr'><strong>psalmo</strong></span> <span class='ocrx_word' id='word_1_139' title='bbox 3126 1075 3315 1125; x_wconf 76' lang='lat' dir='ltr'><strong>vant,</strong></span> <span class='ocrx_word' id='word_1_140' title='bbox 3339 1061 3392 1124; x_wconf 71' lang='grc'><strong>4,</strong></span> <span class='ocrx_word' id='word_1_141' title='bbox 3420 1068 3597 1121; x_wconf 78' lang='lat' dir='ltr'><strong>mzm,</strong></span> 
     </span>
    </p>
   </div>
   <div class='ocr_carea' id='block_1_20' title="bbox 2022 1151 3597 1223">
    <p class='ocr_par' dir='ltr' id='par_1_20' title="bbox 2022 1151 3597 1223">
     <span class='ocr_line' id='line_1_20' title="bbox 2022 1151 3597 1223; baseline -0.001 -17"><span class='ocrx_word' id='word_1_142' title='bbox 2022 1151 2353 1218; x_wconf 74' lang='lat' dir='ltr'><strong>Massoretze,</strong></span> <span class='ocrx_word' id='word_1_143' title='bbox 2378 1153 2666 1223; x_wconf 82' lang='lat' dir='ltr'><strong>vehagulh;</strong></span> <span class='ocrx_word' id='word_1_144' title='bbox 2702 1153 2779 1207; x_wconf 87' lang='lat' dir='ltr'><strong>illi</strong></span> <span class='ocrx_word' id='word_1_145' title='bbox 2808 1151 3021 1221; x_wconf 78' lang='grc' dir='ltr'><strong>οὐαγίθ,</strong></span> <span class='ocrx_word' id='word_1_146' title='bbox 3056 1160 3077 1199; x_wconf 71' lang='grc' dir='ltr'><strong>ν</strong></span> <span class='ocrx_word' id='word_1_147' title='bbox 3110 1167 3206 1222; x_wconf 88' lang='lat' dir='ltr'><strong>pro</strong></span> <span class='ocrx_word' id='word_1_148' title='bbox 3231 1160 3254 1211; x_wconf 81' lang='grc' dir='ltr'>ἰ</span> <span class='ocrx_word' id='word_1_149' title='bbox 3281 1162 3338 1206; x_wconf 82' lang='grc' dir='ltr'><strong>ιιι</strong></span> <span class='ocrx_word' id='word_1_150' title='bbox 3372 1165 3481 1206; x_wconf 90' lang='lat' dir='ltr'><strong>non</strong></span> <span class='ocrx_word' id='word_1_151' title='bbox 3514 1151 3597 1206; x_wconf 89' lang='lat' dir='ltr'><strong>in-</strong></span> 
     </span>
    </p>
   </div>
   <div class='ocr_carea' id='block_1_21' title="bbox 2022 1242 3596 1315">
    <p class='ocr_par' dir='ltr' id='par_1_21' title="bbox 2022 1242 3596 1315">
     <span class='ocr_line' id='line_1_21' title="bbox 2022 1242 3596 1315; baseline -0.002 -15"><span class='ocrx_word' id='word_1_152' title='bbox 2022 1245 2337 1315; x_wconf 80' lang='lat' dir='ltr'><strong>frequentcr</strong></span> <span class='ocrx_word' id='word_1_153' title='bbox 2395 1245 2610 1299; x_wconf 86' lang='lat' dir='ltr'><strong>accidit.</strong></span> <span class='ocrx_word' id='word_1_154' title='bbox 2670 1243 2797 1299; x_wconf 85' lang='lat' dir='ltr'><strong>lsai.</strong></span> <span class='ocrx_word' id='word_1_155' title='bbox 2853 1261 3004 1310; x_wconf 79' lang='lat' dir='ltr'><strong>xxvi,</strong></span> <span class='ocrx_word' id='word_1_156' title='bbox 3053 1244 3110 1307; x_wconf 72' lang='lat'><strong>2,</strong></span> <span class='ocrx_word' id='word_1_157' title='bbox 3163 1251 3305 1308; x_wconf 54' lang='lat'><strong>32,1,</strong></span> <span class='ocrx_word' id='word_1_158' title='bbox 3362 1242 3596 1299; x_wconf 84' lang='lat' dir='ltr'><strong>Massor.</strong></span> 
     </span>
    </p>
   </div>
   <div class='ocr_carea' id='block_1_22' title="bbox 2021 1332 3597 1403">
    <p class='ocr_par' dir='ltr' id='par_1_22' title="bbox 2021 1332 3597 1403">
     <span class='ocr_line' id='line_1_22' title="bbox 2021 1332 3597 1403; baseline -0.001 -11"><span class='ocrx_word' id='word_1_159' title='bbox 2021 1338 2247 1402; x_wconf 81' lang='lat' dir='ltr'><strong>veiabo;</strong></span> <span class='ocrx_word' id='word_1_160' title='bbox 2275 1337 2374 1403; x_wconf 89' lang='lat' dir='ltr'><strong>illi,</strong></span> <span class='ocrx_word' id='word_1_161' title='bbox 2406 1335 2629 1390; x_wconf 72' lang='grc' dir='ltr'><strong>οὑιαϐὡ.</strong></span> <span class='ocrx_word' id='word_1_162' title='bbox 2662 1335 2942 1391; x_wconf 72' lang='lat' dir='ltr'><strong>Malacltim</strong></span> <span class='ocrx_word' id='word_1_163' title='bbox 2972 1352 3033 1400; x_wconf 83' lang='grc' dir='ltr'><strong>ιι,</strong></span> <span class='ocrx_word' id='word_1_164' title='bbox 3074 1335 3163 1400; x_wconf 78' lang='grc'><strong>15,</strong></span> <span class='ocrx_word' id='word_1_165' title='bbox 3200 1343 3334 1394; x_wconf 77' lang='lat' dir='ltr'><strong>mm</strong></span> <span class='ocrx_word' id='word_1_166' title='bbox 3365 1332 3597 1390; x_wconf 82' lang='lat' dir='ltr'><strong>Massor.</strong></span> 
     </span>
    </p>
   </div>
   <div class='ocr_carea' id='block_1_23' title="bbox 2021 1412 3600 1517">
    <p class='ocr_par' dir='ltr' id='par_1_23' title="bbox 2021 1412 3600 1517">
     <span class='ocr_line' id='line_1_23' title="bbox 2021 1412 3600 1517; baseline -0.004 -31"><span class='ocrx_word' id='word_1_167' title='bbox 2021 1432 2235 1497; x_wconf 75' lang='lat' dir='ltr'><strong>mam,-</strong></span> <span class='ocrx_word' id='word_1_168' title='bbox 2298 1431 2413 1497; x_wconf 91' lang='lat' dir='ltr'><strong>illi,</strong></span> <span class='ocrx_word' id='word_1_169' title='bbox 2473 1428 2668 1494; x_wconf 80' lang='grc' dir='ltr'>οὐζώο.</span> <span class='ocrx_word' id='word_1_170' title='bbox 2727 1428 2863 1485; x_wconf 90' lang='lat' dir='ltr'><strong>lbid.</strong></span> <span class='ocrx_word' id='word_1_171' title='bbox 2918 1412 3133 1517; x_wconf 55' lang='lat' dir='ltr'><strong>mpsu,</strong></span> <span class='ocrx_word' id='word_1_172' title='bbox 3185 1425 3417 1484; x_wconf 72' lang='lat' dir='ltr'><strong>Massor.</strong></span> <span class='ocrx_word' id='word_1_173' title='bbox 3457 1426 3600 1483; x_wconf 76' lang='lat' dir='ltr'><strong>veta-</strong></span> 
     </span>
    </p>
   </div>
   <div class='ocr_carea' id='block_1_24' title="bbox 2021 1519 2689 1588">
    <p class='ocr_par' dir='ltr' id='par_1_24' title="bbox 2021 1519 2689 1588">
     <span class='ocr_line' id='line_1_24' title="bbox 2021 1519 2689 1588; baseline -0.004 -12"><span class='ocrx_word' id='word_1_174' title='bbox 2021 1522 2249 1577; x_wconf 72' lang='lat' dir='ltr'><strong>kalthatlt</strong></span> <span class='ocrx_word' id='word_1_175' title='bbox 2270 1539 2288 1587; x_wconf 83' lang='lat'><strong>,&#39;</strong></span> <span class='ocrx_word' id='word_1_176' title='bbox 2313 1522 2411 1588; x_wconf 86' lang='lat' dir='ltr'><strong>illi,</strong></span> <span class='ocrx_word' id='word_1_177' title='bbox 2442 1519 2689 1575; x_wconf 77' lang='grc' dir='ltr'><strong>οὑλακέθ.</strong></span> 
     </span>
    </p>
   </div>
   <div class='ocr_carea' id='block_1_25' title="bbox 2092 1605 3602 1683">
    <p class='ocr_par' dir='ltr' id='par_1_25' title="bbox 2092 1605 3602 1683">
     <span class='ocr_line' id='line_1_25' title="bbox 2092 1605 3602 1683; baseline -0.003 -15"><span class='ocrx_word' id='word_1_178' title='bbox 2092 1614 2319 1669; x_wconf 81' lang='lat' dir='ltr'><strong>Etiamsi</strong></span> <span class='ocrx_word' id='word_1_179' title='bbox 2356 1623 2541 1675; x_wconf 77' lang='lat' dir='ltr'><strong>vero&#39;l</strong></span> <span class='ocrx_word' id='word_1_180' title='bbox 2578 1612 2805 1678; x_wconf 87' lang='lat' dir='ltr'><strong>initiale,</strong></span> <span class='ocrx_word' id='word_1_181' title='bbox 2846 1619 3032 1683; x_wconf 84' lang='lat' dir='ltr'><strong>utpote</strong></span> <span class='ocrx_word' id='word_1_182' title='bbox 3081 1610 3461 1668; x_wconf 75' lang='lat' dir='ltr'><strong>conversivum</strong></span> <span class='ocrx_word' id='word_1_183' title='bbox 3510 1605 3602 1664; x_wconf 81' lang='lat' dir='ltr'><strong>fu-</strong></span> 
     </span>
    </p>
   </div>
   <div class='ocr_carea' id='block_1_26' title="bbox 2021 1702 3602 1777">
    <p class='ocr_par' dir='ltr' id='par_1_26' title="bbox 2021 1702 3602 1777">
     <span class='ocr_line' id='line_1_26' title="bbox 2021 1702 3602 1777; baseline -0.005 -15"><span class='ocrx_word' id='word_1_184' title='bbox 2021 1707 2128 1762; x_wconf 86' lang='lat' dir='ltr'><strong>turi</strong></span> <span class='ocrx_word' id='word_1_185' title='bbox 2165 1706 2219 1761; x_wconf 92' lang='lat' dir='ltr'><strong>in</strong></span> <span class='ocrx_word' id='word_1_186' title='bbox 2253 1706 2610 1777; x_wconf 68' lang='lat' dir='ltr'><strong>praeteritum,</strong></span> <span class='ocrx_word' id='word_1_187' title='bbox 2660 1704 3012 1761; x_wconf 88' lang='lat' dir='ltr'><strong>Massoretico</strong></span> <span class='ocrx_word' id='word_1_188' title='bbox 3060 1705 3168 1760; x_wconf 89' lang='lat' dir='ltr'><strong>ritu</strong></span> <span class='ocrx_word' id='word_1_189' title='bbox 3197 1702 3462 1759; x_wconf 72' lang='lat' dir='ltr'><strong>adiciatur</strong></span> <span class='ocrx_word' id='word_1_190' title='bbox 3503 1714 3602 1771; x_wconf 87' lang='lat' dir='ltr'><strong>pa-</strong></span> 
     </span>
    </p>
   </div>
   <div class='ocr_carea' id='block_1_27' title="bbox 2022 1794 3603 1870">
    <p class='ocr_par' dir='ltr' id='par_1_27' title="bbox 2022 1794 3603 1870">
     <span class='ocr_line' id='line_1_27' title="bbox 2022 1794 3603 1870; baseline -0.006 -15"><span class='ocrx_word' id='word_1_191' title='bbox 2022 1800 2176 1865; x_wconf 91' lang='lat' dir='ltr'><strong>tabh,</strong></span> <span class='ocrx_word' id='word_1_192' title='bbox 2210 1816 2305 1870; x_wconf 92' lang='lat' dir='ltr'><strong>per</strong></span> <span class='ocrx_word' id='word_1_193' title='bbox 2333 1817 2405 1855; x_wconf 89' lang='grc' dir='ltr'><strong>ου</strong></span> <span class='ocrx_word' id='word_1_194' title='bbox 2425 1808 2635 1854; x_wconf 88' lang='lat' dir='ltr'><strong>tantum</strong></span> <span class='ocrx_word' id='word_1_195' title='bbox 2664 1798 2908 1854; x_wconf 89' lang='lat' dir='ltr'><strong>redditur</strong></span> <span class='ocrx_word' id='word_1_196' title='bbox 2936 1798 3005 1853; x_wconf 90' lang='lat' dir='ltr'><strong>ab</strong></span> <span class='ocrx_word' id='word_1_197' title='bbox 3033 1797 3269 1868; x_wconf 86' lang='lat' dir='ltr'><strong>antiquis</strong></span> <span class='ocrx_word' id='word_1_198' title='bbox 3298 1796 3405 1851; x_wconf 87' lang='lat' dir='ltr'><strong>illis</strong></span> <span class='ocrx_word' id='word_1_199' title='bbox 3434 1794 3603 1848; x_wconf 59' lang='lat' dir='ltr'><strong>inter-</strong></span> 
     </span>
    </p>
   </div>
   <div class='ocr_carea' id='block_1_28' title="bbox 422 1884 3604 1964">
    <p class='ocr_par' dir='ltr' id='par_1_28' title="bbox 422 1884 3604 1964">
     <span class='ocr_line' id='line_1_28' title="bbox 422 1884 3604 1964; baseline -0.002 -21"><span class='ocrx_word' id='word_1_200' title='bbox 422 1884 522 1943; x_wconf 87' lang='lat' dir='ltr'><strong>Ubi</strong></span> <span class='ocrx_word' id='word_1_201' title='bbox 559 1889 859 1945; x_wconf 88' lang='lat' dir='ltr'><strong>secundum</strong></span> <span class='ocrx_word' id='word_1_202' title='bbox 880 1888 1207 1946; x_wconf 82' lang='lat' dir='ltr'><strong>Massoretas</strong></span> <span class='ocrx_word' id='word_1_203' title='bbox 1227 1888 1424 1945; x_wconf 88' lang='lat' dir='ltr'><strong>scheva</strong></span> <span class='ocrx_word' id='word_1_204' title='bbox 1454 1888 1610 1945; x_wconf 91' lang='lat' dir='ltr'><strong>initio</strong></span> <span class='ocrx_word' id='word_1_205' title='bbox 1625 1903 1921 1947; x_wconf 88' lang='lat' dir='ltr'><strong>occurrens</strong></span> <span class='ocrx_word' id='word_1_206' title='bbox 1952 1940 1999 1964; x_wconf 58' lang='grc' dir='ltr'>η</span> <span class='ocrx_word' id='word_1_207' title='bbox 2024 1893 2270 1964; x_wconf 87' lang='lat' dir='ltr'><strong>pretibus</strong></span> <span class='ocrx_word' id='word_1_208' title='bbox 2317 1906 2429 1946; x_wconf 81' lang='lat' dir='ltr'><strong>&#39;ton</strong></span> <span class='ocrx_word' id='word_1_209' title='bbox 2474 1906 2735 1961; x_wconf 75' lang='lat' dir='ltr'><strong>expresso</strong></span> <span class='ocrx_word' id='word_1_210' title='bbox 2769 1890 3007 1959; x_wconf 87' lang='lat' dir='ltr'><strong>patahh;</strong></span> <span class='ocrx_word' id='word_1_211' title='bbox 3045 1889 3127 1944; x_wconf 85' lang='lat' dir='ltr'><strong>sic</strong></span> <span class='ocrx_word' id='word_1_212' title='bbox 3170 1884 3370 1959; x_wconf 66' lang='grc' dir='ltr'>οὐσκρὰ</span> <span class='ocrx_word' id='word_1_213' title='bbox 3414 1886 3604 1955; x_wconf 84' lang='lat' dir='ltr'><strong>legunt</strong></span> 
     </span>
    </p>
   </div>
   <div class='ocr_carea' id='block_1_29' title="bbox 348 1940 1925 2073">
    <p class='ocr_par' dir='ltr' id='par_1_29' title="bbox 348 1981 1925 2054">
     <span class='ocr_line' id='line_1_29' title="bbox 348 1981 1925 2054; baseline 0.003 -20"><span class='ocrx_word' id='word_1_214' title='bbox 348 1990 474 2036; x_wconf 74' lang='lat' dir='ltr'><strong>ante</strong></span> <span class='ocrx_word' id='word_1_215' title='bbox 506 1981 654 2036; x_wconf 84' lang='lat' dir='ltr'><strong>aliud</strong></span> <span class='ocrx_word' id='word_1_216' title='bbox 687 1982 889 2038; x_wconf 89' lang='lat' dir='ltr'><strong>scheva</strong></span> <span class='ocrx_word' id='word_1_217' title='bbox 925 1992 1174 2037; x_wconf 90' lang='lat' dir='ltr'><strong>mutatur</strong></span> <span class='ocrx_word' id='word_1_218' title='bbox 1204 1983 1258 2039; x_wconf 88' lang='lat' dir='ltr'><strong>in</strong></span> <span class='ocrx_word' id='word_1_219' title='bbox 1292 1982 1472 2054; x_wconf 83' lang='lat' dir='ltr'><strong>hhiriq</strong></span> <span class='ocrx_word' id='word_1_220' title='bbox 1516 1998 1766 2053; x_wconf 89' lang='lat' dir='ltr'><strong>parvum,</strong></span> <span class='ocrx_word' id='word_1_221' title='bbox 1791 1989 1925 2039; x_wconf 92' lang='lat' dir='ltr'><strong>tunc</strong></span> 
     </span>
    </p>
   </div>
   <div class='ocr_carea' id='block_1_30' title="bbox 2026 1940 3603 2073">
    <p class='ocr_par' dir='ltr' id='par_1_30' title="bbox 2026 1940 3603 2073">
     <span class='ocr_line' id='line_1_30' title="bbox 2026 1940 3603 2073; baseline -0.008 -32"><span class='ocrx_word' id='word_1_222' title='bbox 2026 1940 2126 2058; x_wconf 57' lang='lat' dir='ltr'><strong>pro</strong></span> <span class='ocrx_word' id='word_1_223' title='bbox 2169 1993 2357 2073; x_wconf 60' lang='grc' dir='ltr'><strong>κῆρη,</strong></span> <span class='ocrx_word' id='word_1_224' title='bbox 2408 1999 2515 2038; x_wconf 92' lang='lat' dir='ltr'><strong>non</strong></span> <span class='ocrx_word' id='word_1_225' title='bbox 2547 1940 2812 2055; x_wconf 48' lang='lat' dir='ltr'><strong>robatxpil,</strong></span> <span class='ocrx_word' id='word_1_226' title='bbox 2855 1940 3114 2054; x_wconf 63' lang='grc' dir='ltr'><strong>οὐιδοίὸὴρ</strong></span> <span class='ocrx_word' id='word_1_227' title='bbox 3168 1994 3270 2051; x_wconf 89' lang='lat' dir='ltr'><strong>pro</strong></span> <span class='ocrx_word' id='word_1_228' title='bbox 3299 1940 3603 2034; x_wconf 35' lang='grc' dir='ltr'><strong>ὀὐαιεςέαϐ-</strong></span> 
     </span>
    </p>
   </div>
   <div class='ocr_carea' id='block_1_31' title="bbox 348 2074 1925 2145">
    <p class='ocr_par' dir='ltr' id='par_1_31' title="bbox 348 2074 1925 2145">
     <span class='ocr_line' id='line_1_31' title="bbox 348 2074 1925 2145; baseline 0.003 -20"><span class='ocrx_word' id='word_1_229' title='bbox 348 2081 558 2129; x_wconf 68' lang='lat' dir='ltr'><strong>veteres</strong></span> <span class='ocrx_word' id='word_1_230' title='bbox 596 2074 674 2128; x_wconf 89' lang='lat' dir='ltr'><strong>illi</strong></span> <span class='ocrx_word' id='word_1_231' title='bbox 705 2082 999 2144; x_wconf 88' lang='lat' dir='ltr'><strong>utrumque</strong></span> <span class='ocrx_word' id='word_1_232' title='bbox 1026 2076 1221 2130; x_wconf 87' lang='lat' dir='ltr'><strong>scheva</strong></span> <span class='ocrx_word' id='word_1_233' title='bbox 1257 2075 1441 2144; x_wconf 81' lang='lat' dir='ltr'><strong>legunt</strong></span> <span class='ocrx_word' id='word_1_234' title='bbox 1462 2091 1559 2145; x_wconf 85' lang='lat' dir='ltr'><strong>per</strong></span> <span class='ocrx_word' id='word_1_235' title='bbox 1581 2092 1608 2129; x_wconf 87' lang='lat' dir='ltr'><strong>e</strong></span> <span class='ocrx_word' id='word_1_236' title='bbox 1628 2076 1711 2129; x_wconf 88' lang='lat' dir='ltr'><strong>vel</strong></span> <span class='ocrx_word' id='word_1_237' title='bbox 1735 2092 1803 2139; x_wconf 89' lang='lat' dir='ltr'><strong>a;</strong></span> <span class='ocrx_word' id='word_1_238' title='bbox 1831 2091 1925 2144; x_wconf 85' lang='lat' dir='ltr'><strong>per</strong></span> 
     </span>
    </p>
   </div>
   <div class='ocr_carea' id='block_1_32' title="bbox 346 2150 1921 2239">
    <p class='ocr_par' dir='ltr' id='par_1_32' title="bbox 346 2150 1921 2239">
     <span class='ocr_line' id='line_1_32' title="bbox 346 2150 1921 2239; baseline 0.004 -22"><span class='ocrx_word' id='word_1_239' title='bbox 346 2180 374 2217; x_wconf 77' lang='grc' dir='ltr'><strong><em>ο</em></strong></span> <span class='ocrx_word' id='word_1_240' title='bbox 402 2166 636 2235; x_wconf 76' lang='lat' dir='ltr'><strong>psal.x1.</strong></span> <span class='ocrx_word' id='word_1_241' title='bbox 663 2150 873 2230; x_wconf 57' lang='grc' dir='ltr'><strong>θυῖθ,</strong></span> <span class='ocrx_word' id='word_1_242' title='bbox 900 2165 1127 2221; x_wconf 80' lang='lat' dir='ltr'><strong>Massor.</strong></span> <span class='ocrx_word' id='word_1_243' title='bbox 1148 2166 1328 2231; x_wconf 85' lang='lat' dir='ltr'><strong>Libne,</strong></span> <span class='ocrx_word' id='word_1_244' title='bbox 1349 2168 1430 2221; x_wconf 82' lang='lat' dir='ltr'><strong>vel</strong></span> <span class='ocrx_word' id='word_1_245' title='bbox 1452 2168 1606 2235; x_wconf 75' lang='lat' dir='ltr'><strong>tim,</strong></span> <span class='ocrx_word' id='word_1_246' title='bbox 1637 2168 1711 2224; x_wconf 90' lang='lat' dir='ltr'><strong>illi</strong></span> <span class='ocrx_word' id='word_1_247' title='bbox 1737 2167 1921 2239; x_wconf 79' lang='grc' dir='ltr'><strong>λεϐνή.</strong></span> 
     </span>
    </p>
   </div>
   <div class='ocr_carea' id='block_1_33' title="bbox 349 2256 1925 2333">
    <p class='ocr_par' dir='ltr' id='par_1_33' title="bbox 349 2256 1925 2333">
     <span class='ocr_line' id='line_1_33' title="bbox 349 2256 1925 2333; baseline 0.003 -22"><span class='ocrx_word' id='word_1_248' title='bbox 349 2256 490 2313; x_wconf 84' lang='lat' dir='ltr'><strong>Psal.</strong></span> <span class='ocrx_word' id='word_1_249' title='bbox 510 2274 594 2324; x_wconf 74' lang='lat' dir='ltr'><strong>cc,</strong></span> <span class='ocrx_word' id='word_1_250' title='bbox 612 2257 666 2325; x_wconf 72' lang='lat'><strong>2,</strong></span> <span class='ocrx_word' id='word_1_251' title='bbox 690 2267 959 2325; x_wconf 58' lang='lat'><strong>191111253,</strong></span> <span class='ocrx_word' id='word_1_252' title='bbox 977 2258 1202 2315; x_wconf 81' lang='lat' dir='ltr'><strong>Massor.</strong></span> <span class='ocrx_word' id='word_1_253' title='bbox 1222 2260 1273 2314; x_wconf 87' lang='lat' dir='ltr'><strong>bi</strong></span> <span class='ocrx_word' id='word_1_254' title='bbox 1279 2260 1601 2332; x_wconf 82' lang='lat' dir='ltr'><strong>gbourothav</strong></span> <span class='ocrx_word' id='word_1_255' title='bbox 1618 2279 1636 2326; x_wconf 91' lang='lat'><strong><em>;</em></strong></span> <span class='ocrx_word' id='word_1_256' title='bbox 1659 2262 1758 2329; x_wconf 90' lang='lat' dir='ltr'><strong>illi,</strong></span> <span class='ocrx_word' id='word_1_257' title='bbox 1778 2261 1925 2333; x_wconf 76' lang='grc' dir='ltr'>βεγε-</span> 
     </span>
    </p>
   </div>
   <div class='ocr_carea' id='block_1_34' title="bbox 345 2350 1928 2425">
    <p class='ocr_par' dir='ltr' id='par_1_34' title="bbox 345 2350 1928 2425">
     <span class='ocr_line' id='line_1_34' title="bbox 345 2350 1928 2425; baseline 0.002 -20"><span class='ocrx_word' id='word_1_258' title='bbox 345 2350 646 2425; x_wconf 77' lang='grc' dir='ltr'><strong>σουροθαῦ;</strong></span> <span class='ocrx_word' id='word_1_259' title='bbox 671 2368 768 2423; x_wconf 89' lang='lat' dir='ltr'><strong>per</strong></span> <span class='ocrx_word' id='word_1_260' title='bbox 794 2371 826 2406; x_wconf 81' lang='grc' dir='ltr'><em>α</em></span> <span class='ocrx_word' id='word_1_261' title='bbox 850 2363 1009 2413; x_wconf 66' lang='lat' dir='ltr'><strong>arma</strong></span> <span class='ocrx_word' id='word_1_262' title='bbox 1034 2354 1278 2424; x_wconf 88' lang='lat' dir='ltr'><strong>pluribus</strong></span> <span class='ocrx_word' id='word_1_263' title='bbox 1303 2355 1356 2408; x_wconf 89' lang='lat' dir='ltr'><strong>in</strong></span> <span class='ocrx_word' id='word_1_264' title='bbox 1384 2354 1517 2409; x_wconf 87' lang='lat' dir='ltr'><strong>locis</strong></span> <span class='ocrx_word' id='word_1_265' title='bbox 1544 2353 1769 2410; x_wconf 81' lang='lat' dir='ltr'><strong>Massor.</strong></span> <span class='ocrx_word' id='word_1_266' title='bbox 1795 2355 1928 2408; x_wconf 82' lang='lat' dir='ltr'><strong>min-</strong></span> 
     </span>
    </p>
   </div>
   <div class='ocr_carea' id='block_1_35' title="bbox 346 2429 1924 2516">
    <p class='ocr_par' dir='ltr' id='par_1_35' title="bbox 346 2429 1924 2516">
     <span class='ocr_line' id='line_1_35' title="bbox 346 2429 1924 2516; baseline 0.008 -20"><span class='ocrx_word' id='word_1_267' title='bbox 346 2444 481 2508; x_wconf 77' lang='lat' dir='ltr'><strong>ltalt;</strong></span> <span class='ocrx_word' id='word_1_268' title='bbox 509 2444 604 2509; x_wconf 91' lang='lat' dir='ltr'><strong>illi,</strong></span> <span class='ocrx_word' id='word_1_269' title='bbox 652 2444 838 2516; x_wconf 80' lang='grc' dir='ltr'>μαναὰ</span> <span class='ocrx_word' id='word_1_270' title='bbox 872 2445 952 2499; x_wconf 88' lang='lat' dir='ltr'><strong>vel</strong></span> <span class='ocrx_word' id='word_1_271' title='bbox 987 2446 1148 2516; x_wconf 81' lang='grc' dir='ltr'><strong>μανά.</strong></span> <span class='ocrx_word' id='word_1_272' title='bbox 1196 2444 1339 2500; x_wconf 76' lang='lat' dir='ltr'><strong>Psal.</strong></span> <span class='ocrx_word' id='word_1_273' title='bbox 1390 2461 1552 2511; x_wconf 76' lang='lat' dir='ltr'><strong>Lxxv,</strong></span> <span class='ocrx_word' id='word_1_274' title='bbox 1592 2446 1645 2509; x_wconf 70' lang='grc'><strong>4,</strong></span> <span class='ocrx_word' id='word_1_275' title='bbox 1691 2429 1924 2513; x_wconf 62' lang='lat' dir='ltr'><strong>nmSn.</strong></span> 
     </span>
    </p>
   </div>
   <div class='ocr_carea' id='block_1_36' title="bbox 348 2535 1925 2609">
    <p class='ocr_par' dir='ltr' id='par_1_36' title="bbox 348 2535 1925 2609">
     <span class='ocr_line' id='line_1_36' title="bbox 348 2535 1925 2609; baseline 0.006 -20"><span class='ocrx_word' id='word_1_276' title='bbox 348 2535 577 2591; x_wconf 80' lang='lat' dir='ltr'><strong>Massor.</strong></span> <span class='ocrx_word' id='word_1_277' title='bbox 610 2538 894 2601; x_wconf 73' lang='lat' dir='ltr'><strong>milhama,‘</strong></span> <span class='ocrx_word' id='word_1_278' title='bbox 928 2538 1025 2602; x_wconf 90' lang='lat' dir='ltr'><strong>illi,</strong></span> <span class='ocrx_word' id='word_1_279' title='bbox 1065 2537 1309 2609; x_wconf 69' lang='grc' dir='ltr'><strong>μαλαμά.</strong></span> <span class='ocrx_word' id='word_1_280' title='bbox 1349 2535 1492 2596; x_wconf 85' lang='lat' dir='ltr'><strong>Psal.</strong></span> <span class='ocrx_word' id='word_1_281' title='bbox 1526 2555 1619 2606; x_wconf 84' lang='lat' dir='ltr'><strong>xv,</strong></span> <span class='ocrx_word' id='word_1_282' title='bbox 1649 2539 1700 2604; x_wconf 80' lang='lat' dir='ltr'><strong>l,</strong></span> <span class='ocrx_word' id='word_1_283' title='bbox 1733 2548 1925 2609; x_wconf 62' lang='lat' dir='ltr'><strong>E51122,</strong></span> 
     </span>
    </p>
   </div>
   <div class='ocr_carea' id='block_1_37' title="bbox 346 2626 1924 2701">
    <p class='ocr_par' dir='ltr' id='par_1_37' title="bbox 346 2626 1924 2701">
     <span class='ocr_line' id='line_1_37' title="bbox 346 2626 1924 2701; baseline 0.001 -20"><span class='ocrx_word' id='word_1_284' title='bbox 346 2626 575 2683; x_wconf 79' lang='lat' dir='ltr'><strong>Massor.</strong></span> <span class='ocrx_word' id='word_1_285' title='bbox 606 2628 927 2693; x_wconf 70' lang='lat' dir='ltr'><strong>Hic/ultam;</strong></span> <span class='ocrx_word' id='word_1_286' title='bbox 965 2629 1061 2694; x_wconf 90' lang='lat' dir='ltr'><strong>illi,</strong></span> <span class='ocrx_word' id='word_1_287' title='bbox 1098 2629 1344 2701; x_wconf 79' lang='grc' dir='ltr'><strong>μαχοὰμ.</strong></span> <span class='ocrx_word' id='word_1_288' title='bbox 1374 2632 1532 2686; x_wconf 89' lang='lat' dir='ltr'><strong>Osee.</strong></span> <span class='ocrx_word' id='word_1_289' title='bbox 1578 2646 1632 2698; x_wconf 70' lang='grc' dir='ltr'><strong>κ,</strong></span> <span class='ocrx_word' id='word_1_290' title='bbox 1677 2631 1732 2698; x_wconf 85' lang='grc'><strong>9,</strong></span> <span class='ocrx_word' id='word_1_291' title='bbox 1759 2641 1924 2698; x_wconf 60' lang='grc' dir='ltr'><strong>Πῖζλ,</strong></span> 
     </span>
    </p>
   </div>
   <div class='ocr_carea' id='block_1_38' title="bbox 348 2716 1923 2790">
    <p class='ocr_par' dir='ltr' id='par_1_38' title="bbox 348 2716 1923 2790">
     <span class='ocr_line' id='line_1_38' title="bbox 348 2716 1923 2790; baseline 0 -17"><span class='ocrx_word' id='word_1_292' title='bbox 348 2716 577 2774; x_wconf 74' lang='lat' dir='ltr'><strong>Massor.</strong></span> <span class='ocrx_word' id='word_1_293' title='bbox 610 2717 849 2782; x_wconf 83' lang='lat' dir='ltr'><strong>Ghibalt;</strong></span> <span class='ocrx_word' id='word_1_294' title='bbox 880 2719 977 2786; x_wconf 91' lang='lat' dir='ltr'><strong>illi,</strong></span> <span class='ocrx_word' id='word_1_295' title='bbox 1012 2719 1220 2773; x_wconf 69' lang='grc' dir='ltr'><strong>Γαϐαά.</strong></span> <span class='ocrx_word' id='word_1_296' title='bbox 1252 2718 1484 2786; x_wconf 86' lang='lat' dir='ltr'><strong>Quando</strong></span> <span class='ocrx_word' id='word_1_297' title='bbox 1512 2728 1637 2790; x_wconf 87' lang='lat' dir='ltr'><strong>post</strong></span> <span class='ocrx_word' id='word_1_298' title='bbox 1686 2721 1923 2790; x_wconf 86' lang='lat' dir='ltr'><strong>primam</strong></span> 
     </span>
    </p>
   </div>
   <div class='ocr_carea' id='block_1_39' title="bbox 349 2811 1923 2882">
    <p class='ocr_par' dir='ltr' id='par_1_39' title="bbox 349 2811 1923 2882">
     <span class='ocr_line' id='line_1_39' title="bbox 349 2811 1923 2882; baseline 0.001 -17"><span class='ocrx_word' id='word_1_299' title='bbox 349 2812 588 2866; x_wconf 69' lang='lat' dir='ltr'><strong>vocalem</strong></span> <span class='ocrx_word' id='word_1_300' title='bbox 629 2813 874 2881; x_wconf 81' lang='lat' dir='ltr'><strong>sequitur</strong></span> <span class='ocrx_word' id='word_1_301' title='bbox 905 2828 956 2878; x_wconf 91' lang='grc' dir='ltr'><strong>ο,</strong></span> <span class='ocrx_word' id='word_1_302' title='bbox 986 2812 1071 2867; x_wconf 88' lang='lat' dir='ltr'><strong>vel</strong></span> <span class='ocrx_word' id='word_1_303' title='bbox 1095 2831 1158 2875; x_wconf 89' lang='grc' dir='ltr'><strong>ω,</strong></span> <span class='ocrx_word' id='word_1_304' title='bbox 1193 2814 1275 2867; x_wconf 91' lang='lat' dir='ltr'><strong>vel</strong></span> <span class='ocrx_word' id='word_1_305' title='bbox 1301 2830 1397 2877; x_wconf 85' lang='grc' dir='ltr'><strong>ου,</strong></span> <span class='ocrx_word' id='word_1_306' title='bbox 1431 2827 1528 2882; x_wconf 89' lang='lat' dir='ltr'><strong>per</strong></span> <span class='ocrx_word' id='word_1_307' title='bbox 1551 2829 1609 2865; x_wconf 87' lang='lat' dir='ltr'><strong>a.</strong></span> <span class='ocrx_word' id='word_1_308' title='bbox 1643 2811 1808 2869; x_wconf 81' lang='lat' dir='ltr'><strong>Num.</strong></span> <span class='ocrx_word' id='word_1_309' title='bbox 1841 2827 1923 2878; x_wconf 78' lang='lat' dir='ltr'><strong>xi,</strong></span> 
     </span>
    </p>
   </div>
   <div class='ocr_carea' id='block_1_40' title="bbox 346 2902 1927 2991">
    <p class='ocr_par' dir='ltr' id='par_1_40' title="bbox 346 2902 1927 2991">
     <span class='ocr_line' id='line_1_40' title="bbox 346 2902 1927 2991; baseline 0.002 -33"><span class='ocrx_word' id='word_1_310' title='bbox 346 2903 439 2968; x_wconf 67' lang='grc'><strong>54,</strong></span> <span class='ocrx_word' id='word_1_311' title='bbox 473 2913 681 2991; x_wconf 66' lang='grc' dir='ltr'><strong>ΠΤἾΞΡ,</strong></span> <span class='ocrx_word' id='word_1_312' title='bbox 710 2903 1042 2971; x_wconf 73' lang='lat' dir='ltr'><strong>Massoretae,</strong></span> <span class='ocrx_word' id='word_1_313' title='bbox 1073 2904 1278 2959; x_wconf 75' lang='lat' dir='ltr'><strong>kibroth</strong></span> <span class='ocrx_word' id='word_1_314' title='bbox 1296 2920 1318 2970; x_wconf 88' lang='lat'><strong><em>;</em></strong></span> <span class='ocrx_word' id='word_1_315' title='bbox 1368 2905 1467 2972; x_wconf 90' lang='lat' dir='ltr'><strong>illi,</strong></span> <span class='ocrx_word' id='word_1_316' title='bbox 1497 2902 1741 2976; x_wconf 71' lang='grc' dir='ltr'><strong>χαϐρὼθ,</strong></span> <span class='ocrx_word' id='word_1_317' title='bbox 1786 2904 1927 2961; x_wconf 83' lang='lat' dir='ltr'><strong>forte</strong></span> 
     </span>
    </p>
   </div>
   <div class='ocr_carea' id='block_1_41' title="bbox 349 2992 1923 3065">
    <p class='ocr_par' dir='ltr' id='par_1_41' title="bbox 349 2992 1923 3065">
     <span class='ocr_line' id='line_1_41' title="bbox 349 2992 1923 3065; baseline 0.003 -18"><span class='ocrx_word' id='word_1_318' title='bbox 349 2993 543 3049; x_wconf 91' lang='lat' dir='ltr'><strong>melius</strong></span> <span class='ocrx_word' id='word_1_319' title='bbox 579 2993 823 3065; x_wconf 80' lang='grc' dir='ltr'><strong>καϐρώθ.</strong></span> <span class='ocrx_word' id='word_1_320' title='bbox 863 2992 1066 3051; x_wconf 79' lang='lat' dir='ltr'><strong>Jerem.</strong></span> <span class='ocrx_word' id='word_1_321' title='bbox 1116 3010 1309 3061; x_wconf 78' lang='lat' dir='ltr'><strong>vam,</strong></span> <span class='ocrx_word' id='word_1_322' title='bbox 1356 2995 1412 3059; x_wconf 80' lang='grc'><strong>1,</strong></span> <span class='ocrx_word' id='word_1_323' title='bbox 1451 3003 1642 3059; x_wconf 56' lang='grc' dir='ltr'><strong>κω,</strong></span> <span class='ocrx_word' id='word_1_324' title='bbox 1690 2995 1923 3052; x_wconf 83' lang='lat' dir='ltr'><strong>Massor.</strong></span> 
     </span>
    </p>
   </div>
   <div class='ocr_carea' id='block_1_42' title="bbox 350 3073 1924 3158">
    <p class='ocr_par' dir='ltr' id='par_1_42' title="bbox 350 3073 1924 3158">
     <span class='ocr_line' id='line_1_42' title="bbox 350 3073 1924 3158; baseline 0.005 -21"><span class='ocrx_word' id='word_1_325' title='bbox 350 3084 571 3156; x_wconf 82' lang='lat' dir='ltr'><strong>misgab.</strong></span> <span class='ocrx_word' id='word_1_326' title='bbox 600 3088 691 3150; x_wconf 81' lang='lat' dir='ltr'><strong>A.,</strong></span> <span class='ocrx_word' id='word_1_327' title='bbox 739 3084 869 3151; x_wconf 87' lang='lat' dir='ltr'><strong>Th.,</strong></span> <span class='ocrx_word' id='word_1_328' title='bbox 907 3086 1176 3158; x_wconf 81' lang='grc' dir='ltr'><strong>μασογάϐ.</strong></span> <span class='ocrx_word' id='word_1_329' title='bbox 1211 3086 1407 3143; x_wconf 87' lang='lat' dir='ltr'><strong>Ezech.</strong></span> <span class='ocrx_word' id='word_1_330' title='bbox 1456 3104 1609 3158; x_wconf 78' lang='lat' dir='ltr'><strong>xxix,</strong></span> <span class='ocrx_word' id='word_1_331' title='bbox 1641 3089 1728 3156; x_wconf 81' lang='lat' dir='ltr'><strong>i0,</strong></span> <span class='ocrx_word' id='word_1_332' title='bbox 1759 3073 1924 3155; x_wconf 58' lang='grc' dir='ltr'><strong>θυῖε,</strong></span> 
     </span>
    </p>
   </div>
   <div class='ocr_carea' id='block_1_43' title="bbox 350 3174 1928 3249">
    <p class='ocr_par' dir='ltr' id='par_1_43' title="bbox 350 3174 1928 3249">
     <span class='ocr_line' id='line_1_43' title="bbox 350 3174 1928 3249; baseline 0.004 -20"><span class='ocrx_word' id='word_1_333' title='bbox 350 3174 582 3233; x_wconf 77' lang='lat' dir='ltr'><strong>Massor.</strong></span> <span class='ocrx_word' id='word_1_334' title='bbox 619 3176 855 3246; x_wconf 82' lang='lat' dir='ltr'><strong>Migdol:</strong></span> <span class='ocrx_word' id='word_1_335' title='bbox 903 3179 1002 3244; x_wconf 89' lang='lat' dir='ltr'><strong>illi,</strong></span> <span class='ocrx_word' id='word_1_336' title='bbox 1056 3177 1293 3248; x_wconf 84' lang='grc' dir='ltr'>μαγδώλ.</span> <span class='ocrx_word' id='word_1_337' title='bbox 1348 3177 1637 3249; x_wconf 83' lang='lat' dir='ltr'><strong>Reperitur</strong></span> <span class='ocrx_word' id='word_1_338' title='bbox 1684 3181 1847 3236; x_wconf 90' lang='lat' dir='ltr'><strong>etiam</strong></span> <span class='ocrx_word' id='word_1_339' title='bbox 1894 3198 1928 3236; x_wconf 88' lang='lat' dir='ltr'><strong>a</strong></span> 
     </span>
    </p>
   </div>
   <div class='ocr_carea' id='block_1_44' title="bbox 2026 2070 3604 2150">
    <p class='ocr_par' dir='ltr' id='par_1_44' title="bbox 2026 2070 3604 2150">
     <span class='ocr_line' id='line_1_44' title="bbox 2026 2070 3604 2150; baseline -0.004 -19"><span class='ocrx_word' id='word_1_340' title='bbox 2026 2079 2151 2150; x_wconf 77' lang='grc' dir='ltr'><strong>ϐὴρ,</strong></span> <span class='ocrx_word' id='word_1_341' title='bbox 2187 2070 2401 2134; x_wconf 82' lang='lat' dir='ltr'><strong>etiamsi</strong></span> <span class='ocrx_word' id='word_1_342' title='bbox 2436 2078 2492 2133; x_wconf 90' lang='lat' dir='ltr'><strong>in</strong></span> <span class='ocrx_word' id='word_1_343' title='bbox 2528 2075 2718 2132; x_wconf 84' lang='lat' dir='ltr'><strong>Bibliis</strong></span> <span class='ocrx_word' id='word_1_344' title='bbox 2753 2075 2962 2130; x_wconf 89' lang='lat' dir='ltr'><strong>Latinis</strong></span> <span class='ocrx_word' id='word_1_345' title='bbox 2994 2073 3272 2129; x_wconf 89' lang='lat' dir='ltr'><strong>hodiernis</strong></span> <span class='ocrx_word' id='word_1_346' title='bbox 3325 2070 3517 2126; x_wconf 77' lang='lat' dir='ltr'><strong>Vaicra</strong></span> <span class='ocrx_word' id='word_1_347' title='bbox 3546 2078 3604 2125; x_wconf 87' lang='lat' dir='ltr'><strong>et</strong></span> 
     </span>
    </p>
   </div>
   <div class='ocr_carea' id='block_1_45' title="bbox 2035 2161 3605 2240">
    <p class='ocr_par' dir='ltr' id='par_1_45' title="bbox 2035 2161 3605 2240">
     <span class='ocr_line' id='line_1_45' title="bbox 2035 2161 3605 2240; baseline -0.005 -16"><span class='ocrx_word' id='word_1_348' title='bbox 2035 2169 2398 2225; x_wconf 81' lang='lat' dir='ltr'><strong>Vaieddabber</strong></span> <span class='ocrx_word' id='word_1_349' title='bbox 2426 2171 2635 2240; x_wconf 83' lang='lat' dir='ltr'><strong>legatur</strong></span> <span class='ocrx_word' id='word_1_350' title='bbox 2661 2170 2817 2224; x_wconf 89' lang='lat' dir='ltr'><strong>initio</strong></span> <span class='ocrx_word' id='word_1_351' title='bbox 2844 2168 3109 2225; x_wconf 89' lang='lat' dir='ltr'><strong>librorum</strong></span> <span class='ocrx_word' id='word_1_352' title='bbox 3146 2164 3373 2221; x_wconf 88' lang='lat' dir='ltr'><strong>Levitici</strong></span> <span class='ocrx_word' id='word_1_353' title='bbox 3404 2171 3459 2219; x_wconf 93' lang='lat' dir='ltr'><strong>et</strong></span> <span class='ocrx_word' id='word_1_354' title='bbox 3489 2161 3605 2217; x_wconf 85' lang='lat' dir='ltr'><strong>Nu-</strong></span> 
     </span>
    </p>
   </div>
   <div class='ocr_carea' id='block_1_46' title="bbox 2026 2257 3604 2336">
    <p class='ocr_par' dir='ltr' id='par_1_46' title="bbox 2026 2257 3604 2336">
     <span class='ocr_line' id='line_1_46' title="bbox 2026 2257 3604 2336; baseline -0.006 -18"><span class='ocrx_word' id='word_1_355' title='bbox 2026 2278 2324 2319; x_wconf 89' lang='lat' dir='ltr'><strong>merorum.</strong></span> <span class='ocrx_word' id='word_1_356' title='bbox 2375 2262 2637 2318; x_wconf 83' lang='lat' dir='ltr'><strong>Similiter</strong></span> <span class='ocrx_word' id='word_1_357' title='bbox 2682 2261 2751 2319; x_wconf 80' lang='lat' dir='ltr'><strong>1V</strong></span> <span class='ocrx_word' id='word_1_358' title='bbox 2798 2261 2932 2336; x_wconf 71' lang='lat' dir='ltr'><strong>Reg.</strong></span> <span class='ocrx_word' id='word_1_359' title='bbox 2981 2276 3056 2329; x_wconf 81' lang='lat' dir='ltr'><strong>tv,</strong></span> <span class='ocrx_word' id='word_1_360' title='bbox 3101 2260 3192 2327; x_wconf 78' lang='lat'><strong>55,</strong></span> <span class='ocrx_word' id='word_1_361' title='bbox 3236 2257 3464 2330; x_wconf 80' lang='grc' dir='ltr'><strong>οὐιεγὰρ</strong></span> <span class='ocrx_word' id='word_1_362' title='bbox 3503 2271 3604 2328; x_wconf 92' lang='lat' dir='ltr'><strong>pro</strong></span> 
     </span>
    </p>
   </div>
   <div class='ocr_carea' id='block_1_47' title="bbox 2023 2355 2653 2429">
    <p class='ocr_par' dir='ltr' id='par_1_47' title="bbox 2023 2355 2653 2429">
     <span class='ocr_line' id='line_1_47' title="bbox 2023 2355 2653 2429; baseline -0.005 -18"><span class='ocrx_word' id='word_1_363' title='bbox 2023 2363 2198 2420; x_wconf 63' lang='grc' dir='ltr'><strong>-ετλνπ,</strong></span> <span class='ocrx_word' id='word_1_364' title='bbox 2226 2371 2333 2411; x_wconf 88' lang='lat' dir='ltr'><strong>non</strong></span> <span class='ocrx_word' id='word_1_365' title='bbox 2368 2355 2653 2429; x_wconf 75' lang='grc' dir='ltr'><strong>οὑαιεγάρ.</strong></span> 
     </span>
    </p>
   </div>
   <div class='ocr_carea' id='block_1_48' title="bbox 2100 2442 3605 2517">
    <p class='ocr_par' dir='ltr' id='par_1_48' title="bbox 2100 2442 3605 2517">
     <span class='ocr_line' id='line_1_48' title="bbox 2100 2442 3605 2517; baseline -0.007 -14"><span class='ocrx_word' id='word_1_366' title='bbox 2100 2448 2328 2503; x_wconf 86' lang='lat' dir='ltr'><strong>llholcm</strong></span> <span class='ocrx_word' id='word_1_367' title='bbox 2353 2462 2483 2503; x_wconf 86' lang='lat' dir='ltr'><strong>vero</strong></span> <span class='ocrx_word' id='word_1_368' title='bbox 2516 2447 2629 2503; x_wconf 86' lang='lat' dir='ltr'><strong>sive</strong></span> <span class='ocrx_word' id='word_1_369' title='bbox 2654 2446 2896 2517; x_wconf 87' lang='lat' dir='ltr'><strong>plenum,</strong></span> <span class='ocrx_word' id='word_1_370' title='bbox 2933 2444 3048 2502; x_wconf 88' lang='lat' dir='ltr'><strong>sive</strong></span> <span class='ocrx_word' id='word_1_371' title='bbox 3072 2442 3350 2510; x_wconf 86' lang='lat' dir='ltr'><strong>deﬁciens,</strong></span> <span class='ocrx_word' id='word_1_372' title='bbox 3393 2455 3605 2496; x_wconf 87' lang='lat' dir='ltr'><strong>necnon</strong></span> 
     </span>
    </p>
   </div>
   <div class='ocr_carea' id='block_1_49' title="bbox 2026 2538 3608 2611">
    <p class='ocr_par' dir='ltr' id='par_1_49' title="bbox 2026 2538 3608 2611">
     <span class='ocr_line' id='line_1_49' title="bbox 2026 2538 3608 2611; baseline -0.006 -15"><span class='ocrx_word' id='word_1_373' title='bbox 2026 2541 2266 2611; x_wconf 87' lang='lat' dir='ltr'><strong>hhateph</strong></span> <span class='ocrx_word' id='word_1_374' title='bbox 2299 2551 2525 2605; x_wconf 87' lang='lat' dir='ltr'><strong>camets,</strong></span> <span class='ocrx_word' id='word_1_375' title='bbox 2554 2549 2608 2596; x_wconf 88' lang='lat' dir='ltr'><strong>et</strong></span> <span class='ocrx_word' id='word_1_376' title='bbox 2647 2549 2854 2595; x_wconf 88' lang='lat' dir='ltr'><strong>camets</strong></span> <span class='ocrx_word' id='word_1_377' title='bbox 2884 2538 3167 2607; x_wconf 85' lang='lat' dir='ltr'><strong>hhathuph</strong></span> <span class='ocrx_word' id='word_1_378' title='bbox 3208 2551 3307 2607; x_wconf 87' lang='lat' dir='ltr'><strong>per</strong></span> <span class='ocrx_word' id='word_1_379' title='bbox 3337 2552 3392 2599; x_wconf 90' lang='lat' dir='ltr'><strong>o,</strong></span> <span class='ocrx_word' id='word_1_380' title='bbox 3425 2542 3481 2588; x_wconf 89' lang='lat' dir='ltr'><strong>et</strong></span> <span class='ocrx_word' id='word_1_381' title='bbox 3510 2548 3608 2603; x_wconf 87' lang='lat' dir='ltr'><strong>per</strong></span> 
     </span>
    </p>
   </div>
   <div class='ocr_carea' id='block_1_50' title="bbox 2026 2625 3606 2704">
    <p class='ocr_par' dir='ltr' id='par_1_50' title="bbox 2026 2625 3606 2704">
     <span class='ocr_line' id='line_1_50' title="bbox 2026 2625 3606 2704; baseline -0.005 -16"><span class='ocrx_word' id='word_1_382' title='bbox 2026 2651 2071 2688; x_wconf 91' lang='grc' dir='ltr'><em>ω</em></span> <span class='ocrx_word' id='word_1_383' title='bbox 2105 2648 2424 2704; x_wconf 80' lang='lat' dir='ltr'><strong>expressum</strong></span> <span class='ocrx_word' id='word_1_384' title='bbox 2458 2633 2770 2703; x_wconf 83' lang='lat' dir='ltr'><strong>reperitur:</strong></span> <span class='ocrx_word' id='word_1_385' title='bbox 2802 2631 2963 2702; x_wconf 86' lang='lat' dir='ltr'><strong>idque</strong></span> <span class='ocrx_word' id='word_1_386' title='bbox 2996 2628 3230 2684; x_wconf 78' lang='lat' dir='ltr'><strong>fortasse</strong></span> <span class='ocrx_word' id='word_1_387' title='bbox 3262 2626 3393 2681; x_wconf 89' lang='lat' dir='ltr'><strong>vitio</strong></span> <span class='ocrx_word' id='word_1_388' title='bbox 3431 2625 3606 2680; x_wconf 83' lang='lat' dir='ltr'><strong>libra-</strong></span> 
     </span>
    </p>
   </div>
   <div class='ocr_carea' id='block_1_51' title="bbox 2027 2719 3610 2795">
    <p class='ocr_par' dir='ltr' id='par_1_51' title="bbox 2027 2719 3610 2795">
     <span class='ocr_line' id='line_1_51' title="bbox 2027 2719 3610 2795; baseline -0.003 -17"><span class='ocrx_word' id='word_1_389' title='bbox 2027 2723 2234 2778; x_wconf 89' lang='lat' dir='ltr'><strong>riorum</strong></span> <span class='ocrx_word' id='word_1_390' title='bbox 2280 2724 2373 2795; x_wconf 89' lang='lat' dir='ltr'><strong>qui</strong></span> <span class='ocrx_word' id='word_1_391' title='bbox 2422 2725 2586 2779; x_wconf 88' lang='lat' dir='ltr'><strong>hasce</strong></span> <span class='ocrx_word' id='word_1_392' title='bbox 2626 2723 2837 2778; x_wconf 88' lang='lat' dir='ltr'><strong>litteras</strong></span> <span class='ocrx_word' id='word_1_393' title='bbox 2880 2721 3217 2778; x_wconf 87' lang='lat' dir='ltr'><strong>confundere</strong></span> <span class='ocrx_word' id='word_1_394' title='bbox 3252 2719 3447 2786; x_wconf 91' lang='lat' dir='ltr'><strong>solent,</strong></span> <span class='ocrx_word' id='word_1_395' title='bbox 3487 2733 3610 2774; x_wconf 84' lang='lat' dir='ltr'><strong>ma-</strong></span> 
     </span>
    </p>
   </div>
   <div class='ocr_carea' id='block_1_52' title="bbox 2028 2813 2866 2886">
    <p class='ocr_par' dir='ltr' id='par_1_52' title="bbox 2028 2813 2866 2886">
     <span class='ocr_line' id='line_1_52' title="bbox 2028 2813 2866 2886; baseline -0.001 -17"><span class='ocrx_word' id='word_1_396' title='bbox 2028 2813 2173 2869; x_wconf 87' lang='lat' dir='ltr'><strong>xime</strong></span> <span class='ocrx_word' id='word_1_397' title='bbox 2204 2814 2259 2869; x_wconf 88' lang='lat' dir='ltr'><strong>in</strong></span> <span class='ocrx_word' id='word_1_398' title='bbox 2284 2815 2511 2871; x_wconf 88' lang='lat' dir='ltr'><strong>vocibus</strong></span> <span class='ocrx_word' id='word_1_399' title='bbox 2541 2815 2866 2886; x_wconf 83' lang='lat' dir='ltr'><strong>peregrinis.</strong></span> 
     </span>
    </p>
   </div>
   <div class='ocr_carea' id='block_1_53' title="bbox 2100 2902 3608 2977">
    <p class='ocr_par' dir='ltr' id='par_1_53' title="bbox 2100 2902 3608 2977">
     <span class='ocr_line' id='line_1_53' title="bbox 2100 2902 3608 2977; baseline -0.005 -15"><span class='ocrx_word' id='word_1_400' title='bbox 2100 2905 2342 2962; x_wconf 88' lang='lat' dir='ltr'><strong>Schurcc</strong></span> <span class='ocrx_word' id='word_1_401' title='bbox 2373 2917 2427 2963; x_wconf 89' lang='lat' dir='ltr'><strong>et</strong></span> <span class='ocrx_word' id='word_1_402' title='bbox 2456 2906 2670 2964; x_wconf 83' lang='lat' dir='ltr'><strong>Kibbus</strong></span> <span class='ocrx_word' id='word_1_403' title='bbox 2696 2923 2792 2977; x_wconf 91' lang='lat' dir='ltr'><strong>per</strong></span> <span class='ocrx_word' id='word_1_404' title='bbox 2814 2918 2908 2973; x_wconf 86' lang='lat' dir='ltr'><strong>ov‘,</strong></span> <span class='ocrx_word' id='word_1_405' title='bbox 2934 2905 3151 2961; x_wconf 90' lang='lat' dir='ltr'><strong>etiamsi</strong></span> <span class='ocrx_word' id='word_1_406' title='bbox 3183 2920 3292 2961; x_wconf 91' lang='lat' dir='ltr'><strong>non</strong></span> <span class='ocrx_word' id='word_1_407' title='bbox 3319 2902 3486 2960; x_wconf 90' lang='lat' dir='ltr'><strong>semel</strong></span> <span class='ocrx_word' id='word_1_408' title='bbox 3511 2917 3608 2972; x_wconf 88' lang='lat' dir='ltr'><strong>per</strong></span> 
     </span>
    </p>
   </div>
   <div class='ocr_carea' id='block_1_54' title="bbox 2028 2997 3606 3070">
    <p class='ocr_par' dir='ltr' id='par_1_54' title="bbox 2028 2997 3606 3070">
     <span class='ocr_line' id='line_1_54' title="bbox 2028 2997 3606 3070; baseline -0.002 -16"><span class='ocrx_word' id='word_1_409' title='bbox 2028 3016 2063 3054; x_wconf 89' lang='grc' dir='ltr'><em>ο</em></span> <span class='ocrx_word' id='word_1_410' title='bbox 2086 3001 2168 3054; x_wconf 90' lang='lat' dir='ltr'><strong>vel</strong></span> <span class='ocrx_word' id='word_1_411' title='bbox 2205 3016 2301 3070; x_wconf 89' lang='lat' dir='ltr'><strong>per</strong></span> <span class='ocrx_word' id='word_1_412' title='bbox 2330 3019 2377 3054; x_wconf 90' lang='grc' dir='ltr'><em>ω</em></span> <span class='ocrx_word' id='word_1_413' title='bbox 2405 3001 2802 3070; x_wconf 82' lang='lat' dir='ltr'><strong>exprimantur.</strong></span> <span class='ocrx_word' id='word_1_414' title='bbox 2838 2997 3161 3068; x_wconf 74' lang='lat' dir='ltr'><strong>Cujusmodi</strong></span> <span class='ocrx_word' id='word_1_415' title='bbox 3193 3005 3277 3052; x_wconf 90' lang='lat' dir='ltr'><strong>est</strong></span> <span class='ocrx_word' id='word_1_416' title='bbox 3306 3011 3411 3051; x_wconf 83' lang='lat' dir='ltr'><strong>vox</strong></span> <span class='ocrx_word' id='word_1_417' title='bbox 3448 3004 3606 3059; x_wconf 71' lang='lat' dir='ltr'><strong>mea,</strong></span> 
     </span>
    </p>
   </div>
   <div class='ocr_carea' id='block_1_55' title="bbox 2029 3086 3610 3164">
    <p class='ocr_par' dir='ltr' id='par_1_55' title="bbox 2029 3086 3610 3164">
     <span class='ocr_line' id='line_1_55' title="bbox 2029 3086 3610 3164; baseline -0.004 -17"><span class='ocrx_word' id='word_1_418' title='bbox 2029 3095 2251 3164; x_wconf 86' lang='lat' dir='ltr'><strong>operire,</strong></span> <span class='ocrx_word' id='word_1_419' title='bbox 2300 3093 2628 3148; x_wconf 83' lang='lat' dir='ltr'><strong>infinitivum</strong></span> <span class='ocrx_word' id='word_1_420' title='bbox 2669 3092 3071 3160; x_wconf 83' lang='lat' dir='ltr'><strong>quicscentium</strong></span> <span class='ocrx_word' id='word_1_421' title='bbox 3102 3088 3306 3143; x_wconf 86' lang='lat' dir='ltr'><strong>Lamed</strong></span> <span class='ocrx_word' id='word_1_422' title='bbox 3354 3086 3452 3152; x_wconf 85' lang='lat' dir='ltr'><strong>He,</strong></span> <span class='ocrx_word' id='word_1_423' title='bbox 3486 3102 3610 3157; x_wconf 78' lang='lat' dir='ltr'><strong>quae</strong></span> 
     </span>
    </p>
   </div>
   <div class='ocr_carea' id='block_1_56' title="bbox 2028 3180 3264 3258">
    <p class='ocr_par' dir='ltr' id='par_1_56' title="bbox 2028 3180 3264 3258">
     <span class='ocr_line' id='line_1_56' title="bbox 2028 3180 3264 3258; baseline -0.007 -15"><span class='ocrx_word' id='word_1_424' title='bbox 2028 3187 2354 3258; x_wconf 80' lang='lat' dir='ltr'><strong>exprimitur</strong></span> <span class='ocrx_word' id='word_1_425' title='bbox 2379 3184 2609 3257; x_wconf 74' lang='grc' dir='ltr'>χεσσοὺθ</span> <span class='ocrx_word' id='word_1_426' title='bbox 2642 3185 2695 3239; x_wconf 91' lang='lat' dir='ltr'><strong>in</strong></span> <span class='ocrx_word' id='word_1_427' title='bbox 2722 3185 2910 3240; x_wconf 89' lang='lat' dir='ltr'><strong>codice</strong></span> <span class='ocrx_word' id='word_1_428' title='bbox 2947 3180 3264 3237; x_wconf 90' lang='lat' dir='ltr'><strong>Barberino.</strong></span> 
     </span>
    </p>
   </div>
   <div class='ocr_carea' id='block_1_57' title="bbox 348 3266 3611 3347">
    <p class='ocr_par' dir='ltr' id='par_1_57' title="bbox 348 3266 3611 3347">
     <span class='ocr_line' id='line_1_57' title="bbox 348 3266 3611 3347; baseline -0.004 -9"><span class='ocrx_word' id='word_1_429' title='bbox 348 3276 476 3322; x_wconf 63' lang='grc' dir='ltr'><strong>ωηο</strong></span> <span class='ocrx_word' id='word_1_430' title='bbox 499 3283 546 3322; x_wconf 66' lang='grc' dir='ltr'><strong>εη</strong></span> <span class='ocrx_word' id='word_1_431' title='bbox 579 3266 795 3338; x_wconf 59' lang='lat'><strong>“1393-</strong></span> <span class='ocrx_word' id='word_1_432' title='bbox 820 3285 895 3328; x_wconf 70' lang='grc' dir='ltr'><strong>νιν</strong></span> <span class='ocrx_word' id='word_1_433' title='bbox 924 3270 972 3335; x_wconf 73' lang='grc'><strong>1,</strong></span> <span class='ocrx_word' id='word_1_434' title='bbox 996 3277 1271 3335; x_wconf 68' lang='lat' dir='ltr'><strong>cum.</strong></span> <span class='ocrx_word' id='word_1_435' title='bbox 1296 3270 1527 3327; x_wconf 74' lang='lat' dir='ltr'><strong>Massor-</strong></span> <span class='ocrx_word' id='word_1_436' title='bbox 1551 3273 1928 3330; x_wconf 70' lang='lat' dir='ltr'><strong>bisthmonim:</strong></span> <span class='ocrx_word' id='word_1_437' title='bbox 1956 3277 2000 3337; x_wconf 87' lang='lat' dir='ltr'><strong>C</strong></span> <span class='ocrx_word' id='word_1_438' title='bbox 2103 3278 2230 3334; x_wconf 60' lang='lat' dir='ltr'><strong>Haec</strong></span> <span class='ocrx_word' id='word_1_439' title='bbox 2259 3280 2327 3335; x_wconf 89' lang='lat' dir='ltr'><strong>de</strong></span> <span class='ocrx_word' id='word_1_440' title='bbox 2370 3287 2614 3334; x_wconf 85' lang='lat' dir='ltr'><strong>veterum</strong></span> <span class='ocrx_word' id='word_1_441' title='bbox 2645 3276 2858 3347; x_wconf 80' lang='lat' dir='ltr'><strong>legendi</strong></span> <span class='ocrx_word' id='word_1_442' title='bbox 2903 3290 3055 3329; x_wconf 89' lang='lat' dir='ltr'><strong>more</strong></span> <span class='ocrx_word' id='word_1_443' title='bbox 3095 3272 3286 3342; x_wconf 88' lang='lat' dir='ltr'><strong>paucis</strong></span> <span class='ocrx_word' id='word_1_444' title='bbox 3327 3267 3611 3340; x_wconf 67' lang='lat' dir='ltr'><strong>prmlibarc</strong></span> 
     </span>
    </p>
   </div>
   <div class='ocr_carea' id='block_1_58' title="bbox 349 3358 1929 3431">
    <p class='ocr_par' dir='ltr' id='par_1_58' title="bbox 349 3358 1929 3431">
     <span class='ocr_line' id='line_1_58' title="bbox 349 3358 1929 3431; baseline 0.006 -18"><span class='ocrx_word' id='word_1_445' title='bbox 349 3359 448 3423; x_wconf 80' lang='lat' dir='ltr'><strong>illi,</strong></span> <span class='ocrx_word' id='word_1_446' title='bbox 483 3358 836 3431; x_wconf 79' lang='grc' dir='ltr'><strong>βασεμονείμ.</strong></span> <span class='ocrx_word' id='word_1_447' title='bbox 869 3360 939 3416; x_wconf 77' lang='lat' dir='ltr'><strong>Ill</strong></span> <span class='ocrx_word' id='word_1_448' title='bbox 970 3363 1103 3431; x_wconf 74' lang='lat' dir='ltr'><strong>licg.</strong></span> <span class='ocrx_word' id='word_1_449' title='bbox 1131 3378 1230 3428; x_wconf 81' lang='lat' dir='ltr'><strong>vn,</strong></span> <span class='ocrx_word' id='word_1_450' title='bbox 1255 3362 1348 3430; x_wconf 70' lang='lat'><strong>48,</strong></span> <span class='ocrx_word' id='word_1_451' title='bbox 1371 3372 1662 3431; x_wconf 55' lang='lat' dir='ltr'><strong>fumat,</strong></span> <span class='ocrx_word' id='word_1_452' title='bbox 1698 3365 1929 3423; x_wconf 77' lang='lat' dir='ltr'><strong>Mussor.</strong></span> 
     </span>
    </p>
   </div>
   <div class='ocr_carea' id='block_1_59' title="bbox 352 3448 1933 3527">
    <p class='ocr_par' dir='ltr' id='par_1_59' title="bbox 352 3448 1933 3527">
     <span class='ocr_line' id='line_1_59' title="bbox 352 3448 1933 3527; baseline 0.008 -26"><span class='ocrx_word' id='word_1_453' title='bbox 352 3448 694 3504; x_wconf 78' lang='lat' dir='ltr'><strong>Eth-mizbah</strong></span> <span class='ocrx_word' id='word_1_454' title='bbox 722 3465 740 3502; x_wconf 91' lang='lat'><strong><em>:</em></strong></span> <span class='ocrx_word' id='word_1_455' title='bbox 769 3451 867 3515; x_wconf 92' lang='lat' dir='ltr'><strong>illi,</strong></span> <span class='ocrx_word' id='word_1_456' title='bbox 895 3451 1205 3524; x_wconf 78' lang='grc' dir='ltr'><strong>ὲομασὸηή.</strong></span> <span class='ocrx_word' id='word_1_457' title='bbox 1223 3453 1260 3507; x_wconf 91' lang='grc'><strong>1.</strong></span> <span class='ocrx_word' id='word_1_458' title='bbox 1286 3452 1593 3527; x_wconf 77' lang='grc' dir='ltr'><strong>ὲθμαζόηή.</strong></span> <span class='ocrx_word' id='word_1_459' title='bbox 1616 3453 1775 3512; x_wconf 82' lang='lat' dir='ltr'><strong>Unde</strong></span> <span class='ocrx_word' id='word_1_460' title='bbox 1798 3457 1933 3513; x_wconf 86' lang='lat' dir='ltr'><strong>infe-</strong></span> 
     </span>
    </p>
   </div>
   <div class='ocr_carea' id='block_1_60' title="bbox 351 3541 1930 3617">
    <p class='ocr_par' dir='ltr' id='par_1_60' title="bbox 351 3541 1930 3617">
     <span class='ocr_line' id='line_1_60' title="bbox 351 3541 1930 3617; baseline 0.005 -21"><span class='ocrx_word' id='word_1_461' title='bbox 351 3556 442 3596; x_wconf 88' lang='lat' dir='ltr'><strong>ras</strong></span> <span class='ocrx_word' id='word_1_462' title='bbox 461 3541 781 3597; x_wconf 88' lang='lat' dir='ltr'><strong>hodiernum</strong></span> <span class='ocrx_word' id='word_1_463' title='bbox 810 3542 939 3598; x_wconf 89' lang='lat' dir='ltr'><strong>illud</strong></span> <span class='ocrx_word' id='word_1_464' title='bbox 962 3543 1144 3614; x_wconf 92' lang='lat' dir='ltr'><strong>hhiriq</strong></span> <span class='ocrx_word' id='word_1_465' title='bbox 1164 3553 1288 3600; x_wconf 90' lang='lat' dir='ltr'><strong>ante</strong></span> <span class='ocrx_word' id='word_1_466' title='bbox 1315 3544 1514 3601; x_wconf 86' lang='lat' dir='ltr'><strong>scheva</strong></span> <span class='ocrx_word' id='word_1_467' title='bbox 1542 3544 1880 3617; x_wconf 84' lang='lat' dir='ltr'><strong>frequentius</strong></span> <span class='ocrx_word' id='word_1_468' title='bbox 1900 3564 1930 3603; x_wconf 92' lang='lat' dir='ltr'><strong>a</strong></span> 
     </span>
    </p>
   </div>
   <div class='ocr_carea' id='block_1_61' title="bbox 352 3623 1932 3704">
    <p class='ocr_par' dir='ltr' id='par_1_61' title="bbox 352 3623 1932 3704">
     <span class='ocr_line' id='line_1_61' title="bbox 352 3623 1932 3704; baseline 0.004 -19"><span class='ocrx_word' id='word_1_469' title='bbox 352 3630 747 3701; x_wconf 37' lang='lat' dir='ltr'><strong>veteribus‘illis</strong></span> <span class='ocrx_word' id='word_1_470' title='bbox 763 3648 858 3702; x_wconf 87' lang='lat' dir='ltr'><strong>per</strong></span> <span class='ocrx_word' id='word_1_471' title='bbox 874 3651 905 3686; x_wconf 94' lang='lat' dir='ltr'><strong>a</strong></span> <span class='ocrx_word' id='word_1_472' title='bbox 925 3633 1046 3704; x_wconf 83' lang='lat' dir='ltr'><strong>legi.</strong></span> <span class='ocrx_word' id='word_1_473' title='bbox 1067 3623 1327 3704; x_wconf 66' lang='lat' dir='ltr'><strong>Origen&#39;es</strong></span> <span class='ocrx_word' id='word_1_474' title='bbox 1346 3643 1522 3690; x_wconf 89' lang='lat' dir='ltr'><strong>tamen</strong></span> <span class='ocrx_word' id='word_1_475' title='bbox 1541 3637 1608 3691; x_wconf 92' lang='lat' dir='ltr'><strong>ad</strong></span> <span class='ocrx_word' id='word_1_476' title='bbox 1625 3635 1759 3692; x_wconf 86' lang='lat' dir='ltr'><strong>Gen.</strong></span> <span class='ocrx_word' id='word_1_477' title='bbox 1780 3653 1932 3692; x_wconf 66' lang='grc' dir='ltr'><strong>χχχιι</strong></span> 
     </span>
    </p>
   </div>
   <div class='ocr_carea' id='block_1_62' title="bbox 351 3714 1930 3801">
    <p class='ocr_par' dir='ltr' id='par_1_62' title="bbox 351 3714 1930 3801">
     <span class='ocr_line' id='line_1_62' title="bbox 351 3714 1930 3801; baseline 0.003 -23"><span class='ocrx_word' id='word_1_478' title='bbox 351 3723 460 3778; x_wconf 90' lang='lat' dir='ltr'><strong>duo</strong></span> <span class='ocrx_word' id='word_1_479' title='bbox 476 3725 782 3793; x_wconf 67' lang='lat' dir='ltr'><strong>suppeditant</strong></span> <span class='ocrx_word' id='word_1_480' title='bbox 796 3714 1061 3795; x_wconf 84' lang='lat' dir='ltr'><strong>exempla,</strong></span> <span class='ocrx_word' id='word_1_481' title='bbox 1082 3726 1180 3779; x_wconf 81' lang='lat' dir='ltr'><strong>ubi</strong></span> <span class='ocrx_word' id='word_1_482' title='bbox 1193 3741 1287 3796; x_wconf 85' lang='lat' dir='ltr'><strong>per</strong></span> <span class='ocrx_word' id='word_1_483' title='bbox 1302 3727 1320 3779; x_wconf 81' lang='grc' dir='ltr'><strong><em>ἱ</em></strong></span> <span class='ocrx_word' id='word_1_484' title='bbox 1338 3727 1553 3798; x_wconf 82' lang='lat' dir='ltr'><strong>legitur,</strong></span> <span class='ocrx_word' id='word_1_485' title='bbox 1568 3744 1759 3799; x_wconf 83' lang='lat' dir='ltr'><strong>nempe</strong></span> <span class='ocrx_word' id='word_1_486' title='bbox 1773 3729 1930 3801; x_wconf 77' lang='grc' dir='ltr'><strong>διόρὴ</strong></span> 
     </span>
    </p>
   </div>
   <div class='ocr_carea' id='block_1_63' title="bbox 350 3803 1930 3890">
    <p class='ocr_par' dir='ltr' id='par_1_63' title="bbox 350 3803 1930 3890">
     <span class='ocr_line' id='line_1_63' title="bbox 350 3803 1930 3890; baseline 0.004 -20"><span class='ocrx_word' id='word_1_487' title='bbox 350 3814 554 3887; x_wconf 78' lang='grc' dir='ltr'><strong>αῑαμίμ</strong></span> <span class='ocrx_word' id='word_1_488' title='bbox 574 3824 627 3870; x_wconf 90' lang='lat' dir='ltr'><strong>et</strong></span> <span class='ocrx_word' id='word_1_489' title='bbox 654 3814 880 3887; x_wconf 82' lang='grc' dir='ltr'><strong>μισλὼθ,</strong></span> <span class='ocrx_word' id='word_1_490' title='bbox 908 3831 1006 3886; x_wconf 90' lang='lat' dir='ltr'><strong>pro</strong></span> <span class='ocrx_word' id='word_1_491' title='bbox 1032 3818 1219 3890; x_wconf 85' lang='grc' dir='ltr'><strong>μισλή.</strong></span> <span class='ocrx_word' id='word_1_492' title='bbox 1239 3826 1419 3889; x_wconf 53' lang='lat' dir='ltr'><strong>nium</strong></span> <span class='ocrx_word' id='word_1_493' title='bbox 1445 3827 1599 3887; x_wconf 66' lang='grc' dir='ltr'><strong>τηξΠ,</strong></span> <span class='ocrx_word' id='word_1_494' title='bbox 1623 3803 1797 3882; x_wconf 59' lang='grc' dir='ltr'><strong>ἧψε.</strong></span> <span class='ocrx_word' id='word_1_495' title='bbox 1826 3820 1930 3876; x_wconf 87' lang='lat' dir='ltr'><strong>Sed</strong></span> 
     </span>
    </p>
   </div>
   <div class='ocr_carea' id='block_1_64' title="bbox 352 3908 1927 3985">
    <p class='ocr_par' dir='ltr' id='par_1_64' title="bbox 352 3908 1927 3985">
     <span class='ocr_line' id='line_1_64' title="bbox 352 3908 1927 3985; baseline 0.004 -21"><span class='ocrx_word' id='word_1_496' title='bbox 352 3910 468 3964; x_wconf 80' lang='lat' dir='ltr'><strong>haec</strong></span> <span class='ocrx_word' id='word_1_497' title='bbox 498 3921 550 3963; x_wconf 90' lang='lat' dir='ltr'><strong>et</strong></span> <span class='ocrx_word' id='word_1_498' title='bbox 582 3908 816 3965; x_wconf 85' lang='lat' dir='ltr'><strong>fortasse</strong></span> <span class='ocrx_word' id='word_1_499' title='bbox 858 3910 1057 3965; x_wconf 86' lang='lat' dir='ltr'><strong>similia</strong></span> <span class='ocrx_word' id='word_1_500' title='bbox 1088 3913 1333 3982; x_wconf 84' lang='lat' dir='ltr'><strong>exempla</strong></span> <span class='ocrx_word' id='word_1_501' title='bbox 1377 3928 1501 3983; x_wconf 79' lang='lat' dir='ltr'><strong>qua:</strong></span> <span class='ocrx_word' id='word_1_502' title='bbox 1543 3914 1764 3969; x_wconf 88' lang='lat' dir='ltr'><strong>aliunde</strong></span> <span class='ocrx_word' id='word_1_503' title='bbox 1797 3930 1927 3985; x_wconf 82' lang='lat' dir='ltr'><strong>sup-</strong></span> 
     </span>
    </p>
   </div>
   <div class='ocr_carea' id='block_1_65' title="bbox 353 4004 1929 4081">
    <p class='ocr_par' dir='ltr' id='par_1_65' title="bbox 353 4004 1929 4081">
     <span class='ocr_line' id='line_1_65' title="bbox 353 4004 1929 4081; baseline 0.004 -22"><span class='ocrx_word' id='word_1_504' title='bbox 353 4004 582 4076; x_wconf 82' lang='lat' dir='ltr'><strong>peditari</strong></span> <span class='ocrx_word' id='word_1_505' title='bbox 643 4012 897 4079; x_wconf 86' lang='lat' dir='ltr'><strong>possunt,</strong></span> <span class='ocrx_word' id='word_1_506' title='bbox 951 4005 1021 4060; x_wconf 88' lang='lat' dir='ltr'><strong>ab</strong></span> <span class='ocrx_word' id='word_1_507' title='bbox 1062 4005 1507 4069; x_wconf 81' lang='lat' dir='ltr'><strong>hebraizantibus</strong></span> <span class='ocrx_word' id='word_1_508' title='bbox 1561 4012 1929 4081; x_wconf 85' lang='lat' dir='ltr'><strong>posteriorum</strong></span> 
     </span>
    </p>
   </div>
   <div class='ocr_carea' id='block_1_66' title="bbox 2032 3362 3612 3439">
    <p class='ocr_par' dir='ltr' id='par_1_66' title="bbox 2032 3362 3612 3439">
     <span class='ocr_line' id='line_1_66' title="bbox 2032 3362 3612 3439; baseline -0.005 -15"><span class='ocrx_word' id='word_1_509' title='bbox 2032 3371 2209 3426; x_wconf 86' lang='lat' dir='ltr'><strong>visum</strong></span> <span class='ocrx_word' id='word_1_510' title='bbox 2243 3378 2347 3426; x_wconf 89' lang='lat' dir='ltr'><strong>est.</strong></span> <span class='ocrx_word' id='word_1_511' title='bbox 2385 3367 2525 3426; x_wconf 82' lang='lat' dir='ltr'><strong>Hinc</strong></span> <span class='ocrx_word' id='word_1_512' title='bbox 2552 3384 2716 3439; x_wconf 86' lang='lat' dir='ltr'><strong>porro</strong></span> <span class='ocrx_word' id='word_1_513' title='bbox 2756 3367 2942 3429; x_wconf 82' lang='lat' dir='ltr'><strong>videas</strong></span> <span class='ocrx_word' id='word_1_514' title='bbox 2987 3364 3203 3420; x_wconf 73' lang='lat' dir='ltr'><strong>difﬁcile</strong></span> <span class='ocrx_word' id='word_1_515' title='bbox 3238 3379 3360 3419; x_wconf 88' lang='lat' dir='ltr'><strong>esse</strong></span> <span class='ocrx_word' id='word_1_516' title='bbox 3401 3378 3499 3434; x_wconf 88' lang='lat' dir='ltr'><strong>pro</strong></span> <span class='ocrx_word' id='word_1_517' title='bbox 3525 3362 3612 3416; x_wconf 82' lang='lat' dir='ltr'><strong>le—</strong></span> 
     </span>
    </p>
   </div>
   <div class='ocr_carea' id='block_1_67' title="bbox 2032 3452 3610 3526">
    <p class='ocr_par' dir='ltr' id='par_1_67' title="bbox 2032 3452 3610 3526">
     <span class='ocr_line' id='line_1_67' title="bbox 2032 3452 3610 3526; baseline -0.006 -11"><span class='ocrx_word' id='word_1_518' title='bbox 2032 3461 2213 3515; x_wconf 87' lang='lat' dir='ltr'><strong>ctione</strong></span> <span class='ocrx_word' id='word_1_519' title='bbox 2239 3468 2482 3515; x_wconf 84' lang='lat' dir='ltr'><strong>veterum</strong></span> <span class='ocrx_word' id='word_1_520' title='bbox 2511 3467 2689 3517; x_wconf 88' lang='lat' dir='ltr'><strong>certas</strong></span> <span class='ocrx_word' id='word_1_521' title='bbox 2718 3457 2935 3526; x_wconf 79' lang='lat' dir='ltr'><strong>regulas</strong></span> <span class='ocrx_word' id='word_1_522' title='bbox 2958 3455 3193 3518; x_wconf 85' lang='lat' dir='ltr'><strong>tradere,</strong></span> <span class='ocrx_word' id='word_1_523' title='bbox 3226 3467 3351 3509; x_wconf 90' lang='lat' dir='ltr'><strong>cum</strong></span> <span class='ocrx_word' id='word_1_524' title='bbox 3376 3452 3454 3506; x_wconf 91' lang='lat' dir='ltr'><strong>illi</strong></span> <span class='ocrx_word' id='word_1_525' title='bbox 3497 3466 3610 3506; x_wconf 89' lang='lat' dir='ltr'><strong>non</strong></span> 
     </span>
    </p>
   </div>
   <div class='ocr_carea' id='block_1_68' title="bbox 2033 3544 3613 3617">
    <p class='ocr_par' dir='ltr' id='par_1_68' title="bbox 2033 3544 3613 3617">
     <span class='ocr_line' id='line_1_68' title="bbox 2033 3544 3613 3617; baseline -0.004 -12"><span class='ocrx_word' id='word_1_526' title='bbox 2033 3551 2197 3606; x_wconf 92' lang='lat' dir='ltr'><strong>modo</strong></span> <span class='ocrx_word' id='word_1_527' title='bbox 2243 3567 2273 3605; x_wconf 88' lang='lat' dir='ltr'><strong>a</strong></span> <span class='ocrx_word' id='word_1_528' title='bbox 2307 3549 2726 3617; x_wconf 85' lang='lat' dir='ltr'><strong>recentioribus,</strong></span> <span class='ocrx_word' id='word_1_529' title='bbox 2770 3548 2866 3603; x_wconf 91' lang='lat' dir='ltr'><strong>scd</strong></span> <span class='ocrx_word' id='word_1_530' title='bbox 2914 3549 3077 3603; x_wconf 87' lang='lat' dir='ltr'><strong>etiam</strong></span> <span class='ocrx_word' id='word_1_531' title='bbox 3121 3545 3191 3600; x_wconf 88' lang='lat' dir='ltr'><strong>ab</strong></span> <span class='ocrx_word' id='word_1_532' title='bbox 3229 3544 3528 3614; x_wconf 76' lang='lat' dir='ltr'><strong>aequalibus</strong></span> <span class='ocrx_word' id='word_1_533' title='bbox 3555 3550 3613 3598; x_wconf 89' lang='lat' dir='ltr'><strong>et</strong></span> 
     </span>
    </p>
   </div>
   <div class='ocr_carea' id='block_1_69' title="bbox 2033 3633 3611 3711">
    <p class='ocr_par' dir='ltr' id='par_1_69' title="bbox 2033 3633 3611 3711">
     <span class='ocr_line' id='line_1_69' title="bbox 2033 3633 3611 3711; baseline -0.006 -11"><span class='ocrx_word' id='word_1_534' title='bbox 2033 3642 2229 3700; x_wconf 66' lang='lat' dir='ltr'><strong>coaevis</strong></span> <span class='ocrx_word' id='word_1_535' title='bbox 2259 3643 2375 3698; x_wconf 92' lang='lat' dir='ltr'><strong>suis</strong></span> <span class='ocrx_word' id='word_1_536' title='bbox 2418 3643 2473 3696; x_wconf 90' lang='lat' dir='ltr'><strong>in</strong></span> <span class='ocrx_word' id='word_1_537' title='bbox 2507 3642 2722 3697; x_wconf 80' lang='lat' dir='ltr'><strong>ratione</strong></span> <span class='ocrx_word' id='word_1_538' title='bbox 2750 3637 3144 3711; x_wconf 86' lang='lat' dir='ltr'><strong>pronuntiandi</strong></span> <span class='ocrx_word' id='word_1_539' title='bbox 3181 3636 3452 3693; x_wconf 73' lang='lat' dir='ltr'><strong>diﬂ‘erant.</strong></span> <span class='ocrx_word' id='word_1_540' title='bbox 3491 3633 3611 3691; x_wconf 70' lang='lat' dir='ltr'><strong>Cte-</strong></span> 
     </span>
    </p>
   </div>
   <div class='ocr_carea' id='block_1_70' title="bbox 2032 3725 3614 3808">
    <p class='ocr_par' dir='ltr' id='par_1_70' title="bbox 2032 3725 3614 3808">
     <span class='ocr_line' id='line_1_70' title="bbox 2032 3725 3614 3808; baseline -0.007 -17"><span class='ocrx_word' id='word_1_541' title='bbox 2032 3744 2209 3791; x_wconf 88' lang='lat' dir='ltr'><strong>terum</strong></span> <span class='ocrx_word' id='word_1_542' title='bbox 2238 3754 2305 3793; x_wconf 84' lang='lat' dir='ltr'><strong>ex</strong></span> <span class='ocrx_word' id='word_1_543' title='bbox 2345 3738 2413 3794; x_wconf 91' lang='lat' dir='ltr'><strong>iis</strong></span> <span class='ocrx_word' id='word_1_544' title='bbox 2455 3750 2575 3808; x_wconf 61' lang='lat' dir='ltr'><strong>qua</strong></span> <span class='ocrx_word' id='word_1_545' title='bbox 2608 3750 2774 3804; x_wconf 89' lang='lat' dir='ltr'><strong>supra</strong></span> <span class='ocrx_word' id='word_1_546' title='bbox 2818 3730 3166 3795; x_wconf 87' lang='lat' dir='ltr'><strong>tradidimus,</strong></span> <span class='ocrx_word' id='word_1_547' title='bbox 3199 3730 3292 3784; x_wconf 91' lang='lat' dir='ltr'><strong>illa</strong></span> <span class='ocrx_word' id='word_1_548' title='bbox 3338 3725 3614 3783; x_wconf 82' lang='lat' dir='ltr'><strong>verisimi-</strong></span> 
     </span>
    </p>
   </div>
   <div class='ocr_carea' id='block_1_71' title="bbox 2031 3818 3611 3900">
    <p class='ocr_par' dir='ltr' id='par_1_71' title="bbox 2031 3818 3611 3900">
     <span class='ocr_line' id='line_1_71' title="bbox 2031 3818 3611 3900; baseline -0.009 -16"><span class='ocrx_word' id='word_1_549' title='bbox 2031 3829 2166 3885; x_wconf 88' lang='lat' dir='ltr'><strong>liora</strong></span> <span class='ocrx_word' id='word_1_550' title='bbox 2204 3831 2454 3885; x_wconf 89' lang='lat' dir='ltr'><strong>videntur</strong></span> <span class='ocrx_word' id='word_1_551' title='bbox 2485 3843 2607 3885; x_wconf 91' lang='lat' dir='ltr'><strong>esse</strong></span> <span class='ocrx_word' id='word_1_552' title='bbox 2634 3818 2758 3900; x_wconf 82' lang='lat' dir='ltr'><strong>quae</strong></span> <span class='ocrx_word' id='word_1_553' title='bbox 2781 3824 3029 3896; x_wconf 92' lang='lat' dir='ltr'><strong>pluribus</strong></span> <span class='ocrx_word' id='word_1_554' title='bbox 3052 3822 3319 3892; x_wconf 83' lang='lat' dir='ltr'><strong>exemplis</strong></span> <span class='ocrx_word' id='word_1_555' title='bbox 3352 3834 3611 3875; x_wconf 77' lang='lat' dir='ltr'><strong>asserun-</strong></span> 
     </span>
    </p>
   </div>
   <div class='ocr_carea' id='block_1_72' title="bbox 2036 3910 3611 3993">
    <p class='ocr_par' dir='ltr' id='par_1_72' title="bbox 2036 3910 3611 3993">
     <span class='ocr_line' id='line_1_72' title="bbox 2036 3910 3611 3993; baseline -0.007 -17"><span class='ocrx_word' id='word_1_556' title='bbox 2036 3930 2146 3976; x_wconf 89' lang='lat' dir='ltr'><strong>tur.</strong></span> <span class='ocrx_word' id='word_1_557' title='bbox 2193 3919 2420 3993; x_wconf 76' lang='lat' dir='ltr'><strong>Rcliqua</strong></span> <span class='ocrx_word' id='word_1_558' title='bbox 2450 3934 2580 3976; x_wconf 92' lang='lat' dir='ltr'><strong>vero</strong></span> <span class='ocrx_word' id='word_1_559' title='bbox 2616 3917 2863 3975; x_wconf 88' lang='lat' dir='ltr'><strong>Lectoris</strong></span> <span class='ocrx_word' id='word_1_560' title='bbox 2889 3915 3091 3972; x_wconf 88' lang='lat' dir='ltr'><strong>eruditi</strong></span> <span class='ocrx_word' id='word_1_561' title='bbox 3131 3913 3342 3985; x_wconf 84' lang='lat' dir='ltr'><strong>judicio</strong></span> <span class='ocrx_word' id='word_1_562' title='bbox 3383 3910 3611 3983; x_wconf 83' lang='lat' dir='ltr'><strong>permit-</strong></span> 
     </span>
    </p>
   </div>
   <div class='ocr_carea' id='block_1_73' title="bbox 2035 4011 2227 4067">
    <p class='ocr_par' dir='ltr' id='par_1_73' title="bbox 2035 4011 2227 4067">
     <span class='ocr_line' id='line_1_73' title="bbox 2035 4011 2227 4067; baseline 0.005 -1"><span class='ocrx_word' id='word_1_563' title='bbox 2035 4011 2227 4067; x_wconf 88' lang='lat' dir='ltr'><strong>timus.</strong></span> 
     </span>
    </p>
   </div>
   <div class='ocr_carea' id='block_1_74' title="bbox 1467 4368 2512 4461">
    <p class='ocr_par' dir='ltr' id='par_1_74' title="bbox 1467 4368 2512 4461">
     <span class='ocr_line' id='line_1_74' title="bbox 1467 4368 2512 4461; baseline 0 -2"><span class='ocrx_word' id='word_1_564' title='bbox 1467 4368 1846 4461; x_wconf 85' lang='lat' dir='ltr'><strong>CAPUT</strong></span> <span class='ocrx_word' id='word_1_565' title='bbox 1916 4368 2512 4459; x_wconf 78' lang='lat' dir='ltr'><strong>TERTIUM.</strong></span> 
     </span>
    </p>
   </div>
   <div class='ocr_carea' id='block_1_75' title="bbox 573 4554 3385 4645">
    <p class='ocr_par' dir='ltr' id='par_1_75' title="bbox 573 4554 3385 4645">
     <span class='ocr_line' id='line_1_75' title="bbox 573 4554 3385 4645; baseline -0.002 -18"><span class='ocrx_word' id='word_1_566' title='bbox 573 4560 663 4627; x_wconf 86' lang='lat' dir='ltr'><strong>De</strong></span> <span class='ocrx_word' id='word_1_567' title='bbox 694 4558 985 4625; x_wconf 83' lang='lat' dir='ltr'><strong>Historia</strong></span> <span class='ocrx_word' id='word_1_568' title='bbox 1016 4562 1191 4625; x_wconf 87' lang='lat' dir='ltr'><strong>LXX</strong></span> <span class='ocrx_word' id='word_1_569' title='bbox 1225 4563 1324 4626; x_wconf 86' lang='lat' dir='ltr'><strong>vel</strong></span> <span class='ocrx_word' id='word_1_570' title='bbox 1369 4566 1605 4629; x_wconf 81' lang='lat' dir='ltr'><strong>LXXII</strong></span> <span class='ocrx_word' id='word_1_571' title='bbox 1637 4566 2101 4645; x_wconf 88' lang='lat' dir='ltr'><strong>Interpretum,</strong></span> <span class='ocrx_word' id='word_1_572' title='bbox 2134 4579 2280 4644; x_wconf 68' lang='lat' dir='ltr'><strong>quin</strong></span> <span class='ocrx_word' id='word_1_573' title='bbox 2303 4563 2575 4626; x_wconf 66' lang='lat' dir='ltr'><strong>Aristeas</strong></span> <span class='ocrx_word' id='word_1_574' title='bbox 2608 4558 2870 4623; x_wconf 87' lang='lat' dir='ltr'><strong>nomine</strong></span> <span class='ocrx_word' id='word_1_575' title='bbox 2908 4554 3385 4635; x_wconf 82' lang='lat' dir='ltr'><strong>circumfertur.</strong></span> 
     </span>
    </p>
   </div>
   <div class='ocr_carea' id='block_1_76' title="bbox 349 4870 3615 4945">
    <p class='ocr_par' dir='ltr' id='par_1_76' title="bbox 349 4870 3615 4945">
     <span class='ocr_line' id='line_1_76' title="bbox 349 4870 3615 4945; baseline -0.004 -13"><span class='ocrx_word' id='word_1_576' title='bbox 349 4873 395 4932; x_wconf 65' lang='grc' dir='ltr'><strong>Ι.</strong></span> <span class='ocrx_word' id='word_1_577' title='bbox 419 4879 702 4945; x_wconf 52' lang='lat' dir='ltr'><strong>Aristh</strong></span> <span class='ocrx_word' id='word_1_578' title='bbox 724 4879 1345 4945; x_wconf 10' lang='lat' dir='ltr'><strong>historiaaicompendium.</strong></span> <span class='ocrx_word' id='word_1_579' title='bbox 1361 4880 1427 4930; x_wconf 90' lang='grc'><strong>11.</strong></span> <span class='ocrx_word' id='word_1_580' title='bbox 1450 4880 1578 4940; x_wconf 83' lang='lat' dir='ltr'><strong>Quid</strong></span> <span class='ocrx_word' id='word_1_581' title='bbox 1600 4881 1663 4930; x_wconf 90' lang='lat' dir='ltr'><strong>de</strong></span> <span class='ocrx_word' id='word_1_582' title='bbox 1682 4880 1775 4930; x_wconf 88' lang='lat' dir='ltr'><strong>hac</strong></span> <span class='ocrx_word' id='word_1_583' title='bbox 1795 4880 2004 4945; x_wconf 81' lang='lat' dir='ltr'><strong>historia</strong></span> <span class='ocrx_word' id='word_1_584' title='bbox 2025 4880 2247 4945; x_wconf 69' lang='lat' dir='ltr'><strong>dixerint</strong></span> <span class='ocrx_word' id='word_1_585' title='bbox 2268 4879 2585 4945; x_wconf 77' lang='lat' dir='ltr'><strong>Aristobulus</strong></span> <span class='ocrx_word' id='word_1_586' title='bbox 2607 4882 2661 4927; x_wconf 88' lang='lat' dir='ltr'><strong>et</strong></span> <span class='ocrx_word' id='word_1_587' title='bbox 2677 4877 2823 4927; x_wconf 87' lang='lat' dir='ltr'><strong>Philo</strong></span> <span class='ocrx_word' id='word_1_588' title='bbox 2844 4873 3180 4945; x_wconf 35' lang='lat' dir='ltr'><strong>Judatnszili.‘</strong></span> <span class='ocrx_word' id='word_1_589' title='bbox 3195 4871 3324 4945; x_wconf 70' lang='lat' dir='ltr'><strong>Quid</strong></span> <span class='ocrx_word' id='word_1_590' title='bbox 3351 4870 3615 4945; x_wconf 62' lang='lat' dir='ltr'><strong>{osephus</strong></span> 
     </span>
    </p>
   </div>
   <div class='ocr_carea' id='block_1_77' title="bbox 419 4935 3618 5009">
    <p class='ocr_par' dir='ltr' id='par_1_77' title="bbox 419 4935 3618 5009">
     <span class='ocr_line' id='line_1_77' title="bbox 419 4935 3618 5009; baseline -0.002 -22"><span class='ocrx_word' id='word_1_591' title='bbox 419 4937 499 5009; x_wconf 62' lang='lat' dir='ltr'><strong>ly.</strong></span> <span class='ocrx_word' id='word_1_592' title='bbox 521 4935 674 5009; x_wconf 78' lang='lat' dir='ltr'><strong>Qu&#39;am</strong></span> <span class='ocrx_word' id='word_1_593' title='bbox 693 4943 840 5009; x_wconf 82' lang='lat' dir='ltr'><strong>longe</strong></span> <span class='ocrx_word' id='word_1_594' title='bbox 863 4939 924 4989; x_wconf 88' lang='lat' dir='ltr'><strong>ab</strong></span> <span class='ocrx_word' id='word_1_595' title='bbox 937 4935 1144 4989; x_wconf 59' lang='lat' dir='ltr'><strong>Aristeas</strong></span> <span class='ocrx_word' id='word_1_596' title='bbox 1164 4935 2006 5009; x_wconf 49' lang='lat' dir='ltr'><strong>narratioueéberraveritJustinus</strong></span> <span class='ocrx_word' id='word_1_597' title='bbox 2029 4941 2231 5009; x_wconf 56' lang='lat' dir='ltr'><strong>Martyr,</strong></span> <span class='ocrx_word' id='word_1_598' title='bbox 2256 4948 2310 4990; x_wconf 90' lang='lat' dir='ltr'><strong>et</strong></span> <span class='ocrx_word' id='word_1_599' title='bbox 2329 4944 2527 5009; x_wconf 80' lang='lat' dir='ltr'><strong>quinam</strong></span> <span class='ocrx_word' id='word_1_600' title='bbox 2551 4940 2710 5009; x_wconf 70' lang='lat' dir='ltr'><strong>ipsum</strong></span> <span class='ocrx_word' id='word_1_601' title='bbox 2743 4936 3121 5009; x_wconf 27' lang='lat' dir='ltr'><strong>secutisintuv.‘</strong></span> <span class='ocrx_word' id='word_1_602' title='bbox 3143 4935 3618 5009; x_wconf 58' lang='lat' dir='ltr'><strong>Epiphaniuslungo</strong></span> 
     </span>
    </p>
   </div>
   <div class='ocr_carea' id='block_1_78' title="bbox 418 4998 3619 5065">
    <p class='ocr_par' dir='ltr' id='par_1_78' title="bbox 418 4998 3619 5065">
     <span class='ocr_line' id='line_1_78' title="bbox 418 4998 3619 5065; baseline -0.002 -16"><span class='ocrx_word' id='word_1_603' title='bbox 418 4998 613 5049; x_wconf 72' lang='lat' dir='ltr'><strong>diversa</strong></span> <span class='ocrx_word' id='word_1_604' title='bbox 635 5001 695 5050; x_wconf 86' lang='lat' dir='ltr'><strong>ab</strong></span> <span class='ocrx_word' id='word_1_605' title='bbox 713 4998 909 5050; x_wconf 75' lang='lat' dir='ltr'><strong>Aristea</strong></span> <span class='ocrx_word' id='word_1_606' title='bbox 932 5008 986 5049; x_wconf 89' lang='lat' dir='ltr'><strong>et</strong></span> <span class='ocrx_word' id='word_1_607' title='bbox 1006 5015 1033 5050; x_wconf 89' lang='lat' dir='ltr'><strong>a</strong></span> <span class='ocrx_word' id='word_1_608' title='bbox 1057 5004 1252 5051; x_wconf 63' lang='lat' dir='ltr'><strong>cmteris</strong></span> <span class='ocrx_word' id='word_1_609' title='bbox 1267 5003 1438 5052; x_wconf 82' lang='lat' dir='ltr'><strong>refert.</strong></span> <span class='ocrx_word' id='word_1_610' title='bbox 1454 5003 1532 5051; x_wconf 78' lang='lat' dir='ltr'><strong>Vl.</strong></span> <span class='ocrx_word' id='word_1_611' title='bbox 1547 5004 1669 5053; x_wconf 85' lang='lat' dir='ltr'><strong>Tota</strong></span> <span class='ocrx_word' id='word_1_612' title='bbox 1694 5005 2027 5053; x_wconf 82' lang='lat' dir='ltr'><strong>controversia</strong></span> <span class='ocrx_word' id='word_1_613' title='bbox 2050 5005 2101 5051; x_wconf 91' lang='lat' dir='ltr'><strong>in</strong></span> <span class='ocrx_word' id='word_1_614' title='bbox 2121 4998 2225 5052; x_wconf 68' lang='lat' dir='ltr'><strong>tres</strong></span> <span class='ocrx_word' id='word_1_615' title='bbox 2241 4998 2543 5065; x_wconf 59' lang='lat' dir='ltr'><strong>qum&#39;stiones</strong></span> <span class='ocrx_word' id='word_1_616' title='bbox 2557 4998 2931 5065; x_wconf 67' lang='lat' dir='ltr'><strong>dividitur._Vll.</strong></span> <span class='ocrx_word' id='word_1_617' title='bbox 2950 4998 3197 5065; x_wconf 48' lang='lat' dir='ltr'><strong>Probatur</strong></span> <span class='ocrx_word' id='word_1_618' title='bbox 3212 4998 3421 5047; x_wconf 72' lang='lat' dir='ltr'><strong>Aristeae</strong></span> <span class='ocrx_word' id='word_1_619' title='bbox 3443 5006 3619 5065; x_wconf 76' lang='lat' dir='ltr'><strong>exem-</strong></span> 
     </span>
    </p>
   </div>
   <div class='ocr_carea' id='block_1_79' title="bbox 418 5061 3615 5173">
    <p class='ocr_par' dir='ltr' id='par_1_79' title="bbox 418 5061 3615 5173">
     <span class='ocr_line' id='line_1_79' title="bbox 418 5061 3615 5173; baseline -0.001 -62"><span class='ocrx_word' id='word_1_620' title='bbox 418 5065 575 5173; x_wconf 62' lang='lat' dir='ltr'><strong>[laria</strong></span> <span class='ocrx_word' id='word_1_621' title='bbox 594 5075 705 5124; x_wconf 59' lang='lat' dir='ltr'><strong>quas</strong></span> <span class='ocrx_word' id='word_1_622' title='bbox 726 5069 1012 5132; x_wconf 75' lang='lat' dir='ltr'><strong>supersunt,</strong></span> <span class='ocrx_word' id='word_1_623' title='bbox 1038 5066 1275 5124; x_wconf 80' lang='lat' dir='ltr'><strong>genuina,</strong></span> <span class='ocrx_word' id='word_1_624' title='bbox 1300 5073 1590 5113; x_wconf 73' lang='lat' dir='ltr'><strong>cancrorum</strong></span> <span class='ocrx_word' id='word_1_625' title='bbox 1613 5071 1780 5114; x_wconf 85' lang='lat' dir='ltr'><strong>autem</strong></span> <span class='ocrx_word' id='word_1_626' title='bbox 1805 5066 2135 5137; x_wconf 72' lang='lat' dir='ltr'><strong>additamenta</strong></span> <span class='ocrx_word' id='word_1_627' title='bbox 2180 5061 2460 5126; x_wconf 78' lang='lat' dir='ltr'><strong>respuenda</strong></span> <span class='ocrx_word' id='word_1_628' title='bbox 2487 5077 2620 5112; x_wconf 89' lang='lat' dir='ltr'><strong>esse.</strong></span> <span class='ocrx_word' id='word_1_629' title='bbox 2646 5061 2777 5131; x_wconf 79' lang='lat' dir='ltr'><strong>Vlll.</strong></span> <span class='ocrx_word' id='word_1_630' title='bbox 2806 5062 2923 5111; x_wconf 82' lang='lat' dir='ltr'><strong>Post</strong></span> <span class='ocrx_word' id='word_1_631' title='bbox 2963 5061 3316 5133; x_wconf 56' lang='lat' dir='ltr'><strong>Hieronymum</strong></span> <span class='ocrx_word' id='word_1_632' title='bbox 3358 5061 3615 5129; x_wconf 65' lang='lat' dir='ltr'><strong>asserilur.</strong></span> 
     </span>
     <span class='ocr_line' id='line_1_80' title="bbox 464 5118 3615 5173; baseline -0.002 -1"><span class='ocrx_word' id='word_1_633' title='bbox 464 5123 542 5172; x_wconf 82' lang='lat' dir='ltr'><strong>XX</strong></span> <span class='ocrx_word' id='word_1_634' title='bbox 568 5125 644 5172; x_wconf 82' lang='lat' dir='ltr'><strong>vel</strong></span> <span class='ocrx_word' id='word_1_635' title='bbox 672 5137 758 5172; x_wconf 86' lang='lat' dir='ltr'><strong>eos</strong></span> <span class='ocrx_word' id='word_1_636' title='bbox 778 5136 862 5173; x_wconf 86' lang='lat' dir='ltr'><strong>uut</strong></span> <span class='ocrx_word' id='word_1_637' title='bbox 891 5126 1281 5173; x_wconf 84' lang='lat' dir='ltr'><strong>l’entateuchum</strong></span> <span class='ocrx_word' id='word_1_638' title='bbox 1308 5129 1683 5173; x_wconf 84' lang='lat' dir='ltr'><strong>transtulerunt.</strong></span> <span class='ocrx_word' id='word_1_639' title='bbox 1713 5139 1811 5173; x_wconf 89' lang='lat' dir='ltr'><strong>non</strong></span> <span class='ocrx_word' id='word_1_640' title='bbox 1836 5133 2025 5173; x_wconf 77' lang='lat' dir='ltr'><strong>relicua</strong></span> <span class='ocrx_word' id='word_1_641' title='bbox 2050 5131 2405 5173; x_wconf 78' lang='lat' dir='ltr'><strong>interpretatos</strong></span> <span class='ocrx_word' id='word_1_642' title='bbox 2428 5138 2559 5173; x_wconf 83' lang='lat' dir='ltr'><strong>esse.</strong></span> <span class='ocrx_word' id='word_1_643' title='bbox 2597 5123 2677 5173; x_wconf 83' lang='lat' dir='ltr'><strong>1X.</strong></span> <span class='ocrx_word' id='word_1_644' title='bbox 2708 5123 2880 5172; x_wconf 84' lang='lat' dir='ltr'><strong>Ltrum</strong></span> <span class='ocrx_word' id='word_1_645' title='bbox 2904 5121 3115 5171; x_wconf 53' lang='lat' dir='ltr'><strong>Aristeas</strong></span> <span class='ocrx_word' id='word_1_646' title='bbox 3149 5131 3436 5173; x_wconf 67' lang='lat' dir='ltr'><strong>prtmtﬁenta</strong></span> <span class='ocrx_word' id='word_1_647' title='bbox 3463 5118 3615 5166; x_wconf 78' lang='lat' dir='ltr'><strong>iusto-</strong></span> 
     </span>
    </p>
   </div>
   <div class='ocr_carea' id='block_1_80' title="bbox 440 5118 3622 5187">
    <p class='ocr_par' dir='ltr' id='par_1_80' title="bbox 440 5118 3622 5187">
     <span class='ocr_line' id='line_1_81' title="bbox 440 5118 3622 5187; baseline -0.003 -15"><span class='ocrx_word' id='word_1_648' title='bbox 440 5123 542 5179; x_wconf 70' lang='lat' dir='ltr'><strong>.XX</strong></span> <span class='ocrx_word' id='word_1_649' title='bbox 568 5118 644 5172; x_wconf 77' lang='lat' dir='ltr'><strong>vel</strong></span> <span class='ocrx_word' id='word_1_650' title='bbox 672 5137 758 5172; x_wconf 85' lang='lat' dir='ltr'><strong>eos</strong></span> <span class='ocrx_word' id='word_1_651' title='bbox 778 5118 862 5184; x_wconf 77' lang='lat' dir='ltr'><strong>qui</strong></span> <span class='ocrx_word' id='word_1_652' title='bbox 891 5118 1281 5173; x_wconf 51' lang='lat' dir='ltr'><strong>l’enta‘teuchun&#39;t</strong></span> <span class='ocrx_word' id='word_1_653' title='bbox 1308 5129 1683 5187; x_wconf 82' lang='lat' dir='ltr'><strong>transtulerunt.</strong></span> <span class='ocrx_word' id='word_1_654' title='bbox 1713 5139 1811 5179; x_wconf 90' lang='lat' dir='ltr'><strong>non</strong></span> <span class='ocrx_word' id='word_1_655' title='bbox 1836 5126 2025 5187; x_wconf 89' lang='lat' dir='ltr'><strong>reliqua</strong></span> <span class='ocrx_word' id='word_1_656' title='bbox 2050 5118 2559 5187; x_wconf 73' lang='lat' dir='ltr'><strong>interpretatosesse.</strong></span> <span class='ocrx_word' id='word_1_657' title='bbox 2597 5123 2677 5173; x_wconf 82' lang='lat' dir='ltr'><strong>1X.</strong></span> <span class='ocrx_word' id='word_1_658' title='bbox 2708 5123 2880 5172; x_wconf 82' lang='lat' dir='ltr'><strong>L&#39;trum</strong></span> <span class='ocrx_word' id='word_1_659' title='bbox 2904 5121 3115 5187; x_wconf 56' lang='lat' dir='ltr'><strong>Aristeas</strong></span> <span class='ocrx_word' id='word_1_660' title='bbox 3149 5120 3436 5182; x_wconf 78' lang='lat' dir='ltr'><strong>primigenia</strong></span> <span class='ocrx_word' id='word_1_661' title='bbox 3463 5118 3622 5166; x_wconf 81' lang='lat' dir='ltr'><strong>histo-</strong></span> 
     </span>
    </p>
   </div>
   <div class='ocr_carea' id='block_1_81' title="bbox 419 5185 3052 5251">
    <p class='ocr_par' dir='ltr' id='par_1_81' title="bbox 419 5185 3052 5251">
     <span class='ocr_line' id='line_1_82' title="bbox 419 5185 3052 5251; baseline -0.002 -16"><span class='ocrx_word' id='word_1_662' title='bbox 419 5187 493 5235; x_wconf 83' lang='lat' dir='ltr'><strong>ria</strong></span> <span class='ocrx_word' id='word_1_663' title='bbox 519 5196 633 5234; x_wconf 83' lang='lat' dir='ltr'><strong>vera</strong></span> <span class='ocrx_word' id='word_1_664' title='bbox 657 5187 741 5245; x_wconf 86' lang='lat' dir='ltr'><strong>sit,</strong></span> <span class='ocrx_word' id='word_1_665' title='bbox 764 5198 827 5235; x_wconf 87' lang='lat' dir='ltr'><strong>an</strong></span> <span class='ocrx_word' id='word_1_666' title='bbox 848 5188 958 5234; x_wconf 81' lang='lat' dir='ltr'><strong>ticta</strong></span> <span class='ocrx_word' id='word_1_667' title='bbox 984 5192 1038 5251; x_wconf 85' lang='lat' dir='ltr'><strong>et</strong></span> <span class='ocrx_word' id='word_1_668' title='bbox 1058 5186 1369 5248; x_wconf 84' lang='lat' dir='ltr'><strong>supposititia</strong></span> <span class='ocrx_word' id='word_1_669' title='bbox 1395 5201 1408 5235; x_wconf 90' lang='lat'>:</span> <span class='ocrx_word' id='word_1_670' title='bbox 1434 5189 1708 5237; x_wconf 62' lang='lat' dir='ltr'><strong>atteruntur</strong></span> <span class='ocrx_word' id='word_1_671' title='bbox 1728 5185 2023 5250; x_wconf 74' lang='lat' dir='ltr'><strong>argumenta</strong></span> <span class='ocrx_word' id='word_1_672' title='bbox 2047 5185 2296 5249; x_wconf 66' lang='lat' dir='ltr'><strong>utrintlue.</strong></span> <span class='ocrx_word' id='word_1_673' title='bbox 2322 5185 2380 5235; x_wconf 77' lang='grc' dir='ltr'><strong>Χ.</strong></span> <span class='ocrx_word' id='word_1_674' title='bbox 2406 5186 2768 5248; x_wconf 83' lang='lat' dir='ltr'><strong>Disputationis</strong></span> <span class='ocrx_word' id='word_1_675' title='bbox 2786 5185 3052 5235; x_wconf 88' lang='lat' dir='ltr'><strong>conclusio.</strong></span> 
     </span>
    </p>
   </div>
   <div class='ocr_carea' id='block_1_82' title="bbox 601 5328 1669 5402">
    <p class='ocr_par' dir='ltr' id='par_1_82' title="bbox 601 5328 1669 5402">
     <span class='ocr_line' id='line_1_83' title="bbox 601 5328 1669 5402; baseline 0.001 -16"><span class='ocrx_word' id='word_1_676' title='bbox 601 5328 646 5386; x_wconf 85' lang='lat' dir='ltr'><strong>L</strong></span> <span class='ocrx_word' id='word_1_677' title='bbox 684 5330 987 5402; x_wconf 69' lang='lat' dir='ltr'><strong>Aristeqnce</strong></span> <span class='ocrx_word' id='word_1_678' title='bbox 1013 5331 1255 5386; x_wconf 70' lang='lat' dir='ltr'><strong>historice</strong></span> <span class='ocrx_word' id='word_1_679' title='bbox 1282 5333 1669 5402; x_wconf 82' lang='lat' dir='ltr'><strong>compendium.</strong></span> 
     </span>
    </p>
   </div>
   <div class='ocr_carea' id='block_1_83' title="bbox 422 5421 1939 5495">
    <p class='ocr_par' dir='ltr' id='par_1_83' title="bbox 422 5421 1939 5495">
     <span class='ocr_line' id='line_1_84' title="bbox 422 5421 1939 5495; baseline 0 -16"><span class='ocrx_word' id='word_1_680' title='bbox 422 5421 557 5492; x_wconf 72' lang='lat' dir='ltr'><strong>Qua:</strong></span> <span class='ocrx_word' id='word_1_681' title='bbox 593 5423 664 5479; x_wconf 90' lang='lat' dir='ltr'><strong>ad</strong></span> <span class='ocrx_word' id='word_1_682' title='bbox 712 5424 998 5479; x_wconf 77' lang='lat' dir='ltr'><strong>historiam</strong></span> <span class='ocrx_word' id='word_1_683' title='bbox 1051 5424 1281 5480; x_wconf 69' lang='lat' dir='ltr'><strong>Aristea:</strong></span> <span class='ocrx_word' id='word_1_684' title='bbox 1330 5423 1620 5494; x_wconf 73' lang='lat' dir='ltr'><strong>spectant,</strong></span> <span class='ocrx_word' id='word_1_685' title='bbox 1659 5432 1742 5480; x_wconf 93' lang='lat' dir='ltr'><strong>tot</strong></span> <span class='ocrx_word' id='word_1_686' title='bbox 1770 5425 1939 5495; x_wconf 84' lang='lat' dir='ltr'><strong>plena</strong></span> 
     </span>
    </p>
   </div>
   <div class='ocr_carea' id='block_1_84' title="bbox 350 5514 1929 5585">
    <p class='ocr_par' dir='ltr' id='par_1_84' title="bbox 350 5514 1929 5585">
     <span class='ocr_line' id='line_1_85' title="bbox 350 5514 1929 5585; baseline 0 -16"><span class='ocrx_word' id='word_1_687' title='bbox 350 5514 788 5580; x_wconf 84' lang='lat' dir='ltr'><strong>diliicultatibus,</strong></span> <span class='ocrx_word' id='word_1_688' title='bbox 825 5522 902 5569; x_wconf 90' lang='lat' dir='ltr'><strong>tot</strong></span> <span class='ocrx_word' id='word_1_689' title='bbox 922 5515 1126 5584; x_wconf 82' lang='lat' dir='ltr'><strong>agitata</strong></span> <span class='ocrx_word' id='word_1_690' title='bbox 1165 5516 1563 5585; x_wconf 70' lang='lat' dir='ltr'><strong>quaestionibus</strong></span> <span class='ocrx_word' id='word_1_691' title='bbox 1595 5526 1746 5581; x_wconf 88' lang='lat' dir='ltr'><strong>sunt,</strong></span> <span class='ocrx_word' id='word_1_692' title='bbox 1778 5525 1837 5571; x_wconf 91' lang='lat' dir='ltr'><strong>ut</strong></span> <span class='ocrx_word' id='word_1_693' title='bbox 1882 5516 1929 5572; x_wconf 88' lang='lat' dir='ltr'><strong>si</strong></span> 
     </span>
    </p>
   </div>
   <div class='ocr_carea' id='block_1_85' title="bbox 353 5606 1929 5677">
    <p class='ocr_par' dir='ltr' id='par_1_85' title="bbox 353 5606 1929 5677">
     <span class='ocr_line' id='line_1_86' title="bbox 353 5606 1929 5677; baseline 0.002 -19"><span class='ocrx_word' id='word_1_694' title='bbox 353 5607 562 5662; x_wconf 86' lang='lat' dir='ltr'><strong>luberet</strong></span> <span class='ocrx_word' id='word_1_695' title='bbox 590 5606 777 5661; x_wconf 90' lang='lat' dir='ltr'><strong>omnia</strong></span> <span class='ocrx_word' id='word_1_696' title='bbox 801 5606 1013 5674; x_wconf 85' lang='lat' dir='ltr'><strong>prolixe</strong></span> <span class='ocrx_word' id='word_1_697' title='bbox 1034 5614 1294 5672; x_wconf 85' lang='lat' dir='ltr'><strong>tractare,</strong></span> <span class='ocrx_word' id='word_1_698' title='bbox 1326 5608 1779 5677; x_wconf 81' lang='lat' dir='ltr'><strong>singulorumque</strong></span> <span class='ocrx_word' id='word_1_699' title='bbox 1801 5623 1929 5662; x_wconf 81' lang='lat' dir='ltr'><strong>sen-</strong></span> 
     </span>
    </p>
   </div>
   <div class='ocr_carea' id='block_1_86' title="bbox 359 5694 1934 5766">
    <p class='ocr_par' dir='ltr' id='par_1_86' title="bbox 359 5694 1934 5766">
     <span class='ocr_line' id='line_1_87' title="bbox 359 5694 1934 5766; baseline 0.001 -18"><span class='ocrx_word' id='word_1_700' title='bbox 359 5696 553 5750; x_wconf 86' lang='lat' dir='ltr'><strong>tentias</strong></span> <span class='ocrx_word' id='word_1_701' title='bbox 581 5695 908 5765; x_wconf 88' lang='lat' dir='ltr'><strong>expendere,</strong></span> <span class='ocrx_word' id='word_1_702' title='bbox 943 5694 1158 5765; x_wconf 72' lang='lat' dir='ltr'><strong>longius</strong></span> <span class='ocrx_word' id='word_1_703' title='bbox 1181 5710 1213 5750; x_wconf 87' lang='lat' dir='ltr'><strong>a</strong></span> <span class='ocrx_word' id='word_1_704' title='bbox 1244 5698 1524 5766; x_wconf 86' lang='lat' dir='ltr'><strong>pr0posito</strong></span> <span class='ocrx_word' id='word_1_705' title='bbox 1545 5706 1733 5751; x_wconf 86' lang='lat' dir='ltr'><strong>nostro</strong></span> <span class='ocrx_word' id='word_1_706' title='bbox 1760 5697 1934 5754; x_wconf 80' lang='lat' dir='ltr'><strong>abdu-</strong></span> 
     </span>
    </p>
   </div>
   <div class='ocr_carea' id='block_1_87' title="bbox 354 5787 1931 5858">
    <p class='ocr_par' dir='ltr' id='par_1_87' title="bbox 354 5787 1931 5858">
     <span class='ocr_line' id='line_1_88' title="bbox 354 5787 1931 5858; baseline -0.001 -15"><span class='ocrx_word' id='word_1_707' title='bbox 354 5803 644 5844; x_wconf 87' lang='lat' dir='ltr'><strong>ceremur:</strong></span> <span class='ocrx_word' id='word_1_708' title='bbox 692 5787 819 5856; x_wconf 89' lang='lat' dir='ltr'><strong>quia</strong></span> <span class='ocrx_word' id='word_1_709' title='bbox 869 5794 1049 5841; x_wconf 82' lang='lat' dir='ltr'><strong>tamen</strong></span> <span class='ocrx_word' id='word_1_710' title='bbox 1094 5802 1285 5843; x_wconf 89' lang='lat' dir='ltr'><strong>eorum</strong></span> <span class='ocrx_word' id='word_1_711' title='bbox 1329 5790 1520 5843; x_wconf 87' lang='lat' dir='ltr'><strong>notitia</strong></span> <span class='ocrx_word' id='word_1_712' title='bbox 1566 5789 1931 5858; x_wconf 70' lang='lat' dir='ltr'><strong>intelligendis</strong></span> 
     </span>
    </p>
   </div>
   <div class='ocr_carea' id='block_1_88' title="bbox 350 5874 1927 5947">
    <p class='ocr_par' dir='ltr' id='par_1_88' title="bbox 350 5874 1927 5947">
     <span class='ocr_line' id='line_1_89' title="bbox 350 5874 1927 5947; baseline -0.001 -8"><span class='ocrx_word' id='word_1_713' title='bbox 350 5887 424 5940; x_wconf 79' lang='lat' dir='ltr'><strong>iis</strong></span> <span class='ocrx_word' id='word_1_714' title='bbox 453 5900 581 5943; x_wconf 73' lang='lat' dir='ltr'><strong>auat</strong></span> <span class='ocrx_word' id='word_1_715' title='bbox 617 5884 685 5938; x_wconf 88' lang='lat' dir='ltr'><strong>de</strong></span> <span class='ocrx_word' id='word_1_716' title='bbox 723 5881 962 5947; x_wconf 86' lang='lat' dir='ltr'><strong>editione</strong></span> <span class='ocrx_word' id='word_1_717' title='bbox 1000 5881 1109 5938; x_wconf 83' lang='grc' dir='ltr'><strong>τῶν</strong></span> <span class='ocrx_word' id='word_1_718' title='bbox 1139 5884 1193 5941; x_wconf 67' lang='lat'><strong>0!</strong></span> <span class='ocrx_word' id='word_1_719' title='bbox 1228 5883 1513 5943; x_wconf 76' lang='lat' dir='ltr'><strong>hexaplar&#39;t</strong></span> <span class='ocrx_word' id='word_1_720' title='bbox 1560 5882 1701 5943; x_wconf 82' lang='lat' dir='ltr'><strong>infra</strong></span> <span class='ocrx_word' id='word_1_721' title='bbox 1731 5874 1927 5941; x_wconf 82' lang='lat' dir='ltr'><strong>dicturi</strong></span> 
     </span>
    </p>
   </div>
   <div class='ocr_carea' id='block_1_89' title="bbox 1965 5327 3619 5402">
    <p class='ocr_par' dir='ltr' id='par_1_89' title="bbox 1965 5327 3619 5402">
     <span class='ocr_line' id='line_1_90' title="bbox 1965 5327 3619 5402; baseline -0.005 -14"><span class='ocrx_word' id='word_1_722' title='bbox 1965 5343 2011 5398; x_wconf 81' lang='grc' dir='ltr'><strong>ι)</strong></span> <span class='ocrx_word' id='word_1_723' title='bbox 2040 5348 2254 5400; x_wconf 93' lang='lat' dir='ltr'><strong>sumus,</strong></span> <span class='ocrx_word' id='word_1_724' title='bbox 2300 5346 2528 5402; x_wconf 88' lang='lat' dir='ltr'><strong>prorsus</strong></span> <span class='ocrx_word' id='word_1_725' title='bbox 2572 5330 2884 5386; x_wconf 88' lang='lat' dir='ltr'><strong>necessaria</strong></span> <span class='ocrx_word' id='word_1_726' title='bbox 2917 5328 3133 5383; x_wconf 89' lang='lat' dir='ltr'><strong>videtur</strong></span> <span class='ocrx_word' id='word_1_727' title='bbox 3153 5364 3169 5389; x_wconf 91' lang='lat'><strong>,</strong></span> <span class='ocrx_word' id='word_1_728' title='bbox 3214 5341 3329 5382; x_wconf 88' lang='lat' dir='ltr'><strong>rem</strong></span> <span class='ocrx_word' id='word_1_729' title='bbox 3360 5327 3437 5381; x_wconf 83' lang='lat' dir='ltr'><strong>ita</strong></span> <span class='ocrx_word' id='word_1_730' title='bbox 3463 5340 3619 5381; x_wconf 81' lang='lat' dir='ltr'><strong>com-</strong></span> 
     </span>
    </p>
   </div>
   <div class='ocr_carea' id='block_1_90' title="bbox 2038 5416 3617 5494">
    <p class='ocr_par' dir='ltr' id='par_1_90' title="bbox 2038 5416 3617 5494">
     <span class='ocr_line' id='line_1_91' title="bbox 2038 5416 3617 5494; baseline -0.004 -15"><span class='ocrx_word' id='word_1_731' title='bbox 2038 5425 2237 5494; x_wconf 91' lang='lat' dir='ltr'><strong>pendio</strong></span> <span class='ocrx_word' id='word_1_732' title='bbox 2264 5425 2559 5493; x_wconf 86' lang='lat' dir='ltr'><strong>explanare</strong></span> <span class='ocrx_word' id='word_1_733' title='bbox 2592 5422 2909 5485; x_wconf 86' lang='lat' dir='ltr'><strong>statuimus,</strong></span> <span class='ocrx_word' id='word_1_734' title='bbox 2960 5426 3023 5472; x_wconf 90' lang='lat' dir='ltr'><strong>ut</strong></span> <span class='ocrx_word' id='word_1_735' title='bbox 3060 5418 3197 5472; x_wconf 88' lang='lat' dir='ltr'><strong>nihil</strong></span> <span class='ocrx_word' id='word_1_736' title='bbox 3235 5416 3431 5472; x_wconf 86' lang='lat' dir='ltr'><strong>debeat</strong></span> <span class='ocrx_word' id='word_1_737' title='bbox 3476 5417 3617 5472; x_wconf 80' lang='lat' dir='ltr'><strong>ultra</strong></span> 
     </span>
    </p>
   </div>
   <div class='ocr_carea' id='block_1_91' title="bbox 2038 5512 2881 5571">
    <p class='ocr_par' dir='ltr' id='par_1_91' title="bbox 2038 5512 2881 5571">
     <span class='ocr_line' id='line_1_92' title="bbox 2038 5512 2881 5571; baseline -0.006 -1"><span class='ocrx_word' id='word_1_738' title='bbox 2038 5517 2318 5571; x_wconf 89' lang='lat' dir='ltr'><strong>studiosus</strong></span> <span class='ocrx_word' id='word_1_739' title='bbox 2341 5514 2512 5568; x_wconf 91' lang='lat' dir='ltr'><strong>lector</strong></span> <span class='ocrx_word' id='word_1_740' title='bbox 2546 5512 2881 5568; x_wconf 87' lang='lat' dir='ltr'><strong>desiderare.</strong></span> 
     </span>
    </p>
   </div>
   <div class='ocr_carea' id='block_1_92' title="bbox 2111 5597 3619 5674">
    <p class='ocr_par' dir='ltr' id='par_1_92' title="bbox 2111 5597 3619 5674">
     <span class='ocr_line' id='line_1_93' title="bbox 2111 5597 3619 5674; baseline -0.006 -13"><span class='ocrx_word' id='word_1_741' title='bbox 2111 5608 2340 5662; x_wconf 69' lang='lat' dir='ltr'><strong>Aristete</strong></span> <span class='ocrx_word' id='word_1_742' title='bbox 2368 5605 2599 5674; x_wconf 87' lang='lat' dir='ltr'><strong>epistola</strong></span> <span class='ocrx_word' id='word_1_743' title='bbox 2655 5604 2722 5658; x_wconf 91' lang='lat' dir='ltr'><strong>ad</strong></span> <span class='ocrx_word' id='word_1_744' title='bbox 2765 5601 3156 5662; x_wconf 82' lang='lat' dir='ltr'><strong>Philocratem,</strong></span> <span class='ocrx_word' id='word_1_745' title='bbox 3184 5612 3308 5668; x_wconf 71' lang='lat' dir='ltr'><strong>quat</strong></span> <span class='ocrx_word' id='word_1_746' title='bbox 3354 5597 3619 5652; x_wconf 84' lang='lat' dir='ltr'><strong>hactenus</strong></span> 
     </span>
    </p>
   </div>
   <div class='ocr_carea' id='block_1_93' title="bbox 2038 5686 3620 5762">
    <p class='ocr_par' dir='ltr' id='par_1_93' title="bbox 2038 5686 3620 5762">
     <span class='ocr_line' id='line_1_94' title="bbox 2038 5686 3620 5762; baseline -0.009 -10"><span class='ocrx_word' id='word_1_747' title='bbox 2038 5706 2239 5762; x_wconf 86' lang='lat' dir='ltr'><strong>exstat,</strong></span> <span class='ocrx_word' id='word_1_748' title='bbox 2257 5705 2312 5749; x_wconf 87' lang='lat' dir='ltr'><strong>et</strong></span> <span class='ocrx_word' id='word_1_749' title='bbox 2328 5694 2668 5750; x_wconf 87' lang='lat' dir='ltr'><strong>eruditorum</strong></span> <span class='ocrx_word' id='word_1_750' title='bbox 2696 5691 2951 5746; x_wconf 86' lang='lat' dir='ltr'><strong>manibus</strong></span> <span class='ocrx_word' id='word_1_751' title='bbox 2975 5686 3189 5753; x_wconf 87' lang='lat' dir='ltr'><strong>teritur,</strong></span> <span class='ocrx_word' id='word_1_752' title='bbox 3210 5686 3515 5740; x_wconf 83' lang='lat' dir='ltr'><strong>minutatim</strong></span> <span class='ocrx_word' id='word_1_753' title='bbox 3533 5702 3620 5738; x_wconf 84' lang='lat' dir='ltr'><strong>re—</strong></span> 
     </span>
    </p>
   </div>
   <div class='ocr_carea' id='block_1_94' title="bbox 2041 5770 3623 5852">
    <p class='ocr_par' dir='ltr' id='par_1_94' title="bbox 2041 5770 3623 5852">
     <span class='ocr_line' id='line_1_95' title="bbox 2041 5770 3623 5852; baseline -0.011 -10"><span class='ocrx_word' id='word_1_754' title='bbox 2041 5794 2226 5842; x_wconf 82' lang='lat' dir='ltr'><strong>censet</strong></span> <span class='ocrx_word' id='word_1_755' title='bbox 2248 5799 2309 5839; x_wconf 77' lang='lat' dir='ltr'><strong>ea</strong></span> <span class='ocrx_word' id='word_1_756' title='bbox 2333 5797 2453 5852; x_wconf 68' lang='lat' dir='ltr'><strong>quae</strong></span> <span class='ocrx_word' id='word_1_757' title='bbox 2478 5782 2636 5852; x_wconf 83' lang='lat' dir='ltr'><strong>jussu</strong></span> <span class='ocrx_word' id='word_1_758' title='bbox 2662 5778 3079 5851; x_wconf 83' lang='lat' dir='ltr'><strong>sumptibusque</strong></span> <span class='ocrx_word' id='word_1_759' title='bbox 3106 5773 3382 5837; x_wconf 68' lang='lat' dir='ltr'><strong>Ptolemaei</strong></span> <span class='ocrx_word' id='word_1_760' title='bbox 3400 5770 3623 5841; x_wconf 61' lang='grc' dir='ltr'><strong>Δεῖ-ωινιί</strong></span> 
     </span>
    </p>
   </div>
   <div class='ocr_carea' id='block_1_95' title="bbox 2038 5863 3626 5944">
    <p class='ocr_par' dir='ltr' id='par_1_95' title="bbox 2038 5863 3626 5944">
     <span class='ocr_line' id='line_1_96' title="bbox 2038 5863 3626 5944; baseline -0.014 -9"><span class='ocrx_word' id='word_1_761' title='bbox 2038 5880 2202 5944; x_wconf 65' lang='lat' dir='ltr'><strong>regis.</strong></span> <span class='ocrx_word' id='word_1_762' title='bbox 2219 5890 2319 5934; x_wconf 86' lang='lat' dir='ltr'><strong>oro</strong></span> <span class='ocrx_word' id='word_1_763' title='bbox 2336 5871 2753 5943; x_wconf 70' lang='lat' dir='ltr'><strong>interpretandis</strong></span> <span class='ocrx_word' id='word_1_764' title='bbox 2763 5885 2828 5927; x_wconf 82' lang='lat' dir='ltr'><strong>ex</strong></span> <span class='ocrx_word' id='word_1_765' title='bbox 2838 5866 3111 5933; x_wconf 74' lang='lat' dir='ltr'><strong>,llebraico</strong></span> <span class='ocrx_word' id='word_1_766' title='bbox 3125 5864 3180 5921; x_wconf 91' lang='lat' dir='ltr'><strong>in</strong></span> <span class='ocrx_word' id='word_1_767' title='bbox 3192 5863 3626 5923; x_wconf 70' lang='lat' dir='ltr'><strong>Graecumsacr‘ts</strong></span> 
     </span>
    </p>
   </div>
  </div>
