4122 6420
517 422 588 476 55
1892 418 2425 475 PRELIMINARIA
3710 418 3778 474 56

519 537 839 608 Scripturis,
871 545 1021 609 gesta
1054 545 1202 593 sunt.
1233 535 1360 594 Haec
1393 545 1574 594 autem
1596 537 1935 603 συνοπτικῶς
1961 553 2091 609 pro-
2123 545 2170 600 Α
2199 536 2402 593 rissimi
2431 535 2804 608 perhibentur.
2834 533 3030 590 Postea
3069 533 3139 589 de
3179 541 3326 589 recta
3354 547 3568 588 morum
3620 532 3778 586 insti-

516 629 767 684 ferimus.

589 722 898 778 Demetrius
919 720 1240 789 Phalereus,
1270 723 1614 780 bibliothecze
1645 720 1924 777 Ptolemaei
1949 721 2098 776 Pliil-

517 815 754 884 adelphi,
787 812 1008 886 Egypti
1045 814 1210 886 regis,
1240 813 1548 883 praefectus,
1577 812 1903 883 conquisitis
1935 813 2099 866 undi-

517 919 624 972 que
649 905 826 972 libris,
866 920 986 959 eam
1020 921 1194 975 usque
1225 906 1361 959 adeo
1405 915 1651 972 auxerat,
1694 914 1754 959 ut
1805 905 2096 976 plusquam

515 996 754 1050 ducenta
802 996 1146 1050 voluminum
1201 997 1366 1052 millia
1418 997 1888 1066 complecteretur.
1942 995 2099 1063 Quod

517 1101 640 1138 cum
671 1086 976 1141 sciscitanti
1015 1088 1150 1158 regi,
1196 1098 1461 1156 przescnte
1490 1099 1605 1141 tum
1627 1087 1863 1150 Aristea,
1898 1103 2100 1140 renun-

517 1175 701 1240 tiaret,
732 1175 930 1244 adjecit
949 1175 1266 1230 effecturum
1299 1193 1358 1233 se
1391 1187 1450 1231 ut
1488 1176 1638 1231 brevi
1692 1175 1758 1229 ad
1802 1176 2100 1247 quingenta

518 1267 690 1321 millia
709 1266 973 1322 librorum
1003 1285 1262 1324 numerus
1287 1271 1637 1339 pertingeret,
1687 1268 1868 1337 aitque
1886 1284 1943 1322 se
1969 1284 2100 1322 nar-

517 1367 642 1412 ratu
676 1359 1039 1430 quorumdam
1079 1360 1446 1429 comperisse,
1479 1357 1794 1415 Iudaeorum
1831 1360 1976 1428 leges
2018 1360 2104 1414 di-

518 1465 655 1520 gnas
673 1467 792 1507 esse
813 1468 936 1522 quae
961 1453 1013 1506 in
1031 1453 1150 1522 ejus
1170 1453 1492 1510 bibliotheca
1511 1467 1922 1524 reponerenmr,
1944 1454 2096 1508 dum.

525 1542 690 1596 modo
723 1557 788 1594 ex
820 1540 1044 1613 Syriaca
1081 1543 1261 1612 lingua
1295 1543 1406 1611 (ita
1455 1544 1725 1597 vocabant
1771 1543 1928 1598 multi
1954 1583 1970 1609 ,
2007 1545 2101 1598 sed

519 1631 588 1686 iis
617 1640 884 1704 repugnat
919 1631 1264 1700 Demetrius)
1297 1649 1402 1702 qua
1437 1633 1747 1702 conscripta
1795 1641 1954 1687 erant
1979 1675 1994 1697 ,
2045 1633 2102 1686 in

519 1723 762 1779 Grecam
796 1734 1262 1781 converterentur.
1284 1724 1391 1781 Nec
1421 1742 1595 1792 mora,
1637 1743 1728 1781 rex
1770 1728 2010 1782 decrevit
2036 1728 2105 1782 ad

521 1832 800 1872 summum
860 1817 1172 1888 pontificem
1231 1820 1492 1882 scribere,
1545 1828 1603 1873 ut
1646 1835 1769 1888 qua:
1820 1819 1872 1872 in
1903 1819 2104 1890 optatis

521 1919 679 1964 erant
715 1921 1120 1980 assequeretur.
1148 1909 1285 1965 Tum
1317 1912 1560 1966 Aristeas
1585 1927 1646 1966 ea
1674 1911 1742 1964 de
1768 1911 1970 1982 quibus
1989 1911 2102 1980 jam
2139 1907 2179 1961 ll

523 2000 802 2058 Sosibium
831 2001 1184 2058 Tarentinum
1215 2012 1270 2058 et
1296 2003 1567 2057 Andream
1617 2004 1890 2074 regiorum
1921 2014 2107 2058 custo-

519 2095 651 2150 dum
686 2095 958 2166 principes
983 2097 1254 2151 allocutus
1303 2112 1444 2166 saepe
1481 2095 1700 2160 fuerat,
1735 2096 1848 2168 regi
1889 2096 2104 2166 aperit;

518 2187 783 2242 nimirum
816 2204 916 2258 par
947 2204 1068 2243 esse
1098 2197 1156 2242 ut
1179 2189 1452 2244 missurus
1485 2188 1551 2243 ad
1575 2204 1853 2242 summum
1878 2188 2102 2258 pontili—

519 2294 640 2333 cem
667 2279 875 2350 legatos
908 2279 1000 2348 qui
1027 2277 1342 2334 Iudaeorum
1378 2280 1548 2335 libros
1571 2279 1848 2346 afferrent,
1886 2278 2108 2334 Iudaeos

520 2384 734 2434 omnes,
760 2365 853 2438 Qui
896 2385 926 2424 a
979 2379 1135 2439 patre
1165 2369 1339 2440 ipsius
1365 2369 1421 2423 in
1460 2370 1830 2440 captivitatem
1889 2367 2108 2424 abducti

521 2459 780 2526 fuerant,
827 2462 1031 2517 liberos
1078 2462 1326 2518 remittat
1355 2460 1409 2515 in
1443 2461 1700 2532 patriam.
1747 2459 2110 2515 Percontatus

521 2568 620 2607 rex
653 2563 788 2625 quot
811 2552 1126 2609 Judzeorum
1163 2554 1335 2608 millia
1362 2553 1416 2608 in
1458 2551 1694 2624 {Egypto
1733 2551 1985 2608 servituti
2015 2551 2113 2606 ad-

523 2645 668 2700 dicta
700 2655 921 2711 essent,
975 2646 1102 2716 plus
1159 2661 1325 2716 quam
1353 2653 1570 2700 centum
1600 2645 1767 2699 millia
1801 2659 1944 2710 esse,
1972 2643 2112 2697 refe-

521 2753 680 2796 rente
701 2741 942 2803 Andrea,
967 2739 1196 2795 audivit.
1231 2738 1370 2793 [line
1398 2753 1664 2794 converso
1696 2738 1751 2793 in
1778 2738 2112 2792 hilaritatem

522 2831 685 2887 vultu
709 2847 805 2888 rex
834 2833 1001 2902 jussit
1027 2831 1228 2887 liberos
1255 2831 1456 2885 dimilti
1505 2829 1724 2886 Iudaeos
1752 2845 1964 2896 omnes,
1997 2839 2113 2884 tum

525 2938 630 2979 eos
651 2923 747 2994 qui
779 2938 810 2978 a
848 2933 1006 2994 patre
1037 2924 1249 2994 ipsius,
1293 2933 1409 2978 tum
1443 2925 1605 2979 etiam
1641 2924 1778 2978 alios
1805 2924 1900 2994 qui
1954 2932 2117 2978 antea

523 3015 582 3070 in
606 3013 923 3071 servitutem
953 3015 1174 3070 abducti
1190 3014 1425 3082 fuerant,
1455 3015 1704 3087 tradique
1729 3015 1988 3082 dominis,
2017 3016 2115 3086 qui

524 3107 845 3178 huiusmodi
877 3107 1152 3163 famulitio
1190 3109 1504 3172 utebantur,
1538 3123 1637 3179 pro
1659 3107 1892 3180 singulis
1917 3109 2115 3179 capiti-

525 3197 632 3253 bus
661 3199 850 3270 viginti
886 3198 1200 3254 drachmas.
1237 3197 1462 3254 Summa
1488 3214 1652 3269 porro
1680 3199 1815 3270 regii
1866 3201 2113 3256 muneris

522 3288 624 3346 fuit
655 3289 760 3346 660
790 3290 1136 3346 talentorum.

597 3381 906 3440 Demetrius
927 3383 1225 3440 Phalereus
1240 3394 1428 3456 postea
1458 3385 1700 3440 libellum
1725 3390 1820 3441 dat
1844 3385 1980 3457 regi,
1998 3400 2109 3456 quo

525 3485 721 3532 auctor
751 3486 834 3532 est
864 3485 924 3531 ut
957 3486 1104 3548 petat
1137 3493 1168 3533 a
1200 3494 1418 3534 summo
1472 3476 1787 3534 Judzeorum
1823 3479 2110 3535 sacerdote

525 3565 788 3622 Eleazaro
820 3583 916 3622 sex
945 3582 1012 3622 ex
1041 3583 1260 3638 quaque
1289 3568 1433 3623 tribu
1478 3584 1659 3636 senes,
1695 3570 1982 3624 honestate
2025 3568 2109 3622 vi-

527 3667 598 3713 ta:
631 3667 685 3713 et
708 3658 900 3728 peritia
927 3659 1102 3729 legum
1132 3669 1473 3728 praestantes,
1500 3668 1563 3714 ut
1585 3660 1822 3730 plurium
1846 3660 2109 3730 interpre-

529 3750 668 3804 tatio
691 3750 796 3804 fide
825 3750 1042 3820 dignior
1071 3750 1360 3805 habeatur.
1394 3751 1508 3806 Rex
1536 3760 1781 3806 oratores
1810 3752 1974 3806 mittit
1998 3751 2109 3804 An-

529 3838 719 3894 dream
753 3847 809 3894 et
838 3839 1108 3894 Aristeam
1159 3851 1410 3894 nostrum
1461 3855 1589 3894 cum
1639 3840 2109 3910 przestantissimis

527 3930 876 3997 muneribus,
911 3945 1034 4000 quae
1075 3930 1274 3985 ibidem
1304 3941 1680 3994 recensentur,
1708 3942 1762 3986 et
1791 3933 1988 3987 litteris
2026 3949 2111 3987 re-

530 4018 657 4089 giis,
684 4018 776 4073 ubi
804 4021 872 4074 de
899 4017 1104 4074 Iudaeis
1129 4035 1160 4074 a
1189 4020 1452 4075 servitute
1491 4021 1786 4091 redemptis
1806 4061 1821 4086 ,
1873 4023 1942 4077 de
1983 4023 2112 4076 mit-

528 4110 712 4167 tendis
732 4111 801 4166 ad
833 4112 1338 4181 interpretationem
1381 4109 1676 4182 Scriptura:
1705 4115 1931 4170 senibus
1955 4156 1968 4179 ,
2012 4115 2110 4169 de-

530 4219 640 4267 que
674 4203 861 4258 missis
895 4204 1220 4258 muneribus
1247 4205 1446 4273 agitur.
1490 4202 1601 4260 llas
1649 4201 1860 4262 litteras
1911 4207 2114 4276 excipit

531 4296 759 4368 epistola
785 4293 1032 4349 Eleazari
1067 4293 1136 4348 ad
1183 4292 1534 4348 Ptolemazum
1565 4335 1582 4361 ,
1637 4295 1730 4350 ubi
1783 4296 1839 4350 in
1878 4298 2110 4367 gratiam

531 4387 924 4444 beneficiorum
961 4385 1137 4440 fausta
1173 4386 1284 4457 regi
1313 4386 1654 4457 Arsinoeque
1689 4389 1848 4442 uxori
1893 4399 1948 4445 et
1985 4390 2111 4448 liliis

534 4489 879 4552 apprecatur,
903 4489 958 4536 et
985 4495 1048 4534 ex
1079 4480 1308 4551 singulis
1339 4480 1588 4537 tribubus
1613 4498 1772 4538 senes
1809 4499 1901 4539 sex
1941 4485 2111 4540 inter-

2137 3247 2184 3309 C

2199 631 2428 695 tutione,
2453 629 2518 683 de
2549 628 2786 682 vanitate
2813 627 3038 682 deorum
3068 626 3353 696 gentilium
3371 666 3387 690 ,
3415 625 3481 678 de
3513 624 3646 692 legis
3671 623 3780 676 Mo-

2199 727 2360 778 saica:
2407 720 2722 794 praestantia
2782 719 3215 786 excellentiaque
3281 717 3450 770 multa
3524 716 3779 770 edisserit

2201 815 2513 868 Eleazarus.
2550 811 2688 865 llinc
2721 810 2907 865 oblato
2941 809 3212 864 sacrificio
3241 817 3491 862 oratores
3517 848 3532 871 ,
3580 819 3634 860 et
3671 820 3778 860 una

2202 907 2388 962 LXXII
2422 924 2452 960 a
2482 921 2542 960 se
2571 904 2810 958 delectos
2833 904 2980 956 viros
3010 917 3134 955 eum
3157 899 3354 954 litteris
3383 899 3449 952 ad
3478 914 3657 968 regem
3692 897 3780 952 di-

2202 999 2387 1054 mittit.
2421 997 2557 1062 Rex,
2579 999 2671 1069 qui
2708 1006 2968 1052 venturos
2999 993 3372 1063 exspectabat,
3407 991 3626 1044 eosdem
3655 1003 3780 1056 per-

2203 1091 2516 1145 humaniter
2547 1090 2780 1159 excepit,
2802 1089 2997 1142 deinde
3027 1085 3301 1142 exhibitas
3344 1083 3448 1137 sibi
3503 1081 3744 1136 membra
3765 1108 3780 1119 -

2203 1199 2301 1237 nas
2333 1185 2424 1237 ubi
2462 1183 2545 1236 lex
2595 1183 2776 1235 aureis
2806 1182 3000 1235 litteris
3051 1178 3323 1245 descripta
3373 1184 3512 1238 erat,
3558 1187 3785 1226 venera-

2203 1274 2419 1328 bumlus
2449 1275 2650 1342 septies
2684 1273 2951 1334 adoravit,
2979 1287 3043 1325 ac
3076 1285 3187 1340 pne
3219 1267 3416 1338 gaudio
3451 1267 3784 1335 lacrymatus

2203 1375 2319 1432 est;
2355 1373 2410 1419 et
2435 1367 2565 1436 quia
2600 1367 2790 1420 eodem
2825 1375 3066 1434 tempore
3101 1361 3327 1416 victoria
3357 1358 3534 1412 navali
3585 1358 3780 1410 adver-

2205 1475 2299 1514 sus
2331 1458 2664 1528 Antigonum
2699 1458 2906 1529 potitus
2940 1467 3078 1518 erat,
3131 1470 3255 1508 eum
3309 1453 3410 1508 sibi
3457 1451 3598 1505 diem
3635 1449 3779 1502 sole-

2206 1566 2384 1605 mnem
2411 1560 2464 1605 et
2485 1550 2724 1604 faustum
2755 1549 3050 1619 quotannis
3075 1547 3190 1601 fore
3219 1544 3578 1604 denuntiavit.
3605 1543 3782 1597 viros-

2206 1663 2316 1716 que
2367 1647 2560 1700 eodem
2607 1645 2728 1714 ipso
2781 1644 2868 1697 die
2911 1643 2978 1696 ad
3014 1642 3220 1694 lautam
3250 1653 3462 1693 cmnam
3511 1636 3779 1690 invitavit.

2207 1739 2607 1794 Accumbentes
2642 1750 2828 1790 secum
2861 1748 3019 1788 senes
3061 1732 3228 1784 variis
3276 1729 3346 1783 ad
3396 1728 3562 1782 vitam
3625 1726 3782 1780 insti-

2209 1831 2469 1887 tuendam
2538 1841 2878 1897 regnumque
2945 1823 3337 1878 moderandum
3389 1817 3783 1888 quaestionibus

2208 1930 2486 1994 provocat,
2517 1935 2750 1990 quarum
2774 1917 3002 1988 singulis
3031 1932 3190 1971 senes
3211 1930 3305 1984 per
3336 1912 3584 1966 ordinem
3617 1909 3784 1963 inter-

2209 2015 2379 2085 rogati
2424 2012 2829 2084 sapientissime
2883 2008 3319 2079 responderunt,
3353 2005 3429 2059 ita
3464 2012 3524 2057 ut
3577 2008 3784 2070 septem

2208 2107 2419 2161 dierum
2449 2104 2646 2173 spatio,
2683 2101 2913 2172 repetito
2959 2100 3150 2164 eodem
3178 2112 3349 2152 cinna:
3384 2109 3554 2157 more,
3594 2090 3785 2146 LXXII

2210 2213 2401 2255 senum
2426 2194 2740 2266 singulatim
2765 2193 3064 2247 sententias
3089 2187 3398 2257 exceperit,
3426 2200 3492 2240 ac
3517 2183 3787 2254 cujusque

2209 2291 2415 2345 dictum
2448 2287 2703 2342 laudibus
2733 2284 3045 2350 celebrarit,
3076 2282 3407 2350 domumque
3436 2276 3666 2348 singulis
3699 2284 3787 2330 ta-

2213 2381 2353 2435 lenta
2389 2379 2488 2433 tria
2520 2378 2665 2432 dono
2697 2373 2974 2429 obtulerit.

2285 2474 2480 2544 Elapso
2506 2479 2630 2542 post
2655 2467 2902 2524 convivia
2931 2464 3135 2527 triduo,
3172 2477 3332 2517 senes
3361 2476 3392 2516 a
3416 2457 3688 2513 Demetrio
3718 2454 3787 2510 ad

2214 2565 2520 2635 proximam
2564 2559 2801 2616 insulam
2851 2557 3240 2620 deducuntur,
3291 2561 3347 2606 et
3397 2551 3452 2604 in
3509 2545 3789 2615 splendida

2213 2660 2376 2713 domo
2401 2654 2590 2720 locati,
2625 2649 2868 2723 quotidie
2899 2648 2964 2702 ad
2995 2661 3196 2701 nonam
3222 2657 3396 2712 usque
3435 2641 3625 2694 horam
3654 2636 3790 2704 legis

2217 2747 2645 2820 interpretationi
2667 2743 2871 2799 dabant
2891 2754 3133 2810 operam,
3157 2734 3430 2789 Demetrio
3463 2731 3654 2786 Scriba:
3673 2745 3793 2783 mu-

2218 2857 2346 2897 ncre
2388 2841 2669 2910 fungente.
2723 2839 2901 2904 Atque
2949 2831 3115 2885 etiam
3174 2827 3418 2898 quotidie
3465 2825 3599 2878 bene
3633 2835 3793 2876 mane

2218 2933 2504 2989 veniebant
2535 2930 2591 2985 in
2617 2928 2823 2990 aulam,
2849 2933 2903 2981 et
2925 2923 3172 2980 salutato
3202 2935 3328 2990 rege
3359 2918 3609 2971 redibant
3630 2915 3684 2968 in
3713 2914 3795 2966 lo-

2218 3041 2342 3081 cum
2378 3039 2562 3080 suum.
2592 3022 2794 3090 Sicque
2819 3016 3030 3073 collatis
3078 3012 3484 3084 exemplaribus
3511 3049 3528 3076 ,
3575 3019 3796 3075 unaque

2219 3115 2558 3188 congregati,
2589 3110 2930 3183 septuaginta
2969 3108 3203 3163 duorum
3243 3107 3454 3160 dierum
3487 3099 3663 3172 spatio
3705 3097 3793 3149 in-

2222 3206 2659 3278 terpretationem
2683 3201 2992 3256 absolvunt.
3047 3196 3351 3253 Demetrius
3395 3201 3565 3249 totam
3625 3190 3795 3244 inter-

2216 3301 2576 3372 pretationem
2603 3295 2807 3351 Jud:eis
2838 3292 3094 3349 omnibus
3119 3299 3234 3346 tum
3260 3286 3626 3361 praesentibus
3653 3283 3795 3338 reci-

2215 3393 2376 3456 tavit,
2427 3390 2520 3461 qui
2576 3388 2810 3444 summis
2839 3400 2962 3439 eam
3014 3382 3270 3437 laudibus
3319 3376 3596 3449 prosecuti
3645 3383 3791 3428 sunt.

2215 3484 2354 3540 Tum
2379 3484 2624 3541 omnium
2659 3493 2957 3542 consensu,
2990 3474 3258 3530 suadente
3293 3469 3569 3524 Demetrio
3594 3508 3610 3532 ,
3645 3466 3792 3520 diras

2215 3577 2494 3650 imprecati
2520 3584 2650 3631 sunt
2677 3574 2747 3628 iis
2776 3572 2869 3642 qui
2903 3569 3034 3624 huic
3071 3563 3310 3620 versioni
3341 3562 3544 3630 aliquid
3575 3558 3791 3622 addere,

2217 3672 2298 3726 vel
2329 3671 2571 3734 demere,
2601 3667 2688 3722 vel
2721 3665 2777 3718 in
2807 3678 2872 3718 ea
2922 3657 3206 3732 quidpiam
3261 3657 3551 3710 immutare
3604 3651 3792 3706 ausuri

2215 3770 2418 3817 essent.

2291 3850 2407 3905 Rex
2429 3891 2444 3915 ,
2481 3847 2665 3904 fausto
2719 3845 2800 3901 rei
2855 3843 3007 3899 exitu
3040 3842 3218 3903 laetus,
3251 3848 3304 3894 et
3336 3845 3462 3909 post
3507 3833 3792 3889 lectionem

2219 3940 2541 4013 legislatoris
2571 3939 2894 4009 sapientiam
2956 3936 3290 3996 admiratus,
3342 3930 3651 3986 sciscitatur
3694 3941 3796 3980 cur

2218 4042 2390 4104 poeta:
2419 4044 2474 4088 et
2505 4028 2931 4100 bistoriographi
2961 4027 3166 4082 nullam
3197 4023 3330 4079 tanti
3355 4021 3534 4092 operis
3567 4017 3797 4074 mentio-

2219 4143 2342 4181 nem
2379 4125 2627 4182 fecerint.
2669 4123 2982 4194 Respondet
3035 4118 3341 4174 Demetrius
3389 4113 3794 4170 sanctissimam

2220 4218 2389 4289 legem
2417 4232 2524 4272 non
2555 4218 2800 4287 potuisse
2818 4215 2936 4270 sine
2966 4211 3208 4285 periculo
3239 4211 3291 4263 in
3329 4207 3549 4275 scriptis
3579 4215 3798 4259 extero-

2219 4325 2338 4363 rnm
2368 4307 2644 4377 usurpari.
2685 4306 3094 4375 Theopompum
3124 4301 3269 4354 enim
3305 4308 3360 4352 et
3402 4297 3746 4354 Theodectcn
3775 4334 3791 4358 ,

2218 4401 2310 4471 qui
2343 4400 2395 4455 id
2423 4397 2664 4469 aggressi
2713 4396 2950 4460 fuerant,
3005 4394 3265 4448 divinitus
3296 4388 3560 4445 immissis
3614 4384 3793 4455 pcenis

2219 4493 2491 4548 coercitos
2520 4490 2710 4544 fuisse.
2743 4487 2838 4543 llis
2869 4485 3071 4542 auditis
3095 4501 3191 4540 rex
3223 4483 3396 4553 legem
3417 4479 3673 4549 religiosa
3701 4491 3796 4529 ve-

533 4571 817 4642 pretandis
839 4569 1142 4641 Scripturis
1190 4585 1250 4626 sc
1302 4571 1518 4626 mittere
1559 4572 1862 4642 profitetur.
1907 4573 2110 4632 Deinde

2222 4583 2500 4638 ncratione
2521 4588 2843 4650 prosecutus
2872 4588 2975 4643 est,
2999 4591 3229 4645 eamque
3253 4573 3419 4644 jussit
3447 4583 3666 4625 summo
3685 4576 3798 4622 stu-

536 4679 732 4719 senum
763 4662 1031 4732 cujusque
1061 4662 1239 4716 tribus
1263 4663 1487 4717 nomina
1538 4662 1870 4720 referuntur.
1931 4667 2114 4723 Dono-

535 4773 661 4813 rum
688 4765 876 4828 postea
906 4755 1082 4810 forma
1121 4756 1547 4827 praestantiaque
1585 4756 1706 4813 fuse
1758 4759 2112 4816 describitur.

538 4849 802 4920 Sequitur
831 4849 1076 4904 narratio
1102 4863 1293 4903 eorum
1325 4864 1448 4919 quae
1474 4847 1832 4922 Jerosolymis
1870 4851 2115 4908 Aristeas

535 4943 947 5004 observaverat,
978 4938 1447 5012 Jerosolymorum
1481 4956 1676 5010 nempe
1707 4942 1898 5008 situm,
1931 4944 2115 5013 templi

531 5033 980 5104 Jerosolymitani
1008 5030 1266 5098 formam,
1299 5035 1648 5090 sacerdotum
1689 5034 1818 5090 item
1866 5036 2116 5090 ministe-

531 5129 706 5194 rium,
730 5125 975 5182 Eleazari
1006 5126 1353 5182 sacerdotum
1385 5127 1648 5198 principis
1686 5143 1844 5184 sacra
1873 5137 2116 5183 tractan-

531 5222 604 5275 tis
642 5220 873 5285 cultum,
899 5219 1047 5274 arcis
1071 5216 1579 5290 Hierosolymitanaa
1611 5220 1812 5287 situm,
1847 5220 2002 5276 urbis
2035 5229 2118 5275 to-

534 5312 648 5365 tius
683 5311 972 5377 ambitum,
1005 5311 1120 5382 agri
1163 5319 1220 5366 et
1252 5311 1494 5382 regionis
1525 5310 1945 5378 fecunditatem,
1996 5312 2116 5367 fru-

535 5409 730 5455 ctuum
764 5403 975 5472 copiam
1005 5411 1063 5457 et
1091 5402 1433 5458 varietatem.
1459 5401 1750 5458 Jordanem
1779 5404 2005 5459 fluvium
2033 5405 2119 5458 in-

542 5503 654 5547 star
685 5491 792 5547 Nili
820 5494 1186 5550 exundantem
1227 5506 1510 5565 terrasque
1543 5495 1860 5566 irrigantem
1899 5497 2120 5553 exhibet

542 5585 812 5651 Aristeas,
843 5600 1016 5654 eaque
1041 5587 1096 5640 in
1126 5603 1186 5641 re
1211 5586 1336 5643 falsi
1365 5587 1614 5659 arguitur
1641 5604 1672 5642 a
1697 5588 1901 5643 multis.

616 5670 731 5728 Sub
763 5674 878 5729 haec
907 5675 975 5729 de
1004 5677 1226 5732 senibus
1252 5677 1320 5732 ab
1341 5676 1602 5733 Eleazaro
1630 5695 1695 5733 ex
1721 5694 1938 5749 quaque
1973 5681 2118 5736 tribu

544 5767 763 5822 selectis
787 5768 967 5839 agitur
997 5787 1010 5822 :
1045 5770 1099 5823 hi
1127 5771 1414 5841 utriusque
1465 5773 1684 5843 linguas,
1724 5770 2006 5827 Hebraicze
2029 5775 2118 5828 ni-

545 5857 745 5914 mirum
773 5868 826 5914 et
855 5859 1075 5927 Gracaa,
1103 5860 1446 5932 peritissimi,
1467 5873 1521 5918 et
1545 5863 1722 5934 legum
1760 5864 1986 5921 scientia
2007 5864 2106 5922 cla-

2215 4677 2308 4731 dio
2354 4673 2646 4735 asservari,
2689 4686 2955 4739 senesque
2985 4668 3192 4737 rogavit
3229 4676 3290 4720 ut
3323 4667 3376 4718 in
3407 4672 3685 4730 posterum
3732 4673 3796 4714 se

2215 4765 2459 4819 crebrius
2487 4761 2858 4822 convenirent,
2885 4760 3142 4828 ipsosque
3165 4773 3290 4812 cum
3315 4754 3476 4809 donis
3498 4761 3549 4806 et
3573 4749 3798 4819 amplis-

2215 4857 2372 4912 simis
2395 4855 2714 4910 muneribus
2740 4852 2999 4907 Eleazaro
3027 4865 3247 4906 summo
3277 4845 3525 4917 pontifici
3553 4844 3797 4900 destina-

2218 4948 2306 5010 tis,
2336 4946 2556 4999 domum
2579 4943 2812 4997 remisit.

2287 5037 2366 5092 En
2395 5046 2564 5092 totam
2590 5037 2817 5090 Aristete
2836 5044 2891 5089 et
2918 5032 3057 5088 LXX
3101 5032 3459 5100 lntcrpretum
3479 5025 3791 5082 historiam.

2217 5132 2368 5186 Licet
2399 5139 2577 5185 autem
2619 5129 2748 5183 hinc
2779 5128 3030 5183 hausisse
3069 5133 3327 5196 putentur
3355 5129 3620 5190 quotquot
3650 5119 3701 5174 id
3724 5133 3808 5174 em

2217 5231 2598 5293 argumentum
2635 5228 3065 5292 pertractarunt,
3115 5227 3350 5272 attamen
3381 5215 3456 5269 illi
3515 5223 3630 5268 tum
3665 5228 3696 5267 a
3754 5228 3812 5264 se

2218 5325 2430 5378 nmmo.
2457 5323 2572 5369 tum
2601 5314 2671 5368 ab
2697 5311 2912 5367 Aristea
2941 5311 3054 5375 illo,
3090 5323 3253 5380 quem
3291 5307 3456 5362 modo
3481 5305 3698 5361 retulim
3720 5319 3809 5367 us,

2219 5405 2449 5460 nmltum
2479 5404 2755 5459 differunt.

2217 5520 2285 5574 ll.
2322 5519 2464 5586 Quid
2484 5519 2548 5572 de
2573 5518 2671 5571 hac
2697 5515 2936 5638 Hister?
2955 5515 3192 5642 jixeriut
3210 5511 3545 5567 Aristobulus
3559 5517 3610 5564 et
3636 5507 3796 5564 Philo

2928 5603 2958 5638 ιι
3003 5602 3134 5639 wus.

2928 5602 3134 5639 umens.

2290 5679 2395 5748 Qui
2432 5679 2644 5750 primus
2671 5679 2898 5734 Aristeze
2933 5677 3229 5733 Historiam
3262 5673 3602 5731 memoravit.
3627 5673 3798 5727 tacito

2219 5784 2402 5828 tamen
2427 5771 2656 5827 Aristeae
2676 5771 2915 5836 nomine,
2940 5778 3026 5825 est
3061 5767 3427 5829 Aristobulus,
3464 5765 3532 5818 ab
3560 5762 3796 5818 Eusebio

2221 5863 2548 5921 Caesariensi
2590 5863 2786 5919 allatus
2816 5860 3037 5933 (Prcp.
3087 5875 3273 5930 «aug.
3314 5874 3371 5942 γ.
3405 5856 3512 5916 664
3529 5855 3571 5930 ),
3607 5856 3704 5927 qui
3730 5855 3802 5910 de
