4122 6490
515 426 586 481 B7
1747 432 1815 488 IN
1854 432 2181 488 HEXAPLA
2218 432 2562 490 ORIGENIS.
3692 442 3760 496 58

515 546 810 616 Scripturae
841 545 1119 604 Hebraica‘.
1143 547 1588 620 interpretatione
1614 553 1773 624 jussu
1800 553 2075 612 Ptolemaei
2107 560 2152 616 Α
2180 563 2260 610 tes
2308 555 2466 625 quasi
2498 555 2714 610 divinos
2752 556 3004 613 homines
3053 559 3375 616 muneribus
3427 562 3759 626 cumulasse,

513 636 875 706 Philadelphi,
906 648 1132 693 curante
1154 637 1427 695 Demetrio
1453 640 1714 699 Phalereo
1745 643 1920 708 facta,
1955 661 2078 700 ear-

511 730 645 801 ptim
682 732 942 801 loquitur.
988 731 1147 787 Hunc
1175 733 1397 802 quidam
1434 737 1536 792 sub
1563 735 1857 793 Ptolemaeo
1891 738 2078 793 Phila-

510 824 727 893 delpho,
762 825 948 894 plures
972 826 1077 880 sub
1107 825 1492 892 Philometore,
1525 830 1616 884 alii
1657 830 1761 884 sub
1787 833 2078 900 postremis

507 913 925 970 Ptolemaeorum
950 917 1152 973 vixisse
1177 918 1535 974 arbitrantur.
1591 917 1703 975 Nec
1728 921 1928 976 desunt
1983 923 2077 991 qui

508 1009 811 1082 fragmenta
842 1012 1136 1068 Aristobuli
1167 1014 1236 1068 ab
1262 1012 1497 1068 Eusebio
1526 1014 1710 1079 allata,
1733 1029 1799 1068 ex
1820 1014 2078 1081 operibus

506 1104 892 1172 supposititiis,
914 1114 967 1158 et
983 1106 1155 1173 prima
1173 1104 1496 1160 Christianae
1521 1105 1597 1159 rei
1625 1114 1782 1160 aetate
1806 1104 2073 1172 conﬁctis,

504 1198 790 1267 desumpta
821 1215 940 1254 esse
977 1210 1185 1269 putent.

572 1289 731 1343 Philo
784 1288 1003 1347 Judaeus
1036 1293 1090 1345 in
1135 1292 1256 1347 Vita
1306 1293 1493 1357 Moris,
1540 1293 1636 1349 lib.
1686 1309 1748 1359 ll,
1780 1293 2072 1350 Historiam

503 1377 645 1432 LXX
676 1380 1029 1451 lnterpretum
1058 1393 1468 1446 commemorat,
1499 1399 1561 1439 ac
1594 1384 1771 1454 primo
1795 1384 1925 1438 dicit
1956 1383 2075 1439 Pto-

502 1470 752 1525 lemaeum
789 1472 1222 1543 Philadelphum,
1258 1490 1421 1545 quem
1446 1476 1677 1531 summis
1705 1476 1956 1531 laudibus
1988 1493 2077 1530 ex-

502 1562 663 1623 tollit,
690 1578 790 1633 pro
831 1565 1276 1634 interpretatione
1321 1567 1727 1635 Scripturarum
1759 1567 2072 1624 adornanda

501 1655 718 1709 misisse
747 1656 814 1710 ad
841 1672 1116 1712 summum
1138 1659 1474 1713 sacerdotem
1506 1667 1559 1713 et
1602 1674 1781 1727 regem
1828 1658 2028 1714 Iudaeae
2054 1704 2069 1727 ,

499 1747 592 1816 qui
632 1764 773 1803 unus
815 1760 869 1805 et
920 1750 1062 1804 idem
1110 1758 1236 1805 erat
1264 1793 1279 1816 ,
1324 1750 1632 1822 Ἐξέπεμπε
1671 1752 1808 1822 πρὸς
1849 1750 1942 1805 τὸν
1971 1753 2072 1822 τῆς

510 1837 768 1903 Ἰουδαίας
797 1841 1057 1913 ἀρχιερέα
1089 1843 1187 1896 καὶ
1218 1842 1457 1913 βασιλέα·
1500 1845 1529 1896 ὁ
1553 1843 1662 1914 γὰρ
1682 1844 1842 1907 αὐτὸς
1869 1839 2070 1915 ἦν.1116

494 1945 626 1984 vero
650 1933 1011 2001 peritissimos
1048 1950 1296 2003 quosque
1329 1934 1544 2004 delegit,
1562 1936 1654 2004 qui
1682 1936 1750 1989 de
1775 1934 2066 1990 Chaldaica

494 2021 551 2075 in
583 2021 827 2077 Graecam
848 2023 1087 2093 linguam
1133 2025 1246 2094 (sic
1288 2025 1412 2085 ille)
1457 2028 1627 2095 legem
1663 2034 2062 2083 converterent.

492 2109 571 2165 De
601 2128 831 2166 numero
859 2122 1036 2169 autem
1081 2115 1434 2184 interpretum
1467 2117 1600 2171 nihil
1649 2118 1861 2187 uspiam
1903 2117 2067 2171 tradit

490 2201 672 2258 Philo.
693 2202 875 2276 Pergit
907 2221 1032 2261 vero
1061 2207 1275 2271 deinde,
1304 2210 1488 2277 aitque
1536 2209 1858 2277 interpretes
1885 2209 1937 2262 in
1970 2222 2065 2263 oc-

430 2346 440 2356 ,
490 2298 641 2351 culto
676 2298 1000 2367 nemineque
1035 2309 1304 2368 przesente
1326 2339 1341 2364 ,
1395 2301 1705 2355 versionem
1735 2315 1893 2354 suam
1941 2300 2063 2354 edi-

486 2387 653 2443 disse.
684 2387 819 2442 Cum
848 2399 1027 2443 autem
1056 2392 1111 2444 in
1146 2389 1327 2445 Pharo
1353 2390 1533 2446 insula
1550 2392 1665 2446 haec
1689 2392 2062 2462 interpretatio

485 2474 629 2531 facta
666 2478 876 2542 fuisset,
905 2480 1226 2535 testificatur
1251 2480 1409 2535 Philo
1425 2481 1493 2536 ad
1519 2497 1680 2537 suum
1712 2498 1885 2552 usque
1921 2492 2059 2537 tem-

483 2583 589 2639 pus
621 2569 854 2640 hujusce
898 2580 1062 2626 tantae
1095 2574 1172 2627 rei
1214 2574 1535 2628 memoriam
1577 2576 1869 2645 quotannis
1915 2577 2058 2630 cele-

483 2659 667 2726 brari;
718 2663 794 2716 ita
828 2671 886 2716 ut
920 2679 1028 2718 non
1066 2665 1228 2719 modo
1257 2664 1453 2731 Judaei,
1501 2667 1595 2721 sed
1627 2667 1790 2722 etiam
1840 2667 1954 2732 alii,
1999 2667 2057 2726 in

483 2765 602 2806 eam
634 2752 869 2807 insulam
903 2763 1322 2823 transmeantes,
1345 2757 1643 2828 gratiarum
1666 2760 1975 2816 actionibus
2003 2768 2057 2815 et

481 2843 750 2898 conviviis
780 2852 988 2900 tantum
1025 2847 1343 2902 beneficium
1375 2850 1696 2905 recolerent.

962 2936 1053 2991 111.
1084 2937 1227 3001 Quid
1255 2937 1537 3008 Iosephus.

547 3019 819 3094 Iosephus
849 3026 868 3097 (
894 3027 1158 3098 Antiquit.
1187 3028 1319 3084 Jud.
1362 3031 1457 3084 lib.
1480 3047 1581 3095 xu,
1609 3032 1645 3087 2
1665 3033 1706 3104 ),
1748 3035 1844 3105 qui
1900 3052 1959 3092 se
1987 3051 2051 3093 ea

475 3128 601 3183 quae
633 3116 800 3169 tradit
832 3132 899 3171 ex
940 3118 1155 3173 Aristea
1205 3122 1323 3189 ipso
1368 3131 1675 3179 mutuatum
1721 3128 2005 3194 profitetur
2030 3169 2046 3196 ,

475 3206 677 3274 stylum
707 3207 934 3262 Aristeae
954 3212 1178 3264 omnino
1201 3214 1451 3281 mutavit,
1480 3216 1553 3269 ita
1575 3225 1634 3271 ut
1658 3218 1822 3274 etiam
1847 3222 2048 3291 epism-
2069 3239 2119 3299 ρ

473 3299 559 3355 las
588 3300 887 3367 variorum,
917 3317 1039 3371 quae
1070 3303 1125 3357 in
1160 3304 1387 3360 historia
1440 3308 1629 3363 eadem
1681 3322 1997 3382 comparent
2026 3354 2043 3380 ,

472 3390 630 3460 longe
644 3392 749 3446 alia
772 3394 1062 3447 verborum
1081 3395 1221 3449 serie
1231 3396 1523 3453 describat.
1542 3398 1649 3456 Nec
1668 3403 1830 3457 modo
1855 3406 2043 3472 verba,

470 3483 568 3538 sed
599 3495 654 3538 et
680 3500 767 3539 res
797 3485 944 3553 ipsas
974 3486 1267 3556 aliquando
1299 3500 1626 3554 commutat,
1659 3495 1829 3548 multa
1861 3494 2046 3550 detra-

470 3574 572 3638 hit,
594 3590 702 3629 non
728 3590 901 3644 pauca
929 3575 997 3631 de
1020 3593 1122 3632 suo
1153 3579 1364 3648 adjicit.
1394 3581 1646 3635 Attamen
1688 3582 1878 3638 eodem
1923 3585 2044 3653 ipso

465 3668 783 3736 exemplari,
817 3683 925 3737 quo
975 3668 1273 3724 hodiernus
1315 3671 1558 3727 Aristeas
1603 3673 1671 3728 ad
1722 3690 1820 3730 nos
1867 3691 2043 3746 usque

467 3755 822 3811 transmissus
854 3766 978 3824 est,
1020 3774 1152 3815 usus
1202 3757 1374 3815 fuisse
1427 3761 1674 3829 videtur;
1724 3764 1850 3818 licet
1893 3765 2038 3820 enim

466 3848 760 3915 plurimum
788 3850 955 3905 variet
980 3851 1035 3904 in
1062 3851 1420 3919 recensione;
1455 3853 1506 3908 id
1542 3870 1607 3909 ex
1650 3870 1802 3910 more
1830 3873 1931 3912 suo
1954 3857 2039 3913 fe-

434 3939 559 3999 ‘cit,
586 3938 896 4009 Scripturas
918 3943 1064 3997 enim
1088 3958 1297 4008 sacras,
1332 3945 1531 4014 quibus
1581 3946 1692 4001 fere
1735 3963 1830 4016 per
1867 3958 2036 4003 totam

465 4027 760 4087 Historiam
787 4032 975 4098 utitur,
1016 4036 1240 4104 paribus
1286 4038 1683 4093 mutationibus
1715 4040 1919 4109 passim
1954 4042 2039 4096 vi-

462 4121 633 4176 tiavit.

495 4233 584 4289 IV.
615 4234 789 4301 Quam
819 4238 970 4307 longe
998 4238 1063 4291 ab
1091 4240 1316 4293 Aristeaa
1337 4242 1644 4297 narratione
1670 4242 1997 4299 aberraverit

982 4307 1015 4361 Ι
1024 4310 1230 4363 ustinus
1265 4310 1316 4363 M
1326 4321 1499 4380 artyr.

528 4395 780 4452 Justinus
802 4397 1025 4469 Martyr,
1048 4400 1422 4457 Admonitione
1458 4404 1526 4456 ad
1558 4402 1771 4460 Grascos
1800 4446 1816 4470 ,
1870 4406 2032 4481 longe

457 4488 564 4543 alia
594 4490 852 4544 narravit.
886 4491 975 4545 Ait
1003 4493 1200 4561 quippe
1226 4491 1575 4548 Ptolemaeum
1602 4494 1821 4568 Egypti
1847 4514 2028 4571 regem

2181 646 2514 716 domumque
2551 646 2849 701 remisisse.
2876 648 2935 701 In
2963 649 3037 703 rei
3081 650 3241 705 fidem
3274 650 3523 708 Justinus
3568 652 3762 707 testifi-

2180 745 2337 793 catur
2373 752 2431 793 se
2456 735 2911 792 domuncularum
2938 740 3252 809 hujusmodi
3278 742 3473 798 rudera
3498 744 3552 798 in
3575 743 3758 799 Pharo

2181 830 2358 884 insula
2386 830 2519 899 ipsis
2547 833 2722 886 oculis
2745 835 3119 901 conspexisse,
3150 844 3203 889 et
3228 835 3296 889 ab
3327 836 3598 907 indigenis
3638 854 3761 907 qua:

2181 922 2343 976 refert
2368 923 2660 991 accepisse.
2685 924 2900 978 Claudit
2922 925 3162 988 demum,
3195 936 3248 980 et
3273 926 3530 982 lectorem
3563 929 3756 983 remit-

2181 1014 2242 1067 tit
2268 1013 2333 1067 ad
2366 1013 2649 1068 Philonem
2684 1023 2737 1068 et
2771 1015 2837 1069 ad
2870 1012 3189 1085 Josephum,
3224 1016 3316 1070 ubi
3366 1026 3546 1072 tamen
3604 1018 3757 1072 nulla

2179 1103 2494 1157 cellularum
2530 1104 2753 1158 mentio.
2790 1102 2845 1157 In
2877 1105 3118 1159 secunda
3144 1120 3275 1159 vero
3309 1121 3403 1174 pro
3430 1105 3750 1161 Christianis

2178 1194 2458 1266 Apologia,
2496 1196 2571 1250 ait
2594 1195 2945 1250 Ptolemaeum
2970 1212 3174 1266 regem,
3203 1212 3326 1250 cum
3361 1197 3532 1252 libros
3591 1200 3755 1253 undi-

2176 1304 2282 1358 que
2319 1289 2571 1358 parandae
2611 1289 2950 1344 bibliotheca
2998 1289 3327 1359 comportari
3364 1297 3606 1353 curaret,
3643 1289 3753 1346 He-

2175 1379 2360 1432 rodem
2393 1393 2575 1448 regem
2610 1378 2907 1448 rogavisse,
2959 1379 3128 1433 libros
3187 1379 3289 1433 sibi
3340 1380 3750 1448 prophetiarum

2177 1469 2608 1524 transmitteret:
2646 1485 2710 1523 ac
2743 1485 2866 1524 cum
2902 1468 3196 1524 Hebraicos
3228 1470 3399 1525 libros
3435 1471 3614 1542 legere
3641 1487 3750 1526 non

2171 1572 2375 1631 posset,
2405 1577 2617 1616 rursum
2643 1561 2712 1616 ab
2728 1561 2918 1616 eodem
2949 1563 3272 1633 interpretes
3302 1563 3630 1641 postulasse,
3654 1566 3749 1634 qui

2173 1651 2436 1708 llebraiea
2467 1653 2652 1708 Graece
2683 1662 3082 1721 converterent,
3134 1663 3238 1709 etc.
3298 1653 3389 1709 Sic
3423 1655 3512 1709 ille
3548 1656 3747 1710 imma-

2172 1759 2294 1796 nem
2321 1743 2528 1813 profert
2565 1745 3051 1800 anachronismum
3081 1764 3096 1812 ;
3145 1761 3270 1799 nam
3312 1745 3557 1803 Herodes
3586 1749 3747 1805 annis

2170 1835 2390 1889 circiter
2415 1836 2666 1892 ducentis
2697 1836 3135 1906 quinquaquinta
3158 1848 3280 1906 post
3305 1836 3582 1893 Ptolemaei
3611 1838 3744 1894 Phi-

2168 1925 2401 1995 ladelphi
2428 1927 2638 1980 obitum
2663 1941 2889 1997 regnare
2923 1927 3109 1996 coepit.

2238 2017 2494 2072 Eamdem
2528 2034 2710 2088 porro,
2736 2035 2899 2089 quam
2928 2019 3199 2086 Justinus,
3224 2021 3541 2077 cellularum
3570 2022 3743 2078 histo-

2166 2112 2303 2165 riam
2333 2110 2497 2166 refert
2521 2111 2758 2183 Cyrillus
2792 2110 3341 2184 Hierosolymitanus.
3377 2115 3443 2169 At
3473 2116 3565 2184 qui
3620 2131 3743 2185 pro-

2166 2204 2311 2258 xime
2341 2213 2463 2273 post
2488 2203 2763 2259 Justinum
2796 2205 3155 2274 scripserunt,
3194 2206 3464 2269 Irenaeus,
3525 2205 3742 2261 Tertul-

2163 2294 2343 2350 lianus
2372 2302 2425 2349 et
2448 2296 2697 2350 Clemens
2728 2296 3131 2351 Alexandrinus
3154 2338 3169 2363 ,
3214 2298 3281 2351 de
3329 2296 3568 2352 Historia
3594 2297 3738 2351 LXX

2163 2387 2519 2457 interpretum
2550 2401 2722 2456 pauca
2771 2388 2969 2452 locuti,
3022 2388 3159 2441 nihil
3197 2388 3265 2442 dc
3299 2390 3511 2444 cellulis
3547 2390 3740 2460 hujus.

2161 2482 2311 2535 modi
2338 2488 2701 2535 narraverunt
2732 2499 2746 2535 :
2780 2496 2847 2535 ex
2872 2480 3076 2550 quibus
3102 2482 3340 2535 lrenaeus
3381 2491 3436 2536 et
3485 2480 3739 2537 Clemens

2157 2572 2560 2626 Alexandrinus
2589 2571 2894 2626 versionem
2922 2588 3113 2626 eorum
3147 2573 3333 2628 divino
3367 2573 3580 2628 alllante
3608 2573 3738 2644 Spi-

2157 2663 2266 2716 ritu
2295 2661 2493 2717 factam
2523 2671 2858 2718 asseverant.
2892 2663 3158 2718 Eusebius
3183 2680 3312 2719 vero
3350 2665 3425 2718 De
3459 2682 3737 2735 prepara-

2158 2754 2298 2808 tione
2319 2754 2636 2825 evangelica,
2667 2755 2760 2809 lib.
2792 2770 2909 2820 vnn,
2946 2754 3175 2810 Aristeze
3197 2756 3492 2810 maximam
3517 2767 3732 2826 partem

2155 2844 2342 2911 refert,
2379 2855 2577 2902 etcum
2611 2847 3017 2919 exemplaribus
3047 2847 3324 2903 hodiernis
3353 2857 3413 2903 ut
3437 2848 3733 2919 plurimum

2154 2938 2449 2997 censentit.

2154 3046 2220 3101 V.
2261 3047 2598 3119 Epiphanius
2628 3051 2780 3123 longe
2804 3052 3013 3106 diversa
3045 3052 3110 3106 ab
3144 3053 3353 3106 Aristea
3387 3061 3437 3108 et
3467 3069 3500 3106 a
3526 3052 3732 3108 caeteris

2845 3123 3025 3192 refert.

2221 3210 2449 3267 Domum
2490 3210 2830 3282 Epiphanius
2874 3214 3034 3284 longe
3071 3213 3176 3268 alia
3208 3230 3373 3284 quam
3422 3212 3602 3268 caeteri
3650 3229 3732 3269 re-

2148 3301 2273 3360 fert.
2303 3302 2369 3355 Et
2387 3303 2515 3373 quia
2545 3304 2666 3373 ejus
2688 3305 2930 3359 narratio
2954 3320 2987 3359 a
3020 3306 3209 3359 multis
3232 3319 3331 3375 pro
3356 3306 3644 3359 verissima
3675 3314 3728 3360 et

2148 3393 2525 3448 sincerissima
2561 3394 2807 3448 omnium
2843 3394 3025 3449 habita
3073 3402 3189 3457 est,
3227 3410 3348 3448 eam
3402 3395 3492 3450 hic
3521 3395 3727 3451 referre

2146 3497 2255 3537 non
2286 3484 2654 3554 gravabimur.
2687 3487 2746 3537 ln
2777 3484 2918 3541 libro
2950 3483 3027 3538 De
3058 3486 3317 3539 mensuris
3337 3495 3386 3539 et
3409 3488 3728 3555 ponderibus

2144 3576 2248 3632 sub
2298 3576 2548 3640 initium,
2604 3589 2894 3646 postquam
2946 3577 3203 3632 editionis
3232 3576 3340 3630 τῶν
3367 3581 3422 3631 0'
3462 3587 3727 3647 praestan-

2142 3667 2274 3720 tiam
2297 3665 2630 3735 praidicavit,
2666 3681 2897 3735 eamque
2930 3681 3037 3721 non
3088 3667 3233 3721 sine'
3259 3666 3435 3722 sancti
3485 3665 3727 3737 Spiritus

2143 3757 2322 3812 alllalu
2356 3755 2554 3811 faetam
2578 3757 2835 3819 asseruit,
2864 3756 2944 3812 sic
2972 3758 3321 3827 prosequitur
3348 3777 3361 3812 :

2218 3866 2235 3897 ι
2275 3847 2392 3904 Duo
2416 3848 2560 3903 enim
2589 3864 2653 3903 ac
2692 3838 2835 3901 LXX
2878 3849 2979 3902 viri
3032 3849 3087 3902 in
3139 3847 3321 3903 Pharo
3346 3849 3547 3914 insula,
3599 3865 3725 3921 qua:

2140 3938 2311 3995 Terra
2339 3942 2591 4011 superior
2620 3942 2842 4005 dicitur,
2870 3956 2901 3995 e
2940 3941 3163 4012 regione
3211 3942 3366 3996 urbis
3399 3941 3725 3998 Alexandri~

2138 4046 2242 4096 me,
2275 4032 2330 4085 in
2365 4047 2462 4086 sex
2494 4039 2548 4085 et
2573 4031 2795 4102 triginta
2835 4031 3184 4086 domunculis
3212 4032 3324 4086 sive
3345 4033 3574 4095 cellulis,
3603 4033 3718 4088 bini

2137 4123 2348 4177 scilicet
2374 4123 2429 4176 in
2465 4123 2720 4193 singulis,
2749 4138 2780 4177 a
2814 4123 2995 4193 primo
3034 4122 3277 4177 diluculo
3300 4138 3475 4192 usque
3521 4124 3574 4177 in
3625 4140 3718 4179 ve-

2135 4228 2349 4284 speram
2386 4214 2872 4269 concludebantur.
2900 4212 3137 4283 Vespere
3164 4222 3344 4267 autem
3376 4214 3598 4284 triginta
3620 4229 3717 4268 sex

2134 4305 2355 4375 scaphis
2390 4305 2445 4359 in
2489 4305 2768 4361 Ptolemaei
2820 4305 3161 4375 Philadelphi
3213 4305 3475 4375 palatium
3526 4316 3713 4361 trans—

2132 4397 2307 4461 vecti,
2358 4396 2426 4451 ad
2472 4396 2592 4466 ejus
2623 4396 2814 4466 epulas
2850 4395 3270 4449 adhibebantur.
3321 4393 3459 4448 Tum
3507 4395 3620 4449 bini
3654 4397 3714 4451 in

2134 4487 2352 4557 triginta
2369 4503 2462 4543 sex
2481 4487 2747 4542 cubiculis
2765 4486 3126 4548 dormiebant,
3147 4501 3213 4539 ne
3229 4493 3418 4539 mutuo
3440 4484 3715 4555 colloquia

454 4595 578 4636 cum
603 4582 984 4638 bibliothecam
1015 4585 1356 4641 Alexandriae
1380 4598 1614 4656 pararet,
1650 4605 1704 4643 et
1732 4591 1900 4649 libros
1924 4610 2028 4648 ωι-
2058 4587 2103 4644 D
2134 4581 2365 4634 miscere
2395 4589 2640 4650 possem.
2672 4578 2763 4633 sed
2796 4577 2899 4632 sibi
2927 4577 3200 4647 propriam
3237 4590 3338 4630 nec
3367 4575 3437 4629 ab
3468 4575 3590 4631 aliis
3613 4592 3710 4631 ac—

452 4672 617 4743 dique
648 4675 977 4743 comportari
1010 4685 1244 4742 curaret,
1273 4678 1545 4733 audivisse
1563 4681 1818 4750 antiquas
1846 4683 2023 4740 histo-

451 4763 562 4817 rias
590 4761 869 4819 Hebraicis
894 4764 1088 4820 litteris
1118 4768 1454 4838 conscriptas
1482 4784 1789 4839 superesse,
1845 4788 1909 4828 ac
1945 4774 2023 4828 le-

451 4852 607 4921 gendi
642 4854 921 4923 cupidum,
956 4855 1296 4925 septuaginta
1316 4857 1462 4911 viros
1492 4855 1771 4914 Hebraicae
1797 4870 1851 4915 et
1872 4860 2022 4917 Grae-

450 4956 525 4997 cae
552 4935 753 5013 lingua:
784 4944 986 5012 peritos
1003 4944 1376 5010 accersivisse,
1395 4946 1488 5015 qui
1514 4947 2018 5018 interpretationem

450 5027 691 5087 Graecam
721 5033 965 5094 ederent,
997 5044 1162 5103 utque
1190 5036 1381 5104 procul
1399 5037 1629 5092 tumultu
1659 5054 1773 5093 rem
1792 5055 2017 5110 perage-

446 5132 586 5190 rent,
628 5123 773 5178 LXX
823 5125 954 5180 viris
996 5127 1218 5180 totidem
1269 5128 1492 5184 cellulas
1524 5145 1617 5184 seu
1659 5131 2016 5188 domunculas

443 5214 687 5267 construi
715 5214 975 5283 jussisse,
1001 5229 1068 5270 eo
1106 5215 1360 5282 consilio,
1381 5225 1440 5272 ut
1462 5218 1695 5288 quisque
1722 5222 2012 5289 separatim

442 5305 874 5377 inconsultisque
929 5308 1057 5363 aliis
1118 5308 1621 5378 interpretationem
1674 5310 2010 5368 adornaret:

442 5397 818 5466 ministrisque
844 5398 911 5455 ad
934 5415 1053 5454 eam
1080 5413 1194 5455 rem
1218 5401 1502 5458 destinatis
1523 5404 1847 5473 praecepisse
1872 5446 1888 5471 ,
1941 5420 2011 5460 ne

440 5489 595 5560 ipsos
619 5498 811 5546 mutuo
846 5492 1116 5563 colloquia
1137 5493 1278 5550 inire
1300 5493 1698 5565 permitterent,
1754 5506 1815 5552 ut
1842 5498 2010 5553 colla-

441 5582 511 5637 tis
538 5592 727 5649 postea
756 5582 1321 5655 interpretationibus,
1355 5588 1423 5643 de
1449 5603 1640 5644 eorum
1670 5589 1774 5646 fide
1793 5592 2011 5660 peritia-

437 5689 545 5744 que
577 5674 825 5744 judicare
872 5687 1077 5745 posset.
1112 5677 1249 5733 Cum
1272 5688 1454 5734 autem
1488 5681 1732 5736 eamdem
1772 5698 1963 5739 omnes
1985 5723 2002 5751 ,

439 5780 507 5819 ne
528 5765 756 5847 minimo
783 5765 1004 5836 quidem
1024 5768 1316 5824 verborum
1353 5769 1690 5834 discrimine,
1738 5771 2005 5842 interpre-

440 5857 696 5914 tationem
729 5857 1086 5931 peregissent,
1116 5862 1479 5933 stupefactum
1507 5877 1690 5933 regem
1734 5864 1974 5935 interpre

2131 4679 2343 4740 ceptam
2409 4668 2913 4739 interpretationem
2957 4668 3180 4722 ederent
3229 4667 3377 4738 (ἀλλ’
3406 4668 3714 4733 ἀνοθεύτως

2130 4759 2523 4833 ἑρμηνεῦσαι).
2577 4757 2904 4819 Ptolemaeus
2958 4759 3104 4812 enim
3157 4758 3378 4829 triginta
3414 4774 3510 4813 sex
3538 4759 3707 4824 illas,

2128 4868 2265 4922 quas
2305 4852 2441 4920 dixi,
2485 4851 2848 4906 domunculas
2903 4851 2958 4905 in
3010 4851 3188 4906 insula
3241 4851 3471 4921 paravit,
3499 4865 3716 4921 easque

2126 4943 2392 5011 duplices,
2421 4942 2474 4995 in
2503 4942 2702 5013 quibus
2732 4941 2890 4997 binos
2922 4943 3225 5006 conclusit,
3250 4945 3496 5011 duosque
3523 4941 3704 4997 famu-

2123 5035 2227 5098 los,
2258 5033 2352 5103 qui
2381 5033 2533 5089 cibos
2551 5042 2806 5102 pararent
2826 5034 3070 5104 ipsisque
3084 5034 3477 5097 ministrarent,
3509 5035 3714 5090 simul--

2122 5139 2226 5193 que
2273 5123 2672 5195 tachygraplios
2719 5125 2835 5181 sive
2880 5126 3142 5180 notarios.
3176 5123 3232 5178 In
3265 5125 3370 5180 illis
3403 5139 3568 5194 porro
3602 5127 3707 5182 do-

2121 5215 2416 5280 munculis,
2470 5216 2618 5270 nulla
2672 5216 2970 5286 parietibus
3002 5216 3268 5272 fenestras
3291 5215 3501 5283 ell‘ecit;
3535 5219 3626 5272 sed
3667 5234 3709 5273 e.

2119 5316 2262 5363 tecto
2293 5322 2525 5377 superne
2549 5309 2670 5363 illus
2705 5311 2918 5380 aperuit
2949 5350 2964 5373 ,
3015 5325 3153 5379 quas
3194 5310 3557 5379 anaphotidas
3594 5327 3694 5365 vo-

2119 5409 2264 5457 cant.
2292 5399 2407 5456 Hoc
2428 5400 2503 5456 illi
2541 5402 2700 5456 modo
2749 5418 2778 5455 a
2835 5401 3012 5472 primo
3037 5400 3278 5455 diluculo
3314 5402 3382 5456 ad
3412 5417 3695 5469 vesperam

2117 5494 2388 5550 obseratis
2416 5492 2627 5548 foribus
2663 5492 2799 5563 (ὑπὸ
2836 5492 3056 5563 κλεῖδα)
3089 5492 3286 5547 inclusi
3322 5507 3508 5548 sacras
3550 5494 3691 5548 litte-

2116 5601 2206 5641 ras
2235 5584 2648 5643 transtulerunt.
2677 5582 2983 5654 Unicuique
3017 5599 3146 5639 vero
3182 5585 3540 5655 interpretum
3572 5585 3694 5655 pari

2112 5681 2249 5736 liber
2277 5694 2418 5732 unus
2449 5677 2792 5742 tradebatur;
2819 5675 3051 5746 exempli
3080 5691 3268 5740 causa,
3303 5677 3531 5732 Genesis
3556 5678 3686 5745 uni;

2112 5771 2331 5827 Exodus
2361 5771 2536 5838 alteri,
2563 5769 2838 5827 Leviticus
2860 5770 2986 5825 alii:
3018 5779 3180 5841 atque
3239 5773 3310 5827 ita
3359 5771 3557 5826 caeteri.
3593 5768 3687 5826 Sic

2107 5878 2275 5936 porro
2316 5862 2500 5936 viginti
2534 5871 2737 5934 septem
2773 5878 2940 5921 sacrae
2967 5860 3260 5933 Scriptura-
3286 5863 3428 5927 libri,
3457 5862 3550 5932 qui
3573 5862 3681 5919 duo
