4122 6416
442 408 518 471 89
1800 400 2326 460 ΡΒᾹΞΜΜΙΝΔΠΙΔ
3645 397 3714 454 σο

445 535 503 581 et
536 523 722 595 viginti
756 523 1052 579 secundum
1084 523 1431 593 alphabetum
1476 520 1804 578 Hebraicum
1833 537 2029 578 nume-
2055 522 2105 580 Α
2131 517 2417 586 epistolam
2445 556 2461 581 ,
2492 514 2813 573 'Aristeanis
2842 516 3168 575 dissimilem
3182 516 3212 585 ’,
3244 516 3373 574 licet
3396 513 3670 575 Aristesm
3693 557 3714 586 ,

446 626 661 678 rantur,
686 615 935 672 Graecum
976 617 1029 671 in
1060 631 1368 671 sermonem
1404 616 1656 672 conversi
1684 623 1835 671 sunt.

521 728 543 762 α
583 709 791 763 llahent
816 709 962 763 enim
992 707 1200 763 Hebraei
1226 707 1298 762 Ξῖ
1328 708 1553 772 litteras,
1584 722 1615 762 e
1638 707 1838 775 quibus
1866 706 2031 776 quin-

446 814 553 873 que
577 801 947 869 duplicantur,
978 800 1150 868 Caph,
1181 798 1318 854 Mem
1338 841 1352 861 ,
1382 798 1502 853 Nun
1526 840 1540 863 ,
1572 797 1673 852 Phi
1703 839 1719 863 ,
1746 807 1800 854 et
1831 798 2024 868 Aleph.

445 891 814 953 Qu-mobrcm
846 905 970 943 cum
995 890 1119 943 libri
1154 891 1255 943 hac
1295 893 1508 944 ratione
1542 890 1733 959 viginti
1779 890 1889 944 duo
1927 906 2031 943 nu-

444 989 750 1041 merentur,
778 991 984 1049 septeni
1022 995 1086 1034 ac
1136 980 1325 1048 viginti
1363 982 1737 1051 reperiuntur,
1777 982 1924 1052 quod
1958 996 2028 1036 ex

441 1069 550 1124 illis
581 1071 827 1140 quinque
855 1071 1218 1139 duplicentur,
1250 1082 1353 1127 etc.

521 1179 540 1211 ι
572 1160 740 1229 Igitur
766 1170 969 1231 septem
1005 1172 1058 1217 et
1089 1163 1278 1229 viginti
1308 1164 1383 1218 illi
1411 1165 1558 1229 libri,
1583 1165 1677 1235 qui
1700 1166 1886 1234 \iginli
1917 1168 2026 1222 duo

436 1264 1000 1312 numerautur........
1030 1270 1096 1307 co
1118 1271 1279 1325 quem
1315 1256 1432 1309 dixi
1470 1257 1632 1311 modo
1663 1274 1759 1328 per
1778 1260 2025 1314 ordinem

443 1343 742 1409 unicuique
778 1345 1131 1414 interpretum
1165 1347 1280 1416 pari
1315 1349 1500 1403 traditi
1540 1359 1705 1416 sunt,
1760 1352 1966 1407 scilicet
1993 1368 2024 1408 a

442 1434 622 1503 primo
650 1434 765 1504 pari
786 1436 852 1489 ad
899 1437 1241 1501 secundum,
1297 1453 1328 1491 a
1384 1440 1629 1494 secundo
1683 1439 1751 1495 ad
1803 1443 2022 1498 tertium

439 1524 796 1589 transierunt,
830 1525 1003 1580 donec
1043 1531 1220 1582 sexies
1249 1542 1313 1582 ac
1344 1528 1589 1584 tricesies
1619 1531 1816 1601 singuli
1838 1532 2026 1589 Graece

438 1614 692 1667 conversi
721 1623 870 1677 sunt,
905 1626 964 1669 ut
994 1618 1215 1685 quidem
1250 1629 1527 1675 narratur.
1564 1618 1663 1677 His
1684 1623 1878 1694 viginti
1911 1625 2024 1680 duo

437 1704 669 1761 addcndi
702 1716 828 1761 sunt
849 1709 1164 1779 apocryphi.

519 1814 538 1846 ι
586 1796 874 1853 Postremo
906 1800 1173 1856 absolutis
1229 1803 1505 1870 omnibus,
1538 1820 1633 1861 rex
1690 1806 1745 1860 in
1800 1807 2021 1863 sublimi

437 1887 579 1943 solio
623 1891 873 1945 consedit
903 1909 916 1945 :
950 1892 1175 1947 aderant
1226 1896 1447 1966 triginta
1496 1914 1588 1952 sex
1624 1898 1856 1954 lectores
1892 1918 2018 1956 cum

434 1982 659 2052 triginta
696 1999 789 2038 sex
837 1986 1242 2055 exemplaribus
1265 2030 1279 2053 ,
1307 1998 1362 2044 ct
1392 1991 1527 2045 alter
1559 1992 1653 2063 qui
1690 1992 2018 2051 llcbraicum

436 2077 822 2145 antigraphum
862 2079 1101 2133 tenebat.
1143 2079 1263 2134 Uno
1304 2083 1514 2154 legente
1563 2086 1797 2156 aliisque
1845 2098 2020 2143 atten-

430 2167 712 2236 dentibus,
741 2172 876 2226 nihil
906 2185 1180 2243 repertum
1209 2185 1294 2231 est
1321 2178 1675 2236 discriminis.
1709 2180 1814 2236 Sed
1846 2184 2020 2239 admi-

435 2257 670 2313 randum
715 2259 809 2316 Dei
847 2278 985 2334 Opus
1027 2267 1262 2331 accidit,
1297 2277 1356 2322 ut
1391 2280 1579 2324 notum
1628 2282 1775 2327 esset
1801 2312 1817 2335 ,
1869 2275 2017 2329 viros

430 2348 579 2403 dono
628 2348 863 2420 Spiritus
917 2354 1089 2409 sancti
1136 2359 1428 2427 praeditos,
1474 2361 1527 2415 in
1584 2361 1674 2417 illa
1724 2364 2019 2421 solitudine

430 2445 820 2513 consensisse;
862 2446 932 2502 ita
978 2460 1037 2505 ut
1075 2452 1387 2523 ubicunque
1427 2453 1634 2523 aliquid
1677 2457 2013 2525 addebatur,

431 2533 504 2589 ab
535 2536 792 2592 omnibus
821 2539 983 2595 simul
1010 2542 1342 2610 adderetur;
1374 2555 1427 2600 et
1458 2547 1549 2601 ubi
1576 2547 1915 2615 demehatur,
1947 2554 2017 2606 ab

428 2625 690 2681 omnibus
721 2630 927 2697 pariter
950 2633 1282 2691 demeretur.
1315 2636 1382 2691 Et
1408 2638 1669 2710 quidquid
1700 2641 2012 2712 ademptum

426 2728 569 2782 erat,
613 2719 844 2788 inutile;
877 2724 1143 2794 quidquid
1172 2743 1301 2781 vero
1337 2728 1608 2797 relictum,
1638 2734 2014 2789 necessarium

424 2823 551 2865 esse
580 2811 1109 2881 deprehendebatur.
1146 2815 1218 2872 Ut
1245 2828 1427 2874 autem
1458 2835 1760 2891 cegnoscas
1783 2839 1880 2879 eos
1913 2825 2018 2878 mi-

427 2913 553 2955 rum
589 2901 643 2955 in
687 2904 931 2969 modum,
964 2915 1018 2962 ct
1056 2924 1121 2963 ex
1158 2908 1252 2965 Dei
1296 2913 1656 2980 providentia,
1687 2931 1865 2986 exque
1892 2915 2017 2987 Spi-

426 2996 570 3051 ritus
605 2997 778 3051 sancti
819 3013 1093 3056 consensu
1117 3002 1504 3075 interpretatos
1530 3021 1673 3070 esse,
1705 3010 2012 3080 exemplum

427 3084 526 3141 tibi
559 3089 857 3157 proferam,
898 3112 917 3144 ι
962 3105 1068 3148 etc.

499 3177 614 3235 Sub
643 3181 756 3273 hare
784 3194 964 3273 autem
996 3185 1333 3257 Epiphanius
1380 3206 1495 3246 rem
1532 3207 1563 3247 a
1607 3194 1880 3265 principio
1923 3212 2010 3253 re-
2035 3215 2081 3273 ο

424 3276 613 3339 petens
647 3271 762 3327 ait:
805 3271 1158 3331 Ptolemmum
1203 3276 1619 3350 Philadelphum
1643 3325 1657 3346 ,
1693 3285 2003 3354 φιλόκαλον,

423 3359 520 3413 καὶ
545 3359 848 3432 φιλόλογον,
891 3366 944 3419 in
971 3382 1033 3422 ea
1066 3369 1217 3423 urbis
1247 3382 1399 3440 parte
1432 3389 1553 3442 qua:
1585 3373 1883 3432 Bruchium
1914 3395 2011 3449 ap-

422 3453 764 3524 pellabatur,
815 3458 1198 3515 bibliothecam
1248 3463 1588 3532 instituisse,
1623 3468 1784 3537 eique
1815 3469 2009 3525 Deme-

424 3544 591 3601 trium
630 3547 951 3605 Pbalercum
994 3557 1355 3623 praeposuisse
1381 3601 1395 3623 ,
1445 3559 1538 3628 qui
1572 3576 1699 3615 cum
1750 3578 2008 3634 magnam

425 3635 693 3692 librorum
725 3642 906 3697 omnis
940 3646 1155 3714 generis
1189 3648 1576 3717 supellectilem
1610 3664 2004 3725 comparasset,

424 3729 733 3787 sciscitanti
789 3735 900 3803 regi
948 3746 1084 3805 quot
1136 3738 1402 3794 librorum
1440 3743 1610 3798 millia
1664 3746 2005 3817 collegisset,

418 3819 535 3890 jam
568 3822 965 3896 quinquaginta
1009 3838 1245 3897 quatuor
1288 3833 1459 3887 millia
1504 3850 1628 3889 cum
1676 3838 2007 3908 octingentis

426 3908 619 3965 haberi
650 3913 818 3968 dixit:
851 3932 1142 3985 superesse
1175 3928 1355 3975 tamen
1388 3922 1547 3991 longe
1577 3925 1761 3995 plures
1790 3929 1843 3981 in
1877 3931 2009 3984 orbe

424 4010 699 4059 terrarum
729 4009 870 4078 apud
897 4008 1209 4082 lEthiopas,
1245 4011 1429 4079 Indos,
1463 4013 1679 4083 Persas,
1709 4017 1971 4077 Elamitas
1991 4061 2006 4084 ,

423 4093 774 4168 Babylonios,
809 4102 1083 4173 Assyrios,
1115 4105 1431 4171 Chaldaeos,
1485 4107 1800 4177 Romanos,
1844 4110 2010 4169 Phre-

422 4188 611 4254 nicas,
643 4188 808 4261 Syros
842 4202 897 4246 et
946 4192 1185 4252 Graecos.
1226 4196 1469 4269 Esseque
1513 4210 1777 4271 praeterea
1810 4202 2005 4259 lliero-

424 4276 652 4348 solymis
673 4288 725 4334 et
749 4281 892 4351 apud
920 4279 1137 4339 Judaeos
1163 4285 1336 4341 libros
1364 4288 1776 4358 prophetarum,
1804 4306 2009 4362 eosque

422 4368 656 4438 divinos,
692 4374 785 4443 qui
817 4375 884 4429 de
907 4374 1020 4431 Deo
1045 4387 1098 4432 et
1124 4378 1190 4433 de
1215 4381 1405 4435 mundi
1434 4383 1713 4438 creatione
1739 4385 2006 4441 edissere-

420 4457 575 4527 bant,
601 4477 739 4531 quos
769 4463 1023 4520 hortatus
1054 4475 1138 4522 est
1170 4484 1352 4540 regem
1388 4480 1448 4525 ut
1474 4483 1800 4541 accerseret,
1831 4490 2007 4545 eaque

2129 609 2216 663 vel
2248 609 2524 664 Aristeum
2561 608 2683 679 (sic
2710 611 2799 665 ille
2828 609 2846 680 )
2890 611 2992 666 sibi
3020 622 3302 668 auctorem
3346 612 3667 682 profiteatur
3694 652 3710 679 ,

2129 698 2221 752 ubi
2247 697 2570 753 Ptolemmus
2610 699 2933 771 interpretes
2980 699 3243 758 llehraice
3292 700 3587 771 Grieceque
3616 717 3684 773 pe

2129 789 2421 845 ritissimos
2474 791 2733 859 postulat,
2776 791 2868 859 qui
2914 791 3082 846 libros
3121 807 3311 849 sacros
3338 794 3405 848 de
3444 792 3708 849 Hebraice

2130 879 2185 933 in
2219 878 2468 934 Graecum
2501 891 2843 935 convertant.
2883 881 3234 938 llebrarorum
3279 886 3566 956 magistri,
3615 887 3697 942 de

2130 971 2271 1025 lectu
2299 972 2504 1035 habito,
2532 974 2871 1042 septuaginta
2895 974 3035 1029 duos
3058 975 3379 1046 interpretes
3400 977 3689 1046 designant

2128 1077 2222 1116 sex
2259 1063 2508 1116 videlicet
2535 1078 2598 1116 ex
2629 1064 2860 1133 singulis
2890 1066 3162 1127 tribubus.
3193 1067 3286 1135 qui
3320 1068 3373 1120 in
3408 1065 3586 1121 Pharo
3620 1067 3677 1122 in

2128 1154 2271 1219 sula,
2302 1169 2369 1208 eo
2397 1170 2509 1223 quo
2534 1171 2698 1223 supra
2731 1155 2935 1208 dictum
2962 1166 3043 1210 est
3075 1158 3255 1222 modo,
3280 1173 3468 1212 sacros
3490 1158 3707 1212 codice

2128 1246 2464 1315 interpretati
2499 1257 2645 1303 sunt.
2681 1246 2803 1313 Quo
2840 1260 3079 1317 peracto,
3110 1249 3232 1303 libri
3266 1251 3340 1303 illi
3372 1251 3424 1304 in
3458 1248 3697 1304 Graecum

2126 1337 2377 1392 translati
2437 1338 2492 1392 in
2546 1339 2726 1409 priore
2788 1339 3147 1403 bibliotheca,
3194 1357 3315 1410 qua:
3362 1341 3415 1395 in
3469 1340 3705 1399 Bruchic

2126 1428 2353 1484 fundata
2389 1440 2493 1495 est,
2531 1433 2757 1501 repositi
2788 1443 2934 1487 sunt.
2966 1432 3089 1487 Post
3132 1435 3246 1489 lucc
3278 1434 3383 1488 alia
3427 1449 3620 1489 rursus
3650 1433 3699 1489 ir.

2128 1519 2358 1590 Serapio
2389 1522 2717 1579 bibliotheca
2753 1527 3049 1580 conStituta
3072 1534 3176 1588 est,
3202 1525 3358 1593 longe
3389 1525 3477 1579 illa
3505 1526 3708 1593 minor,

2124 1627 2247 1681 qua:
2280 1612 2444 1681 hujus
2475 1614 2582 1667 lilia
2614 1615 2898 1668 dicebatur
2921 1654 2937 1680 ,
2986 1616 3040 1668 i-n
3071 1632 3236 1686 quam
3271 1616 3513 1685 Aquilae,
3546 1613 3708 1686 Sym-

2124 1703 2328 1769 machi,
2367 1702 2759 1761 Theodotionis
2785 1716 2838 1760 ct
2869 1708 3101 1761 aliorum
3134 1707 3401 1760 editiones
3431 1716 3705 1778 congcstae

2125 1805 2254 1851 sunt
2279 1806 2400 1865 post
2425 1812 2598 1852 annos
2629 1798 2757 1853 2.30.
2791 1798 3066 1853 Hactenus
3099 1798 3457 1868 Epiphanius.

2057 1859 2099 1913 Β
2160 1890 2252 1945 Vl.
2293 1890 2428 1944 Tota
2456 1894 2891 1946 controversiain
2929 1904 3031 1946 tres
3055 1894 3368 1963 quwstiones
3398 1892 3674 1947 diriditur.

2189 1979 2302 2036 llac
2333 1997 2495 2051 porro
2518 1993 2806 2052 conspecta
2837 1985 3211 2037 narrationum
3237 1983 3514 2047 varietate,
3547 1996 3709 2036 nemo

2119 2070 2406 2127 mirabitur
2437 2072 2563 2126 hinc.
2591 2083 2735 2126 tanta
2761 2075 3078 2143 opinionum
3112 2074 3344 2128 divortia
3382 2073 3523 2127 facta
3563 2088 3704 2129 esse.

2119 2161 2275 2218 Licet
2308 2173 2489 2218 autem
2527 2166 2675 2219 nulla
2712 2164 2823 2219 fere
2856 2183 2923 2220 ex
2968 2166 3266 2236 prrerniSsis
3298 2166 3709 2223 narrationibus

2118 2272 2242 2310 curn
2292 2257 2457 2311 altera
2505 2259 2665 2327 plane
2709 2262 3058 2326 consentiat;
3100 2259 3192 2315 sed
3240 2274 3583 2328 unaqumque
3621 2258 3709 2316 vel

2118 2350 2173 2404 in
2205 2350 2431 2420 majoris
2455 2352 2714 2406 momenti
2743 2353 2928 2415 rebus,
2958 2353 3040 2406 vel
3070 2354 3121 2406 in
3147 2354 3468 2408 minusculis
3491 2351 3709 2406 dill'crat

2118 2441 2190 2495 ab
2240 2443 2405 2508 aliis;
2456 2452 2700 2498 attamen
2754 2445 2809 2497 in
2857 2453 2968 2498 tres
3018 2447 3320 2513 prmcipuas
3373 2443 3705 2513 qurestioncs

2117 2544 2296 2604 potest
2320 2545 2431 2589 tota
2460 2538 2835 2591 controversia
2882 2537 3106 2602 reduci,
3139 2538 3436 2602 nimirum,
3485 2545 3609 2590 utra
3635 2549 3710 2593 ex

2117 2629 2531 2684 narrationibus
2575 2631 2796 2701 γνήσιος
2848 2631 2962 2684 sive
3009 2630 3329 2699 primigenia
3371 2629 3472 2692 sit;
3524 2643 3592 2682 an
3638 2642 3706 2685 ea

2116 2734 2240 2788 qua:
2263 2720 2489 2774 Aristea:
2514 2721 2736 2774 nomine
2761 2721 3030 2789 hodieque
3048 2719 3451 2782 circumfertur,
3474 2731 3708 2787 qumque

2117 2826 2278 2869 senes
2312 2827 2419 2864 una
2454 2824 2818 2882 congregatos
2868 2813 3370 2881 interpretationem
3403 2810 3706 2865 adornasse

2114 2902 2388 2973 perhibet,
2429 2903 2579 2957 nulla
2632 2903 2773 2958 facta
2826 2904 3102 2959 mentione
3145 2905 3433 2974 peculiaris
3467 2902 3704 2974 Spiritus

2116 2996 2294 3049 sancti
2341 2996 2554 3051 amatus
2580 3014 2595 3063 ;
2637 3012 2706 3051 an
2736 3012 2865 3051 vero
2891 3013 2954 3052 ea
2983 3014 3104 3067 qua:
3135 3014 3294 3052 scncs
3324 2998 3439 3052 sive
3467 2998 3616 3053 solos
3647 2999 3704 3052 in

2117 3090 2462 3163 septuaginta
2488 3090 2702 3145 cellulis
2728 3132 2744 3157 ,
2780 3091 2894 3145 sive
2926 3091 3084 3145 binos
3115 3092 3169 3144 in
3209 3090 3433 3160 triginta
3480 3106 3573 3146 sex
3605 3090 3705 3146 do.

2116 3182 2394 3236 munculis
2438 3182 2715 3246 inclusos,
2763 3183 2980 3237 amante
3030 3182 3262 3238 Numine
3312 3183 3705 3254 interpretatos

2114 3287 2236 3328 esse
2267 3283 2682 3329 commemorat.
2726 3273 2908 3329 Altera
2941 3276 3210 3345 qumstio,
3246 3290 3314 3329 an
3349 3273 3491 3328 LXX
3526 3274 3702 3330 Inter-

2112 3371 2317 3432 pretes,
2365 3364 2449 3418 vel
2477 3364 2569 3432 qui
2615 3365 2825 3433 priores
2861 3363 3204 3435 Seripturam
3234 3380 3447 3419 sacram
3495 3363 3564 3419 de
3592 3362 3702 3420 lie-

2111 3452 2299 3508 braico
2334 3454 2387 3507 in
2417 3452 2667 3508 Grarcum
2703 3463 3113 3519 converterunt,
3142 3453 3317 3508 solam
3348 3450 3582 3521 Legem,
3616 3453 3703 3508 vel

2107 3546 2566 3613 Pcntateuchum,
2593 3564 2663 3603 an
2692 3550 2856 3603 etiam
2890 3547 3131 3615 reliquos
3159 3547 3329 3601 libros
3360 3546 3703 3615 interpretati

2110 3641 2239 3694 sint.
2280 3641 2463 3695 Tertia
2496 3642 2719 3696 demqu
2770 3655 2842 3693 an
2894 3636 3133 3691 llistoria
3168 3637 3400 3692 Aristeze
3424 3678 3440 3703 ,
3473 3638 3588 3691 sive
3639 3647 3702 3692 ut

2108 3736 2289 3800 primo
2340 3731 2546 3801 prodiit
2571 3772 2586 3795 ,
2621 3730 2740 3783 sive
2768 3740 2827 3781 ut
2856 3737 3042 3797 postea
3072 3743 3102 3780 a
3130 3725 3349 3782 Iustino
3370 3767 3385 3792 ,
3415 3736 3470 3781 ct
3495 3726 3702 3798 aliquot

2107 3832 2234 3891 post
2276 3823 2495 3877 smculis
2524 3822 2594 3876 ab
2627 3819 2934 3888 Epiphanio
2975 3819 3139 3873 allata
3168 3828 3289 3887 est,
3320 3835 3446 3874 vers
3493 3821 3599 3889 sit,
3626 3835 3700 3877 an
3772 3830 3777 3835 '

2109 3912 2343 3969 conﬁcta
2368 3921 2424 3967 et
2450 3912 2821 3982 supposititia.

2113 4024 2229 4078 γη.
2264 4024 2535 4097 Probatur
2567 4024 2790 4078 Aristea-
2814 4023 3138 4093 cxemplarin
3163 4041 3280 4094 quae
3308 4033 3590 4095 supersunt
3618 4043 3699 4097 ge-

2180 4096 2346 4149 nuina
2369 4137 2385 4162 ,
2429 4106 2743 4150 cwterorum
2782 4106 2957 4149 autem
2990 4096 3360 4150 additamenta
3405 4096 3700 4165 respuenda

2179 4182 2312 4220 8888.

2179 4279 2335 4345 Quod
2361 4278 2430 4334 ad
2462 4278 2697 4349 primam
2737 4280 3097 4349 qumslionem
3127 4282 3342 4347 attinet,
3373 4293 3583 4339 eertum
3613 4295 3699 4341 est

2109 4368 2433 4423 alterutram
2455 4384 2524 4423 ex
2548 4370 2962 4424 narrationibus
2984 4371 3344 4426 adulteratam
3372 4370 3577 4441 fuisse;
3603 4383 3700 4428 aut

2109 4459 2363 4515 videlicet
2405 4474 2527 4515 eam
2570 4475 2694 4530 qua:
2743 4462 3090 4533 septuaginta
3136 4463 3279 4518 duos
3324 4478 3489 4521 senes
3532 4466 3697 4521 simul

420 4551 490 4608 de
540 4568 705 4608 causa
754 4556 822 4610 ad
870 4558 1123 4616 doctores
1168 4559 1661 4633 Jcrosolymitanos
1714 4568 2000 4624 scriberet.

2114 4562 2490 4624 congregatos,
2519 4560 2823 4622 mutuoque
2853 4554 3126 4623 colloquia
3163 4555 3460 4612 miscentes
3480 4596 3495 4621 ,
3527 4556 3699 4612 inter-

420 4640 523 4697 Cui
564 4659 656 4697 rex
689 4661 897 4703 morem
930 4665 1125 4720 gerens
1145 4694 1160 4719 ,
1192 4654 1475 4724 epistolam
1505 4653 1999 4731 Jero’solymitanis,

420 4733 492 4791 ab
521 4734 828 4794 Aristeanis
861 4743 1118 4799 omnibus
1169 4745 1330 4816 longe
1376 4747 1650 4805 diversam
1676 4791 1692 4817 ,
1748 4752 1999 4821 scripsit,

419 4838 542 4894 quae
569 4824 846 4895 αὑτολεξεὶ
871 4830 941 4885 ab
970 4829 1275 4903 Epiphanio
1307 4834 1550 4891 aﬂertur.
1582 4838 1643 4891 ln
1672 4853 1735 4893 ea
1760 4839 2002 4908 postulat

418 4929 513 4972 rex
546 4918 612 4970 ad
654 4933 713 4973 se
744 4923 1039 4977 transmitti
1073 4926 1461 4995 prophetarum
1496 4928 1687 4993 libros,
1724 4937 1781 4983 ut
1816 4929 1872 4983 in
1912 4930 2002 4984 hi-

418 5005 692 5065 bliolheca
732 5027 831 5067 sua
864 5027 1300 5084 reponerenlur:
1337 5018 1392 5073 in
1427 5022 1746 5075 memoriam
1784 5028 2003 5077 revocat

417 5103 695 5170 praeterita
730 5105 992 5160 beneficia
1015 5146 1029 5170 ,
1083 5125 1191 5179 quo
1223 5118 1381 5179 pacto
1410 5112 1617 5167 scilicet
1670 5113 1873 5167 multos
1905 5111 2003 5166 Ju-

419 5186 663 5243 dmorum
698 5193 992 5261 pOpulares
1033 5194 1084 5248 in
1118 5196 1259 5251 bello
1297 5209 1485 5267 captos
1524 5210 1578 5253 et
1618 5201 1670 5254 in
1705 5199 2004 5273 Egyptum

415 5280 770 5349 deportatos,
825 5285 1027 5342 liberos
1076 5304 1202 5344 cum
1257 5292 1460 5346 viatico
1504 5293 1795 5349 dimiserit.
1847 5292 2007 5349 Nunc

416 5380 600 5424 autem
633 5388 875 5429 mensam
907 5392 1131 5433 auream
1169 5381 1440 5451 lapidibus
1471 5384 1724 5453 pretiosis
1749 5394 2004 5440 ornatam

418 5460 603 5533 pondo
633 5463 1057 5534 quingentorum
1090 5470 1418 5527 talentorum
1455 5490 1579 5529 cum
1633 5475 1755 5531 aliis
1806 5490 2004 5532 mune-

419 5554 573 5611 ribus
600 5556 837 5622 mittere,
875 5570 935 5614 ut
962 5562 1073 5616 voti
1108 5579 1336 5635 compos
1369 5564 1693 5621 cﬂiccrctur.

491 5646 690 5703 Missos
722 5636 905 5717 postea
934 5652 1103 5710 libros
1123 5653 1387 5713 Hebraice
1412 5660 1645 5728 scriptos
1673 5675 1798 5714 cum
1830 5660 2007 5730 legere

421 5751 531 5791 non
560 5748 782 5809 posset,
830 5743 1073 5798 secundo
1107 5748 1348 5804 scribere
1375 5759 1430 5804 et
1462 5749 1784 5821 interpretes
1826 5761 2007 5822 petere

425 5843 650 5887 coaetus
698 5840 802 5889 est.
860 5831 1170 5895 Secundam
1226 5849 1411 5911 postea
1463 5838 1629 5901 aﬂert’
1667 5841 2006 5915 Epiphanius

2101 4644 2464 4712 pretationem
2502 4644 2654 4698 illam
2684 4645 2925 4699 edidisse
2961 4647 3208 4716 perhibet
3233 4688 3251 4715 ,
3282 4657 3377 4703 aut
3403 4663 3528 4704 eam
3573 4666 3700 4721 qua:

2102 4740 2230 4795 illos
2260 4739 2315 4795 in
2354 4741 2703 4811 septuaginta
2733 4742 2944 4797 cellulis
2985 4755 3290 4814 separatos,
3323 4755 3419 4801 aut
3447 4747 3608 4803 binos
3638 4749 3695 4803 in

2104 4833 2321 4902 triginta
2348 4848 2442 4886 sex
2468 4833 2820 4888 domunculis
2856 4835 3118 4899 inclusos,
3147 4848 3206 4891 ut
3238 4847 3427 4893 narrat
3459 4837 3700 4909 Epipha-

2103 4927 2257 4991 nius,
2295 4924 2636 4994 Scripturam
2667 4926 2883 4979 amante
2927 4924 3194 4994 Numine,
3229 4938 3289 4983 ut
3340 4945 3407 4983 ex
3457 4930 3695 4986 mirabili

2102 5016 2348 5070 omnium
2369 5030 2639 5071 consensu
2664 5017 2954 5085 probatum
2984 5027 3087 5081 est,
3106 5020 3335 5074 vertisse
3362 5034 3697 5076 commemo-

2103 5116 2207 5161 rat.
2236 5109 2251 5174 (
2279 5106 2354 5160 De
2398 5107 2521 5161 aliis
2550 5120 2716 5176 porro
2751 5123 2918 5177 prope
2956 5109 3264 5165 innumeris
3305 5110 3661 5169 varietatibus
3683 5158 3700 5182 ,

2103 5215 2226 5269 qua:
2254 5199 2395 5253 inter
2427 5199 2772 5253 narrationes
2820 5199 2942 5253 illas
2980 5201 3357 5268 intercedunt,
3412 5203 3700 5261 brevitatis

2106 5307 2271 5346 causa
2300 5292 2856 5361 consultotaccmus.)
2875 5290 2980 5346 Pro
3008 5293 3109 5347 hac
3133 5303 3409 5363 postrema
3427 5299 3698 5353 sententia

2108 5391 2258 5438 stant
2283 5380 2560 5447 Justinus,
2591 5381 2831 5452 Cyrillus
2857 5381 3386 5455 Hierosolymitanus
3406 5425 3421 5449 ,
3452 5385 3697 5457 Epiphao

2107 5475 2256 5540 nius,
2288 5474 2415 5528 licet
2455 5476 2509 5529 in
2538 5490 2771 5530 numero
2794 5475 3112 5531 cellularum
3140 5477 3333 5540 variet,
3363 5478 3698 5549 Chrysosto—

2108 5580 2259 5629 mus,
2282 5567 2655 5635 Augustinus:
2682 5568 2885 5637 quibus
2907 5569 3183 5622 accenseri
3208 5579 3435 5638 possunt
3456 5571 3696 5624 lrenaius

2107 5668 2163 5715 et
2192 5659 2447 5713 Clemens
2476 5659 2909 5723 Alexandrinus,
2943 5660 3036 5729 qui
3065 5660 3190 5714 licet
3217 5661 3285 5715 de
3319 5657 3461 5714 LXX
3484 5660 3696 5715 cellulis

2109 5750 2245 5806 nihil
2287 5751 2564 5814 habeant,
2603 5750 3109 5823 interpretationem
3151 5762 3332 5807 tamen
3377 5752 3523 5807 illam
3575 5753 3693 5819 Spi-

2113 5844 2249 5903 ritus
2296 5845 2471 5903 sancti
2517 5843 2702 5903 alllatu
2727 5854 2782 5905 et
2826 5845 3185 5919 inspiratione
3225 5845 3427 5906 tactam
3473 5861 3699 5902 assum
