  <div class='ocr_page' id='page_1' title='image "/cluster/home/n/w/nwhite01/storage/ocr_20150623/15:no.5/coo.31924054872936/046.png"; bbox 0 0 4122 6424; ppageno 0'>
   <div class='ocr_carea' id='block_1_1' title="bbox 378 401 3647 499">
    <p class='ocr_par' dir='ltr' id='par_1_1' title="bbox 378 401 3647 499">
     <span class='ocr_line' id='line_1_1' title="bbox 378 401 3647 499; baseline -0.013 0"><span class='ocrx_word' id='word_1_1' title='bbox 378 444 441 499; x_wconf 75' lang='lat' dir='ltr'><strong>Gl</strong></span> <span class='ocrx_word' id='word_1_2' title='bbox 1622 431 1695 485; x_wconf 88' lang='lat' dir='ltr'><strong>l-N</strong></span> <span class='ocrx_word' id='word_1_3' title='bbox 1734 425 2061 485; x_wconf 73' lang='lat' dir='ltr'><strong>HEXAPLA</strong></span> <span class='ocrx_word' id='word_1_4' title='bbox 2102 423 2451 482; x_wconf 81' lang='lat' dir='ltr'><strong>ORIGENIS.</strong></span> <span class='ocrx_word' id='word_1_5' title='bbox 3575 401 3647 460; x_wconf 71' lang='lat'><strong>6!</strong></span> 
     </span>
    </p>
   </div>
   <div class='ocr_carea' id='block_1_2' title="bbox 377 525 3649 617">
    <p class='ocr_par' dir='ltr' id='par_1_2' title="bbox 377 525 3649 617">
     <span class='ocr_line' id='line_1_2' title="bbox 377 525 3649 617; baseline -0.012 -1"><span class='ocrx_word' id='word_1_6' title='bbox 377 567 522 617; x_wconf 84' lang='lat' dir='ltr'><strong>rant.</strong></span> <span class='ocrx_word' id='word_1_7' title='bbox 540 557 622 612; x_wconf 82' lang='lat' dir='ltr'><strong>Ex</strong></span> <span class='ocrx_word' id='word_1_8' title='bbox 647 552 1049 613; x_wconf 77' lang='lat' dir='ltr'><strong>recentioribus</strong></span> <span class='ocrx_word' id='word_1_9' title='bbox 1074 556 1255 606; x_wconf 89' lang='lat' dir='ltr'><strong>autem</strong></span> <span class='ocrx_word' id='word_1_10' title='bbox 1286 547 1397 602; x_wconf 87' lang='lat' dir='ltr'><strong>Leo</strong></span> <span class='ocrx_word' id='word_1_11' title='bbox 1418 545 1688 610; x_wconf 83' lang='lat' dir='ltr'><strong>Castrius,</strong></span> <span class='ocrx_word' id='word_1_12' title='bbox 1716 544 1960 615; x_wconf 84' lang='lat' dir='ltr'><strong>Alphon—</strong></span> <span class='ocrx_word' id='word_1_13' title='bbox 1989 546 2033 601; x_wconf 68' lang='grc' dir='ltr'><strong>Α</strong></span> <span class='ocrx_word' id='word_1_14' title='bbox 2061 540 2180 610; x_wconf 84' lang='lat' dir='ltr'><strong>ejus</strong></span> <span class='ocrx_word' id='word_1_15' title='bbox 2218 538 2547 594; x_wconf 75' lang='lat' dir='ltr'><strong>auctoritate</strong></span> <span class='ocrx_word' id='word_1_16' title='bbox 2589 533 2832 604; x_wconf 87' lang='lat' dir='ltr'><strong>abrepti,</strong></span> <span class='ocrx_word' id='word_1_17' title='bbox 2859 530 3208 603; x_wconf 82' lang='lat' dir='ltr'><strong>explorandae</strong></span> <span class='ocrx_word' id='word_1_18' title='bbox 3248 527 3327 583; x_wconf 91' lang='lat' dir='ltr'><strong>rei</strong></span> <span class='ocrx_word' id='word_1_19' title='bbox 3372 539 3444 580; x_wconf 86' lang='lat' dir='ltr'><strong>ne</strong></span> <span class='ocrx_word' id='word_1_20' title='bbox 3484 525 3649 579; x_wconf 83' lang='lat' dir='ltr'><strong>mini-</strong></span> 
     </span>
    </p>
   </div>
   <div class='ocr_carea' id='block_1_3' title="bbox 380 639 1959 715">
    <p class='ocr_par' dir='ltr' id='par_1_3' title="bbox 380 639 1959 715">
     <span class='ocr_line' id='line_1_3' title="bbox 380 639 1959 715; baseline -0.011 -7"><span class='ocrx_word' id='word_1_21' title='bbox 380 665 476 709; x_wconf 80' lang='lat' dir='ltr'><strong>sus</strong></span> <span class='ocrx_word' id='word_1_22' title='bbox 527 650 836 715; x_wconf 87' lang='lat' dir='ltr'><strong>Salmeron,</strong></span> <span class='ocrx_word' id='word_1_23' title='bbox 885 646 1124 715; x_wconf 81' lang='lat' dir='ltr'><strong>aliique,</strong></span> <span class='ocrx_word' id='word_1_24' title='bbox 1177 642 1426 698; x_wconf 86' lang='lat' dir='ltr'><strong>eamdem</strong></span> <span class='ocrx_word' id='word_1_25' title='bbox 1476 639 1802 695; x_wconf 89' lang='lat' dir='ltr'><strong>sententiam</strong></span> <span class='ocrx_word' id='word_1_26' title='bbox 1838 652 1959 692; x_wconf 91' lang='lat' dir='ltr'><strong>am-</strong></span> 
     </span>
    </p>
   </div>
   <div class='ocr_carea' id='block_1_4' title="bbox 382 727 1962 813">
    <p class='ocr_par' dir='ltr' id='par_1_4' title="bbox 382 727 1962 813">
     <span class='ocr_line' id='line_1_4' title="bbox 382 727 1962 813; baseline -0.012 -15"><span class='ocrx_word' id='word_1_27' title='bbox 382 742 730 813; x_wconf 87' lang='lat' dir='ltr'><strong>plectuntur,</strong></span> <span class='ocrx_word' id='word_1_28' title='bbox 786 738 880 809; x_wconf 86' lang='lat' dir='ltr'><strong>qui</strong></span> <span class='ocrx_word' id='word_1_29' title='bbox 926 735 1299 792; x_wconf 84' lang='lat' dir='ltr'><strong>narrationem</strong></span> <span class='ocrx_word' id='word_1_30' title='bbox 1359 734 1623 795; x_wconf 73' lang='lat' dir='ltr'><strong>Aristeze,</strong></span> <span class='ocrx_word' id='word_1_31' title='bbox 1677 728 1857 800; x_wconf 78' lang='lat' dir='ltr'><strong>qualis</strong></span> <span class='ocrx_word' id='word_1_32' title='bbox 1906 727 1962 780; x_wconf 92' lang='lat' dir='ltr'><strong>in</strong></span> 
     </span>
    </p>
   </div>
   <div class='ocr_carea' id='block_1_5' title="bbox 382 821 1963 899">
    <p class='ocr_par' dir='ltr' id='par_1_5' title="bbox 382 821 1963 899">
     <span class='ocr_line' id='line_1_5' title="bbox 382 821 1963 899; baseline -0.009 -13"><span class='ocrx_word' id='word_1_33' title='bbox 382 831 665 887; x_wconf 89' lang='lat' dir='ltr'><strong>hodiernis</strong></span> <span class='ocrx_word' id='word_1_34' title='bbox 697 827 1105 899; x_wconf 80' lang='lat' dir='ltr'><strong>exemplaribus</strong></span> <span class='ocrx_word' id='word_1_35' title='bbox 1128 827 1381 890; x_wconf 86' lang='lat' dir='ltr'><strong>habetur,</strong></span> <span class='ocrx_word' id='word_1_36' title='bbox 1404 825 1650 879; x_wconf 81' lang='lat' dir='ltr'><strong>vitiatam</strong></span> <span class='ocrx_word' id='word_1_37' title='bbox 1673 831 1728 877; x_wconf 89' lang='lat' dir='ltr'><strong>et</strong></span> <span class='ocrx_word' id='word_1_38' title='bbox 1755 821 1963 875; x_wconf 86' lang='lat' dir='ltr'><strong>adulte-</strong></span> 
     </span>
    </p>
   </div>
   <div class='ocr_carea' id='block_1_6' title="bbox 381 911 1965 989">
    <p class='ocr_par' dir='ltr' id='par_1_6' title="bbox 381 911 1965 989">
     <span class='ocr_line' id='line_1_6' title="bbox 381 911 1965 989; baseline -0.009 -12"><span class='ocrx_word' id='word_1_39' title='bbox 381 931 598 989; x_wconf 89' lang='lat' dir='ltr'><strong>ratam;</strong></span> <span class='ocrx_word' id='word_1_40' title='bbox 652 922 880 975; x_wconf 87' lang='lat' dir='ltr'><strong>alteram</strong></span> <span class='ocrx_word' id='word_1_41' title='bbox 926 933 1059 973; x_wconf 84' lang='lat' dir='ltr'><strong>vero</strong></span> <span class='ocrx_word' id='word_1_42' title='bbox 1112 918 1180 972; x_wconf 90' lang='lat' dir='ltr'><strong>de</strong></span> <span class='ocrx_word' id='word_1_43' title='bbox 1235 916 1446 971; x_wconf 90' lang='lat' dir='ltr'><strong>cellulis</strong></span> <span class='ocrx_word' id='word_1_44' title='bbox 1502 924 1556 971; x_wconf 90' lang='lat' dir='ltr'><strong>et</strong></span> <span class='ocrx_word' id='word_1_45' title='bbox 1603 916 1668 968; x_wconf 87' lang='lat' dir='ltr'><strong>de</strong></span> <span class='ocrx_word' id='word_1_46' title='bbox 1726 911 1965 966; x_wconf 86' lang='lat' dir='ltr'><strong>mirabili</strong></span> 
     </span>
    </p>
   </div>
   <div class='ocr_carea' id='block_1_7' title="bbox 382 1008 1961 1083">
    <p class='ocr_par' dir='ltr' id='par_1_7' title="bbox 382 1008 1961 1083">
     <span class='ocr_line' id='line_1_7' title="bbox 382 1008 1961 1083; baseline -0.009 -17"><span class='ocrx_word' id='word_1_47' title='bbox 382 1013 837 1083; x_wconf 78' lang='lat' dir='ltr'><strong>interpretatione</strong></span> <span class='ocrx_word' id='word_1_48' title='bbox 866 1024 1051 1065; x_wconf 86' lang='lat' dir='ltr'><strong>veram</strong></span> <span class='ocrx_word' id='word_1_49' title='bbox 1094 1020 1523 1078; x_wconf 80' lang='lat' dir='ltr'><strong>germanamque</strong></span> <span class='ocrx_word' id='word_1_50' title='bbox 1550 1019 1674 1058; x_wconf 91' lang='lat' dir='ltr'><strong>esse</strong></span> <span class='ocrx_word' id='word_1_51' title='bbox 1698 1008 1961 1072; x_wconf 82' lang='lat' dir='ltr'><strong>pugnant.</strong></span> 
     </span>
    </p>
   </div>
   <div class='ocr_carea' id='block_1_8' title="bbox 457 1095 1963 1175">
    <p class='ocr_par' dir='ltr' id='par_1_8' title="bbox 457 1095 1963 1175">
     <span class='ocr_line' id='line_1_8' title="bbox 457 1095 1963 1175; baseline -0.009 -15"><span class='ocrx_word' id='word_1_52' title='bbox 457 1104 598 1159; x_wconf 86' lang='lat' dir='ltr'><strong>Huic</strong></span> <span class='ocrx_word' id='word_1_53' title='bbox 651 1120 820 1175; x_wconf 89' lang='lat' dir='ltr'><strong>porro</strong></span> <span class='ocrx_word' id='word_1_54' title='bbox 866 1101 1149 1162; x_wconf 62' lang='lat' dir='ltr'><strong>sententiae</strong></span> <span class='ocrx_word' id='word_1_55' title='bbox 1196 1099 1504 1170; x_wconf 77' lang='lat' dir='ltr'><strong>refragatur</strong></span> <span class='ocrx_word' id='word_1_56' title='bbox 1558 1095 1963 1165; x_wconf 82' lang='lat' dir='ltr'><strong>Hieronymus,</strong></span> 
     </span>
    </p>
   </div>
   <div class='ocr_carea' id='block_1_9' title="bbox 384 1183 1964 1267">
    <p class='ocr_par' dir='ltr' id='par_1_9' title="bbox 384 1183 1964 1267">
     <span class='ocr_line' id='line_1_9' title="bbox 384 1183 1964 1267; baseline -0.01 -15"><span class='ocrx_word' id='word_1_57' title='bbox 384 1198 480 1267; x_wconf 91' lang='lat' dir='ltr'><strong>qui</strong></span> <span class='ocrx_word' id='word_1_58' title='bbox 510 1197 832 1253; x_wconf 85' lang='lat' dir='ltr'><strong>cellularum</strong></span> <span class='ocrx_word' id='word_1_59' title='bbox 862 1195 1149 1249; x_wconf 86' lang='lat' dir='ltr'><strong>historiam</strong></span> <span class='ocrx_word' id='word_1_60' title='bbox 1181 1190 1456 1247; x_wconf 85' lang='lat' dir='ltr'><strong>mendacii</strong></span> <span class='ocrx_word' id='word_1_61' title='bbox 1494 1188 1699 1259; x_wconf 82' lang='lat' dir='ltr'><strong>arguit,</strong></span> <span class='ocrx_word' id='word_1_62' title='bbox 1735 1194 1789 1241; x_wconf 90' lang='lat' dir='ltr'><strong>et</strong></span> <span class='ocrx_word' id='word_1_63' title='bbox 1821 1183 1964 1238; x_wconf 80' lang='lat' dir='ltr'><strong>LXX</strong></span> 
     </span>
    </p>
   </div>
   <div class='ocr_carea' id='block_1_10' title="bbox 387 1276 1965 1356">
    <p class='ocr_par' dir='ltr' id='par_1_10' title="bbox 387 1276 1965 1356">
     <span class='ocr_line' id='line_1_10' title="bbox 387 1276 1965 1356; baseline -0.008 -11"><span class='ocrx_word' id='word_1_64' title='bbox 387 1288 560 1347; x_wconf 88' lang='lat' dir='ltr'><strong>Senes</strong></span> <span class='ocrx_word' id='word_1_65' title='bbox 595 1290 812 1345; x_wconf 82' lang='lat' dir='ltr'><strong>alilante</strong></span> <span class='ocrx_word' id='word_1_66' title='bbox 834 1287 1069 1343; x_wconf 87' lang='lat' dir='ltr'><strong>Numine</strong></span> <span class='ocrx_word' id='word_1_67' title='bbox 1101 1288 1484 1356; x_wconf 83' lang='lat' dir='ltr'><strong>interpretatos</strong></span> <span class='ocrx_word' id='word_1_68' title='bbox 1513 1297 1635 1338; x_wconf 90' lang='lat' dir='ltr'><strong>esse</strong></span> <span class='ocrx_word' id='word_1_69' title='bbox 1662 1288 1842 1349; x_wconf 81' lang='lat' dir='ltr'><strong>negat.</strong></span> <span class='ocrx_word' id='word_1_70' title='bbox 1874 1276 1965 1332; x_wconf 90' lang='lat' dir='ltr'><strong>Sic</strong></span> 
     </span>
    </p>
   </div>
   <div class='ocr_carea' id='block_1_11' title="bbox 384 1373 1967 1454">
    <p class='ocr_par' dir='ltr' id='par_1_11' title="bbox 384 1373 1967 1454">
     <span class='ocr_line' id='line_1_11' title="bbox 384 1373 1967 1454; baseline -0.012 -14"><span class='ocrx_word' id='word_1_71' title='bbox 384 1386 476 1440; x_wconf 89' lang='lat' dir='ltr'><strong>ille</strong></span> <span class='ocrx_word' id='word_1_72' title='bbox 527 1384 755 1454; x_wconf 86' lang='lat' dir='ltr'><strong>prologo</strong></span> <span class='ocrx_word' id='word_1_73' title='bbox 802 1383 858 1436; x_wconf 92' lang='lat' dir='ltr'><strong>in</strong></span> <span class='ocrx_word' id='word_1_74' title='bbox 905 1380 1206 1436; x_wconf 86' lang='lat' dir='ltr'><strong>Genesim:</strong></span> <span class='ocrx_word' id='word_1_75' title='bbox 1261 1377 1332 1431; x_wconf 89' lang='lat' dir='ltr'><strong>Et</strong></span> <span class='ocrx_word' id='word_1_76' title='bbox 1381 1376 1557 1431; x_wconf 86' lang='lat' dir='ltr'><strong>nescio</strong></span> <span class='ocrx_word' id='word_1_77' title='bbox 1605 1375 1719 1444; x_wconf 87' lang='lat' dir='ltr'><strong>quis</strong></span> <span class='ocrx_word' id='word_1_78' title='bbox 1764 1373 1967 1442; x_wconf 88' lang='lat' dir='ltr'><strong>primus</strong></span> 
     </span>
    </p>
   </div>
   <div class='ocr_carea' id='block_1_12' title="bbox 383 1461 1969 1543">
    <p class='ocr_par' dir='ltr' id='par_1_12' title="bbox 383 1461 1969 1543">
     <span class='ocr_line' id='line_1_12' title="bbox 383 1461 1969 1543; baseline -0.011 -11"><span class='ocrx_word' id='word_1_79' title='bbox 383 1485 575 1535; x_wconf 80' lang='lat' dir='ltr'><strong>auctor</strong></span> <span class='ocrx_word' id='word_1_80' title='bbox 629 1473 961 1543; x_wconf 77' lang='lat' dir='ltr'><strong>septuaginta</strong></span> <span class='ocrx_word' id='word_1_81' title='bbox 1016 1468 1239 1524; x_wconf 73' lang='lat' dir='ltr'><strong>cellulas</strong></span> <span class='ocrx_word' id='word_1_82' title='bbox 1290 1463 1637 1520; x_wconf 68' lang='lat' dir='ltr'><strong>Alexandriae</strong></span> <span class='ocrx_word' id='word_1_83' title='bbox 1691 1461 1969 1515; x_wconf 88' lang='lat' dir='ltr'><strong>mendacio</strong></span> 
     </span>
    </p>
   </div>
   <div class='ocr_carea' id='block_1_13' title="bbox 390 1561 1967 1637">
    <p class='ocr_par' dir='ltr' id='par_1_13' title="bbox 390 1561 1967 1637">
     <span class='ocr_line' id='line_1_13' title="bbox 390 1561 1967 1637; baseline -0.01 -10"><span class='ocrx_word' id='word_1_84' title='bbox 390 1588 488 1627; x_wconf 88' lang='lat' dir='ltr'><strong>suo</strong></span> <span class='ocrx_word' id='word_1_85' title='bbox 522 1570 876 1635; x_wconf 75' lang='lat' dir='ltr'><strong>exstruxerit,</strong></span> <span class='ocrx_word' id='word_1_86' title='bbox 921 1567 1110 1637; x_wconf 82' lang='lat' dir='ltr'><strong>quibus</strong></span> <span class='ocrx_word' id='word_1_87' title='bbox 1141 1565 1301 1620; x_wconf 88' lang='lat' dir='ltr'><strong>divisi</strong></span> <span class='ocrx_word' id='word_1_88' title='bbox 1341 1563 1524 1617; x_wconf 90' lang='lat' dir='ltr'><strong>eadem</strong></span> <span class='ocrx_word' id='word_1_89' title='bbox 1570 1561 1967 1630; x_wconf 85' lang='lat' dir='ltr'><strong>scriptitarent,</strong></span> 
     </span>
    </p>
   </div>
   <div class='ocr_carea' id='block_1_14' title="bbox 384 1652 1972 1731">
    <p class='ocr_par' dir='ltr' id='par_1_14' title="bbox 384 1652 1972 1731">
     <span class='ocr_line' id='line_1_14' title="bbox 384 1652 1972 1731; baseline -0.009 -13"><span class='ocrx_word' id='word_1_90' title='bbox 384 1681 505 1721; x_wconf 83' lang='lat' dir='ltr'><strong>cum</strong></span> <span class='ocrx_word' id='word_1_91' title='bbox 539 1663 793 1717; x_wconf 63' lang='lat' dir='ltr'><strong>Aristarus</strong></span> <span class='ocrx_word' id='word_1_92' title='bbox 814 1703 829 1727; x_wconf 92' lang='lat'><strong>,</strong></span> <span class='ocrx_word' id='word_1_93' title='bbox 855 1660 1093 1731; x_wconf 81' lang='lat' dir='ltr'><strong>ejusdem</strong></span> <span class='ocrx_word' id='word_1_94' title='bbox 1120 1656 1403 1711; x_wconf 62' lang='lat' dir='ltr'><strong>Ptolomaei</strong></span> <span class='ocrx_word' id='word_1_95' title='bbox 1438 1652 1886 1727; x_wconf 79' lang='grc' dir='ltr'><strong>ὑπερασπιστὴς,</strong></span> <span class='ocrx_word' id='word_1_96' title='bbox 1919 1660 1972 1709; x_wconf 86' lang='lat' dir='ltr'><strong>et</strong></span> 
     </span>
    </p>
   </div>
   <div class='ocr_carea' id='block_1_15' title="bbox 384 1745 1968 1824">
    <p class='ocr_par' dir='ltr' id='par_1_15' title="bbox 384 1745 1968 1824">
     <span class='ocr_line' id='line_1_15' title="bbox 384 1745 1968 1824; baseline -0.009 -14"><span class='ocrx_word' id='word_1_97' title='bbox 384 1755 552 1810; x_wconf 80' lang='lat' dir='ltr'><strong>multo</strong></span> <span class='ocrx_word' id='word_1_98' title='bbox 584 1762 700 1824; x_wconf 88' lang='lat' dir='ltr'><strong>post</strong></span> <span class='ocrx_word' id='word_1_99' title='bbox 729 1764 959 1821; x_wconf 87' lang='lat' dir='ltr'><strong>tempore</strong></span> <span class='ocrx_word' id='word_1_100' title='bbox 987 1750 1249 1819; x_wconf 85' lang='lat' dir='ltr'><strong>Josephus</strong></span> <span class='ocrx_word' id='word_1_101' title='bbox 1272 1790 1288 1815; x_wconf 92' lang='lat'><strong>,</strong></span> <span class='ocrx_word' id='word_1_102' title='bbox 1329 1746 1461 1802; x_wconf 81' lang='lat' dir='ltr'><strong>nihil</strong></span> <span class='ocrx_word' id='word_1_103' title='bbox 1505 1746 1611 1801; x_wconf 88' lang='lat' dir='ltr'><strong>tale</strong></span> <span class='ocrx_word' id='word_1_104' title='bbox 1653 1745 1927 1799; x_wconf 81' lang='lat' dir='ltr'><strong>retulerint</strong></span> <span class='ocrx_word' id='word_1_105' title='bbox 1950 1759 1968 1796; x_wconf 91' lang='lat'><strong><em>:</em></strong></span> 
     </span>
    </p>
   </div>
   <div class='ocr_carea' id='block_1_16' title="bbox 385 1837 1968 1913">
    <p class='ocr_par' dir='ltr' id='par_1_16' title="bbox 385 1837 1968 1913">
     <span class='ocr_line' id='line_1_16' title="bbox 385 1837 1968 1913; baseline -0.009 -10"><span class='ocrx_word' id='word_1_106' title='bbox 385 1848 478 1903; x_wconf 85' lang='lat' dir='ltr'><strong>sed</strong></span> <span class='ocrx_word' id='word_1_107' title='bbox 504 1849 559 1901; x_wconf 90' lang='lat' dir='ltr'><strong>in</strong></span> <span class='ocrx_word' id='word_1_108' title='bbox 592 1864 697 1901; x_wconf 89' lang='lat' dir='ltr'><strong>una</strong></span> <span class='ocrx_word' id='word_1_109' title='bbox 729 1845 954 1901; x_wconf 85' lang='lat' dir='ltr'><strong>basilica</strong></span> <span class='ocrx_word' id='word_1_110' title='bbox 989 1851 1333 1913; x_wconf 89' lang='lat' dir='ltr'><strong>congregatos</strong></span> <span class='ocrx_word' id='word_1_111' title='bbox 1377 1838 1662 1899; x_wconf 76' lang='lat' dir='ltr'><strong>contulisse</strong></span> <span class='ocrx_word' id='word_1_112' title='bbox 1702 1837 1968 1903; x_wconf 76' lang='lat' dir='ltr'><strong>scribant,</strong></span> 
     </span>
    </p>
   </div>
   <div class='ocr_carea' id='block_1_17' title="bbox 386 1930 1967 2010">
    <p class='ocr_par' dir='ltr' id='par_1_17' title="bbox 386 1930 1967 2010">
     <span class='ocr_line' id='line_1_17' title="bbox 386 1930 1967 2010; baseline -0.009 -13"><span class='ocrx_word' id='word_1_113' title='bbox 386 1956 491 1997; x_wconf 81' lang='lat' dir='ltr'><strong>non</strong></span> <span class='ocrx_word' id='word_1_114' title='bbox 529 1939 889 2010; x_wconf 85' lang='lat' dir='ltr'><strong>prophetasse.</strong></span> <span class='ocrx_word' id='word_1_115' title='bbox 931 1935 1094 1990; x_wconf 80' lang='lat' dir='ltr'><strong>Aliud</strong></span> <span class='ocrx_word' id='word_1_116' title='bbox 1138 1944 1213 1989; x_wconf 87' lang='lat' dir='ltr'><strong>est</strong></span> <span class='ocrx_word' id='word_1_117' title='bbox 1257 1934 1395 1988; x_wconf 87' lang='lat' dir='ltr'><strong>enim</strong></span> <span class='ocrx_word' id='word_1_118' title='bbox 1432 1941 1634 1997; x_wconf 90' lang='lat' dir='ltr'><strong>vatem,</strong></span> <span class='ocrx_word' id='word_1_119' title='bbox 1680 1930 1832 1984; x_wconf 84' lang='lat' dir='ltr'><strong>aliud</strong></span> <span class='ocrx_word' id='word_1_120' title='bbox 1858 1945 1967 1983; x_wconf 88' lang='lat' dir='ltr'><strong>esse</strong></span> 
     </span>
    </p>
   </div>
   <div class='ocr_carea' id='block_1_18' title="bbox 385 2022 1968 2100">
    <p class='ocr_par' dir='ltr' id='par_1_18' title="bbox 385 2022 1968 2100">
     <span class='ocr_line' id='line_1_18' title="bbox 385 2022 1968 2100; baseline -0.007 -14"><span class='ocrx_word' id='word_1_121' title='bbox 385 2033 739 2100; x_wconf 73' lang='lat' dir='ltr'><strong>interpretem.</strong></span> <span class='ocrx_word' id='word_1_122' title='bbox 778 2028 864 2083; x_wconf 85' lang='lat' dir='ltr'><strong>Ibi</strong></span> <span class='ocrx_word' id='word_1_123' title='bbox 898 2026 1130 2098; x_wconf 83' lang='lat' dir='ltr'><strong>Spiritus</strong></span> <span class='ocrx_word' id='word_1_124' title='bbox 1162 2038 1380 2081; x_wconf 87' lang='lat' dir='ltr'><strong>ventura</strong></span> <span class='ocrx_word' id='word_1_125' title='bbox 1414 2024 1697 2094; x_wconf 68' lang='lat' dir='ltr'><strong>praedicit;</strong></span> <span class='ocrx_word' id='word_1_126' title='bbox 1734 2022 1819 2074; x_wconf 88' lang='lat' dir='ltr'><strong>hic</strong></span> <span class='ocrx_word' id='word_1_127' title='bbox 1844 2037 1968 2075; x_wconf 85' lang='lat' dir='ltr'><strong>eru-</strong></span> 
     </span>
    </p>
   </div>
   <div class='ocr_carea' id='block_1_19' title="bbox 385 2113 1963 2187">
    <p class='ocr_par' dir='ltr' id='par_1_19' title="bbox 385 2113 1963 2187">
     <span class='ocr_line' id='line_1_19' title="bbox 385 2113 1963 2187; baseline -0.006 -13"><span class='ocrx_word' id='word_1_128' title='bbox 385 2122 520 2175; x_wconf 83' lang='lat' dir='ltr'><strong>ditio</strong></span> <span class='ocrx_word' id='word_1_129' title='bbox 552 2129 601 2174; x_wconf 90' lang='lat' dir='ltr'><strong>et</strong></span> <span class='ocrx_word' id='word_1_130' title='bbox 641 2119 921 2174; x_wconf 86' lang='lat' dir='ltr'><strong>verborum</strong></span> <span class='ocrx_word' id='word_1_131' title='bbox 961 2118 1111 2187; x_wconf 79' lang='lat' dir='ltr'><strong>copia</strong></span> <span class='ocrx_word' id='word_1_132' title='bbox 1142 2134 1202 2171; x_wconf 80' lang='lat' dir='ltr'><strong>ea</strong></span> <span class='ocrx_word' id='word_1_133' title='bbox 1235 2132 1353 2186; x_wconf 77' lang='lat' dir='ltr'><strong>qua:</strong></span> <span class='ocrx_word' id='word_1_134' title='bbox 1392 2116 1643 2186; x_wconf 78' lang='lat' dir='ltr'><strong>intelligit</strong></span> <span class='ocrx_word' id='word_1_135' title='bbox 1691 2113 1963 2182; x_wconf 80' lang='lat' dir='ltr'><strong>transfert.</strong></span> 
     </span>
    </p>
   </div>
   <div class='ocr_carea' id='block_1_20' title="bbox 390 2202 1970 2275">
    <p class='ocr_par' dir='ltr' id='par_1_20' title="bbox 390 2202 1970 2275">
     <span class='ocr_line' id='line_1_20' title="bbox 390 2202 1970 2275; baseline -0.004 -14"><span class='ocrx_word' id='word_1_136' title='bbox 390 2205 514 2261; x_wconf 85' lang='lat' dir='ltr'><strong>Nisi</strong></span> <span class='ocrx_word' id='word_1_137' title='bbox 534 2205 670 2274; x_wconf 83' lang='lat' dir='ltr'><strong>forte</strong></span> <span class='ocrx_word' id='word_1_138' title='bbox 690 2207 957 2275; x_wconf 83' lang='lat' dir='ltr'><strong>putandus</strong></span> <span class='ocrx_word' id='word_1_139' title='bbox 985 2215 1061 2259; x_wconf 88' lang='lat' dir='ltr'><strong>est</strong></span> <span class='ocrx_word' id='word_1_140' title='bbox 1094 2204 1301 2260; x_wconf 83' lang='lat' dir='ltr'><strong>Tullius</strong></span> <span class='ocrx_word' id='word_1_141' title='bbox 1335 2202 1764 2259; x_wconf 85' lang='lat' dir='ltr'><strong>OEconomicum</strong></span> <span class='ocrx_word' id='word_1_142' title='bbox 1792 2202 1970 2256; x_wconf 82' lang='lat' dir='ltr'><strong>Xeno-</strong></span> 
     </span>
    </p>
   </div>
   <div class='ocr_carea' id='block_1_21' title="bbox 384 2294 1968 2366">
    <p class='ocr_par' dir='ltr' id='par_1_21' title="bbox 384 2294 1968 2366">
     <span class='ocr_line' id='line_1_21' title="bbox 384 2294 1968 2366; baseline 0 -18"><span class='ocrx_word' id='word_1_143' title='bbox 384 2296 598 2365; x_wconf 81' lang='lat' dir='ltr'><strong>phontis</strong></span> <span class='ocrx_word' id='word_1_144' title='bbox 625 2308 676 2351; x_wconf 86' lang='lat' dir='ltr'><strong>et</strong></span> <span class='ocrx_word' id='word_1_145' title='bbox 710 2297 957 2352; x_wconf 85' lang='lat' dir='ltr'><strong>Platonis</strong></span> <span class='ocrx_word' id='word_1_146' title='bbox 989 2297 1367 2366; x_wconf 75' lang='lat' dir='ltr'><strong>Protagoram,</strong></span> <span class='ocrx_word' id='word_1_147' title='bbox 1393 2305 1443 2350; x_wconf 89' lang='lat' dir='ltr'><strong>et</strong></span> <span class='ocrx_word' id='word_1_148' title='bbox 1472 2294 1836 2351; x_wconf 81' lang='lat' dir='ltr'><strong>Demosthenis</strong></span> <span class='ocrx_word' id='word_1_149' title='bbox 1868 2308 1968 2363; x_wconf 89' lang='lat' dir='ltr'><strong>pro</strong></span> 
     </span>
    </p>
   </div>
   <div class='ocr_carea' id='block_1_22' title="bbox 385 2388 1965 2460">
    <p class='ocr_par' dir='ltr' id='par_1_22' title="bbox 385 2388 1965 2460">
     <span class='ocr_line' id='line_1_22' title="bbox 385 2388 1965 2460; baseline 0.001 -17"><span class='ocrx_word' id='word_1_150' title='bbox 385 2388 772 2460; x_wconf 86' lang='lat' dir='ltr'><strong>Ctesiphonte,</strong></span> <span class='ocrx_word' id='word_1_151' title='bbox 826 2390 1032 2460; x_wconf 74' lang='lat' dir='ltr'><strong>afﬂatus</strong></span> <span class='ocrx_word' id='word_1_152' title='bbox 1077 2389 1339 2443; x_wconf 87' lang='lat' dir='ltr'><strong>rhetorico</strong></span> <span class='ocrx_word' id='word_1_153' title='bbox 1369 2389 1562 2458; x_wconf 88' lang='lat' dir='ltr'><strong>spiritu</strong></span> <span class='ocrx_word' id='word_1_154' title='bbox 1608 2388 1965 2444; x_wconf 82' lang='lat' dir='ltr'><strong>transtulisse.</strong></span> 
     </span>
    </p>
   </div>
   <div class='ocr_carea' id='block_1_23' title="bbox 385 2475 1971 2547">
    <p class='ocr_par' dir='ltr' id='par_1_23' title="bbox 385 2475 1971 2547">
     <span class='ocr_line' id='line_1_23' title="bbox 385 2475 1971 2547; baseline -0.003 -15"><span class='ocrx_word' id='word_1_155' title='bbox 385 2477 495 2532; x_wconf 79' lang='lat' dir='ltr'><strong>Aut</strong></span> <span class='ocrx_word' id='word_1_156' title='bbox 544 2479 701 2532; x_wconf 87' lang='lat' dir='ltr'><strong>aliter</strong></span> <span class='ocrx_word' id='word_1_157' title='bbox 748 2479 813 2532; x_wconf 89' lang='lat' dir='ltr'><strong>de</strong></span> <span class='ocrx_word' id='word_1_158' title='bbox 853 2480 1047 2533; x_wconf 86' lang='lat' dir='ltr'><strong>eisdem</strong></span> <span class='ocrx_word' id='word_1_159' title='bbox 1077 2477 1228 2531; x_wconf 86' lang='lat' dir='ltr'><strong>libris</strong></span> <span class='ocrx_word' id='word_1_160' title='bbox 1268 2493 1361 2546; x_wconf 89' lang='lat' dir='ltr'><strong>per</strong></span> <span class='ocrx_word' id='word_1_161' title='bbox 1407 2475 1777 2547; x_wconf 87' lang='lat' dir='ltr'><strong>Septuaginta,</strong></span> <span class='ocrx_word' id='word_1_162' title='bbox 1812 2475 1971 2530; x_wconf 89' lang='lat' dir='ltr'><strong>aliter</strong></span> 
     </span>
    </p>
   </div>
   <div class='ocr_carea' id='block_1_24' title="bbox 386 2569 1969 2641">
    <p class='ocr_par' dir='ltr' id='par_1_24' title="bbox 386 2569 1969 2641">
     <span class='ocr_line' id='line_1_24' title="bbox 386 2569 1969 2641; baseline -0.001 -18"><span class='ocrx_word' id='word_1_163' title='bbox 386 2586 479 2638; x_wconf 83' lang='lat' dir='ltr'><strong>per</strong></span> <span class='ocrx_word' id='word_1_164' title='bbox 507 2571 773 2640; x_wconf 85' lang='lat' dir='ltr'><strong>apostolos</strong></span> <span class='ocrx_word' id='word_1_165' title='bbox 806 2569 1042 2641; x_wconf 88' lang='lat' dir='ltr'><strong>Spiritus</strong></span> <span class='ocrx_word' id='word_1_166' title='bbox 1080 2579 1298 2625; x_wconf 86' lang='lat' dir='ltr'><strong>sanctus</strong></span> <span class='ocrx_word' id='word_1_167' title='bbox 1327 2570 1630 2624; x_wconf 87' lang='lat' dir='ltr'><strong>testimonia</strong></span> <span class='ocrx_word' id='word_1_168' title='bbox 1665 2569 1832 2622; x_wconf 75' lang='lat' dir='ltr'><strong>texuit</strong></span> <span class='ocrx_word' id='word_1_169' title='bbox 1858 2585 1879 2633; x_wconf 89' lang='lat'><strong><em>;</em></strong></span> <span class='ocrx_word' id='word_1_170' title='bbox 1911 2577 1969 2623; x_wconf 90' lang='lat' dir='ltr'><strong>ut</strong></span> 
     </span>
    </p>
   </div>
   <div class='ocr_carea' id='block_1_25' title="bbox 388 2660 1966 2731">
    <p class='ocr_par' dir='ltr' id='par_1_25' title="bbox 388 2660 1966 2731">
     <span class='ocr_line' id='line_1_25' title="bbox 388 2660 1966 2731; baseline -0.001 -16"><span class='ocrx_word' id='word_1_171' title='bbox 388 2663 531 2731; x_wconf 82' lang='lat' dir='ltr'><strong>quod</strong></span> <span class='ocrx_word' id='word_1_172' title='bbox 555 2662 638 2717; x_wconf 88' lang='lat' dir='ltr'><strong>illi</strong></span> <span class='ocrx_word' id='word_1_173' title='bbox 671 2673 983 2726; x_wconf 67' lang='lat' dir='ltr'><strong>tacuerunt,</strong></span> <span class='ocrx_word' id='word_1_174' title='bbox 1029 2662 1085 2715; x_wconf 89' lang='lat' dir='ltr'><strong>hi</strong></span> <span class='ocrx_word' id='word_1_175' title='bbox 1130 2662 1390 2721; x_wconf 81' lang='lat' dir='ltr'><strong>scriptum</strong></span> <span class='ocrx_word' id='word_1_176' title='bbox 1436 2677 1549 2715; x_wconf 90' lang='lat' dir='ltr'><strong>esse</strong></span> <span class='ocrx_word' id='word_1_177' title='bbox 1595 2661 1801 2714; x_wconf 88' lang='lat' dir='ltr'><strong>mentiti</strong></span> <span class='ocrx_word' id='word_1_178' title='bbox 1838 2660 1966 2714; x_wconf 87' lang='lat' dir='ltr'><strong>sint.</strong></span> 
     </span>
    </p>
   </div>
   <div class='ocr_carea' id='block_1_26' title="bbox 389 2754 1970 2829">
    <p class='ocr_par' dir='ltr' id='par_1_26' title="bbox 389 2754 1970 2829">
     <span class='ocr_line' id='line_1_26' title="bbox 389 2754 1970 2829; baseline -0.002 -17"><span class='ocrx_word' id='word_1_179' title='bbox 389 2755 522 2827; x_wconf 61' lang='lat' dir='ltr'><strong>Quae</strong></span> <span class='ocrx_word' id='word_1_180' title='bbox 551 2765 826 2827; x_wconf 85' lang='lat' dir='ltr'><strong>postrema</strong></span> <span class='ocrx_word' id='word_1_181' title='bbox 869 2756 1184 2829; x_wconf 80' lang='lat' dir='ltr'><strong>Hieronymi</strong></span> <span class='ocrx_word' id='word_1_182' title='bbox 1213 2756 1379 2810; x_wconf 86' lang='lat' dir='ltr'><strong>verba</strong></span> <span class='ocrx_word' id='word_1_183' title='bbox 1414 2764 1472 2809; x_wconf 93' lang='lat' dir='ltr'><strong>ut</strong></span> <span class='ocrx_word' id='word_1_184' title='bbox 1501 2754 1788 2824; x_wconf 82' lang='lat' dir='ltr'><strong>intelligas,</strong></span> <span class='ocrx_word' id='word_1_185' title='bbox 1828 2754 1970 2809; x_wconf 89' lang='lat' dir='ltr'><strong>scias</strong></span> 
     </span>
    </p>
   </div>
   <div class='ocr_carea' id='block_1_27' title="bbox 387 2845 1969 2921">
    <p class='ocr_par' dir='ltr' id='par_1_27' title="bbox 387 2845 1969 2921">
     <span class='ocr_line' id='line_1_27' title="bbox 387 2845 1969 2921; baseline -0.002 -16"><span class='ocrx_word' id='word_1_186' title='bbox 387 2858 602 2921; x_wconf 90' lang='lat' dir='ltr'><strong>oportet</strong></span> <span class='ocrx_word' id='word_1_187' title='bbox 647 2852 817 2907; x_wconf 90' lang='lat' dir='ltr'><strong>multa</strong></span> <span class='ocrx_word' id='word_1_188' title='bbox 863 2851 915 2906; x_wconf 91' lang='lat' dir='ltr'><strong>in</strong></span> <span class='ocrx_word' id='word_1_189' title='bbox 949 2850 1249 2920; x_wconf 84' lang='lat' dir='ltr'><strong>Scripturis</strong></span> <span class='ocrx_word' id='word_1_190' title='bbox 1296 2864 1418 2905; x_wconf 90' lang='lat' dir='ltr'><strong>esse</strong></span> <span class='ocrx_word' id='word_1_191' title='bbox 1455 2863 1579 2918; x_wconf 60' lang='lat' dir='ltr'><strong>quae</strong></span> <span class='ocrx_word' id='word_1_192' title='bbox 1620 2845 1762 2901; x_wconf 81' lang='lat' dir='ltr'><strong>LXX</strong></span> <span class='ocrx_word' id='word_1_193' title='bbox 1795 2848 1969 2902; x_wconf 83' lang='lat' dir='ltr'><strong>lnter-</strong></span> 
     </span>
    </p>
   </div>
   <div class='ocr_carea' id='block_1_28' title="bbox 388 2939 1968 3012">
    <p class='ocr_par' dir='ltr' id='par_1_28' title="bbox 388 2939 1968 3012">
     <span class='ocr_line' id='line_1_28' title="bbox 388 2939 1968 3012; baseline -0.003 -16"><span class='ocrx_word' id='word_1_194' title='bbox 388 2950 570 3010; x_wconf 90' lang='lat' dir='ltr'><strong>pretes</strong></span> <span class='ocrx_word' id='word_1_195' title='bbox 601 2943 687 2997; x_wconf 83' lang='lat' dir='ltr'><strong>vel</strong></span> <span class='ocrx_word' id='word_1_196' title='bbox 717 2941 1218 3012; x_wconf 78' lang='lat' dir='ltr'><strong>praetermiserant,</strong></span> <span class='ocrx_word' id='word_1_197' title='bbox 1252 2940 1336 2995; x_wconf 88' lang='lat' dir='ltr'><strong>vel</strong></span> <span class='ocrx_word' id='word_1_198' title='bbox 1371 2939 1621 2994; x_wconf 92' lang='lat' dir='ltr'><strong>consulto</strong></span> <span class='ocrx_word' id='word_1_199' title='bbox 1650 2947 1968 3003; x_wconf 89' lang='lat' dir='ltr'><strong>tacuerant,</strong></span> 
     </span>
    </p>
   </div>
   <div class='ocr_carea' id='block_1_29' title="bbox 393 3026 1969 3101">
    <p class='ocr_par' dir='ltr' id='par_1_29' title="bbox 393 3026 1969 3101">
     <span class='ocr_line' id='line_1_29' title="bbox 393 3026 1969 3101; baseline -0.003 -16"><span class='ocrx_word' id='word_1_200' title='bbox 393 3045 517 3099; x_wconf 73' lang='lat' dir='ltr'><strong>qua:</strong></span> <span class='ocrx_word' id='word_1_201' title='bbox 554 3031 625 3085; x_wconf 91' lang='lat' dir='ltr'><strong>ab</strong></span> <span class='ocrx_word' id='word_1_202' title='bbox 654 3031 1077 3101; x_wconf 78' lang='lat' dir='ltr'><strong>evangelistiset</strong></span> <span class='ocrx_word' id='word_1_203' title='bbox 1107 3029 1176 3083; x_wconf 90' lang='lat' dir='ltr'><strong>ab</strong></span> <span class='ocrx_word' id='word_1_204' title='bbox 1192 3029 1452 3100; x_wconf 83' lang='lat' dir='ltr'><strong>apostolis</strong></span> <span class='ocrx_word' id='word_1_205' title='bbox 1472 3026 1792 3082; x_wconf 79' lang='lat' dir='ltr'><strong>aﬂ‘eruntur.</strong></span> <span class='ocrx_word' id='word_1_206' title='bbox 1812 3026 1969 3094; x_wconf 85' lang='lat' dir='ltr'><strong>Quod</strong></span> 
     </span>
    </p>
   </div>
   <div class='ocr_carea' id='block_1_30' title="bbox 389 3115 1970 3188">
    <p class='ocr_par' dir='ltr' id='par_1_30' title="bbox 389 3115 1970 3188">
     <span class='ocr_line' id='line_1_30' title="bbox 389 3115 1970 3188; baseline -0.005 -11"><span class='ocrx_word' id='word_1_207' title='bbox 389 3120 582 3177; x_wconf 86' lang='lat' dir='ltr'><strong>eodem</strong></span> <span class='ocrx_word' id='word_1_208' title='bbox 632 3118 867 3188; x_wconf 84' lang='lat' dir='ltr'><strong>Prologo</strong></span> <span class='ocrx_word' id='word_1_209' title='bbox 910 3118 967 3173; x_wconf 90' lang='lat' dir='ltr'><strong>in</strong></span> <span class='ocrx_word' id='word_1_210' title='bbox 998 3118 1255 3172; x_wconf 87' lang='lat' dir='ltr'><strong>Genesim</strong></span> <span class='ocrx_word' id='word_1_211' title='bbox 1298 3117 1530 3172; x_wconf 89' lang='lat' dir='ltr'><strong>alIirmat</strong></span> <span class='ocrx_word' id='word_1_212' title='bbox 1571 3115 1970 3187; x_wconf 83' lang='lat' dir='ltr'><strong>Hieronymus,</strong></span> 
     </span>
    </p>
   </div>
   <div class='ocr_carea' id='block_1_31' title="bbox 387 3205 1967 3281">
    <p class='ocr_par' dir='ltr' id='par_1_31' title="bbox 387 3205 1967 3281">
     <span class='ocr_line' id='line_1_31' title="bbox 387 3205 1967 3281; baseline -0.005 -14"><span class='ocrx_word' id='word_1_213' title='bbox 387 3220 446 3267; x_wconf 87' lang='lat' dir='ltr'><strong>et</strong></span> <span class='ocrx_word' id='word_1_214' title='bbox 467 3210 673 3281; x_wconf 89' lang='lat' dir='ltr'><strong>passim</strong></span> <span class='ocrx_word' id='word_1_215' title='bbox 694 3210 748 3263; x_wconf 90' lang='lat' dir='ltr'><strong>in</strong></span> <span class='ocrx_word' id='word_1_216' title='bbox 766 3208 1211 3274; x_wconf 84' lang='lat' dir='ltr'><strong>Commentariis,</strong></span> <span class='ocrx_word' id='word_1_217' title='bbox 1226 3208 1572 3277; x_wconf 74' lang='lat' dir='ltr'><strong>maximeque</strong></span> <span class='ocrx_word' id='word_1_218' title='bbox 1590 3209 1644 3261; x_wconf 89' lang='lat' dir='ltr'><strong>in</strong></span> <span class='ocrx_word' id='word_1_219' title='bbox 1659 3205 1967 3261; x_wconf 78' lang='lat' dir='ltr'><strong>Jeremtam.</strong></span> 
     </span>
    </p>
   </div>
   <div class='ocr_carea' id='block_1_32' title="bbox 392 3298 1975 3371">
    <p class='ocr_par' dir='ltr' id='par_1_32' title="bbox 392 3298 1975 3371">
     <span class='ocr_line' id='line_1_32' title="bbox 392 3298 1975 3371; baseline -0.003 -12"><span class='ocrx_word' id='word_1_220' title='bbox 392 3302 736 3359; x_wconf 86' lang='lat' dir='ltr'><strong>Sententiam</strong></span> <span class='ocrx_word' id='word_1_221' title='bbox 768 3315 933 3370; x_wconf 86' lang='lat' dir='ltr'><strong>porro</strong></span> <span class='ocrx_word' id='word_1_222' title='bbox 961 3298 1277 3369; x_wconf 85' lang='lat' dir='ltr'><strong>Hieronymi</strong></span> <span class='ocrx_word' id='word_1_223' title='bbox 1303 3299 1709 3369; x_wconf 89' lang='lat' dir='ltr'><strong>amplectuntur</strong></span> <span class='ocrx_word' id='word_1_224' title='bbox 1730 3299 1975 3371; x_wconf 87' lang='lat' dir='ltr'><strong>plerique</strong></span> 
     </span>
    </p>
   </div>
   <div class='ocr_carea' id='block_1_33' title="bbox 396 3390 1974 3460">
    <p class='ocr_par' dir='ltr' id='par_1_33' title="bbox 396 3390 1974 3460">
     <span class='ocr_line' id='line_1_33' title="bbox 396 3390 1974 3460; baseline -0.003 -12"><span class='ocrx_word' id='word_1_225' title='bbox 396 3408 590 3448; x_wconf 91' lang='lat' dir='ltr'><strong>omnes</strong></span> <span class='ocrx_word' id='word_1_226' title='bbox 631 3391 881 3446; x_wconf 88' lang='lat' dir='ltr'><strong>hodierni</strong></span> <span class='ocrx_word' id='word_1_227' title='bbox 923 3391 1121 3446; x_wconf 85' lang='lat' dir='ltr'><strong>eruditi</strong></span> <span class='ocrx_word' id='word_1_228' title='bbox 1162 3390 1305 3455; x_wconf 82' lang='lat' dir='ltr'><strong>viri;</strong></span> <span class='ocrx_word' id='word_1_229' title='bbox 1337 3399 1391 3445; x_wconf 91' lang='lat' dir='ltr'><strong>et</strong></span> <span class='ocrx_word' id='word_1_230' title='bbox 1434 3398 1626 3460; x_wconf 90' lang='lat' dir='ltr'><strong>putant</strong></span> <span class='ocrx_word' id='word_1_231' title='bbox 1655 3391 1974 3445; x_wconf 84' lang='lat' dir='ltr'><strong>cellularum</strong></span> 
     </span>
    </p>
   </div>
   <div class='ocr_carea' id='block_1_34' title="bbox 393 3480 1976 3552">
    <p class='ocr_par' dir='ltr' id='par_1_34' title="bbox 393 3480 1976 3552">
     <span class='ocr_line' id='line_1_34' title="bbox 393 3480 1976 3552; baseline -0.002 -13"><span class='ocrx_word' id='word_1_232' title='bbox 393 3483 706 3549; x_wconf 87' lang='lat' dir='ltr'><strong>historiam,</strong></span> <span class='ocrx_word' id='word_1_233' title='bbox 741 3482 1165 3552; x_wconf 88' lang='lat' dir='ltr'><strong>mirabilemque</strong></span> <span class='ocrx_word' id='word_1_234' title='bbox 1192 3482 1345 3536; x_wconf 89' lang='lat' dir='ltr'><strong>illum</strong></span> <span class='ocrx_word' id='word_1_235' title='bbox 1372 3497 1726 3550; x_wconf 81' lang='lat' dir='ltr'><strong>consensum,</strong></span> <span class='ocrx_word' id='word_1_236' title='bbox 1761 3497 1825 3537; x_wconf 87' lang='lat' dir='ltr'><strong>ac</strong></span> <span class='ocrx_word' id='word_1_237' title='bbox 1855 3480 1976 3551; x_wconf 84' lang='lat' dir='ltr'><strong>Spi-</strong></span> 
     </span>
    </p>
   </div>
   <div class='ocr_carea' id='block_1_35' title="bbox 396 3570 1974 3641">
    <p class='ocr_par' dir='ltr' id='par_1_35' title="bbox 396 3570 1974 3641">
     <span class='ocr_line' id='line_1_35' title="bbox 396 3570 1974 3641; baseline -0.003 -12"><span class='ocrx_word' id='word_1_238' title='bbox 396 3574 535 3630; x_wconf 91' lang='lat' dir='ltr'><strong>ritus</strong></span> <span class='ocrx_word' id='word_1_239' title='bbox 590 3573 768 3631; x_wconf 85' lang='lat' dir='ltr'><strong>sancti</strong></span> <span class='ocrx_word' id='word_1_240' title='bbox 821 3572 1102 3639; x_wconf 79' lang='lat' dir='ltr'><strong>aﬂlatum,</strong></span> <span class='ocrx_word' id='word_1_241' title='bbox 1166 3571 1392 3626; x_wconf 89' lang='lat' dir='ltr'><strong>omnino</strong></span> <span class='ocrx_word' id='word_1_242' title='bbox 1440 3570 1788 3641; x_wconf 86' lang='lat' dir='ltr'><strong>supposititia</strong></span> <span class='ocrx_word' id='word_1_243' title='bbox 1832 3585 1974 3639; x_wconf 81' lang='lat' dir='ltr'><strong>esse.</strong></span> 
     </span>
    </p>
   </div>
   <div class='ocr_carea' id='block_1_36' title="bbox 397 3660 1981 3735">
    <p class='ocr_par' dir='ltr' id='par_1_36' title="bbox 397 3660 1981 3735">
     <span class='ocr_line' id='line_1_36' title="bbox 397 3660 1981 3735; baseline -0.005 -14"><span class='ocrx_word' id='word_1_244' title='bbox 397 3666 555 3721; x_wconf 90' lang='lat' dir='ltr'><strong>Certe</strong></span> <span class='ocrx_word' id='word_1_245' title='bbox 590 3663 841 3720; x_wconf 76' lang='lat' dir='ltr'><strong>Justinus</strong></span> <span class='ocrx_word' id='word_1_246' title='bbox 876 3663 1080 3735; x_wconf 84' lang='lat' dir='ltr'><strong>Martyr</strong></span> <span class='ocrx_word' id='word_1_247' title='bbox 1107 3703 1122 3727; x_wconf 93' lang='lat'><strong>,</strong></span> <span class='ocrx_word' id='word_1_248' title='bbox 1153 3662 1248 3733; x_wconf 89' lang='lat' dir='ltr'><strong>qui</strong></span> <span class='ocrx_word' id='word_1_249' title='bbox 1287 3662 1501 3732; x_wconf 87' lang='lat' dir='ltr'><strong>primus</strong></span> <span class='ocrx_word' id='word_1_250' title='bbox 1530 3660 1850 3716; x_wconf 88' lang='lat' dir='ltr'><strong>cellularum</strong></span> <span class='ocrx_word' id='word_1_251' title='bbox 1873 3701 1888 3727; x_wconf 95' lang='lat'><strong>,</strong></span> <span class='ocrx_word' id='word_1_252' title='bbox 1925 3667 1981 3714; x_wconf 90' lang='lat' dir='ltr'><strong>et</strong></span> 
     </span>
    </p>
   </div>
   <div class='ocr_carea' id='block_1_37' title="bbox 402 3751 1980 3815">
    <p class='ocr_par' dir='ltr' id='par_1_37' title="bbox 402 3751 1980 3815">
     <span class='ocr_line' id='line_1_37' title="bbox 402 3751 1980 3815; baseline -0.005 -3"><span class='ocrx_word' id='word_1_253' title='bbox 402 3756 670 3812; x_wconf 86' lang='lat' dir='ltr'><strong>mirabilis</strong></span> <span class='ocrx_word' id='word_1_254' title='bbox 698 3753 904 3811; x_wconf 89' lang='lat' dir='ltr'><strong>Senum</strong></span> <span class='ocrx_word' id='word_1_255' title='bbox 934 3768 1239 3810; x_wconf 88' lang='lat' dir='ltr'><strong>consensus</strong></span> <span class='ocrx_word' id='word_1_256' title='bbox 1268 3752 1556 3807; x_wconf 86' lang='lat' dir='ltr'><strong>historiam</strong></span> <span class='ocrx_word' id='word_1_257' title='bbox 1592 3751 1800 3815; x_wconf 83' lang='lat' dir='ltr'><strong>texuit,</strong></span> <span class='ocrx_word' id='word_1_258' title='bbox 1830 3751 1884 3805; x_wconf 90' lang='lat' dir='ltr'><strong>id</strong></span> <span class='ocrx_word' id='word_1_259' title='bbox 1912 3763 1980 3805; x_wconf 77' lang='lat' dir='ltr'><strong>ex</strong></span> 
     </span>
    </p>
   </div>
   <div class='ocr_carea' id='block_1_38' title="bbox 399 3842 1982 3918">
    <p class='ocr_par' dir='ltr' id='par_1_38' title="bbox 399 3842 1982 3918">
     <span class='ocr_line' id='line_1_38' title="bbox 399 3842 1982 3918; baseline -0.005 -15"><span class='ocrx_word' id='word_1_260' title='bbox 399 3864 622 3904; x_wconf 90' lang='lat' dir='ltr'><strong>rumore</strong></span> <span class='ocrx_word' id='word_1_261' title='bbox 642 3848 790 3918; x_wconf 81' lang='lat' dir='ltr'><strong>vulgi</strong></span> <span class='ocrx_word' id='word_1_262' title='bbox 817 3854 1123 3917; x_wconf 87' lang='lat' dir='ltr'><strong>acceperat,</strong></span> <span class='ocrx_word' id='word_1_263' title='bbox 1157 3854 1219 3900; x_wconf 91' lang='lat' dir='ltr'><strong>ut</strong></span> <span class='ocrx_word' id='word_1_264' title='bbox 1246 3845 1364 3915; x_wconf 90' lang='lat' dir='ltr'><strong>ipse</strong></span> <span class='ocrx_word' id='word_1_265' title='bbox 1391 3844 1680 3915; x_wconf 79' lang='lat' dir='ltr'><strong>proﬁtetur</strong></span> <span class='ocrx_word' id='word_1_266' title='bbox 1705 3844 1758 3896; x_wconf 92' lang='lat' dir='ltr'><strong>in</strong></span> <span class='ocrx_word' id='word_1_267' title='bbox 1788 3842 1982 3896; x_wconf 77' lang='lat' dir='ltr'><strong>Admo-</strong></span> 
     </span>
    </p>
   </div>
   <div class='ocr_carea' id='block_1_39' title="bbox 400 3933 1981 4006">
    <p class='ocr_par' dir='ltr' id='par_1_39' title="bbox 400 3933 1981 4006">
     <span class='ocr_line' id='line_1_39' title="bbox 400 3933 1981 4006; baseline -0.007 -10"><span class='ocrx_word' id='word_1_268' title='bbox 400 3942 596 3996; x_wconf 77' lang='lat' dir='ltr'><strong>nitione</strong></span> <span class='ocrx_word' id='word_1_269' title='bbox 624 3942 693 3995; x_wconf 87' lang='lat' dir='ltr'><strong>ad</strong></span> <span class='ocrx_word' id='word_1_270' title='bbox 729 3940 939 3995; x_wconf 65' lang='lat' dir='ltr'><strong>Graecos</strong></span> <span class='ocrx_word' id='word_1_271' title='bbox 963 3953 982 3992; x_wconf 90' lang='lat'><strong><em>:</em></strong></span> <span class='ocrx_word' id='word_1_272' title='bbox 1014 3938 1177 3990; x_wconf 74' lang='grc' dir='ltr'>Αὐτοὶ</span> <span class='ocrx_word' id='word_1_273' title='bbox 1207 3938 1265 3989; x_wconf 83' lang='grc' dir='ltr'>ὲν</span> <span class='ocrx_word' id='word_1_274' title='bbox 1299 3938 1365 4006; x_wconf 78' lang='grc' dir='ltr'><strong>τῇ</strong></span> <span class='ocrx_word' id='word_1_275' title='bbox 1397 3933 1792 4005; x_wconf 62' lang='grc' dir='ltr'>,Ἀλεξανδρείᾳ</span> <span class='ocrx_word' id='word_1_276' title='bbox 1826 3933 1981 4002; x_wconf 82' lang='grc' dir='ltr'>γενό-</span> 
     </span>
    </p>
   </div>
   <div class='ocr_carea' id='block_1_40' title="bbox 401 4025 1982 4104">
    <p class='ocr_par' dir='ltr' id='par_1_40' title="bbox 401 4025 1982 4104">
     <span class='ocr_line' id='line_1_40' title="bbox 401 4025 1982 4104; baseline -0.006 -18"><span class='ocrx_word' id='word_1_277' title='bbox 401 4048 574 4104; x_wconf 75' lang='grc' dir='ltr'>μενοι,</span> <span class='ocrx_word' id='word_1_278' title='bbox 606 4032 702 4084; x_wconf 74' lang='grc' dir='ltr'>καὶ</span> <span class='ocrx_word' id='word_1_279' title='bbox 721 4029 788 4084; x_wconf 78' lang='grc' dir='ltr'><strong>τὰ</strong></span> <span class='ocrx_word' id='word_1_280' title='bbox 815 4029 935 4102; x_wconf 77' lang='grc' dir='ltr'>ἴχνη</span> <span class='ocrx_word' id='word_1_281' title='bbox 969 4028 1079 4083; x_wconf 82' lang='grc' dir='ltr'>τῶν</span> <span class='ocrx_word' id='word_1_282' title='bbox 1119 4028 1380 4081; x_wconf 75' lang='grc' dir='ltr'>οἰκί’σκων</span> <span class='ocrx_word' id='word_1_283' title='bbox 1419 4026 1478 4080; x_wconf 82' lang='grc' dir='ltr'>ὲν</span> <span class='ocrx_word' id='word_1_284' title='bbox 1502 4029 1569 4097; x_wconf 82' lang='grc' dir='ltr'><strong>τῇ</strong></span> <span class='ocrx_word' id='word_1_285' title='bbox 1612 4025 1776 4096; x_wconf 84' lang='grc' dir='ltr'><strong>Φάρῳ</strong></span> <span class='ocrx_word' id='word_1_286' title='bbox 1807 4025 1982 4097; x_wconf 80' lang='grc' dir='ltr'>ἑωρα-</span> 
     </span>
    </p>
   </div>
   <div class='ocr_carea' id='block_1_41' title="bbox 399 4117 1982 4194">
    <p class='ocr_par' dir='ltr' id='par_1_41' title="bbox 399 4117 1982 4194">
     <span class='ocr_line' id='line_1_41' title="bbox 399 4117 1982 4194; baseline -0.005 -16"><span class='ocrx_word' id='word_1_287' title='bbox 399 4122 556 4188; x_wconf 76' lang='grc' dir='ltr'><strong>κότες</strong></span> <span class='ocrx_word' id='word_1_288' title='bbox 573 4121 653 4176; x_wconf 73' lang='grc' dir='ltr'><strong>ἔτι</strong></span> <span class='ocrx_word' id='word_1_289' title='bbox 676 4121 978 4194; x_wconf 77' lang='grc' dir='ltr'>σωζόμενα,</span> <span class='ocrx_word' id='word_1_290' title='bbox 1011 4122 1106 4174; x_wconf 61' lang='grc' dir='ltr'><strong>καὶ⁹</strong></span> <span class='ocrx_word' id='word_1_291' title='bbox 1128 4120 1282 4192; x_wconf 84' lang='grc' dir='ltr'>παρὰ</span> <span class='ocrx_word' id='word_1_292' title='bbox 1300 4119 1408 4175; x_wconf 79' lang='grc' dir='ltr'><strong>τῶν</strong></span> <span class='ocrx_word' id='word_1_293' title='bbox 1429 4121 1564 4184; x_wconf 76' lang='grc' dir='ltr'>ἐκεῖ,</span> <span class='ocrx_word' id='word_1_294' title='bbox 1585 4117 1661 4182; x_wconf 82' lang='grc' dir='ltr'><strong>ὡς</strong></span> <span class='ocrx_word' id='word_1_295' title='bbox 1685 4119 1755 4171; x_wconf 79' lang='grc' dir='ltr'><strong>τὰ</strong></span> <span class='ocrx_word' id='word_1_296' title='bbox 1777 4119 1982 4189; x_wconf 76' lang='grc' dir='ltr'>πάτρια</span> 
     </span>
    </p>
   </div>
   <div class='ocr_carea' id='block_1_42' title="bbox 361 4208 1984 4285">
    <p class='ocr_par' dir='ltr' id='par_1_42' title="bbox 361 4208 1984 4285">
     <span class='ocr_line' id='line_1_42' title="bbox 361 4208 1984 4285; baseline -0.003 -18"><span class='ocrx_word' id='word_1_297' title='bbox 361 4248 371 4255; x_wconf 90' lang='grc'><strong><em>-</em></strong></span> <span class='ocrx_word' id='word_1_298' title='bbox 400 4212 837 4285; x_wconf 77' lang='grc' dir='ltr'><strong>παρειληφότων,</strong></span> <span class='ocrx_word' id='word_1_299' title='bbox 874 4212 1172 4284; x_wconf 83' lang='grc' dir='ltr'>ἀκηκοότες</span> <span class='ocrx_word' id='word_1_300' title='bbox 1192 4251 1207 4275; x_wconf 94' lang='grc'><strong>,</strong></span> <span class='ocrx_word' id='word_1_301' title='bbox 1242 4210 1416 4264; x_wconf 74' lang='grc' dir='ltr'>ταῦτα</span> <span class='ocrx_word' id='word_1_302' title='bbox 1459 4208 1876 4281; x_wconf 81' lang='grc' dir='ltr'><strong>ἀπαγγέλλομεν</strong></span> <span class='ocrx_word' id='word_1_303' title='bbox 1898 4224 1915 4240; x_wconf 79' lang='grc' dir='ltr'><strong>ο</strong></span> <span class='ocrx_word' id='word_1_304' title='bbox 1946 4208 1984 4262; x_wconf 79' lang='grc' dir='ltr'><strong>ἃ.</strong></span> 
     </span>
    </p>
   </div>
   <div class='ocr_carea' id='block_1_43' title="bbox 398 4300 1985 4376">
    <p class='ocr_par' dir='ltr' id='par_1_43' title="bbox 398 4300 1985 4376">
     <span class='ocr_line' id='line_1_43' title="bbox 398 4300 1985 4376; baseline -0.002 -17"><span class='ocrx_word' id='word_1_305' title='bbox 398 4306 494 4360; x_wconf 78' lang='grc' dir='ltr'>καὶ</span> <span class='ocrx_word' id='word_1_306' title='bbox 523 4305 655 4376; x_wconf 85' lang='grc' dir='ltr'>παρ’</span> <span class='ocrx_word' id='word_1_307' title='bbox 670 4303 872 4375; x_wconf 79' lang='grc' dir='ltr'>ἑτέρων</span> <span class='ocrx_word' id='word_1_308' title='bbox 902 4302 1109 4372; x_wconf 74' lang='grc' dir='ltr'>ἔξεστιν</span> <span class='ocrx_word' id='word_1_309' title='bbox 1130 4305 1257 4375; x_wconf 71' lang='grc' dir='ltr'>ὑμῖν</span> <span class='ocrx_word' id='word_1_310' title='bbox 1275 4302 1589 4374; x_wconf 78' lang='grc' dir='ltr'><strong>μανθάνειν,</strong></span> <span class='ocrx_word' id='word_1_311' title='bbox 1624 4302 1718 4355; x_wconf 75' lang='grc' dir='ltr'>καὶ</span> <span class='ocrx_word' id='word_1_312' title='bbox 1749 4300 1985 4372; x_wconf 75' lang='grc' dir='ltr'>μάλιστα</span> 
     </span>
    </p>
   </div>
   <div class='ocr_carea' id='block_1_44' title="bbox 400 4393 1984 4470">
    <p class='ocr_par' dir='ltr' id='par_1_44' title="bbox 400 4393 1984 4470">
     <span class='ocr_line' id='line_1_44' title="bbox 400 4393 1984 4470; baseline -0.003 -20"><span class='ocrx_word' id='word_1_313' title='bbox 400 4397 532 4470; x_wconf 81' lang='grc' dir='ltr'>παρ’</span> <span class='ocrx_word' id='word_1_314' title='bbox 567 4396 747 4452; x_wconf 84' lang='grc' dir='ltr'>αὐτῶν</span> <span class='ocrx_word' id='word_1_315' title='bbox 788 4397 897 4452; x_wconf 80' lang='grc' dir='ltr'><strong>τῶν</strong></span> <span class='ocrx_word' id='word_1_316' title='bbox 941 4397 1069 4468; x_wconf 76' lang='grc' dir='ltr'>περὶ</span> <span class='ocrx_word' id='word_1_317' title='bbox 1112 4395 1319 4450; x_wconf 80' lang='grc' dir='ltr'>τούτων</span> <span class='ocrx_word' id='word_1_318' title='bbox 1367 4393 1766 4466; x_wconf 79' lang='grc' dir='ltr'>ἱστορησάντων</span> <span class='ocrx_word' id='word_1_319' title='bbox 1804 4393 1984 4462; x_wconf 78' lang='grc' dir='ltr'>σοφῶν</span> 
     </span>
    </p>
   </div>
   <div class='ocr_carea' id='block_1_45' title="bbox 401 4485 1981 4560">
    <p class='ocr_par' dir='ltr' id='par_1_45' title="bbox 401 4485 1981 4560">
     <span class='ocr_line' id='line_1_45' title="bbox 401 4485 1981 4560; baseline -0.005 -15"><span class='ocrx_word' id='word_1_320' title='bbox 401 4491 495 4545; x_wconf 77' lang='grc' dir='ltr'><strong>καὶ</strong></span> <span class='ocrx_word' id='word_1_321' title='bbox 524 4489 764 4560; x_wconf 83' lang='grc' dir='ltr'>δοκίμων</span> <span class='ocrx_word' id='word_1_322' title='bbox 783 4489 1015 4560; x_wconf 79' lang='grc' dir='ltr'>ἀνδρῶν,</span> <span class='ocrx_word' id='word_1_323' title='bbox 1045 4487 1278 4551; x_wconf 56' lang='lat' dir='ltr'><strong>Mla)qu</strong></span> <span class='ocrx_word' id='word_1_324' title='bbox 1307 4503 1390 4553; x_wconf 79' lang='grc' dir='ltr'>τε,</span> <span class='ocrx_word' id='word_1_325' title='bbox 1438 4487 1703 4556; x_wconf 85' lang='grc' dir='ltr'><strong>Ἰωσήπου</strong></span> <span class='ocrx_word' id='word_1_326' title='bbox 1736 4486 1831 4539; x_wconf 75' lang='grc' dir='ltr'><strong>καὶ</strong></span> <span class='ocrx_word' id='word_1_327' title='bbox 1863 4485 1981 4538; x_wconf 83' lang='grc' dir='ltr'><strong>ὲτέ-</strong></span> 
     </span>
    </p>
   </div>
   <div class='ocr_carea' id='block_1_46' title="bbox 2069 615 3648 701">
    <p class='ocr_par' dir='ltr' id='par_1_46' title="bbox 2069 615 3648 701">
     <span class='ocr_line' id='line_1_46' title="bbox 2069 615 3648 701; baseline -0.011 -14"><span class='ocrx_word' id='word_1_328' title='bbox 2069 648 2216 687; x_wconf 83' lang='lat' dir='ltr'><strong>Inum</strong></span> <span class='ocrx_word' id='word_1_329' title='bbox 2239 631 2458 701; x_wconf 89' lang='lat' dir='ltr'><strong>quidem</strong></span> <span class='ocrx_word' id='word_1_330' title='bbox 2482 642 2715 683; x_wconf 85' lang='lat' dir='ltr'><strong>examen</strong></span> <span class='ocrx_word' id='word_1_331' title='bbox 2740 624 2999 679; x_wconf 89' lang='lat' dir='ltr'><strong>habuisse</strong></span> <span class='ocrx_word' id='word_1_332' title='bbox 3016 623 3287 677; x_wconf 81' lang='lat' dir='ltr'><strong>videntur.</strong></span> <span class='ocrx_word' id='word_1_333' title='bbox 3307 615 3648 687; x_wconf 86' lang='lat' dir='ltr'><strong>Epiphanius</strong></span> 
     </span>
    </p>
   </div>
   <div class='ocr_carea' id='block_1_47' title="bbox 2062 708 3660 792">
    <p class='ocr_par' dir='ltr' id='par_1_47' title="bbox 2062 708 3660 792">
     <span class='ocr_line' id='line_1_47' title="bbox 2062 708 3660 792; baseline -0.013 -14"><span class='ocrx_word' id='word_1_334' title='bbox 2062 740 2194 780; x_wconf 90' lang='lat' dir='ltr'><strong>vero</strong></span> <span class='ocrx_word' id='word_1_335' title='bbox 2240 723 2335 792; x_wconf 93' lang='lat' dir='ltr'><strong>qui</strong></span> <span class='ocrx_word' id='word_1_336' title='bbox 2388 719 2589 776; x_wconf 80' lang='lat' dir='ltr'><strong>Justini</strong></span> <span class='ocrx_word' id='word_1_337' title='bbox 2644 716 3015 771; x_wconf 86' lang='lat' dir='ltr'><strong>narrationem</strong></span> <span class='ocrx_word' id='word_1_338' title='bbox 3069 714 3125 766; x_wconf 93' lang='lat' dir='ltr'><strong>in</strong></span> <span class='ocrx_word' id='word_1_339' title='bbox 3176 710 3364 765; x_wconf 89' lang='lat' dir='ltr'><strong>multis</strong></span> <span class='ocrx_word' id='word_1_340' title='bbox 3416 716 3567 762; x_wconf 88' lang='lat' dir='ltr'><strong>muta</strong></span> <span class='ocrx_word' id='word_1_341' title='bbox 3587 708 3660 759; x_wconf 82' lang='lat' dir='ltr'><strong>vit</strong></span> 
     </span>
    </p>
   </div>
   <div class='ocr_carea' id='block_1_48' title="bbox 2062 804 3660 888">
    <p class='ocr_par' dir='ltr' id='par_1_48' title="bbox 2062 804 3660 888">
     <span class='ocr_line' id='line_1_48' title="bbox 2062 804 3660 888; baseline -0.013 -16"><span class='ocrx_word' id='word_1_342' title='bbox 2062 817 2409 888; x_wconf 88' lang='lat' dir='ltr'><strong>plurimaque</strong></span> <span class='ocrx_word' id='word_1_343' title='bbox 2437 812 2657 883; x_wconf 84' lang='lat' dir='ltr'><strong>adjecit.</strong></span> <span class='ocrx_word' id='word_1_344' title='bbox 2684 826 2749 864; x_wconf 91' lang='lat' dir='ltr'><strong>ex</strong></span> <span class='ocrx_word' id='word_1_345' title='bbox 2783 808 2903 864; x_wconf 85' lang='lat' dir='ltr'><strong>aliis</strong></span> <span class='ocrx_word' id='word_1_346' title='bbox 2937 804 3334 860; x_wconf 82' lang='lat' dir='ltr'><strong>fabulatoribus</strong></span> <span class='ocrx_word' id='word_1_347' title='bbox 3366 810 3660 855; x_wconf 84' lang='lat' dir='ltr'><strong>mutuatus</strong></span> 
     </span>
    </p>
   </div>
   <div class='ocr_carea' id='block_1_49' title="bbox 2062 892 3651 979">
    <p class='ocr_par' dir='ltr' id='par_1_49' title="bbox 2062 892 3651 979">
     <span class='ocr_line' id='line_1_49' title="bbox 2062 892 3651 979; baseline -0.012 -17"><span class='ocrx_word' id='word_1_348' title='bbox 2062 916 2307 979; x_wconf 81' lang='lat' dir='ltr'><strong>putatur.</strong></span> <span class='ocrx_word' id='word_1_349' title='bbox 2338 905 2482 960; x_wconf 87' lang='lat' dir='ltr'><strong>Sane</strong></span> <span class='ocrx_word' id='word_1_350' title='bbox 2514 900 2893 979; x_wconf 76' lang='lat' dir='ltr'><strong>primigeniam</strong></span> <span class='ocrx_word' id='word_1_351' title='bbox 2930 898 3159 951; x_wconf 58' lang='lat' dir='ltr'><strong>Aristeas</strong></span> <span class='ocrx_word' id='word_1_352' title='bbox 3198 892 3484 949; x_wconf 87' lang='lat' dir='ltr'><strong>historiam</strong></span> <span class='ocrx_word' id='word_1_353' title='bbox 3525 904 3651 945; x_wconf 86' lang='lat' dir='ltr'><strong>eam</strong></span> 
     </span>
    </p>
   </div>
   <div class='ocr_carea' id='block_1_50' title="bbox 2064 974 3652 1069">
    <p class='ocr_par' dir='ltr' id='par_1_50' title="bbox 2064 974 3652 1069">
     <span class='ocr_line' id='line_1_50' title="bbox 2064 974 3652 1069; baseline -0.011 -15"><span class='ocrx_word' id='word_1_354' title='bbox 2064 974 2186 1056; x_wconf 76' lang='lat' dir='ltr'><strong>esse</strong></span> <span class='ocrx_word' id='word_1_355' title='bbox 2218 1016 2340 1069; x_wconf 84' lang='lat' dir='ltr'><strong>quae</strong></span> <span class='ocrx_word' id='word_1_356' title='bbox 2365 997 2525 1052; x_wconf 86' lang='lat' dir='ltr'><strong>hodie</strong></span> <span class='ocrx_word' id='word_1_357' title='bbox 2550 997 2603 1049; x_wconf 90' lang='lat' dir='ltr'><strong>in</strong></span> <span class='ocrx_word' id='word_1_358' title='bbox 2628 974 2975 1048; x_wconf 73' lang='lat' dir='ltr'><strong>bibliothecis</strong></span> <span class='ocrx_word' id='word_1_359' title='bbox 3002 988 3207 1045; x_wconf 83' lang='lat' dir='ltr'><strong>nostris</strong></span> <span class='ocrx_word' id='word_1_360' title='bbox 3231 994 3428 1051; x_wconf 90' lang='lat' dir='ltr'><strong>exstat,</strong></span> <span class='ocrx_word' id='word_1_361' title='bbox 3455 982 3652 1039; x_wconf 89' lang='lat' dir='ltr'><strong>suadet</strong></span> 
     </span>
    </p>
   </div>
   <div class='ocr_carea' id='block_1_51' title="bbox 2065 1073 3651 1161">
    <p class='ocr_par' dir='ltr' id='par_1_51' title="bbox 2065 1073 3651 1161">
     <span class='ocr_line' id='line_1_51' title="bbox 2065 1073 3651 1161; baseline -0.011 -15"><span class='ocrx_word' id='word_1_362' title='bbox 2065 1091 2375 1161; x_wconf 75' lang='lat' dir='ltr'><strong>Josepbus,</strong></span> <span class='ocrx_word' id='word_1_363' title='bbox 2430 1088 2524 1158; x_wconf 88' lang='lat' dir='ltr'><strong>qui</strong></span> <span class='ocrx_word' id='word_1_364' title='bbox 2570 1088 2699 1142; x_wconf 88' lang='lat' dir='ltr'><strong>licet</strong></span> <span class='ocrx_word' id='word_1_365' title='bbox 2742 1100 2897 1147; x_wconf 90' lang='lat' dir='ltr'><strong>eam,</strong></span> <span class='ocrx_word' id='word_1_366' title='bbox 2930 1097 3029 1151; x_wconf 87' lang='lat' dir='ltr'><strong>pro</strong></span> <span class='ocrx_word' id='word_1_367' title='bbox 3081 1094 3233 1134; x_wconf 87' lang='lat' dir='ltr'><strong>more</strong></span> <span class='ocrx_word' id='word_1_368' title='bbox 3281 1093 3417 1143; x_wconf 90' lang='lat' dir='ltr'><strong>suo,</strong></span> <span class='ocrx_word' id='word_1_369' title='bbox 3469 1073 3651 1145; x_wconf 81' lang='lat' dir='ltr'><strong>quoad</strong></span> 
     </span>
    </p>
   </div>
   <div class='ocr_carea' id='block_1_52' title="bbox 2067 1164 3647 1255">
    <p class='ocr_par' dir='ltr' id='par_1_52' title="bbox 2067 1164 3647 1255">
     <span class='ocr_line' id='line_1_52' title="bbox 2067 1164 3647 1255; baseline -0.013 -17"><span class='ocrx_word' id='word_1_370' title='bbox 2067 1184 2269 1255; x_wconf 83' lang='lat' dir='ltr'><strong>stylum</strong></span> <span class='ocrx_word' id='word_1_371' title='bbox 2312 1190 2368 1236; x_wconf 92' lang='lat' dir='ltr'><strong>et</strong></span> <span class='ocrx_word' id='word_1_372' title='bbox 2400 1180 2595 1235; x_wconf 89' lang='lat' dir='ltr'><strong>seriem</strong></span> <span class='ocrx_word' id='word_1_373' title='bbox 2630 1178 2684 1230; x_wconf 90' lang='lat' dir='ltr'><strong>in</strong></span> <span class='ocrx_word' id='word_1_374' title='bbox 2726 1192 2833 1229; x_wconf 92' lang='lat' dir='ltr'><strong>non</strong></span> <span class='ocrx_word' id='word_1_375' title='bbox 2865 1172 3058 1244; x_wconf 88' lang='lat' dir='ltr'><strong>paucis</strong></span> <span class='ocrx_word' id='word_1_376' title='bbox 3088 1169 3420 1232; x_wconf 84' lang='lat' dir='ltr'><strong>mutaverit,</strong></span> <span class='ocrx_word' id='word_1_377' title='bbox 3463 1164 3647 1232; x_wconf 85' lang='lat' dir='ltr'><strong>quoad</strong></span> 
     </span>
    </p>
   </div>
   <div class='ocr_carea' id='block_1_53' title="bbox 2067 1263 3647 1340">
    <p class='ocr_par' dir='ltr' id='par_1_53' title="bbox 2067 1263 3647 1340">
     <span class='ocr_line' id='line_1_53' title="bbox 2067 1263 3647 1340; baseline -0.013 -7"><span class='ocrx_word' id='word_1_378' title='bbox 2067 1292 2288 1333; x_wconf 85' lang='lat' dir='ltr'><strong>sensum</strong></span> <span class='ocrx_word' id='word_1_379' title='bbox 2315 1284 2495 1331; x_wconf 88' lang='lat' dir='ltr'><strong>tamen</strong></span> <span class='ocrx_word' id='word_1_380' title='bbox 2518 1282 2572 1327; x_wconf 92' lang='lat' dir='ltr'><strong>et</strong></span> <span class='ocrx_word' id='word_1_381' title='bbox 2589 1287 2676 1326; x_wconf 89' lang='lat' dir='ltr'><strong>res</strong></span> <span class='ocrx_word' id='word_1_382' title='bbox 2700 1280 2883 1340; x_wconf 81' lang='lat' dir='ltr'><strong>gestas</strong></span> <span class='ocrx_word' id='word_1_383' title='bbox 2907 1282 3100 1337; x_wconf 89' lang='lat' dir='ltr'><strong>presso</strong></span> <span class='ocrx_word' id='word_1_384' title='bbox 3119 1265 3350 1333; x_wconf 75' lang='lat' dir='ltr'><strong>vestigio</strong></span> <span class='ocrx_word' id='word_1_385' title='bbox 3371 1263 3647 1332; x_wconf 88' lang='lat' dir='ltr'><strong>sequitur;</strong></span> 
     </span>
    </p>
   </div>
   <div class='ocr_carea' id='block_1_54' title="bbox 2069 1356 3654 1431">
    <p class='ocr_par' dir='ltr' id='par_1_54' title="bbox 2069 1356 3654 1431">
     <span class='ocr_line' id='line_1_54' title="bbox 2069 1356 3654 1431; baseline -0.01 -6"><span class='ocrx_word' id='word_1_386' title='bbox 2069 1370 2263 1426; x_wconf 86' lang='lat' dir='ltr'><strong>suadet</strong></span> <span class='ocrx_word' id='word_1_387' title='bbox 2311 1369 2439 1424; x_wconf 86' lang='lat' dir='ltr'><strong>item</strong></span> <span class='ocrx_word' id='word_1_388' title='bbox 2487 1364 2797 1426; x_wconf 88' lang='lat' dir='ltr'><strong>Eusebius,</strong></span> <span class='ocrx_word' id='word_1_389' title='bbox 2835 1363 2930 1431; x_wconf 86' lang='lat' dir='ltr'><strong>qui</strong></span> <span class='ocrx_word' id='word_1_390' title='bbox 2978 1360 3297 1429; x_wconf 77' lang='lat' dir='ltr'><strong>longissima</strong></span> <span class='ocrx_word' id='word_1_391' title='bbox 3348 1356 3654 1411; x_wconf 76' lang='lat' dir='ltr'><strong>Aristcanze</strong></span> 
     </span>
    </p>
   </div>
   <div class='ocr_carea' id='block_1_55' title="bbox 2069 1446 3652 1529">
    <p class='ocr_par' dir='ltr' id='par_1_55' title="bbox 2069 1446 3652 1529">
     <span class='ocr_line' id='line_1_55' title="bbox 2069 1446 3652 1529; baseline -0.011 -13"><span class='ocrx_word' id='word_1_392' title='bbox 2069 1461 2310 1517; x_wconf 68' lang='lat' dir='ltr'><strong>bis&#39;toriat</strong></span> <span class='ocrx_word' id='word_1_393' title='bbox 2335 1464 2594 1529; x_wconf 85' lang='lat' dir='ltr'><strong>excerpta</strong></span> <span class='ocrx_word' id='word_1_394' title='bbox 2618 1455 2787 1510; x_wconf 87' lang='lat' dir='ltr'><strong>edidit</strong></span> <span class='ocrx_word' id='word_1_395' title='bbox 2817 1454 2870 1508; x_wconf 91' lang='lat' dir='ltr'><strong>in</strong></span> <span class='ocrx_word' id='word_1_396' title='bbox 2896 1452 3297 1522; x_wconf 75' lang='lat' dir='ltr'><strong>Prwparatione</strong></span> <span class='ocrx_word' id='word_1_397' title='bbox 3323 1446 3652 1519; x_wconf 81' lang='lat' dir='ltr'><strong>evangelica:</strong></span> 
     </span>
    </p>
   </div>
   <div class='ocr_carea' id='block_1_56' title="bbox 2070 1537 3654 1622">
    <p class='ocr_par' dir='ltr' id='par_1_56' title="bbox 2070 1537 3654 1622">
     <span class='ocr_line' id='line_1_56' title="bbox 2070 1537 3654 1622; baseline -0.009 -15"><span class='ocrx_word' id='word_1_398' title='bbox 2070 1553 2312 1622; x_wconf 88' lang='lat' dir='ltr'><strong>itemque</strong></span> <span class='ocrx_word' id='word_1_399' title='bbox 2334 1549 2719 1619; x_wconf 80' lang='lat' dir='ltr'><strong>Hieronymus,</strong></span> <span class='ocrx_word' id='word_1_400' title='bbox 2746 1545 2841 1614; x_wconf 91' lang='lat' dir='ltr'><strong>qui</strong></span> <span class='ocrx_word' id='word_1_401' title='bbox 2868 1544 3097 1597; x_wconf 62' lang='lat' dir='ltr'><strong>Aristeas</strong></span> <span class='ocrx_word' id='word_1_402' title='bbox 3119 1541 3338 1610; x_wconf 89' lang='lat' dir='ltr'><strong>quidem</strong></span> <span class='ocrx_word' id='word_1_403' title='bbox 3365 1537 3654 1593; x_wconf 83' lang='lat' dir='ltr'><strong>historiam</strong></span> 
     </span>
    </p>
   </div>
   <div class='ocr_carea' id='block_1_57' title="bbox 2069 1628 3517 1713">
    <p class='ocr_par' dir='ltr' id='par_1_57' title="bbox 2069 1628 3517 1713">
     <span class='ocr_line' id='line_1_57' title="bbox 2069 1628 3517 1713; baseline -0.011 -15"><span class='ocrx_word' id='word_1_404' title='bbox 2069 1642 2338 1713; x_wconf 83' lang='lat' dir='ltr'><strong>agnoscit,</strong></span> <span class='ocrx_word' id='word_1_405' title='bbox 2372 1640 2467 1696; x_wconf 90' lang='lat' dir='ltr'><strong>sed</strong></span> <span class='ocrx_word' id='word_1_406' title='bbox 2504 1638 2872 1693; x_wconf 86' lang='lat' dir='ltr'><strong>additamenta</strong></span> <span class='ocrx_word' id='word_1_407' title='bbox 2900 1633 3207 1704; x_wconf 89' lang='lat' dir='ltr'><strong>posteriora</strong></span> <span class='ocrx_word' id='word_1_408' title='bbox 3242 1628 3517 1700; x_wconf 84' lang='lat' dir='ltr'><strong>reprobat.</strong></span> 
     </span>
    </p>
   </div>
   <div class='ocr_carea' id='block_1_58' title="bbox 2074 1740 3654 1820">
    <p class='ocr_par' dir='ltr' id='par_1_58' title="bbox 2074 1740 3654 1820">
     <span class='ocr_line' id='line_1_58' title="bbox 2074 1740 3654 1820; baseline -0.011 -9"><span class='ocrx_word' id='word_1_409' title='bbox 2074 1755 2210 1811; x_wconf 86' lang='lat' dir='ltr'><strong>Vill.</strong></span> <span class='ocrx_word' id='word_1_410' title='bbox 2248 1754 2375 1808; x_wconf 87' lang='lat' dir='ltr'><strong>Post</strong></span> <span class='ocrx_word' id='word_1_411' title='bbox 2420 1751 2799 1820; x_wconf 79' lang='lat' dir='ltr'><strong>Hieronymum</strong></span> <span class='ocrx_word' id='word_1_412' title='bbox 2833 1748 3092 1802; x_wconf 70' lang='lat' dir='ltr'><strong>asset-itur</strong></span> <span class='ocrx_word' id='word_1_413' title='bbox 3128 1743 3281 1820; x_wconf 45' lang='lat' dir='ltr'><strong>LXX</strong></span> <span class='ocrx_word' id='word_1_414' title='bbox 3323 1745 3414 1820; x_wconf 70' lang='lat' dir='ltr'><strong>vel</strong></span> <span class='ocrx_word' id='word_1_415' title='bbox 3448 1758 3533 1795; x_wconf 83' lang='lat' dir='ltr'><strong>eos</strong></span> <span class='ocrx_word' id='word_1_416' title='bbox 3562 1740 3654 1811; x_wconf 78' lang='lat' dir='ltr'><strong>qui</strong></span> 
     </span>
    </p>
   </div>
   <div class='ocr_carea' id='block_1_59' title="bbox 2144 1814 3655 1891">
    <p class='ocr_par' dir='ltr' id='par_1_59' title="bbox 2144 1814 3655 1891">
     <span class='ocr_line' id='line_1_59' title="bbox 2144 1814 3655 1891; baseline -0.009 -11"><span class='ocrx_word' id='word_1_417' title='bbox 2144 1823 2563 1891; x_wconf 84' lang='lat' dir='ltr'><strong>Pentateuchum</strong></span> <span class='ocrx_word' id='word_1_418' title='bbox 2587 1814 3000 1884; x_wconf 70' lang='lat' dir='ltr'><strong>transtulerunt,</strong></span> <span class='ocrx_word' id='word_1_419' title='bbox 3030 1832 3133 1871; x_wconf 89' lang='lat' dir='ltr'><strong>non</strong></span> <span class='ocrx_word' id='word_1_420' title='bbox 3160 1815 3364 1884; x_wconf 81' lang='lat' dir='ltr'><strong>reliqua</strong></span> <span class='ocrx_word' id='word_1_421' title='bbox 3395 1814 3655 1879; x_wconf 87' lang='lat' dir='ltr'><strong>interpre-</strong></span> 
     </span>
    </p>
   </div>
   <div class='ocr_carea' id='block_1_60' title="bbox 2002 1896 2447 1952">
    <p class='ocr_par' dir='ltr' id='par_1_60' title="bbox 2002 1896 2447 1952">
     <span class='ocr_line' id='line_1_60' title="bbox 2002 1896 2447 1952; baseline -0.004 -2"><span class='ocrx_word' id='word_1_422' title='bbox 2002 1896 2044 1950; x_wconf 84' lang='grc' dir='ltr'><strong><em>Β</em></strong></span> <span class='ocrx_word' id='word_1_423' title='bbox 2143 1906 2280 1952; x_wconf 88' lang='lat' dir='ltr'><strong>tatos</strong></span> <span class='ocrx_word' id='word_1_424' title='bbox 2317 1910 2447 1949; x_wconf 87' lang='lat' dir='ltr'><strong>esse.</strong></span> 
     </span>
    </p>
   </div>
   <div class='ocr_carea' id='block_1_61' title="bbox 2144 1994 3656 2077">
    <p class='ocr_par' dir='ltr' id='par_1_61' title="bbox 2144 1994 3656 2077">
     <span class='ocr_line' id='line_1_61' title="bbox 2144 1994 3656 2077; baseline -0.01 -13"><span class='ocrx_word' id='word_1_425' title='bbox 2144 2009 2331 2063; x_wconf 86' lang='lat' dir='ltr'><strong>Altera</strong></span> <span class='ocrx_word' id='word_1_426' title='bbox 2385 2005 2614 2077; x_wconf 78' lang='lat' dir='ltr'><strong>quaestio</strong></span> <span class='ocrx_word' id='word_1_427' title='bbox 2640 2014 2745 2069; x_wconf 89' lang='lat' dir='ltr'><strong>est,</strong></span> <span class='ocrx_word' id='word_1_428' title='bbox 2777 2017 2845 2057; x_wconf 91' lang='lat' dir='ltr'><strong>an</strong></span> <span class='ocrx_word' id='word_1_429' title='bbox 2872 1998 3016 2055; x_wconf 90' lang='lat' dir='ltr'><strong>LXX</strong></span> <span class='ocrx_word' id='word_1_430' title='bbox 3062 1998 3410 2067; x_wconf 89' lang='lat' dir='ltr'><strong>lntcrpretes,</strong></span> <span class='ocrx_word' id='word_1_431' title='bbox 3438 1995 3523 2050; x_wconf 82' lang='lat' dir='ltr'><strong>vel</strong></span> <span class='ocrx_word' id='word_1_432' title='bbox 3559 1994 3656 2065; x_wconf 92' lang='lat' dir='ltr'><strong>qui</strong></span> 
     </span>
    </p>
   </div>
   <div class='ocr_carea' id='block_1_62' title="bbox 2073 2087 3659 2171">
    <p class='ocr_par' dir='ltr' id='par_1_62' title="bbox 2073 2087 3659 2171">
     <span class='ocr_line' id='line_1_62' title="bbox 2073 2087 3659 2171; baseline -0.006 -18"><span class='ocrx_word' id='word_1_433' title='bbox 2073 2100 2284 2171; x_wconf 91' lang='lat' dir='ltr'><strong>priores</strong></span> <span class='ocrx_word' id='word_1_434' title='bbox 2313 2097 2652 2167; x_wconf 89' lang='lat' dir='ltr'><strong>Scripturam</strong></span> <span class='ocrx_word' id='word_1_435' title='bbox 2685 2110 2898 2149; x_wconf 87' lang='lat' dir='ltr'><strong>sacram</strong></span> <span class='ocrx_word' id='word_1_436' title='bbox 2925 2093 2990 2147; x_wconf 89' lang='lat' dir='ltr'><strong>de</strong></span> <span class='ocrx_word' id='word_1_437' title='bbox 3017 2090 3286 2145; x_wconf 81' lang='lat' dir='ltr'><strong>liebraico</strong></span> <span class='ocrx_word' id='word_1_438' title='bbox 3313 2089 3367 2143; x_wconf 88' lang='lat' dir='ltr'><strong>in</strong></span> <span class='ocrx_word' id='word_1_439' title='bbox 3404 2087 3659 2143; x_wconf 74' lang='lat' dir='ltr'><strong>Grmcum</strong></span> 
     </span>
    </p>
   </div>
   <div class='ocr_carea' id='block_1_63' title="bbox 2074 2179 3655 2256">
    <p class='ocr_par' dir='ltr' id='par_1_63' title="bbox 2074 2179 3655 2256">
     <span class='ocr_line' id='line_1_63' title="bbox 2074 2179 3655 2256; baseline -0.011 -9"><span class='ocrx_word' id='word_1_440' title='bbox 2074 2197 2482 2256; x_wconf 88' lang='lat' dir='ltr'><strong>converterunt,</strong></span> <span class='ocrx_word' id='word_1_441' title='bbox 2521 2187 2694 2242; x_wconf 87' lang='lat' dir='ltr'><strong>solam</strong></span> <span class='ocrx_word' id='word_1_442' title='bbox 2731 2184 2928 2254; x_wconf 79' lang='lat' dir='ltr'><strong>Legem</strong></span> <span class='ocrx_word' id='word_1_443' title='bbox 2965 2197 3060 2237; x_wconf 91' lang='lat' dir='ltr'><strong>seu</strong></span> <span class='ocrx_word' id='word_1_444' title='bbox 3102 2179 3553 2240; x_wconf 80' lang='lat' dir='ltr'><strong>Pentateucbum,</strong></span> <span class='ocrx_word' id='word_1_445' title='bbox 3582 2191 3655 2230; x_wconf 87' lang='lat' dir='ltr'><strong>an</strong></span> 
     </span>
    </p>
   </div>
   <div class='ocr_carea' id='block_1_64' title="bbox 2074 2267 3657 2353">
    <p class='ocr_par' dir='ltr' id='par_1_64' title="bbox 2074 2267 3657 2353">
     <span class='ocr_line' id='line_1_64' title="bbox 2074 2267 3657 2353; baseline -0.012 -13"><span class='ocrx_word' id='word_1_446' title='bbox 2074 2285 2317 2353; x_wconf 90' lang='lat' dir='ltr'><strong>reliquos</strong></span> <span class='ocrx_word' id='word_1_447' title='bbox 2345 2283 2507 2337; x_wconf 90' lang='lat' dir='ltr'><strong>etiam</strong></span> <span class='ocrx_word' id='word_1_448' title='bbox 2541 2280 2709 2333; x_wconf 88' lang='lat' dir='ltr'><strong>libros</strong></span> <span class='ocrx_word' id='word_1_449' title='bbox 2762 2274 3098 2344; x_wconf 89' lang='lat' dir='ltr'><strong>interpretati</strong></span> <span class='ocrx_word' id='word_1_450' title='bbox 3139 2274 3268 2328; x_wconf 90' lang='lat' dir='ltr'><strong>sint.</strong></span> <span class='ocrx_word' id='word_1_451' title='bbox 3309 2270 3470 2325; x_wconf 82' lang='lat' dir='ltr'><strong>Ratio</strong></span> <span class='ocrx_word' id='word_1_452' title='bbox 3496 2267 3657 2323; x_wconf 88' lang='lat' dir='ltr'><strong>dubi-</strong></span> 
     </span>
    </p>
   </div>
   <div class='ocr_carea' id='block_1_65' title="bbox 2076 2354 3659 2445">
    <p class='ocr_par' dir='ltr' id='par_1_65' title="bbox 2076 2354 3659 2445">
     <span class='ocr_line' id='line_1_65' title="bbox 2076 2354 3659 2445; baseline -0.013 -11"><span class='ocrx_word' id='word_1_453' title='bbox 2076 2378 2224 2434; x_wconf 91' lang='lat' dir='ltr'><strong>tandi</strong></span> <span class='ocrx_word' id='word_1_454' title='bbox 2257 2378 2385 2432; x_wconf 90' lang='lat' dir='ltr'><strong>hinc</strong></span> <span class='ocrx_word' id='word_1_455' title='bbox 2412 2375 2647 2445; x_wconf 90' lang='lat' dir='ltr'><strong>primum</strong></span> <span class='ocrx_word' id='word_1_456' title='bbox 2675 2380 2870 2425; x_wconf 77' lang='lat' dir='ltr'><strong>exorta</strong></span> <span class='ocrx_word' id='word_1_457' title='bbox 2889 2379 2993 2435; x_wconf 87' lang='lat' dir='ltr'><strong>est,</strong></span> <span class='ocrx_word' id='word_1_458' title='bbox 3026 2368 3172 2436; x_wconf 89' lang='lat' dir='ltr'><strong>quod</strong></span> <span class='ocrx_word' id='word_1_459' title='bbox 3200 2366 3293 2435; x_wconf 87' lang='lat' dir='ltr'><strong>qui</strong></span> <span class='ocrx_word' id='word_1_460' title='bbox 3321 2362 3467 2419; x_wconf 83' lang='lat' dir='ltr'><strong>LXX‘</strong></span> <span class='ocrx_word' id='word_1_461' title='bbox 3492 2354 3659 2416; x_wconf 80' lang='lat' dir='ltr'><strong>lnter-</strong></span> 
     </span>
    </p>
   </div>
   <div class='ocr_carea' id='block_1_66' title="bbox 2076 2452 3655 2543">
    <p class='ocr_par' dir='ltr' id='par_1_66' title="bbox 2076 2452 3655 2543">
     <span class='ocr_line' id='line_1_66' title="bbox 2076 2452 3655 2543; baseline -0.011 -17"><span class='ocrx_word' id='word_1_462' title='bbox 2076 2481 2289 2543; x_wconf 85' lang='lat' dir='ltr'><strong>prelum</strong></span> <span class='ocrx_word' id='word_1_463' title='bbox 2320 2466 2607 2523; x_wconf 88' lang='lat' dir='ltr'><strong>historiam</strong></span> <span class='ocrx_word' id='word_1_464' title='bbox 2656 2468 2965 2524; x_wconf 79' lang='lat' dir='ltr'><strong>texuerunt,</strong></span> <span class='ocrx_word' id='word_1_465' title='bbox 2997 2457 3088 2512; x_wconf 87' lang='lat' dir='ltr'><strong>alii</strong></span> <span class='ocrx_word' id='word_1_466' title='bbox 3116 2455 3312 2526; x_wconf 79' lang='lat' dir='ltr'><strong>Legem</strong></span> <span class='ocrx_word' id='word_1_467' title='bbox 3346 2461 3557 2509; x_wconf 89' lang='lat' dir='ltr'><strong>tantum</strong></span> <span class='ocrx_word' id='word_1_468' title='bbox 3585 2452 3655 2508; x_wconf 89' lang='lat' dir='ltr'><strong>ab</strong></span> 
     </span>
    </p>
   </div>
   <div class='ocr_carea' id='block_1_67' title="bbox 2078 2544 3660 2617">
    <p class='ocr_par' dir='ltr' id='par_1_67' title="bbox 2078 2544 3660 2617">
     <span class='ocr_line' id='line_1_67' title="bbox 2078 2544 3660 2617; baseline -0.012 0"><span class='ocrx_word' id='word_1_469' title='bbox 2078 2564 2148 2617; x_wconf 87' lang='lat' dir='ltr'><strong>iis</strong></span> <span class='ocrx_word' id='word_1_470' title='bbox 2174 2560 2360 2617; x_wconf 74' lang='lat' dir='ltr'><strong>Grzece</strong></span> <span class='ocrx_word' id='word_1_471' title='bbox 2389 2571 2708 2614; x_wconf 84' lang='lat' dir='ltr'><strong>conversam</strong></span> <span class='ocrx_word' id='word_1_472' title='bbox 2737 2553 2942 2617; x_wconf 86' lang='lat' dir='ltr'><strong>dicant,</strong></span> <span class='ocrx_word' id='word_1_473' title='bbox 2968 2550 3059 2605; x_wconf 87' lang='lat' dir='ltr'><strong>alii</strong></span> <span class='ocrx_word' id='word_1_474' title='bbox 3090 2548 3371 2613; x_wconf 87' lang='lat' dir='ltr'><strong>historias,</strong></span> <span class='ocrx_word' id='word_1_475' title='bbox 3407 2545 3499 2600; x_wconf 78' lang='lat' dir='ltr'><strong>alii</strong></span> <span class='ocrx_word' id='word_1_476' title='bbox 3526 2544 3660 2599; x_wconf 87' lang='lat' dir='ltr'><strong>Pro-</strong></span> 
     </span>
    </p>
   </div>
   <div class='ocr_carea' id='block_1_68' title="bbox 2076 2636 3661 2724">
    <p class='ocr_par' dir='ltr' id='par_1_68' title="bbox 2076 2636 3661 2724">
     <span class='ocr_line' id='line_1_68' title="bbox 2076 2636 3661 2724; baseline -0.01 -17"><span class='ocrx_word' id='word_1_477' title='bbox 2076 2655 2291 2724; x_wconf 88' lang='lat' dir='ltr'><strong>phetas,</strong></span> <span class='ocrx_word' id='word_1_478' title='bbox 2322 2648 2657 2720; x_wconf 87' lang='lat' dir='ltr'><strong>Epiphanius</strong></span> <span class='ocrx_word' id='word_1_479' title='bbox 2679 2645 2947 2700; x_wconf 80' lang='lat' dir='ltr'><strong>universa:-</strong></span> <span class='ocrx_word' id='word_1_480' title='bbox 2978 2640 3275 2710; x_wconf 73' lang='lat' dir='ltr'><strong>Scriptura:</strong></span> <span class='ocrx_word' id='word_1_481' title='bbox 3299 2640 3490 2693; x_wconf 90' lang='lat' dir='ltr'><strong>libros.</strong></span> <span class='ocrx_word' id='word_1_482' title='bbox 3526 2636 3661 2691; x_wconf 43' lang='lat' dir='ltr'><strong>llie‘</strong></span> 
     </span>
    </p>
   </div>
   <div class='ocr_carea' id='block_1_69' title="bbox 2079 2731 3655 2815">
    <p class='ocr_par' dir='ltr' id='par_1_69' title="bbox 2079 2731 3655 2815">
     <span class='ocr_line' id='line_1_69' title="bbox 2079 2731 3655 2815; baseline -0.013 -15"><span class='ocrx_word' id='word_1_483' title='bbox 2079 2759 2342 2815; x_wconf 87' lang='lat' dir='ltr'><strong>ronymus</strong></span> <span class='ocrx_word' id='word_1_484' title='bbox 2391 2755 2521 2795; x_wconf 88' lang='lat' dir='ltr'><strong>vero</strong></span> <span class='ocrx_word' id='word_1_485' title='bbox 2568 2737 2858 2793; x_wconf 85' lang='lat' dir='ltr'><strong>Comment.</strong></span> <span class='ocrx_word' id='word_1_486' title='bbox 2908 2735 2962 2787; x_wconf 81' lang='lat' dir='ltr'><strong>in</strong></span> <span class='ocrx_word' id='word_1_487' title='bbox 3008 2731 3338 2785; x_wconf 72' lang='lat' dir='ltr'><strong>Ezechielem</strong></span> <span class='ocrx_word' id='word_1_488' title='bbox 3387 2742 3655 2799; x_wconf 52' lang='lat' dir='ltr'><strong>captam,</strong></span> 
     </span>
    </p>
   </div>
   <div class='ocr_carea' id='block_1_70' title="bbox 2078 2820 3656 2905">
    <p class='ocr_par' dir='ltr' id='par_1_70' title="bbox 2078 2820 3656 2905">
     <span class='ocr_line' id='line_1_70' title="bbox 2078 2820 3656 2905; baseline -0.013 -14"><span class='ocrx_word' id='word_1_489' title='bbox 2078 2836 2113 2905; x_wconf 61' lang='grc' dir='ltr'><em>ᾗ</em></span> <span class='ocrx_word' id='word_1_490' title='bbox 2155 2836 2244 2902; x_wconf 80' lang='grc'><strong>15,</strong></span> <span class='ocrx_word' id='word_1_491' title='bbox 2282 2834 2359 2888; x_wconf 89' lang='lat' dir='ltr'><strong>ait</strong></span> <span class='ocrx_word' id='word_1_492' title='bbox 2394 2830 2734 2886; x_wconf 88' lang='lat' dir='ltr'><strong>eruditorum</strong></span> <span class='ocrx_word' id='word_1_493' title='bbox 2780 2824 2865 2881; x_wconf 90' lang='lat' dir='ltr'><strong>sui</strong></span> <span class='ocrx_word' id='word_1_494' title='bbox 2891 2823 3151 2892; x_wconf 78' lang='lat' dir='ltr'><strong>temporis</strong></span> <span class='ocrx_word' id='word_1_495' title='bbox 3175 2820 3485 2890; x_wconf 87' lang='lat' dir='ltr'><strong>opinionem</strong></span> <span class='ocrx_word' id='word_1_496' title='bbox 3513 2832 3656 2883; x_wconf 90' lang='lat' dir='ltr'><strong>esse,</strong></span> 
     </span>
    </p>
   </div>
   <div class='ocr_carea' id='block_1_71' title="bbox 2079 2909 3656 2996">
    <p class='ocr_par' dir='ltr' id='par_1_71' title="bbox 2079 2909 3656 2996">
     <span class='ocr_line' id='line_1_71' title="bbox 2079 2909 3656 2996; baseline -0.014 -12"><span class='ocrx_word' id='word_1_497' title='bbox 2079 2928 2227 2984; x_wconf 90' lang='lat' dir='ltr'><strong>solos</strong></span> <span class='ocrx_word' id='word_1_498' title='bbox 2275 2925 2519 2996; x_wconf 87' lang='lat' dir='ltr'><strong>quinque</strong></span> <span class='ocrx_word' id='word_1_499' title='bbox 2565 2922 2738 2976; x_wconf 83' lang='lat' dir='ltr'><strong>libros</strong></span> <span class='ocrx_word' id='word_1_500' title='bbox 2787 2916 2959 2988; x_wconf 81' lang='lat' dir='ltr'><strong>Moysi</strong></span> <span class='ocrx_word' id='word_1_501' title='bbox 3006 2930 3035 2968; x_wconf 87' lang='lat' dir='ltr'><strong>a</strong></span> <span class='ocrx_word' id='word_1_502' title='bbox 3067 2911 3214 2966; x_wconf 79' lang='lat' dir='ltr'><strong>LXX</strong></span> <span class='ocrx_word' id='word_1_503' title='bbox 3245 2926 3433 2966; x_wconf 84' lang='lat' dir='ltr'><strong>versos</strong></span> <span class='ocrx_word' id='word_1_504' title='bbox 3462 2909 3656 2963; x_wconf 71' lang='lat' dir='ltr'><strong>fuisse.</strong></span> 
     </span>
    </p>
   </div>
   <div class='ocr_carea' id='block_1_72' title="bbox 2079 3001 3662 3092">
    <p class='ocr_par' dir='ltr' id='par_1_72' title="bbox 2079 3001 3662 3092">
     <span class='ocr_line' id='line_1_72' title="bbox 2079 3001 3662 3092; baseline -0.013 -15"><span class='ocrx_word' id='word_1_505' title='bbox 2079 3021 2212 3092; x_wconf 86' lang='lat' dir='ltr'><strong>Ejus</strong></span> <span class='ocrx_word' id='word_1_506' title='bbox 2255 3018 2420 3074; x_wconf 89' lang='lat' dir='ltr'><strong>verba</strong></span> <span class='ocrx_word' id='word_1_507' title='bbox 2467 3021 2641 3070; x_wconf 88' lang='lat' dir='ltr'><strong>sunt:</strong></span> <span class='ocrx_word' id='word_1_508' title='bbox 2694 3010 2812 3064; x_wconf 79' lang='lat' dir='ltr'><strong>Hoc</strong></span> <span class='ocrx_word' id='word_1_509' title='bbox 2852 3011 2909 3063; x_wconf 90' lang='lat' dir='ltr'><strong>in</strong></span> <span class='ocrx_word' id='word_1_510' title='bbox 2954 3005 3107 3061; x_wconf 78' lang='lat' dir='ltr'><strong>LXX</strong></span> <span class='ocrx_word' id='word_1_511' title='bbox 3140 3021 3242 3059; x_wconf 88' lang='lat' dir='ltr'><strong>non</strong></span> <span class='ocrx_word' id='word_1_512' title='bbox 3289 3004 3531 3078; x_wconf 77' lang='lat' dir='ltr'><strong>habetur,</strong></span> <span class='ocrx_word' id='word_1_513' title='bbox 3567 3001 3662 3072; x_wconf 73' lang='lat' dir='ltr'><strong>qui</strong></span> 
     </span>
    </p>
   </div>
   <div class='ocr_carea' id='block_1_73' title="bbox 2081 3095 3660 3188">
    <p class='ocr_par' dir='ltr' id='par_1_73' title="bbox 2081 3095 3660 3188">
     <span class='ocr_line' id='line_1_73' title="bbox 2081 3095 3660 3188; baseline -0.014 -18"><span class='ocrx_word' id='word_1_514' title='bbox 2081 3115 2310 3188; x_wconf 79' lang='lat' dir='ltr'><strong>forsitan</strong></span> <span class='ocrx_word' id='word_1_515' title='bbox 2349 3108 2699 3164; x_wconf 70' lang='lat' dir='ltr'><strong>Alexandria:-</strong></span> <span class='ocrx_word' id='word_1_516' title='bbox 2725 3107 2775 3158; x_wconf 89' lang='lat' dir='ltr'><strong>in</strong></span> <span class='ocrx_word' id='word_1_517' title='bbox 2814 3102 3056 3159; x_wconf 62' lang='lat' dir='ltr'><strong>Gratcum</strong></span> <span class='ocrx_word' id='word_1_518' title='bbox 3082 3114 3371 3153; x_wconf 79' lang='lat' dir='ltr'><strong>sermonem</strong></span> <span class='ocrx_word' id='word_1_519' title='bbox 3411 3095 3660 3166; x_wconf 86' lang='lat' dir='ltr'><strong>Scriptu-</strong></span> 
     </span>
    </p>
   </div>
   <div class='ocr_carea' id='block_1_74' title="bbox 2080 3187 3663 3272">
    <p class='ocr_par' dir='ltr' id='par_1_74' title="bbox 2080 3187 3663 3272">
     <span class='ocr_line' id='line_1_74' title="bbox 2080 3187 3663 3272; baseline -0.014 -10"><span class='ocrx_word' id='word_1_520' title='bbox 2080 3187 2169 3262; x_wconf 85' lang='lat' dir='ltr'><strong>ras</strong></span> <span class='ocrx_word' id='word_1_521' title='bbox 2212 3221 2277 3259; x_wconf 80' lang='lat' dir='ltr'><strong>ea:</strong></span> <span class='ocrx_word' id='word_1_522' title='bbox 2325 3200 2589 3256; x_wconf 84' lang='lat' dir='ltr'><strong>Hebraica</strong></span> <span class='ocrx_word' id='word_1_523' title='bbox 2642 3196 2859 3272; x_wconf 83' lang='lat' dir='ltr'><strong>veritate</strong></span> <span class='ocrx_word' id='word_1_524' title='bbox 2914 3200 3190 3254; x_wconf 81' lang='lat' dir='ltr'><strong>vertentes,</strong></span> <span class='ocrx_word' id='word_1_525' title='bbox 3226 3190 3515 3243; x_wconf 75' lang='lat' dir='ltr'><strong>timuerunt</strong></span> <span class='ocrx_word' id='word_1_526' title='bbox 3564 3187 3663 3241; x_wconf 90' lang='lat' dir='ltr'><strong>hoc</strong></span> 
     </span>
    </p>
   </div>
   <div class='ocr_carea' id='block_1_75' title="bbox 2079 3280 3663 3363">
    <p class='ocr_par' dir='ltr' id='par_1_75' title="bbox 2079 3280 3663 3363">
     <span class='ocr_line' id='line_1_75' title="bbox 2079 3280 3663 3363; baseline -0.014 -9"><span class='ocrx_word' id='word_1_527' title='bbox 2079 3298 2256 3363; x_wconf 80' lang='lat' dir='ltr'><strong>edere,</strong></span> <span class='ocrx_word' id='word_1_528' title='bbox 2281 3310 2344 3349; x_wconf 89' lang='lat' dir='ltr'><strong>ne</strong></span> <span class='ocrx_word' id='word_1_529' title='bbox 2372 3307 2543 3361; x_wconf 82' lang='lat' dir='ltr'><strong>regem</strong></span> <span class='ocrx_word' id='word_1_530' title='bbox 2576 3286 2798 3358; x_wconf 64' lang='lat' dir='ltr'><strong>Aigypti</strong></span> <span class='ocrx_word' id='word_1_531' title='bbox 2832 3284 3135 3337; x_wconf 83' lang='lat' dir='ltr'><strong>viderentur</strong></span> <span class='ocrx_word' id='word_1_532' title='bbox 3162 3280 3444 3349; x_wconf 76' lang='lat' dir='ltr'><strong>offendere,</strong></span> <span class='ocrx_word' id='word_1_533' title='bbox 3470 3280 3598 3331; x_wconf 88' lang='lat' dir='ltr'><strong>dum</strong></span> <span class='ocrx_word' id='word_1_534' title='bbox 3627 3296 3663 3332; x_wconf 71' lang='grc' dir='ltr'><strong>ο</strong></span> 
     </span>
    </p>
   </div>
   <div class='ocr_carea' id='block_1_76' title="bbox 2079 3378 3664 3446">
    <p class='ocr_par' dir='ltr' id='par_1_76' title="bbox 2079 3378 3664 3446">
     <span class='ocr_line' id='line_1_76' title="bbox 2079 3378 3664 3446; baseline -0.015 0"><span class='ocrx_word' id='word_1_535' title='bbox 2079 3392 2188 3446; x_wconf 86' lang='lat' dir='ltr'><strong>Deo</strong></span> <span class='ocrx_word' id='word_1_536' title='bbox 2209 3384 2508 3442; x_wconf 79' lang='lat' dir='ltr'><strong>Jerusalem</strong></span> <span class='ocrx_word' id='word_1_537' title='bbox 2531 3380 2765 3433; x_wconf 86' lang='lat' dir='ltr'><strong>debitum</strong></span> <span class='ocrx_word' id='word_1_538' title='bbox 2789 3391 3004 3446; x_wconf 88' lang='lat' dir='ltr'><strong>regnum</strong></span> <span class='ocrx_word' id='word_1_539' title='bbox 3028 3388 3139 3426; x_wconf 85' lang='lat' dir='ltr'><strong>esse</strong></span> <span class='ocrx_word' id='word_1_540' title='bbox 3161 3378 3664 3424; x_wconf 86' lang='lat' dir='ltr'><strong>commemorarent:</strong></span> 
     </span>
    </p>
   </div>
   <div class='ocr_carea' id='block_1_77' title="bbox 2078 3460 3661 3552">
    <p class='ocr_par' dir='ltr' id='par_1_77' title="bbox 2078 3460 3661 3552">
     <span class='ocr_line' id='line_1_77' title="bbox 2078 3460 3661 3552; baseline -0.013 -18"><span class='ocrx_word' id='word_1_541' title='bbox 2078 3491 2381 3552; x_wconf 88' lang='lat' dir='ltr'><strong>quanquam</strong></span> <span class='ocrx_word' id='word_1_542' title='bbox 2419 3472 2617 3528; x_wconf 88' lang='lat' dir='ltr'><strong>eruditi</strong></span> <span class='ocrx_word' id='word_1_543' title='bbox 2651 3468 2793 3522; x_wconf 80' lang='lat' dir='ltr'><strong>solos</strong></span> <span class='ocrx_word' id='word_1_544' title='bbox 2827 3467 3056 3538; x_wconf 85' lang='lat' dir='ltr'><strong>quinque</strong></span> <span class='ocrx_word' id='word_1_545' title='bbox 3091 3463 3254 3517; x_wconf 90' lang='lat' dir='ltr'><strong>libros</strong></span> <span class='ocrx_word' id='word_1_546' title='bbox 3286 3460 3553 3532; x_wconf 40' lang='lat' dir='ltr'><strong>Moysivab</strong></span> <span class='ocrx_word' id='word_1_547' title='bbox 3582 3462 3661 3515; x_wconf 83' lang='lat' dir='ltr'><strong>eis</strong></span> 
     </span>
    </p>
   </div>
   <div class='ocr_carea' id='block_1_78' title="bbox 2080 3554 3666 3644">
    <p class='ocr_par' dir='ltr' id='par_1_78' title="bbox 2080 3554 3666 3644">
     <span class='ocr_line' id='line_1_78' title="bbox 2080 3554 3666 3644; baseline -0.013 -14"><span class='ocrx_word' id='word_1_548' title='bbox 2080 3579 2451 3644; x_wconf 86' lang='lat' dir='ltr'><strong>interpretatos</strong></span> <span class='ocrx_word' id='word_1_549' title='bbox 2497 3583 2610 3621; x_wconf 86' lang='lat' dir='ltr'><strong>esse</strong></span> <span class='ocrx_word' id='word_1_550' title='bbox 2659 3570 2892 3635; x_wconf 88' lang='lat' dir='ltr'><strong>putant.</strong></span> <span class='ocrx_word' id='word_1_551' title='bbox 2938 3558 3086 3613; x_wconf 89' lang='lat' dir='ltr'><strong>l&#39;dem</strong></span> <span class='ocrx_word' id='word_1_552' title='bbox 3138 3571 3305 3627; x_wconf 77' lang='lat' dir='ltr'><strong>porro</strong></span> <span class='ocrx_word' id='word_1_553' title='bbox 3348 3554 3666 3610; x_wconf 85' lang='lat' dir='ltr'><strong>existimant</strong></span> 
     </span>
    </p>
   </div>
   <div class='ocr_carea' id='block_1_79' title="bbox 2080 3649 3661 3729">
    <p class='ocr_par' dir='ltr' id='par_1_79' title="bbox 2080 3649 3661 3729">
     <span class='ocr_line' id='line_1_79' title="bbox 2080 3649 3661 3729; baseline -0.015 -5"><span class='ocrx_word' id='word_1_554' title='bbox 2080 3667 2280 3725; x_wconf 84' lang='lat' dir='ltr'><strong>eruditi</strong></span> <span class='ocrx_word' id='word_1_555' title='bbox 2309 3661 2581 3726; x_wconf 87' lang='lat' dir='ltr'><strong>hodierni,</strong></span> <span class='ocrx_word' id='word_1_556' title='bbox 2604 3664 2875 3729; x_wconf 85' lang='lat' dir='ltr'><strong>quotquot</strong></span> <span class='ocrx_word' id='word_1_557' title='bbox 2899 3652 3153 3707; x_wconf 80' lang='lat' dir='ltr'><strong>videlicet</strong></span> <span class='ocrx_word' id='word_1_558' title='bbox 3178 3649 3502 3705; x_wconf 87' lang='lat' dir='ltr'><strong>Hebraicum</strong></span> <span class='ocrx_word' id='word_1_559' title='bbox 3533 3663 3661 3702; x_wconf 89' lang='lat' dir='ltr'><strong>cum</strong></span> 
     </span>
    </p>
   </div>
   <div class='ocr_carea' id='block_1_80' title="bbox 2080 3741 3669 3823">
    <p class='ocr_par' dir='ltr' id='par_1_80' title="bbox 2080 3741 3669 3823">
     <span class='ocr_line' id='line_1_80' title="bbox 2080 3741 3669 3823; baseline -0.014 -7"><span class='ocrx_word' id='word_1_560' title='bbox 2080 3760 2317 3816; x_wconf 89' lang='lat' dir='ltr'><strong>editione</strong></span> <span class='ocrx_word' id='word_1_561' title='bbox 2352 3756 2465 3818; x_wconf 89' lang='lat' dir='ltr'><strong>illa,</strong></span> <span class='ocrx_word' id='word_1_562' title='bbox 2492 3766 2617 3823; x_wconf 85' lang='lat' dir='ltr'><strong>quae</strong></span> <span class='ocrx_word' id='word_1_563' title='bbox 2656 3746 3015 3818; x_wconf 71' lang='lat' dir='ltr'><strong>Septuaginta</strong></span> <span class='ocrx_word' id='word_1_564' title='bbox 3049 3743 3407 3812; x_wconf 89' lang='lat' dir='ltr'><strong>lnterpretum</strong></span> <span class='ocrx_word' id='word_1_565' title='bbox 3438 3741 3669 3805; x_wconf 66' lang='lat' dir='ltr'><strong>dicitur,</strong></span> 
     </span>
    </p>
   </div>
   <div class='ocr_carea' id='block_1_81' title="bbox 2081 3832 3663 3913">
    <p class='ocr_par' dir='ltr' id='par_1_81' title="bbox 2081 3832 3663 3913">
     <span class='ocr_line' id='line_1_81' title="bbox 2081 3832 3663 3913; baseline -0.015 -6"><span class='ocrx_word' id='word_1_566' title='bbox 2081 3850 2381 3908; x_wconf 86' lang='lat' dir='ltr'><strong>contulere.</strong></span> <span class='ocrx_word' id='word_1_567' title='bbox 2410 3844 2547 3899; x_wconf 81' lang='lat' dir='ltr'><strong>Nam</strong></span> <span class='ocrx_word' id='word_1_568' title='bbox 2579 3841 2672 3913; x_wconf 88' lang='lat' dir='ltr'><strong>qui</strong></span> <span class='ocrx_word' id='word_1_569' title='bbox 2716 3836 3144 3894; x_wconf 88' lang='lat' dir='ltr'><strong>Pentateucbum</strong></span> <span class='ocrx_word' id='word_1_570' title='bbox 3188 3841 3465 3888; x_wconf 85' lang='lat' dir='ltr'><strong>verterunt</strong></span> <span class='ocrx_word' id='word_1_571' title='bbox 3505 3832 3663 3900; x_wconf 86' lang='lat' dir='ltr'><strong>longe</strong></span> 
     </span>
    </p>
   </div>
   <div class='ocr_carea' id='block_1_82' title="bbox 2083 3922 3673 4015">
    <p class='ocr_par' dir='ltr' id='par_1_82' title="bbox 2083 3922 3673 4015">
     <span class='ocr_line' id='line_1_82' title="bbox 2083 3922 3673 4015; baseline -0.015 -16"><span class='ocrx_word' id='word_1_572' title='bbox 2083 3945 2374 4015; x_wconf 86' lang='lat' dir='ltr'><strong>peritiores</strong></span> <span class='ocrx_word' id='word_1_573' title='bbox 2405 3939 2574 3994; x_wconf 81' lang='lat' dir='ltr'><strong>fuisse</strong></span> <span class='ocrx_word' id='word_1_574' title='bbox 2607 3935 2858 3989; x_wconf 88' lang='lat' dir='ltr'><strong>videntur</strong></span> <span class='ocrx_word' id='word_1_575' title='bbox 2889 3930 2957 3984; x_wconf 90' lang='lat' dir='ltr'><strong>iis</strong></span> <span class='ocrx_word' id='word_1_576' title='bbox 2989 3929 3083 3998; x_wconf 86' lang='lat' dir='ltr'><strong>qui</strong></span> <span class='ocrx_word' id='word_1_577' title='bbox 3107 3935 3331 3982; x_wconf 61' lang='lat' dir='ltr'><strong>caeteros</strong></span> <span class='ocrx_word' id='word_1_578' title='bbox 3366 3922 3673 3993; x_wconf 64' lang='lat' dir='ltr'><strong>Scriptura</strong></span> 
     </span>
    </p>
   </div>
   <div class='ocr_carea' id='block_1_83' title="bbox 2083 4015 3665 4094">
    <p class='ocr_par' dir='ltr' id='par_1_83' title="bbox 2083 4015 3665 4094">
     <span class='ocr_line' id='line_1_83' title="bbox 2083 4015 3665 4094; baseline -0.016 -2"><span class='ocrx_word' id='word_1_579' title='bbox 2083 4038 2252 4092; x_wconf 89' lang='lat' dir='ltr'><strong>libros</strong></span> <span class='ocrx_word' id='word_1_580' title='bbox 2293 4034 2480 4089; x_wconf 70' lang='lat' dir='ltr'><strong>Grazce</strong></span> <span class='ocrx_word' id='word_1_581' title='bbox 2517 4036 2646 4084; x_wconf 90' lang='lat' dir='ltr'><strong>sunt</strong></span> <span class='ocrx_word' id='word_1_582' title='bbox 2672 4021 3011 4094; x_wconf 88' lang='lat' dir='ltr'><strong>interpretati</strong></span> <span class='ocrx_word' id='word_1_583' title='bbox 3045 4039 3058 4075; x_wconf 93' lang='lat'>:</span> <span class='ocrx_word' id='word_1_584' title='bbox 3108 4023 3282 4090; x_wconf 88' lang='lat' dir='ltr'><strong>stylus</strong></span> <span class='ocrx_word' id='word_1_585' title='bbox 3325 4017 3550 4071; x_wconf 87' lang='lat' dir='ltr'><strong>omnino</strong></span> <span class='ocrx_word' id='word_1_586' title='bbox 3578 4015 3665 4070; x_wconf 85' lang='lat' dir='ltr'><strong>di-</strong></span> 
     </span>
    </p>
   </div>
   <div class='ocr_carea' id='block_1_84' title="bbox 2083 4104 3671 4189">
    <p class='ocr_par' dir='ltr' id='par_1_84' title="bbox 2083 4104 3671 4189">
     <span class='ocr_line' id='line_1_84' title="bbox 2083 4104 3671 4189; baseline -0.014 -6"><span class='ocrx_word' id='word_1_587' title='bbox 2083 4142 2277 4183; x_wconf 84' lang='lat' dir='ltr'><strong>versus</strong></span> <span class='ocrx_word' id='word_1_588' title='bbox 2321 4133 2438 4189; x_wconf 89' lang='lat' dir='ltr'><strong>est;</strong></span> <span class='ocrx_word' id='word_1_589' title='bbox 2488 4121 2652 4175; x_wconf 77' lang='lat' dir='ltr'><strong>verba</strong></span> <span class='ocrx_word' id='word_1_590' title='bbox 2694 4129 2839 4184; x_wconf 67' lang='lat' dir='ltr'><strong>saepe</strong></span> <span class='ocrx_word' id='word_1_591' title='bbox 2880 4114 3039 4182; x_wconf 79' lang='lat' dir='ltr'><strong>longe</strong></span> <span class='ocrx_word' id='word_1_592' title='bbox 3075 4110 3351 4178; x_wconf 89' lang='lat' dir='ltr'><strong>disparata</strong></span> <span class='ocrx_word' id='word_1_593' title='bbox 3380 4104 3671 4161; x_wconf 79' lang='lat' dir='ltr'><strong>Hebraicis</strong></span> 
     </span>
    </p>
   </div>
   <div class='ocr_carea' id='block_1_85' title="bbox 2083 4197 3672 4283">
    <p class='ocr_par' dir='ltr' id='par_1_85' title="bbox 2083 4197 3672 4283">
     <span class='ocr_line' id='line_1_85' title="bbox 2083 4197 3672 4283; baseline -0.016 -9"><span class='ocrx_word' id='word_1_594' title='bbox 2083 4218 2312 4273; x_wconf 89' lang='lat' dir='ltr'><strong>vocibus</strong></span> <span class='ocrx_word' id='word_1_595' title='bbox 2368 4220 2641 4283; x_wconf 86' lang='lat' dir='ltr'><strong>aptantur.</strong></span> <span class='ocrx_word' id='word_1_596' title='bbox 2690 4204 2981 4260; x_wconf 73' lang='lat' dir='ltr'><strong>\‘arietatis</strong></span> <span class='ocrx_word' id='word_1_597' title='bbox 3043 4199 3358 4269; x_wconf 71' lang='lat' dir='ltr'><strong>huiusmodi</strong></span> <span class='ocrx_word' id='word_1_598' title='bbox 3415 4197 3672 4266; x_wconf 81' lang='lat' dir='ltr'><strong>exempla</strong></span> 
     </span>
    </p>
   </div>
   <div class='ocr_carea' id='block_1_86' title="bbox 2086 4288 3670 4376">
    <p class='ocr_par' dir='ltr' id='par_1_86' title="bbox 2086 4288 3670 4376">
     <span class='ocr_line' id='line_1_86' title="bbox 2086 4288 3670 4376; baseline -0.013 -12"><span class='ocrx_word' id='word_1_599' title='bbox 2086 4310 2257 4364; x_wconf 90' lang='lat' dir='ltr'><strong>multa</strong></span> <span class='ocrx_word' id='word_1_600' title='bbox 2286 4304 2530 4376; x_wconf 83' lang='lat' dir='ltr'><strong>proferre</strong></span> <span class='ocrx_word' id='word_1_601' title='bbox 2561 4302 2615 4355; x_wconf 92' lang='lat' dir='ltr'><strong>in</strong></span> <span class='ocrx_word' id='word_1_602' title='bbox 2646 4304 2901 4368; x_wconf 90' lang='lat' dir='ltr'><strong>promptu</strong></span> <span class='ocrx_word' id='word_1_603' title='bbox 2930 4300 3075 4349; x_wconf 86' lang='lat' dir='ltr'><strong>esset</strong></span> <span class='ocrx_word' id='word_1_604' title='bbox 3101 4309 3115 4344; x_wconf 91' lang='lat'><strong>:</strong></span> <span class='ocrx_word' id='word_1_605' title='bbox 3143 4304 3332 4345; x_wconf 85' lang='lat' dir='ltr'><strong>verum</strong></span> <span class='ocrx_word' id='word_1_606' title='bbox 3358 4288 3486 4357; x_wconf 91' lang='lat' dir='ltr'><strong>quia</strong></span> <span class='ocrx_word' id='word_1_607' title='bbox 3516 4302 3606 4341; x_wconf 91' lang='lat' dir='ltr'><strong>res</strong></span> <span class='ocrx_word' id='word_1_608' title='bbox 3630 4302 3670 4343; x_wconf 70' lang='grc' dir='ltr'><strong>ει</strong></span> 
     </span>
    </p>
   </div>
   <div class='ocr_carea' id='block_1_87' title="bbox 2085 4378 3673 4464">
    <p class='ocr_par' dir='ltr' id='par_1_87' title="bbox 2085 4378 3673 4464">
     <span class='ocr_line' id='line_1_87' title="bbox 2085 4378 3673 4464; baseline -0.014 -8"><span class='ocrx_word' id='word_1_609' title='bbox 2085 4399 2261 4456; x_wconf 89' lang='lat' dir='ltr'><strong>doctis</strong></span> <span class='ocrx_word' id='word_1_610' title='bbox 2304 4397 2437 4451; x_wconf 79' lang='lat' dir='ltr'><strong>viris</strong></span> <span class='ocrx_word' id='word_1_611' title='bbox 2477 4394 2590 4464; x_wconf 89' lang='lat' dir='ltr'><strong>jam</strong></span> <span class='ocrx_word' id='word_1_612' title='bbox 2627 4392 2747 4447; x_wconf 82' lang='lat' dir='ltr'><strong>fuse</strong></span> <span class='ocrx_word' id='word_1_613' title='bbox 2789 4405 2855 4444; x_wconf 85' lang='lat' dir='ltr'><strong>ex</strong></span> <span class='ocrx_word' id='word_1_614' title='bbox 2888 4387 3137 4457; x_wconf 78' lang='lat' dir='ltr'><strong>professo</strong></span> <span class='ocrx_word' id='word_1_615' title='bbox 3181 4382 3382 4452; x_wconf 80' lang='lat' dir='ltr'><strong>agitata</strong></span> <span class='ocrx_word' id='word_1_616' title='bbox 3406 4378 3530 4446; x_wconf 84' lang='lat' dir='ltr'><strong>fuit,</strong></span> <span class='ocrx_word' id='word_1_617' title='bbox 3563 4397 3673 4434; x_wconf 34' lang='lat' dir='ltr'><strong>nos</strong></span> 
     </span>
    </p>
   </div>
   <div class='ocr_carea' id='block_1_88' title="bbox 2086 4473 3666 4561">
    <p class='ocr_par' dir='ltr' id='par_1_88' title="bbox 2086 4473 3666 4561">
     <span class='ocr_line' id='line_1_88' title="bbox 2086 4473 3666 4561; baseline -0.013 -14"><span class='ocrx_word' id='word_1_618' title='bbox 2086 4493 2277 4561; x_wconf 89' lang='lat' dir='ltr'><strong>bisque</strong></span> <span class='ocrx_word' id='word_1_619' title='bbox 2302 4489 2369 4543; x_wconf 87' lang='lat' dir='ltr'><strong>ad</strong></span> <span class='ocrx_word' id='word_1_620' title='bbox 2403 4486 2511 4541; x_wconf 90' lang='lat' dir='ltr'><strong>alia</strong></span> <span class='ocrx_word' id='word_1_621' title='bbox 2560 4481 2984 4554; x_wconf 88' lang='lat' dir='ltr'><strong>pr0perautibus</strong></span> <span class='ocrx_word' id='word_1_622' title='bbox 3027 4493 3138 4531; x_wconf 91' lang='lat' dir='ltr'><strong>non</strong></span> <span class='ocrx_word' id='word_1_623' title='bbox 3182 4476 3311 4530; x_wconf 90' lang='lat' dir='ltr'><strong>licet</strong></span> <span class='ocrx_word' id='word_1_624' title='bbox 3340 4474 3428 4529; x_wconf 88' lang='lat' dir='ltr'><strong>bis</strong></span> <span class='ocrx_word' id='word_1_625' title='bbox 3455 4473 3666 4529; x_wconf 84' lang='lat' dir='ltr'><strong>diutius</strong></span> 
     </span>
    </p>
   </div>
   <div class='ocr_carea' id='block_1_89' title="bbox 405 4568 3207 4655">
    <p class='ocr_par' dir='ltr' id='par_1_89' title="bbox 405 4568 3207 4655">
     <span class='ocr_line' id='line_1_89' title="bbox 405 4568 3207 4655; baseline -0.006 -18"><span class='ocrx_word' id='word_1_626' title='bbox 405 4600 514 4655; x_wconf 86' lang='grc' dir='ltr'><strong>ρων</strong></span> <span class='ocrx_word' id='word_1_627' title='bbox 544 4582 824 4636; x_wconf 84' lang='grc' dir='ltr'>πλειόνων.</span> <span class='ocrx_word' id='word_1_628' title='bbox 853 4580 910 4636; x_wconf 87' lang='lat' dir='ltr'><strong>1d</strong></span> <span class='ocrx_word' id='word_1_629' title='bbox 942 4593 1027 4637; x_wconf 90' lang='lat' dir='ltr'><strong>est</strong></span> <span class='ocrx_word' id='word_1_630' title='bbox 1058 4599 1073 4635; x_wconf 87' lang='lat'>:</span> <span class='ocrx_word' id='word_1_631' title='bbox 1110 4579 1224 4650; x_wconf 87' lang='lat' dir='ltr'><strong>Ipsi</strong></span> <span class='ocrx_word' id='word_1_632' title='bbox 1252 4580 1343 4650; x_wconf 89' lang='lat' dir='ltr'><strong>qui</strong></span> <span class='ocrx_word' id='word_1_633' title='bbox 1381 4577 1722 4633; x_wconf 74' lang='lat' dir='ltr'><strong>Alexandria:</strong></span> <span class='ocrx_word' id='word_1_634' title='bbox 1758 4578 1980 4647; x_wconf 81' lang='lat' dir='ltr'><strong>fuimus,</strong></span> <span class='ocrx_word' id='word_1_635' title='bbox 2013 4588 2058 4644; x_wconf 76' lang='grc' dir='ltr'><strong>ι)</strong></span> <span class='ocrx_word' id='word_1_636' title='bbox 2088 4583 2393 4646; x_wconf 83' lang='lat' dir='ltr'><strong>immorari,</strong></span> <span class='ocrx_word' id='word_1_637' title='bbox 2420 4577 2753 4634; x_wconf 86' lang='lat' dir='ltr'><strong>destinatum</strong></span> <span class='ocrx_word' id='word_1_638' title='bbox 2785 4572 3062 4641; x_wconf 89' lang='lat' dir='ltr'><strong>carpimus</strong></span> <span class='ocrx_word' id='word_1_639' title='bbox 3086 4568 3207 4622; x_wconf 90' lang='lat' dir='ltr'><strong>iter.</strong></span> 
     </span>
    </p>
   </div>
   <div class='ocr_carea' id='block_1_90' title="bbox 403 4667 1983 4746">
    <p class='ocr_par' dir='ltr' id='par_1_90' title="bbox 403 4667 1983 4746">
     <span class='ocr_line' id='line_1_90' title="bbox 403 4667 1983 4746; baseline -0.004 -17"><span class='ocrx_word' id='word_1_640' title='bbox 403 4688 453 4729; x_wconf 88' lang='lat' dir='ltr'><strong>et</strong></span> <span class='ocrx_word' id='word_1_641' title='bbox 496 4676 715 4746; x_wconf 82' lang='lat' dir='ltr'><strong>vestigia</strong></span> <span class='ocrx_word' id='word_1_642' title='bbox 748 4672 1195 4728; x_wconf 79' lang='lat' dir='ltr'><strong>dontunrularum</strong></span> <span class='ocrx_word' id='word_1_643' title='bbox 1236 4673 1293 4726; x_wconf 87' lang='lat' dir='ltr'><strong>in</strong></span> <span class='ocrx_word' id='word_1_644' title='bbox 1323 4670 1505 4725; x_wconf 86' lang='lat' dir='ltr'><strong>Pharo</strong></span> <span class='ocrx_word' id='word_1_645' title='bbox 1551 4669 1724 4724; x_wconf 89' lang='lat' dir='ltr'><strong>adhuc</strong></span> <span class='ocrx_word' id='word_1_646' title='bbox 1767 4667 1983 4723; x_wconf 87' lang='lat' dir='ltr'><strong>residua</strong></span> 
     </span>
    </p>
   </div>
   <div class='ocr_carea' id='block_1_91' title="bbox 404 4759 1984 4834">
    <p class='ocr_par' dir='ltr' id='par_1_91' title="bbox 404 4759 1984 4834">
     <span class='ocr_line' id='line_1_91' title="bbox 404 4759 1984 4834; baseline -0.004 -15"><span class='ocrx_word' id='word_1_647' title='bbox 404 4762 654 4828; x_wconf 69' lang='lat' dir='ltr'><strong>vidimus,</strong></span> <span class='ocrx_word' id='word_1_648' title='bbox 689 4771 739 4816; x_wconf 90' lang='lat' dir='ltr'><strong>et</strong></span> <span class='ocrx_word' id='word_1_649' title='bbox 768 4763 833 4817; x_wconf 89' lang='lat' dir='ltr'><strong>ab</strong></span> <span class='ocrx_word' id='word_1_650' title='bbox 866 4762 1082 4828; x_wconf 85' lang='lat' dir='ltr'><strong>incolis,</strong></span> <span class='ocrx_word' id='word_1_651' title='bbox 1118 4763 1210 4834; x_wconf 89' lang='lat' dir='ltr'><strong>qui</strong></span> <span class='ocrx_word' id='word_1_652' title='bbox 1244 4778 1354 4816; x_wconf 89' lang='lat' dir='ltr'><strong>rem</strong></span> <span class='ocrx_word' id='word_1_653' title='bbox 1381 4778 1415 4815; x_wconf 91' lang='lat' dir='ltr'><strong>a</strong></span> <span class='ocrx_word' id='word_1_654' title='bbox 1447 4759 1741 4831; x_wconf 84' lang='lat' dir='ltr'><strong>majoribus</strong></span> <span class='ocrx_word' id='word_1_655' title='bbox 1770 4775 1984 4828; x_wconf 84' lang='lat' dir='ltr'><strong>accepe-</strong></span> 
     </span>
    </p>
   </div>
   <div class='ocr_carea' id='block_1_92' title="bbox 404 4848 1982 4921">
    <p class='ocr_par' dir='ltr' id='par_1_92' title="bbox 404 4848 1982 4921">
     <span class='ocr_line' id='line_1_92' title="bbox 404 4848 1982 4921; baseline -0.002 -16"><span class='ocrx_word' id='word_1_656' title='bbox 404 4861 526 4906; x_wconf 85' lang='lat' dir='ltr'><strong>rant</strong></span> <span class='ocrx_word' id='word_1_657' title='bbox 547 4891 562 4916; x_wconf 98' lang='lat'><strong>,</strong></span> <span class='ocrx_word' id='word_1_658' title='bbox 610 4852 947 4917; x_wconf 85' lang='lat' dir='ltr'><strong>audivimus,</strong></span> <span class='ocrx_word' id='word_1_659' title='bbox 979 4851 1091 4907; x_wconf 69' lang='lat' dir='ltr'><strong>haec</strong></span> <span class='ocrx_word' id='word_1_660' title='bbox 1136 4852 1516 4906; x_wconf 88' lang='lat' dir='ltr'><strong>annuntiamus</strong></span> <span class='ocrx_word' id='word_1_661' title='bbox 1541 4864 1560 4901; x_wconf 89' lang='lat'><strong><em>:</em></strong></span> <span class='ocrx_word' id='word_1_662' title='bbox 1606 4865 1725 4921; x_wconf 79' lang='lat' dir='ltr'><strong>qua:</strong></span> <span class='ocrx_word' id='word_1_663' title='bbox 1763 4864 1830 4903; x_wconf 76' lang='lat' dir='ltr'><strong>ea:</strong></span> <span class='ocrx_word' id='word_1_664' title='bbox 1858 4848 1982 4903; x_wconf 89' lang='lat' dir='ltr'><strong>aliis</strong></span> 
     </span>
    </p>
   </div>
   <div class='ocr_carea' id='block_1_93' title="bbox 404 4945 1985 5017">
    <p class='ocr_par' dir='ltr' id='par_1_93' title="bbox 404 4945 1985 5017">
     <span class='ocr_line' id='line_1_93' title="bbox 404 4945 1985 5017; baseline -0.001 -18"><span class='ocrx_word' id='word_1_665' title='bbox 404 4961 607 5017; x_wconf 83' lang='lat' dir='ltr'><strong>quoque</strong></span> <span class='ocrx_word' id='word_1_666' title='bbox 649 4946 880 5002; x_wconf 84' lang='lat' dir='ltr'><strong>ediscere</strong></span> <span class='ocrx_word' id='word_1_667' title='bbox 912 4946 1133 5015; x_wconf 85' lang='lat' dir='ltr'><strong>potestis</strong></span> <span class='ocrx_word' id='word_1_668' title='bbox 1155 4984 1172 5011; x_wconf 94' lang='lat'><strong>,</strong></span> <span class='ocrx_word' id='word_1_669' title='bbox 1199 4962 1264 4999; x_wconf 87' lang='lat' dir='ltr'><strong>ac</strong></span> <span class='ocrx_word' id='word_1_670' title='bbox 1300 4945 1634 5015; x_wconf 86' lang='lat' dir='ltr'><strong>potissimum</strong></span> <span class='ocrx_word' id='word_1_671' title='bbox 1663 4960 1730 4999; x_wconf 80' lang='lat' dir='ltr'><strong>ea:</strong></span> <span class='ocrx_word' id='word_1_672' title='bbox 1757 4945 1825 4999; x_wconf 92' lang='lat' dir='ltr'><strong>iis</strong></span> <span class='ocrx_word' id='word_1_673' title='bbox 1848 4986 1863 5011; x_wconf 93' lang='lat'><strong>,</strong></span> <span class='ocrx_word' id='word_1_674' title='bbox 1892 4945 1985 5015; x_wconf 85' lang='lat' dir='ltr'><strong>qui</strong></span> 
     </span>
    </p>
   </div>
   <div class='ocr_carea' id='block_1_94' title="bbox 406 5034 1979 5107">
    <p class='ocr_par' dir='ltr' id='par_1_94' title="bbox 406 5034 1979 5107">
     <span class='ocr_line' id='line_1_94' title="bbox 406 5034 1979 5107; baseline 0.001 -16"><span class='ocrx_word' id='word_1_675' title='bbox 406 5038 517 5091; x_wconf 73' lang='lat' dir='ltr'><strong>hazc</strong></span> <span class='ocrx_word' id='word_1_676' title='bbox 536 5047 938 5104; x_wconf 86' lang='lat' dir='ltr'><strong>enarraverunt,</strong></span> <span class='ocrx_word' id='word_1_677' title='bbox 961 5036 1203 5104; x_wconf 86' lang='lat' dir='ltr'><strong>Philone,</strong></span> <span class='ocrx_word' id='word_1_678' title='bbox 1221 5035 1449 5107; x_wconf 84' lang='lat' dir='ltr'><strong>Josepho</strong></span> <span class='ocrx_word' id='word_1_679' title='bbox 1472 5035 1699 5106; x_wconf 87' lang='lat' dir='ltr'><strong>aliisque</strong></span> <span class='ocrx_word' id='word_1_680' title='bbox 1720 5034 1979 5106; x_wconf 81' lang='lat' dir='ltr'><strong>pluribus.</strong></span> 
     </span>
    </p>
   </div>
   <div class='ocr_carea' id='block_1_95' title="bbox 406 5125 1982 5200">
    <p class='ocr_par' dir='ltr' id='par_1_95' title="bbox 406 5125 1982 5200">
     <span class='ocr_line' id='line_1_95' title="bbox 406 5125 1982 5200; baseline -0.001 -18"><span class='ocrx_word' id='word_1_681' title='bbox 406 5127 547 5186; x_wconf 90' lang='lat' dir='ltr'><strong>Hinc</strong></span> <span class='ocrx_word' id='word_1_682' title='bbox 577 5145 710 5185; x_wconf 88' lang='lat' dir='ltr'><strong>sane</strong></span> <span class='ocrx_word' id='word_1_683' title='bbox 741 5130 1052 5200; x_wconf 88' lang='lat' dir='ltr'><strong>conspicias</strong></span> <span class='ocrx_word' id='word_1_684' title='bbox 1081 5145 1146 5185; x_wconf 85' lang='lat' dir='ltr'><strong>ex</strong></span> <span class='ocrx_word' id='word_1_685' title='bbox 1176 5129 1429 5199; x_wconf 87' lang='lat' dir='ltr'><strong>populari</strong></span> <span class='ocrx_word' id='word_1_686' title='bbox 1455 5127 1601 5183; x_wconf 80' lang='lat' dir='ltr'><strong>fama</strong></span> <span class='ocrx_word' id='word_1_687' title='bbox 1635 5128 1782 5199; x_wconf 85' lang='lat' dir='ltr'><strong>loqui</strong></span> <span class='ocrx_word' id='word_1_688' title='bbox 1813 5125 1982 5183; x_wconf 82' lang='lat' dir='ltr'><strong>Justi-</strong></span> 
     </span>
    </p>
   </div>
   <div class='ocr_carea' id='block_1_96' title="bbox 407 5221 1985 5295">
    <p class='ocr_par' dir='ltr' id='par_1_96' title="bbox 407 5221 1985 5295">
     <span class='ocr_line' id='line_1_96' title="bbox 407 5221 1985 5295; baseline 0 -18"><span class='ocrx_word' id='word_1_689' title='bbox 407 5239 538 5278; x_wconf 88' lang='lat' dir='ltr'><strong>num</strong></span> <span class='ocrx_word' id='word_1_690' title='bbox 592 5222 886 5295; x_wconf 84' lang='lat' dir='ltr'><strong>Martyrem</strong></span> <span class='ocrx_word' id='word_1_691' title='bbox 914 5264 929 5289; x_wconf 92' lang='lat'><strong>,</strong></span> <span class='ocrx_word' id='word_1_692' title='bbox 970 5239 1096 5278; x_wconf 81' lang='lat' dir='ltr'><strong>cum</strong></span> <span class='ocrx_word' id='word_1_693' title='bbox 1149 5222 1216 5277; x_wconf 92' lang='lat' dir='ltr'><strong>de</strong></span> <span class='ocrx_word' id='word_1_694' title='bbox 1263 5222 1469 5278; x_wconf 90' lang='lat' dir='ltr'><strong>cellulis</strong></span> <span class='ocrx_word' id='word_1_695' title='bbox 1513 5230 1568 5276; x_wconf 91' lang='lat' dir='ltr'><strong>et</strong></span> <span class='ocrx_word' id='word_1_696' title='bbox 1603 5222 1670 5278; x_wconf 90' lang='lat' dir='ltr'><strong>de</strong></span> <span class='ocrx_word' id='word_1_697' title='bbox 1717 5221 1985 5278; x_wconf 87' lang='lat' dir='ltr'><strong>miraculo</strong></span> 
     </span>
    </p>
   </div>
   <div class='ocr_carea' id='block_1_97' title="bbox 410 5307 1985 5379">
    <p class='ocr_par' dir='ltr' id='par_1_97' title="bbox 410 5307 1985 5379">
     <span class='ocr_line' id='line_1_97' title="bbox 410 5307 1985 5379; baseline -0.004 -10"><span class='ocrx_word' id='word_1_698' title='bbox 410 5323 563 5369; x_wconf 91' lang='lat' dir='ltr'><strong>tanto</strong></span> <span class='ocrx_word' id='word_1_699' title='bbox 610 5313 775 5368; x_wconf 88' lang='lat' dir='ltr'><strong>verba</strong></span> <span class='ocrx_word' id='word_1_700' title='bbox 820 5313 989 5379; x_wconf 82' lang='lat' dir='ltr'><strong>facit;</strong></span> <span class='ocrx_word' id='word_1_701' title='bbox 1029 5326 1155 5377; x_wconf 82' lang='lat' dir='ltr'><strong>nam</strong></span> <span class='ocrx_word' id='word_1_702' title='bbox 1187 5309 1345 5365; x_wconf 82' lang='lat' dir='ltr'><strong>Philo</strong></span> <span class='ocrx_word' id='word_1_703' title='bbox 1396 5318 1451 5365; x_wconf 90' lang='lat' dir='ltr'><strong>et</strong></span> <span class='ocrx_word' id='word_1_704' title='bbox 1495 5307 1805 5379; x_wconf 75' lang='lat' dir='ltr'><strong>Iosephus,</strong></span> <span class='ocrx_word' id='word_1_705' title='bbox 1844 5324 1985 5379; x_wconf 87' lang='lat' dir='ltr'><strong>quos</strong></span> 
     </span>
    </p>
   </div>
   <div class='ocr_carea' id='block_1_98' title="bbox 410 5400 1986 5478">
    <p class='ocr_par' dir='ltr' id='par_1_98' title="bbox 410 5400 1986 5478">
     <span class='ocr_line' id='line_1_98' title="bbox 410 5400 1986 5478; baseline -0.004 -17"><span class='ocrx_word' id='word_1_706' title='bbox 410 5408 629 5478; x_wconf 78' lang='lat' dir='ltr'><strong>allegat,</strong></span> <span class='ocrx_word' id='word_1_707' title='bbox 650 5421 722 5461; x_wconf 89' lang='lat' dir='ltr'><strong>ne</strong></span> <span class='ocrx_word' id='word_1_708' title='bbox 746 5406 977 5461; x_wconf 85' lang='lat' dir='ltr'><strong>verbum</strong></span> <span class='ocrx_word' id='word_1_709' title='bbox 999 5403 1219 5475; x_wconf 89' lang='lat' dir='ltr'><strong>quidem</strong></span> <span class='ocrx_word' id='word_1_710' title='bbox 1243 5403 1311 5459; x_wconf 91' lang='lat' dir='ltr'><strong>de</strong></span> <span class='ocrx_word' id='word_1_711' title='bbox 1339 5401 1551 5459; x_wconf 89' lang='lat' dir='ltr'><strong>cellulis</strong></span> <span class='ocrx_word' id='word_1_712' title='bbox 1575 5411 1629 5457; x_wconf 90' lang='lat' dir='ltr'><strong>et</strong></span> <span class='ocrx_word' id='word_1_713' title='bbox 1654 5402 1721 5456; x_wconf 90' lang='lat' dir='ltr'><strong>de</strong></span> <span class='ocrx_word' id='word_1_714' title='bbox 1748 5400 1986 5456; x_wconf 89' lang='lat' dir='ltr'><strong>mirabili</strong></span> 
     </span>
    </p>
   </div>
   <div class='ocr_carea' id='block_1_99' title="bbox 409 5493 1988 5568">
    <p class='ocr_par' dir='ltr' id='par_1_99' title="bbox 409 5493 1988 5568">
     <span class='ocr_line' id='line_1_99' title="bbox 409 5493 1988 5568; baseline -0.003 -15"><span class='ocrx_word' id='word_1_715' title='bbox 409 5500 771 5568; x_wconf 88' lang='lat' dir='ltr'><strong>interpretum</strong></span> <span class='ocrx_word' id='word_1_716' title='bbox 803 5511 1076 5553; x_wconf 89' lang='lat' dir='ltr'><strong>consensu</strong></span> <span class='ocrx_word' id='word_1_717' title='bbox 1110 5495 1334 5549; x_wconf 91' lang='lat' dir='ltr'><strong>habent.</strong></span> <span class='ocrx_word' id='word_1_718' title='bbox 1371 5493 1661 5549; x_wconf 88' lang='lat' dir='ltr'><strong>Probabile</strong></span> <span class='ocrx_word' id='word_1_719' title='bbox 1692 5494 1860 5565; x_wconf 79' lang='lat' dir='ltr'><strong>igitur</strong></span> <span class='ocrx_word' id='word_1_720' title='bbox 1902 5502 1988 5548; x_wconf 89' lang='lat' dir='ltr'><strong>est</strong></span> 
     </span>
    </p>
   </div>
   <div class='ocr_carea' id='block_1_100' title="bbox 409 5581 1985 5657">
    <p class='ocr_par' dir='ltr' id='par_1_100' title="bbox 409 5581 1985 5657">
     <span class='ocr_line' id='line_1_100' title="bbox 409 5581 1985 5657; baseline -0.006 -11"><span class='ocrx_word' id='word_1_721' title='bbox 409 5590 692 5647; x_wconf 82' lang='lat' dir='ltr'><strong>Justinum</strong></span> <span class='ocrx_word' id='word_1_722' title='bbox 729 5602 794 5643; x_wconf 85' lang='lat' dir='ltr'><strong>ea</strong></span> <span class='ocrx_word' id='word_1_723' title='bbox 832 5601 955 5657; x_wconf 64' lang='lat' dir='ltr'><strong>quin</strong></span> <span class='ocrx_word' id='word_1_724' title='bbox 981 5586 1050 5641; x_wconf 90' lang='lat' dir='ltr'><strong>de</strong></span> <span class='ocrx_word' id='word_1_725' title='bbox 1073 5585 1283 5641; x_wconf 90' lang='lat' dir='ltr'><strong>cellulis</strong></span> <span class='ocrx_word' id='word_1_726' title='bbox 1313 5585 1499 5651; x_wconf 88' lang='lat' dir='ltr'><strong>tradit,</strong></span> <span class='ocrx_word' id='word_1_727' title='bbox 1533 5599 1600 5639; x_wconf 86' lang='lat' dir='ltr'><strong>ex</strong></span> <span class='ocrx_word' id='word_1_728' title='bbox 1637 5584 1827 5638; x_wconf 89' lang='lat' dir='ltr'><strong>iisdem</strong></span> <span class='ocrx_word' id='word_1_729' title='bbox 1858 5581 1985 5636; x_wconf 82' lang='lat' dir='ltr'><strong>fon-</strong></span> 
     </span>
    </p>
   </div>
   <div class='ocr_carea' id='block_1_101' title="bbox 413 5672 1987 5750">
    <p class='ocr_par' dir='ltr' id='par_1_101' title="bbox 413 5672 1987 5750">
     <span class='ocr_line' id='line_1_101' title="bbox 413 5672 1987 5750; baseline -0.008 -12"><span class='ocrx_word' id='word_1_730' title='bbox 413 5684 558 5739; x_wconf 78' lang='lat' dir='ltr'><strong>tibus</strong></span> <span class='ocrx_word' id='word_1_731' title='bbox 587 5679 886 5750; x_wconf 88' lang='lat' dir='ltr'><strong>accepisse,</strong></span> <span class='ocrx_word' id='word_1_732' title='bbox 914 5694 981 5733; x_wconf 90' lang='lat' dir='ltr'><strong>ex</strong></span> <span class='ocrx_word' id='word_1_733' title='bbox 1008 5678 1207 5747; x_wconf 86' lang='lat' dir='ltr'><strong>quibus</strong></span> <span class='ocrx_word' id='word_1_734' title='bbox 1231 5684 1515 5748; x_wconf 89' lang='lat' dir='ltr'><strong>acceperat</strong></span> <span class='ocrx_word' id='word_1_735' title='bbox 1543 5675 1895 5730; x_wconf 68' lang='lat' dir='ltr'><strong>Ptolemaeum</strong></span> <span class='ocrx_word' id='word_1_736' title='bbox 1918 5672 1987 5727; x_wconf 88' lang='lat' dir='ltr'><strong>ab</strong></span> 
     </span>
    </p>
   </div>
   <div class='ocr_carea' id='block_1_102' title="bbox 413 5764 1987 5842">
    <p class='ocr_par' dir='ltr' id='par_1_102' title="bbox 413 5764 1987 5842">
     <span class='ocr_line' id='line_1_102' title="bbox 413 5764 1987 5842; baseline -0.009 -11"><span class='ocrx_word' id='word_1_737' title='bbox 413 5775 626 5832; x_wconf 86' lang='lat' dir='ltr'><strong>Herode</strong></span> <span class='ocrx_word' id='word_1_738' title='bbox 653 5773 967 5830; x_wconf 68' lang='lat' dir='ltr'><strong>Iudaeorum</strong></span> <span class='ocrx_word' id='word_1_739' title='bbox 1000 5786 1128 5842; x_wconf 80' lang='lat' dir='ltr'><strong>rege</strong></span> <span class='ocrx_word' id='word_1_740' title='bbox 1163 5771 1489 5841; x_wconf 85' lang='lat' dir='ltr'><strong>interpretes</strong></span> <span class='ocrx_word' id='word_1_741' title='bbox 1530 5767 1802 5824; x_wconf 87' lang='lat' dir='ltr'><strong>vertendis</strong></span> <span class='ocrx_word' id='word_1_742' title='bbox 1835 5764 1987 5820; x_wconf 84' lang='lat' dir='ltr'><strong>Scri-</strong></span> 
     </span>
    </p>
   </div>
   <div class='ocr_carea' id='block_1_103' title="bbox 415 5860 1989 5945">
    <p class='ocr_par' dir='ltr' id='par_1_103' title="bbox 415 5860 1989 5945">
     <span class='ocr_line' id='line_1_103' title="bbox 415 5860 1989 5945; baseline -0.009 -20"><span class='ocrx_word' id='word_1_743' title='bbox 415 5867 591 5945; x_wconf 84' lang='lat' dir='ltr'><strong>pturis</strong></span> <span class='ocrx_word' id='word_1_744' title='bbox 623 5865 796 5926; x_wconf 83' lang='lat' dir='ltr'><strong>sacris</strong></span> <span class='ocrx_word' id='word_1_745' title='bbox 820 5864 1149 5940; x_wconf 83' lang='lat' dir='ltr'><strong>postulasse.</strong></span> <span class='ocrx_word' id='word_1_746' title='bbox 1178 5862 1283 5931; x_wconf 81' lang='lat' dir='ltr'><strong>Qui</strong></span> <span class='ocrx_word' id='word_1_747' title='bbox 1318 5860 1594 5921; x_wconf 83' lang='lat' dir='ltr'><strong>Justinum</strong></span> <span class='ocrx_word' id='word_1_748' title='bbox 1627 5860 1800 5920; x_wconf 85' lang='lat' dir='ltr'><strong>secuti</strong></span> <span class='ocrx_word' id='word_1_749' title='bbox 1835 5865 1989 5927; x_wconf 83' lang='lat' dir='ltr'><strong>sunt,</strong></span> 
     </span>
    </p>
   </div>
   <div class='ocr_carea' id='block_1_104' title="bbox 2085 4674 3664 4749">
    <p class='ocr_par' dir='ltr' id='par_1_104' title="bbox 2085 4674 3664 4749">
     <span class='ocr_line' id='line_1_104' title="bbox 2085 4674 3664 4749; baseline -0.009 -7"><span class='ocrx_word' id='word_1_750' title='bbox 2085 4687 2175 4742; x_wconf 83' lang='lat' dir='ltr'><strong>1X.</strong></span> <span class='ocrx_word' id='word_1_751' title='bbox 2207 4686 2395 4741; x_wconf 88' lang='lat' dir='ltr'><strong>Utrum</strong></span> <span class='ocrx_word' id='word_1_752' title='bbox 2440 4685 2662 4739; x_wconf 78' lang='lat' dir='ltr'><strong>Aristea:</strong></span> <span class='ocrx_word' id='word_1_753' title='bbox 2695 4677 3011 4749; x_wconf 87' lang='lat' dir='ltr'><strong>primigenia</strong></span> <span class='ocrx_word' id='word_1_754' title='bbox 3053 4674 3279 4729; x_wconf 85' lang='lat' dir='ltr'><strong>historia</strong></span> <span class='ocrx_word' id='word_1_755' title='bbox 3313 4690 3435 4728; x_wconf 89' lang='lat' dir='ltr'><strong>vera</strong></span> <span class='ocrx_word' id='word_1_756' title='bbox 3466 4674 3558 4735; x_wconf 88' lang='lat' dir='ltr'><strong>sit,</strong></span> <span class='ocrx_word' id='word_1_757' title='bbox 3586 4691 3664 4749; x_wconf 75' lang='lat' dir='ltr'><strong>an</strong></span> 
     </span>
    </p>
   </div>
   <div class='ocr_carea' id='block_1_105' title="bbox 2154 4744 3665 4826">
    <p class='ocr_par' dir='ltr' id='par_1_105' title="bbox 2154 4744 3665 4826">
     <span class='ocr_line' id='line_1_105' title="bbox 2154 4744 3665 4826; baseline -0.009 -14"><span class='ocrx_word' id='word_1_758' title='bbox 2154 4758 2379 4826; x_wconf 85' lang='lat' dir='ltr'><strong>conﬁcta</strong></span> <span class='ocrx_word' id='word_1_759' title='bbox 2391 4764 2441 4808; x_wconf 90' lang='lat' dir='ltr'><strong>et</strong></span> <span class='ocrx_word' id='word_1_760' title='bbox 2457 4744 2818 4823; x_wconf 88' lang='lat' dir='ltr'><strong>supposititia,</strong></span> <span class='ocrx_word' id='word_1_761' title='bbox 2836 4744 3136 4817; x_wconf 66' lang='lat' dir='ltr'><strong>afferuntur</strong></span> <span class='ocrx_word' id='word_1_762' title='bbox 3159 4755 3468 4816; x_wconf 86' lang='lat' dir='ltr'><strong>argumenta</strong></span> <span class='ocrx_word' id='word_1_763' title='bbox 3491 4744 3665 4798; x_wconf 86' lang='lat' dir='ltr'><strong>utrin-</strong></span> 
     </span>
    </p>
   </div>
   <div class='ocr_carea' id='block_1_106' title="bbox 2153 4845 2272 4898">
    <p class='ocr_par' dir='ltr' id='par_1_106' title="bbox 2153 4845 2272 4898">
     <span class='ocr_line' id='line_1_106' title="bbox 2153 4845 2272 4898; baseline -0.008 -16"><span class='ocrx_word' id='word_1_764' title='bbox 2153 4845 2272 4898; x_wconf 88' lang='lat' dir='ltr'><strong>que.</strong></span> 
     </span>
    </p>
   </div>
   <div class='ocr_carea' id='block_1_107' title="bbox 2156 4927 3669 5003">
    <p class='ocr_par' dir='ltr' id='par_1_107' title="bbox 2156 4927 3669 5003">
     <span class='ocr_line' id='line_1_107' title="bbox 2156 4927 3669 5003; baseline -0.008 -7"><span class='ocrx_word' id='word_1_765' title='bbox 2156 4939 2339 4997; x_wconf 88' lang='lat' dir='ltr'><strong>Tertia</strong></span> <span class='ocrx_word' id='word_1_766' title='bbox 2381 4937 2600 4993; x_wconf 89' lang='lat' dir='ltr'><strong>demum</strong></span> <span class='ocrx_word' id='word_1_767' title='bbox 2630 4932 2884 5003; x_wconf 67' lang='lat' dir='ltr'><strong>quaestio,</strong></span> <span class='ocrx_word' id='word_1_768' title='bbox 2918 4930 3119 5001; x_wconf 87' lang='lat' dir='ltr'><strong>illaque</strong></span> <span class='ocrx_word' id='word_1_769' title='bbox 3162 4927 3486 5001; x_wconf 80' lang='lat' dir='ltr'><strong>gravissima</strong></span> <span class='ocrx_word' id='word_1_770' title='bbox 3515 4939 3600 4984; x_wconf 89' lang='lat' dir='ltr'><strong>est</strong></span> <span class='ocrx_word' id='word_1_771' title='bbox 3645 4947 3669 4984; x_wconf 86' lang='lat'><strong>:-</strong></span> 
     </span>
    </p>
   </div>
   <div class='ocr_carea' id='block_1_108' title="bbox 2085 5019 3672 5094">
    <p class='ocr_par' dir='ltr' id='par_1_108' title="bbox 2085 5019 3672 5094">
     <span class='ocr_line' id='line_1_108' title="bbox 2085 5019 3672 5094; baseline -0.009 -4"><span class='ocrx_word' id='word_1_772' title='bbox 2085 5051 2216 5090; x_wconf 92' lang='lat' dir='ltr'><strong>num</strong></span> <span class='ocrx_word' id='word_1_773' title='bbox 2264 5033 2490 5087; x_wconf 80' lang='lat' dir='ltr'><strong>Aristeas</strong></span> <span class='ocrx_word' id='word_1_774' title='bbox 2520 5019 2782 5094; x_wconf 77' lang='lat' dir='ltr'><strong>Historia,</strong></span> <span class='ocrx_word' id='word_1_775' title='bbox 2812 5026 2927 5082; x_wconf 77' lang='lat' dir='ltr'><strong>sive</strong></span> <span class='ocrx_word' id='word_1_776' title='bbox 2961 5025 3051 5080; x_wconf 86' lang='lat' dir='ltr'><strong>illa</strong></span> <span class='ocrx_word' id='word_1_777' title='bbox 3094 5039 3217 5094; x_wconf 81' lang='lat' dir='ltr'><strong>quae</strong></span> <span class='ocrx_word' id='word_1_778' title='bbox 3250 5023 3361 5092; x_wconf 85' lang='lat' dir='ltr'><strong>jam</strong></span> <span class='ocrx_word' id='word_1_779' title='bbox 3405 5021 3525 5090; x_wconf 71' lang='lat' dir='ltr'><strong>eius</strong></span> <span class='ocrx_word' id='word_1_780' title='bbox 3564 5035 3672 5076; x_wconf 70' lang='lat' dir='ltr'><strong>no-.</strong></span> 
     </span>
    </p>
   </div>
   <div class='ocr_carea' id='block_1_109' title="bbox 2085 5113 3672 5189">
    <p class='ocr_par' dir='ltr' id='par_1_109' title="bbox 2085 5113 3672 5189">
     <span class='ocr_line' id='line_1_109' title="bbox 2085 5113 3672 5189; baseline -0.011 -7"><span class='ocrx_word' id='word_1_781' title='bbox 2085 5130 2232 5182; x_wconf 89' lang='lat' dir='ltr'><strong>mine</strong></span> <span class='ocrx_word' id='word_1_782' title='bbox 2258 5120 2667 5189; x_wconf 77' lang='lat' dir='ltr'><strong>circumfertur,</strong></span> <span class='ocrx_word' id='word_1_783' title='bbox 2698 5121 3099 5187; x_wconf 84' lang='lat' dir='ltr'><strong>doctorumque</strong></span> <span class='ocrx_word' id='word_1_784' title='bbox 3146 5114 3401 5169; x_wconf 87' lang='lat' dir='ltr'><strong>manibus</strong></span> <span class='ocrx_word' id='word_1_785' title='bbox 3435 5113 3627 5167; x_wconf 77' lang='lat' dir='ltr'><strong>teritur</strong></span> <span class='ocrx_word' id='word_1_786' title='bbox 3645 5129 3672 5179; x_wconf 75' lang='grc'><strong>;⁸</strong></span> 
     </span>
    </p>
   </div>
   <div class='ocr_carea' id='block_1_110' title="bbox 2086 5203 3659 5278">
    <p class='ocr_par' dir='ltr' id='par_1_110' title="bbox 2086 5203 3659 5278">
     <span class='ocr_line' id='line_1_110' title="bbox 2086 5203 3659 5278; baseline -0.008 -10"><span class='ocrx_word' id='word_1_787' title='bbox 2086 5213 2199 5268; x_wconf 89' lang='lat' dir='ltr'><strong>sive</strong></span> <span class='ocrx_word' id='word_1_788' title='bbox 2239 5211 2330 5265; x_wconf 90' lang='lat' dir='ltr'><strong>illa</strong></span> <span class='ocrx_word' id='word_1_789' title='bbox 2368 5225 2490 5278; x_wconf 81' lang='lat' dir='ltr'><strong>quae</strong></span> <span class='ocrx_word' id='word_1_790' title='bbox 2535 5224 2659 5262; x_wconf 91' lang='lat' dir='ltr'><strong>cum</strong></span> <span class='ocrx_word' id='word_1_791' title='bbox 2704 5205 3093 5263; x_wconf 89' lang='lat' dir='ltr'><strong>additamentis</strong></span> <span class='ocrx_word' id='word_1_792' title='bbox 3122 5212 3177 5258; x_wconf 92' lang='lat' dir='ltr'><strong>et</strong></span> <span class='ocrx_word' id='word_1_793' title='bbox 3205 5203 3598 5257; x_wconf 83' lang='lat' dir='ltr'><strong>mutationibus</strong></span> <span class='ocrx_word' id='word_1_794' title='bbox 3627 5217 3659 5256; x_wconf 72' lang='grc' dir='ltr'><strong>α</strong></span> 
     </span>
    </p>
   </div>
   <div class='ocr_carea' id='block_1_111' title="bbox 2085 5294 3662 5371">
    <p class='ocr_par' dir='ltr' id='par_1_111' title="bbox 2085 5294 3662 5371">
     <span class='ocr_line' id='line_1_111' title="bbox 2085 5294 3662 5371; baseline -0.007 -13"><span class='ocrx_word' id='word_1_795' title='bbox 2085 5302 2324 5369; x_wconf 79' lang='lat' dir='ltr'><strong>Justino,</strong></span> <span class='ocrx_word' id='word_1_796' title='bbox 2350 5302 2434 5356; x_wconf 87' lang='lat' dir='ltr'><strong>vel</strong></span> <span class='ocrx_word' id='word_1_797' title='bbox 2462 5301 2531 5355; x_wconf 91' lang='lat' dir='ltr'><strong>ab</strong></span> <span class='ocrx_word' id='word_1_798' title='bbox 2563 5299 2872 5371; x_wconf 86' lang='lat' dir='ltr'><strong>Epiphanio</strong></span> <span class='ocrx_word' id='word_1_799' title='bbox 2903 5296 3149 5360; x_wconf 78' lang='lat' dir='ltr'><strong>affertur,</strong></span> <span class='ocrx_word' id='word_1_800' title='bbox 3172 5308 3301 5349; x_wconf 87' lang='lat' dir='ltr'><strong>vera</strong></span> <span class='ocrx_word' id='word_1_801' title='bbox 3332 5308 3396 5347; x_wconf 90' lang='lat' dir='ltr'><strong>ac</strong></span> <span class='ocrx_word' id='word_1_802' title='bbox 3428 5294 3662 5358; x_wconf 89' lang='lat' dir='ltr'><strong>sincera,</strong></span> 
     </span>
    </p>
   </div>
   <div class='ocr_carea' id='block_1_112' title="bbox 2086 5384 3707 5461">
    <p class='ocr_par' dir='ltr' id='par_1_112' title="bbox 2086 5384 3707 5461">
     <span class='ocr_line' id='line_1_112' title="bbox 2086 5384 3707 5461; baseline -0.007 -10"><span class='ocrx_word' id='word_1_803' title='bbox 2086 5411 2156 5451; x_wconf 85' lang='lat' dir='ltr'><strong>an</strong></span> <span class='ocrx_word' id='word_1_804' title='bbox 2198 5410 2330 5450; x_wconf 83' lang='lat' dir='ltr'><strong>vero</strong></span> <span class='ocrx_word' id='word_1_805' title='bbox 2378 5395 2612 5450; x_wconf 78' lang='lat' dir='ltr'><strong>conﬁcta</strong></span> <span class='ocrx_word' id='word_1_806' title='bbox 2659 5401 2714 5446; x_wconf 90' lang='lat' dir='ltr'><strong>et</strong></span> <span class='ocrx_word' id='word_1_807' title='bbox 2763 5388 3105 5461; x_wconf 87' lang='lat' dir='ltr'><strong>supposititia</strong></span> <span class='ocrx_word' id='word_1_808' title='bbox 3160 5388 3252 5442; x_wconf 93' lang='lat' dir='ltr'><strong>sit.</strong></span> <span class='ocrx_word' id='word_1_809' title='bbox 3296 5384 3435 5439; x_wconf 87' lang='lat' dir='ltr'><strong>Cum</strong></span> <span class='ocrx_word' id='word_1_810' title='bbox 3479 5391 3707 5439; x_wconf 83' lang='lat' dir='ltr'><strong>autem.-</strong></span> 
     </span>
    </p>
   </div>
   <div class='ocr_carea' id='block_1_113' title="bbox 2085 5479 3665 5551">
    <p class='ocr_par' dir='ltr' id='par_1_113' title="bbox 2085 5479 3665 5551">
     <span class='ocr_line' id='line_1_113' title="bbox 2085 5479 3665 5551; baseline -0.008 -7"><span class='ocrx_word' id='word_1_811' title='bbox 2085 5488 2472 5544; x_wconf 80' lang='lat' dir='ltr'><strong>additamentis</strong></span> <span class='ocrx_word' id='word_1_812' title='bbox 2494 5486 2601 5540; x_wconf 89' lang='lat' dir='ltr'><strong>illis</strong></span> <span class='ocrx_word' id='word_1_813' title='bbox 2633 5483 2795 5539; x_wconf 83' lang='lat' dir='ltr'><strong>ﬁdem</strong></span> <span class='ocrx_word' id='word_1_814' title='bbox 2819 5497 2942 5538; x_wconf 88' lang='lat' dir='ltr'><strong>esse</strong></span> <span class='ocrx_word' id='word_1_815' title='bbox 2966 5479 3339 5551; x_wconf 80' lang='lat' dir='ltr'><strong>denegandam</strong></span> <span class='ocrx_word' id='word_1_816' title='bbox 3359 5479 3471 5547; x_wconf 86' lang='lat' dir='ltr'><strong>jam</strong></span> <span class='ocrx_word' id='word_1_817' title='bbox 3499 5492 3665 5546; x_wconf 86' lang='lat' dir='ltr'><strong>supra</strong></span> 
     </span>
    </p>
   </div>
   <div class='ocr_carea' id='block_1_114' title="bbox 2087 5570 3665 5641">
    <p class='ocr_par' dir='ltr' id='par_1_114' title="bbox 2087 5570 3665 5641">
     <span class='ocr_line' id='line_1_114' title="bbox 2087 5570 3665 5641; baseline -0.009 -7"><span class='ocrx_word' id='word_1_818' title='bbox 2087 5580 2520 5635; x_wconf 89' lang='lat' dir='ltr'><strong>demonstratum</strong></span> <span class='ocrx_word' id='word_1_819' title='bbox 2545 5576 2635 5641; x_wconf 91' lang='lat' dir='ltr'><strong>sit,</strong></span> <span class='ocrx_word' id='word_1_820' title='bbox 2660 5582 2832 5629; x_wconf 87' lang='lat' dir='ltr'><strong>restat</strong></span> <span class='ocrx_word' id='word_1_821' title='bbox 2854 5582 2914 5629; x_wconf 92' lang='lat' dir='ltr'><strong>ut</strong></span> <span class='ocrx_word' id='word_1_822' title='bbox 2934 5573 3000 5628; x_wconf 86' lang='lat' dir='ltr'><strong>de</strong></span> <span class='ocrx_word' id='word_1_823' title='bbox 3016 5571 3352 5641; x_wconf 66' lang='lat' dir='ltr'><strong>primigenia:</strong></span> <span class='ocrx_word' id='word_1_824' title='bbox 3367 5570 3665 5623; x_wconf 81' lang='lat' dir='ltr'><strong>Aristeanae</strong></span> 
     </span>
    </p>
   </div>
   <div class='ocr_carea' id='block_1_115' title="bbox 2089 5661 3665 5735">
    <p class='ocr_par' dir='ltr' id='par_1_115' title="bbox 2089 5661 3665 5735">
     <span class='ocr_line' id='line_1_115' title="bbox 2089 5661 3665 5735; baseline -0.008 -9"><span class='ocrx_word' id='word_1_825' title='bbox 2089 5671 2339 5726; x_wconf 68' lang='lat' dir='ltr'><strong>Historiae</strong></span> <span class='ocrx_word' id='word_1_826' title='bbox 2367 5671 2470 5725; x_wconf 83' lang='lat' dir='ltr'><strong>ﬁde</strong></span> <span class='ocrx_word' id='word_1_827' title='bbox 2494 5683 2637 5723; x_wconf 90' lang='lat' dir='ltr'><strong>nunc</strong></span> <span class='ocrx_word' id='word_1_828' title='bbox 2663 5680 2910 5735; x_wconf 81' lang='lat' dir='ltr'><strong>agamus.</strong></span> <span class='ocrx_word' id='word_1_829' title='bbox 2947 5661 3237 5718; x_wconf 81' lang='lat' dir='ltr'><strong>Historiam</strong></span> <span class='ocrx_word' id='word_1_830' title='bbox 3265 5663 3412 5717; x_wconf 89' lang='lat' dir='ltr'><strong>illam</strong></span> <span class='ocrx_word' id='word_1_831' title='bbox 3438 5675 3665 5732; x_wconf 87' lang='lat' dir='ltr'><strong>prorsus</strong></span> 
     </span>
    </p>
   </div>
   <div class='ocr_carea' id='block_1_116' title="bbox 2091 5748 3670 5827">
    <p class='ocr_par' dir='ltr' id='par_1_116' title="bbox 2091 5748 3670 5827">
     <span class='ocr_line' id='line_1_116' title="bbox 2091 5748 3670 5827; baseline -0.01 -11"><span class='ocrx_word' id='word_1_832' title='bbox 2091 5760 2334 5818; x_wconf 81' lang='lat' dir='ltr'><strong>tictitiam</strong></span> <span class='ocrx_word' id='word_1_833' title='bbox 2381 5769 2435 5815; x_wconf 89' lang='lat' dir='ltr'><strong>et</strong></span> <span class='ocrx_word' id='word_1_834' title='bbox 2469 5756 2901 5815; x_wconf 88' lang='lat' dir='ltr'><strong>commentitiam</strong></span> <span class='ocrx_word' id='word_1_835' title='bbox 2935 5770 3060 5811; x_wconf 91' lang='lat' dir='ltr'><strong>esse</strong></span> <span class='ocrx_word' id='word_1_836' title='bbox 3103 5762 3345 5826; x_wconf 76' lang='lat' dir='ltr'><strong>pugnant</strong></span> <span class='ocrx_word' id='word_1_837' title='bbox 3375 5750 3530 5805; x_wconf 85' lang='lat' dir='ltr'><strong>multi</strong></span> <span class='ocrx_word' id='word_1_838' title='bbox 3558 5748 3670 5827; x_wconf 28' lang='lat' dir='ltr'><strong>viri.</strong></span> 
     </span>
    </p>
   </div>
   <div class='ocr_carea' id='block_1_117' title="bbox 2090 5842 3671 5912">
    <p class='ocr_par' dir='ltr' id='par_1_117' title="bbox 2090 5842 3671 5912">
     <span class='ocr_line' id='line_1_117' title="bbox 2090 5842 3671 5912; baseline -0.009 0"><span class='ocrx_word' id='word_1_839' title='bbox 2090 5851 2391 5912; x_wconf 84' lang='lat' dir='ltr'><strong>doctissimi</strong></span> <span class='ocrx_word' id='word_1_840' title='bbox 2428 5870 2440 5907; x_wconf 88' lang='lat'><strong>:</strong></span> <span class='ocrx_word' id='word_1_841' title='bbox 2472 5867 2539 5909; x_wconf 81' lang='lat' dir='ltr'><strong>ex</strong></span> <span class='ocrx_word' id='word_1_842' title='bbox 2573 5848 2872 5908; x_wconf 82' lang='lat' dir='ltr'><strong>Catholicis</strong></span> <span class='ocrx_word' id='word_1_843' title='bbox 2904 5847 3171 5905; x_wconf 59' lang='lat' dir='ltr'><strong>ilem‘icus</strong></span> <span class='ocrx_word' id='word_1_844' title='bbox 3208 5842 3474 5904; x_wconf 77' lang='lat' dir='ltr'><strong>Valesius.</strong></span> <span class='ocrx_word' id='word_1_845' title='bbox 3501 5855 3671 5905; x_wconf 69' lang='lat' dir='ltr'><strong>quens</strong></span> 
     </span>
    </p>
   </div>
  </div>
