4122 6430
412 368 490 428 ος
1767 365 2312 444 pannosum
3608 382 3677 432 st

415 490 668 563 sequitur
709 489 946 546 Joannes
991 489 1140 543 Bona
1199 488 1512 554 cardinalis,
1557 453 1796 558 itemque
1840 488 1994 560 Egi-
2029 497 2072 552 Α
2168 488 2450 545 Laudatur
2501 488 2776 546 Ptolemati
2825 490 3103 563 Evergetis
3139 493 3273 563 (non
3314 491 3676 566 Philadelphi,

417 585 545 638 dius
570 581 847 652 Menagius
869 589 921 635 et
947 581 1074 646 alii;
1102 595 1169 634 ex
1199 579 1548 635 heterodoxis
1575 577 1848 648 Josephus
1873 580 1999 635 Sea-

417 674 575 742 liger,
603 671 937 728 Humfredus
964 661 1192 743 liody'in
1221 671 1594 728 eruditissimo
1625 686 1787 740 opere
1814 682 1999 727 contra

419 764 724 820 Historiam
751 765 995 827 Aristus,
1024 773 1080 818 et
1105 764 1402 819 novissime
1432 764 1702 819 Antonius
1731 763 1846 818 Van
1875 767 2000 822 Dale

417 858 472 912 in
523 855 913 912 Dissertatione
969 872 1127 926 super
1175 854 1420 910 Historia
1479 857 1751 923 Aristus;
1799 859 2003 929 aliique

413 948 840 1019 quamplurimi.

487 1039 678 1094 Primo
725 1040 930 1095 dicitur
961 1038 1232 1094 Aristcam
1267 1039 1440 1105 illum,
1469 1039 1564 1110 qui
1611 1055 1669 1094 se
1699 1050 1753 1093 et
1777 1048 1900 1094 ortu
1947 1049 2003 1095 et

414 1131 740 1202 parentibus
791 1131 1039 1188 Graecum
1081 1149 1201 1190 esse
1244 1133 1432 1204 ﬁngit,
1475 1148 1597 1188 esse
1643 1132 1790 1188 haud
1837 1133 2002 1190 dubie

412 1223 672 1280 Judaeum
715 1223 1089 1288 Hellenistam,
1120 1234 1180 1280 ut
1209 1227 1570 1297 comprobant
1603 1226 1738 1280 bene
1776 1226 1944 1280 multa
1983 1245 1996 1281 :

417 1315 654 1385 exempli
707 1331 875 1372 causa
925 1315 1276 1372 Judaicarum
1325 1318 1503 1388 legum
1569 1317 1726 1387 plena
1784 1319 2000 1382 notitia,

421 1407 590 1464 unius
631 1408 725 1463 Dei
760 1409 1023 1480 cognitio,
1067 1410 1213 1464 nulla
1240 1409 1472 1465 admista
1513 1410 1810 1480 Serapidis,
1843 1411 2002 1466 Isidis

422 1499 788 1570 aliorumque,
816 1501 909 1571 qui
945 1509 1058 1556 tum
1101 1503 1339 1556 maxime
1366 1502 1709 1557 Alexandria
1749 1503 2004 1557 coleban-

421 1599 533 1657 tur,
575 1591 800 1646 deorum
837 1594 1378 1648 commemoratione.
1417 1592 1474 1648 lu
1520 1595 1636 1664 ipsa
1688 1595 2004 1649 narratione

423 1677 731 1736 liebraismi
757 1682 979 1752 plurimi
1003 1694 1332 1740 occurrunt:
1354 1700 1476 1754 quae
1501 1686 1685 1742 omnia
1718 1695 2002 1741 auctorem

423 1787 552 1827 vere
577 1770 826 1828 Judaeum
855 1774 1115 1843 produnt.

2101 591 2161 636 ut
2185 582 2406 652 quidam
2451 581 2657 654 dixere)
2692 581 3013 652 liberalitas,
3045 584 3192 654 quod
3225 582 3534 656 Sephoclis,
3569 585 3678 641 Eu-

2101 674 2292 743 ripidis
2341 683 2397 729 et
2449 672 2696 745 Eschyli
2751 675 3084 744 exemplaria
3128 676 3197 731 ab
3247 675 3680 734 Atheniensibus

2102 774 2404 832 mutuatus,
2432 773 2492 821 ut
2523 764 2756 820 exscribi
2782 775 3019 833 curaret,
3048 767 3336 822 reservatis
3362 769 3466 823 sibi
3493 785 3680 823 exem-

2102 859 2363 930 plaribus,
2389 859 2702 930 apographa
2743 861 3109 930 pulcherrima
3148 859 3460 928 reddiderit,
3486 862 3681 918 simul-

2101 967 2208 1020 que
2239 966 2510 1005 summam
2560 951 2875 1022 quindecim
2923 953 3278 1016 talentorum,
3309 968 3476 1023 quam
3510 953 3681 1008 Athe-

2102 1044 2386 1098 niensibus
2411 1043 2883 1114 oppigneraverat,
2933 1045 3000 1100 iis
3049 1045 3103 1099 in
3150 1045 3380 1116 gratiam
3429 1044 3682 1100 beneficii

2101 1134 2404 1202 reliquerit.
2435 1132 2578 1187 Sane
2607 1135 2919 1204 quindecim
2953 1135 3283 1190 talentorum
3313 1151 3526 1192 summa
3553 1145 3683 1191 tunc

2101 1225 2367 1294 temporis
2400 1228 2583 1296 magni
2629 1227 2964 1294 habebatur;
2996 1240 3053 1283 at
3081 1227 3210 1299 quid
3246 1229 3398 1283 dicas
3429 1229 3498 1294 si,
3531 1243 3684 1282 com-

2103 1321 2311 1390 putatis
2344 1322 2601 1376 omnibus
2632 1337 2755 1391 qua;
2783 1337 2882 1392 pro
2913 1321 3280 1391 adipiscendis
3309 1321 3469 1392 Legis
3501 1337 3684 1376 exem-

2104 1410 2348 1479 plaribus
2397 1426 2427 1464 a
2470 1409 2830 1480 Philadelpho
2876 1426 3116 1480 expensa
3161 1421 3310 1476 sunt,
3340 1411 3686 1480 captivorum

2107 1503 2355 1558 videlicet
2410 1504 2604 1572 pretio,
2659 1504 2818 1559 donis
2865 1502 3166 1571 Eleazaro,
3218 1504 3440 1573 templo,
3490 1518 3686 1558 senum

2103 1593 2329 1648 cuilibet
2362 1593 2580 1655 oblatis,
2610 1593 2732 1663 plus
2759 1609 2926 1662 quam
2953 1593 3102 1648 mille
3126 1594 3486 1648 ducentorum
3511 1591 3686 1647 talenr

2104 1693 2286 1740 torum
2311 1700 2582 1740 summam
2618 1685 2898 1754 reperias?
2927 1685 3125 1738 Annon
3158 1683 3477 1738 exhaustam
3527 1684 3696 1754 plane

2106 1792 2294 1847 gazam
2318 1777 2520 1847 regiam
2548 1776 2786 1832 inferas?
2805 1775 2978 1832 Nemo
3008 1776 3283 1849 negaverit
3307 1775 3422 1831 haec
3446 1774 3683 1830 fabulam

500 1864 774 1919 Praeterea
817 1865 1113 1936 objicitur,
1161 1865 1492 1924 Demetrium
1541 1867 1866 1926 Phalereum
1917 1871 2006 1926 hic
2036 1862 2079 1918 Β
2112 1884 2326 1938 sapere.

423 1952 611 2011 induci
637 1956 982 2014 bibliothecae
1007 1961 1169 2032 regiae
1197 1960 1472 2017 Ptolemaei
1503 1961 1846 2034 Philadelphi
1875 1980 2015 2034 prm-

425 2041 668 2112 feetum,
721 2062 846 2102 eum
904 2057 1083 2104 tamen
1138 2048 1465 2120 Hermippus
1522 2053 1665 2123 apud
1715 2052 2008 2125 Diogenem

424 2137 708 2196 Laertium
733 2151 937 2207 narret,
965 2143 1296 2200 Demetrium
1321 2144 1643 2201 Phalereum
1671 2147 2009 2220 transfugam

424 2232 568 2302 apud
600 2231 953 2290 Ptolemaeum
991 2234 1238 2292 Soterem
1271 2236 1401 2308 Lagi
1438 2238 1633 2302 lilium,
1671 2255 1796 2294 cum
1821 2237 2010 2295 Ptole-

426 2339 563 2380 inan
611 2323 970 2396 Philadelpho
1017 2328 1334 2384 adversatus
1375 2341 1563 2393 esset.
1608 2339 1731 2401 post
1779 2343 2008 2388 mortem

425 2412 644 2486 Lagidaa
689 2432 720 2472 a
754 2416 1116 2489 Philadelpho
1166 2422 1462 2492 relegatum
1496 2420 1688 2489 fuisse,
1727 2432 1782 2478 et
1820 2440 2011 2478 morsu

423 2507 630 2578 aspidis
671 2509 898 2568 abiisse.
947 2511 1030 2567 Ad
1059 2513 1175 2568 haec
1209 2511 1515 2569 Demetrius
1561 2515 1651 2570 ille
1679 2514 2005 2580 Phalereus,

427 2599 592 2656 homo
613 2599 1074 2668 facundissimus,
1104 2612 1162 2660 et
1191 2620 1291 2660 sua
1336 2612 1494 2660 attate
1522 2605 1716 2661 Atticae
1742 2606 2008 2676 eloquen-

425 2691 516 2748 tiae
560 2691 720 2749 facile
767 2695 1062 2766 princeps;
1109 2695 1263 2768 isque
1306 2697 1530 2752 deorum
1579 2697 1776 2766 cultor,
1829 2697 2016 2768 pravis

425 2786 678 2842 moribus
708 2786 951 2856 luxuque
984 2788 1260 2858 perditus;
1296 2789 1386 2844 hic
1415 2790 1484 2843 ab
1524 2789 1737 2845 Aristea
1786 2790 2012 2846 exhibe-

426 2885 517 2932 tur
574 2878 666 2934 vix
721 2877 908 2934 Graece
965 2878 1078 2933 imo
1129 2879 1364 2936 barbare
1416 2881 1648 2951 loquens
1683 2881 1736 2934 in
1782 2881 2012 2951 epistola

428 2967 593 3040 quam
646 2970 838 3026 scribit
888 2971 956 3026 ad
989 2969 1436 3042 Philadelphum;
1479 2972 1644 3027 unius
1672 2971 1765 3027 Dei
1811 2973 2012 3040 cultor,

429 3071 617 3132 utpote
643 3063 736 3133 qui
775 3061 1126 3119 Hebraeorum
1163 3065 1336 3136 legem
1382 3079 1482 3136 pro
1515 3065 1697 3120 divina
1737 3066 2014 3119 omnium-

427 3169 536 3224 que
556 3155 905 3210 sanctissima
937 3156 1152 3223 habeat,
1177 3165 1233 3211 et
1261 3157 1410 3213 diras
1443 3158 1772 3227 imprecetur
1812 3158 1882 3214 iis
1913 3157 2010 3228 qui

429 3223 484 3300 in
534 3248 893 3304 translatione
929 3246 1118 3302 LXXII
1155 3223 1751 3320 Interpretunt—aliquid
1787 3223 2008 3315 addere,
2037 3223 2084 3286 ο

428 3336 514 3392 vel
543 3337 780 3403 demere,
818 3341 902 3397 vel
933 3341 1228 3396 immutare
1268 3343 1387 3398 ausi
1419 3340 1642 3397 fuerint.
1674 3341 1848 3397 Erunt
1898 3342 2012 3398 for-

431 3439 580 3486 tasse
611 3431 706 3502 qui
742 3433 871 3488 huic
915 3444 1240 3506 argumento
1268 3436 1482 3490 occurri
1514 3451 1676 3506 posse
1720 3437 2009 3507 putabunt,

430 3535 498 3576 ex
531 3519 747 3579 Cosmae
775 3523 1012 3598 Egyptii
1053 3542 1226 3597 nuper
1250 3542 1281 3582 a
1323 3528 1482 3583 nobis
1510 3528 1641 3584 editi
1677 3539 1922 3584 narratu.
1959 3525 2011 3584 Is

431 3615 577 3670 enim
629 3616 688 3671 in
735 3615 1105 3688 Topographia
1137 3617 1466 3684 Christiana,
1492 3635 1656 3689 quam
1699 3617 2012 3676 Iustiniano

434 3706 738 3776 imperante
781 3709 971 3775 edidit,
1003 3723 1110 3763 non
1159 3708 1492 3764 Demetrium
1540 3709 1886 3780 Phalereum,
1914 3711 2013 3769 sed

435 3797 784 3871 Tryphonem
813 3798 1136 3856 Phalereum
1185 3801 1289 3856 sub
1336 3801 1628 3858 Ptolemaeo
1657 3801 2016 3876 Philadelpho

435 3891 778 3947 bibliotheca:
807 3893 969 3964 regiae
1003 3895 1285 3948 custodem
1335 3893 1507 3950 fuisse
1551 3894 1685 3950 dicit
1717 3913 1730 3948 :
1759 3912 1866 3966 qua
1913 3897 2014 3951 ad-

433 3982 602 4038 missa
638 3983 891 4050 lectione,
927 3984 1130 4040 cadunt
1175 3985 1362 4040 omnia
1389 3984 1480 4040 illa
1525 3996 1864 4056 argumenta,
1895 4003 2018 4057 qua:

433 4082 614 4130 stante
657 4073 936 4131 Demetrio
984 4075 1250 4132 Phalereo
1278 4076 1514 4146 alicujus
1541 4078 1802 4132 momenti
1835 4089 2014 4135 erant.

433 4164 505 4218 At
535 4164 666 4234 quid
703 4164 878 4220 valeat
906 4165 1009 4220 hac
1031 4166 1088 4220 in
1119 4182 1179 4222 re
1201 4167 1489 4238 scriptoris
1513 4168 1700 4233 unius,
1721 4178 1776 4223 et
1794 4169 2016 4240 quidem

434 4253 715 4312 inferioris
745 4257 868 4325 aevi,
904 4257 1298 4326 testimonium,
1329 4259 1552 4331 quando
1586 4275 1778 4317 omnes
1808 4277 1839 4316 a
1876 4261 2020 4331 prin-

434 4346 600 4418 cipio,
639 4349 736 4419 qui
775 4347 1047 4405 Aristeam
1090 4349 1408 4417 meminere,
1447 4349 1779 4407 Demetrium
1825 4351 2018 4406 Phale-

435 4457 590 4496 reum
611 4442 834 4499 habent.
849 4443 1008 4500 Certe
1027 4443 1162 4498 nulli
1183 4444 1408 4499 dubium
1434 4459 1558 4500 esse
1579 4454 1755 4514 potest
1777 4446 2016 4516 primum

437 4532 590 4588 illum
633 4533 945 4604 Aristeam,
999 4533 1332 4590 Demetrium
1381 4535 1700 4592 Phalereum
1746 4537 1874 4592 item
1915 4539 2013 4593 ha-

435 4626 644 4682 buisse.
704 4625 884 4692 Quare
941 4625 1173 4684 Cosmus
1239 4627 1530 4701 Aﬂgyptius
1600 4631 1685 4684 vel
1747 4631 2013 4685 memoria

436 4718 626 4789 lapsus
659 4729 762 4786 est,
797 4720 880 4774 vel
907 4719 1128 4776 aliunde
1157 4737 1396 4776 errorem
1423 4732 1508 4778 est
1533 4729 1834 4778 mutuatus.

507 4807 617 4866 Nec
643 4811 810 4866 modo
837 4809 1167 4866 Demetrium
1192 4810 1537 4877 Phalereum,
1575 4814 1667 4868 sed
1693 4813 1854 4867 etiam
1887 4812 2014 4868 Pto-

434 4901 686 4960 lunatum
720 4904 900 4973 ipsum
943 4902 1382 4974 Philadelphum,
1421 4903 1652 4959 fratrum
1703 4905 2016 4960 interfecto-

435 5007 575 5058 rem,
617 4994 825 5051 sororis
873 4995 1199 5067 conjugem,
1245 4997 1404 5068 cujus
1451 4997 1727 5062 mollities,
1773 4997 2012 5064 luxuria,

437 5087 665 5154 scelera,
697 5088 766 5142 ab
792 5087 1072 5142 historicis
1097 5087 1460 5155 celebrantur,
1491 5089 1564 5144 ita
1589 5088 1737 5158 pium
1769 5089 2016 5160 legisque

435 5178 689 5236 Mosaicae
734 5180 998 5235 cultorem
1044 5179 1264 5236 exhibet
1289 5165 1554 5248 Aristtias,
1590 5189 1650 5235 ut
1685 5196 1870 5252 regem
1904 5179 2012 5235 Da—

433 5273 614 5327 videm
671 5273 757 5327 vel
803 5271 1092 5330 Ezechiam
1141 5272 1314 5329 dicas.
1369 5271 1420 5328 ls
1471 5273 1665 5328 allatas
1711 5275 1817 5330 sibi
1855 5272 2016 5342 Legis

435 5363 806 5429 membranas,
842 5373 993 5420 tanta
1049 5366 1398 5421 veneratione
1450 5374 1777 5437 prosecutus
1815 5376 1920 5434 est,
1957 5375 2016 5422 ut

433 5455 635 5524 septies
679 5455 948 5526 adoraret,
984 5473 1050 5514 ac
1088 5473 1201 5529 prae
1231 5460 1431 5531 gaudio
1459 5461 1878 5531 lacrymaretur.
1907 5459 2014 5515 Pa-

435 5561 550 5599 rem
594 5561 724 5618 erga
771 5547 939 5618 legem
981 5549 1274 5606 Mosaicam
1315 5551 1522 5606 cultum
1556 5553 1816 5608 exhibent
1841 5552 2015 5609 Gnaei

433 5651 650 5705 omnes,
681 5648 951 5710 quotquot
971 5641 1024 5695 in
1050 5643 1334 5698 Aristeana
1356 5641 1596 5700 Historia
1621 5654 2013 5712 memorantur,

439 5741 499 5784 ut
532 5733 671 5788 mira
701 5735 1133 5805 metamorphosi
1166 5737 1360 5794 credas
1399 5754 1591 5794 omnes
1637 5739 1731 5809 qui
1764 5738 1892 5794 huic
1921 5755 2014 5794 ne-

441 5823 587 5896 gotio
621 5824 920 5896 intersunt,
947 5827 1233 5898 derepente
1264 5833 1564 5900 proselylos
1594 5830 1766 5890 factos
1800 5847 1942 5891 esse.

2183 1959 2378 2013 Mirum
2414 1959 2576 2013 etiam
2621 1959 2872 2016 videatur
2910 1974 3020 2029 quo
3045 1968 3204 2030 pacto
3251 1957 3544 2015 Eleazarus
3590 1974 3690 2014 sex

2109 2068 2175 2107 ex
2225 2053 2454 2122 singulis
2506 2053 2757 2107 tribubus
2805 2054 2976 2116 viros,
3010 2067 3190 2115 senes,
3245 2052 3380 2106 bene
3421 2062 3686 2118 moratos,

2110 2145 2322 2207 doctos,
2361 2142 2519 2213 Legis
2564 2143 2947 2213 peritissimos,
2999 2151 3053 2197 et
3080 2153 3370 2212 utramque
3419 2142 3685 2212 linguam,

2113 2235 2393 2292 llebrmam
2417 2235 2625 2290 scilicet
2649 2244 2703 2290 et
2730 2235 3000 2302 Graecam,
3032 2237 3277 2306 apprime
3306 2234 3587 2298 callentes,
3611 2234 3692 2289 sic

2113 2338 2333 2398 paratos
2369 2335 2424 2381 et
2455 2327 2524 2381 ad
2560 2341 2782 2380 manum
2836 2326 3109 2392 habuerit,
3143 2334 3205 2380 ut
3237 2335 3459 2396 rogatus
3505 2325 3694 2404 statim

2113 2421 2346 2486 miserit,
2385 2435 2511 2474 cum
2544 2428 2724 2474 tamen
2750 2417 2992 2473 Eleazari
3024 2427 3286 2488 tempore,
3319 2417 3402 2471 vel
3434 2418 3582 2472 nulla
3605 2418 3694 2472 vel

2113 2514 2329 2570 modica
2364 2513 2605 2567 tribuum
2640 2512 2922 2566 distinctio
2952 2510 3122 2565 fuisse
3153 2510 3429 2565 credatur.

2182 2607 2264 2661 Ad
2295 2606 2410 2660 haec
2437 2605 2718 2658 victoriam
2755 2603 2904 2656 illam
2934 2603 3002 2658 de
3027 2603 3302 2674 Antigono
3333 2611 3694 2674 reportatam,

2113 2699 2302 2754 eodem
2346 2707 2588 2766 tempore
2617 2712 2726 2766 quo
2757 2693 2950 2749 LXXII
2971 2710 3140 2777 [senes
3171 2694 3559 2749 Alexandriam
3591 2693 3692 2749 ad-

2112 2805 2331 2857 venere,
2364 2801 2422 2844 ut
2453 2798 2638 2842 narrat
2675 2788 2944 2854 Aristeas,
2982 2797 3191 2842 certum
3220 2796 3315 2843 est.
3349 2788 3534 2846 multis
3567 2795 3695 2845 ante

2113 2883 2296 2948 annis,
2329 2889 2590 2953 regnante
2616 2881 2862 2936 videlicet
2889 2879 3183 2936 Ptolemaeo
3213 2879 3344 2952 Lagi
3375 2881 3488 2934 tilio
3517 2881 3696 2934 conti-

2114 2976 2280 3046 gisse.
2337 2973 2479 3029 Sunt
2526 2982 2581 3029 et
2621 2974 2726 3028 alia
2772 2973 2942 3028 multa
2992 2988 3115 3043 qua:
3154 2984 3347 3027 contra
3395 2972 3695 3027 Aristeame

2116 3067 2359 3123 historia:
2385 3065 2758 3122 sinceritatem
2792 3063 3094 3119 afferuntur
3119 3082 3132 3118 :
3161 3072 3216 3118 at
3242 3073 3528 3134 postquam
3556 3077 3696 3133 pra:-

2115 3156 2276 3228 cipua
2323 3156 2377 3210 in
2423 3157 2665 3211 medium
2711 3154 3063 3220 adduximus,
3094 3155 3164 3209 ab
3193 3155 3316 3210 aliis
3343 3153 3698 3210 recensendis

2111 3249 2420 3320 compendii
2447 3263 2613 3304 causa
2645 3247 3027 3304 abstinendum
3059 3257 3334 3318 putamus.

2182 3342 2289 3396 Alii
2325 3358 2427 3413 pro
2471 3341 2700 3398 Aristeas
2744 3339 2983 3398 Historia
3025 3350 3195 3408 stant,
3224 3340 3455 3410 ejusque
3480 3339 3700 3411 γνησιό-

2111 3452 2250 3507 τητα
2275 3449 2618 3505 propugnare
2650 3435 2900 3488 nituntur
2926 3451 2940 3487 :
2971 3449 3038 3488 ex
3067 3432 3398 3496 Catholicis,
3425 3430 3700 3496 Serarius,

2111 3527 2436 3592 Gretserus,
2481 3524 2688 3582 Paulus
2737 3524 3076 3590 Pezronius,
3131 3523 3399 3590 multique
3451 3521 3583 3588 alii;
3630 3539 3698 3577 ex

2113 3619 2486 3686 beterodoxis,
2519 3618 2755 3673 Brianus
2783 3615 3100 3683 Waltonus,
3129 3613 3284 3669 lsaac
3318 3611 3564 3678 Vossius,
3585 3615 3701 3668 alii-

2113 3725 2221 3780 que
2249 3710 2493 3780 insignes
2521 3709 2646 3763 viri.
2682 3705 2800 3761 Non
2833 3704 3070 3760 referam
3119 3714 3504 3774 argumentum
3550 3705 3699 3775 quod

2113 3817 2183 3856 ex
2229 3799 2453 3856 Patrum
2492 3799 2808 3856 testimonio
2839 3797 2907 3852 ad
2953 3797 3236 3852 tutandam
3266 3796 3566 3851 Aristeana‘.
3600 3795 3698 3852 ﬂi-

2116 3893 2302 3950 storiaa
2329 3893 2612 3948 veritatem
2642 3891 2865 3962 quidam
2889 3889 3143 3946 afferunt.
3161 3887 3296 3944 Nam
3320 3904 3444 3944 cum
3469 3887 3568 3942 SS.
3593 3887 3698 3944 Pa-

2117 3994 2230 4042 tres
2253 3983 2524 4053 Justinus,
2552 3986 2810 4050 lrenaeus,
2846 3983 3120 4049 Clemens,
3147 3983 3383 4055 Cyl-illus
3420 3979 3700 4052 Jerosoly-

2117 4079 2380 4146 mitanus,
2410 4094 2530 4134 eam
2560 4079 2834 4149 praecipue
2861 4077 3024 4147 hujus
3050 4074 3303 4131 Historiae
3335 4087 3544 4146 partem
3577 4089 3702 4144 pro-

2115 4187 2359 4244 pugnare
2387 4172 2692 4236 videantur,
2717 4187 2839 4242 qua:
2869 4169 3095 4239 respicit
3119 4169 3365 4235 cellulas,
3389 4166 3696 4222 mirabilem

2120 4265 2323 4322 Senum
2366 4265 2421 4319 in
2469 4263 2878 4334 interpretando
2929 4277 3259 4317 consensum
3287 4301 3303 4326 ,
3354 4270 3409 4315 et
3459 4259 3700 4330 Spiritus

2118 4358 2292 4414 sancti
2341 4355 2613 4422 adlatum;
2645 4369 2810 4424 quam
2841 4361 3021 4406 tamen
3060 4362 3268 4422 partem
3307 4358 3366 4404 ut
3401 4349 3699 4420 suppositi-

2119 4449 2252 4503 tiam
2279 4458 2334 4504 et
2369 4449 2614 4518 spnriam
2653 4461 2779 4500 cum
2813 4445 2938 4500 divo
2973 4443 3302 4512 Hieronymo
3329 4441 3562 4510 aliisque
3598 4442 3698 4495 do-

2047 4573 2090 4629 ι)
2119 4543 2224 4598 ctis
2257 4540 2568 4611 rejecimus,
2593 4553 2701 4593 non
2728 4546 2909 4608 potest
2941 4537 3030 4591 hic
3057 4551 3154 4606 pro
3189 4535 3491 4590 Aristeana:
3517 4532 3702 4589 [listo-

2117 4634 2213 4688 τίω
2237 4631 2553 4686 defensione
2576 4628 2802 4686 Patrum
2831 4628 3048 4682 illorum
3078 4627 3378 4680 auctoritas
3399 4625 3622 4695 apponi.

2190 4722 2390 4779 Verum
2413 4722 2559 4778 aliud
2593 4721 2649 4776 in
2681 4720 2919 4774 medium
2945 4718 3234 4784 adducam,
3269 4717 3418 4788 quod
3453 4733 3585 4771 sane
3609 4732 3700 4771 va-

2115 4815 2443 4872 lidissimum
2471 4821 2692 4884 putatur
2730 4827 2761 4866 a
2797 4812 3004 4866 multis.
3056 4811 3322 4877 Aristeas,
3358 4819 3417 4864 ut
3449 4809 3701 4864 oculatus

2117 4909 2274 4966 testis
2300 4924 2416 4964 rem
2443 4923 2545 4964 suo
2575 4915 2840 4976 tempore,
2873 4918 3042 4975 seque
3099 4913 3364 4974 praesente
3406 4911 3700 4974 partesque

2115 5017 2244 5058 suas
2275 5008 2488 5072 agente,
2513 5007 2718 5070 gestam
2741 5008 2994 5066 enarrat;
3057 5012 3196 5061 rem,
3248 4996 3494 5065 inquam,
3525 5011 3698 5066 usque

2115 5097 2252 5150 adeo
2280 5094 2547 5164 insignem
2581 5101 2636 5148 et
2660 5091 3016 5162 singularem,
3055 5101 3117 5145 ut
3148 5089 3459 5144 necessario
3494 5087 3698 5143 debue-

2117 5187 2188 5240 rit
2219 5185 2466 5241 omnium
2505 5199 2598 5239 ore
2627 5183 2912 5247 celebrari,
2944 5197 3046 5238 nec
3074 5181 3233 5236 facile
3281 5195 3347 5235 ex
3412 5181 3696 5235 hominum

2115 5281 2378 5335 memoria
2421 5277 2701 5334 obliterari
2735 5277 2990 5346 potuerit.
3023 5273 3156 5328 Post
3187 5272 3454 5328 Aristeam
3485 5272 3700 5327 Aristo-

2117 5370 2298 5435 bulus,
2342 5369 2426 5424 vir
2451 5368 2703 5438 insignis,
2724 5367 2809 5422 vel
2848 5365 3021 5436 ipsius
3044 5363 3322 5419 Ptolemaei
3355 5361 3694 5432 Philadclphi

2117 5470 2378 5532 tempore,
2416 5459 2521 5524 vel,
2572 5468 2631 5515 ut
2681 5458 2775 5514 alii
2800 5458 3137 5521 existimant,
3185 5455 3288 5511 sub
3329 5453 3698 5509 Philometore

2116 5553 2454 5609 Alexandriae
2476 5551 2752 5618 seribit,et
2777 5550 3080 5606 Aristeanze
3111 5547 3360 5603 Historiae
3383 5547 3697 5602 testimonio

2115 5661 2218 5704 suo
2246 5644 2638 5715 patrocinatur.
2679 5641 2736 5697 Si
2767 5658 2832 5700 ea
2867 5641 3004 5698 falsa
3036 5657 3370 5713 prorsusque
3401 5641 3698 5712 suppositi-

2116 5741 2190 5792 tia
2231 5737 2444 5803 fuisset,
2479 5751 2546 5790 an
2577 5743 2786 5806 poterat
2820 5735 3136 5790 Aristobulo
3177 5735 3310 5804 ipsis
3345 5731 3562 5804 Egypti
3605 5748 3693 5786 rc-

2118 5832 2276 5901 gibus
2305 5840 2435 5890 tunc
2465 5828 2725 5887 familiari
2755 5827 2944 5888 fucum
2976 5827 3177 5895 facere,
3210 5825 3423 5884 etiamsi
3461 5834 3694 5892 ponatur
