4122 6472
436 400 508 457 85
1680 398 1750 455 ΙΝ
1792 396 2119 455 HEXAPLA
2158 398 2510 457 ORIGENIS.
3642 407 3713 464 (:6

436 539 561 579 eum
587 522 691 579 sub
712 522 1005 593 postremis
1029 521 1449 577 Ptolemaeorum
1476 520 1731 576 floruisse
1751 519 1773 573 ?
1791 520 2027 576 Alexan-
2056 526 2101 582 Α
2131 520 2477 590 sequentium
2552 520 2716 576 modo
2774 523 3100 578 saeculorum
3164 519 3555 593 scriptoribus,
3612 526 3712 582 sed

436 615 533 669 der
561 614 690 669 item
720 614 1048 686 Polyhistor,
1112 615 1207 684 qui
1242 612 1550 685 Olympiade
1587 611 1809 667 circiter
1840 621 2022 667 cente-
2125 613 2290 668 etiam
2325 629 2355 668 a
2387 615 2585 670 coaevis
2612 623 2666 669 et
2696 617 3023 686 supparibus
3050 627 3396 673 cuarrentur.

434 710 576 765 sima
608 709 1011 778 septuagesima
1078 708 1239 762 tertia
1300 707 1543 778 scripsit,
1578 706 1766 762 laudat
1792 705 2023 762 Aristeaa
2494 705 2563 761 X.
2600 705 2991 778 Disputationis
3043 709 3334 765 conclusio.

433 801 722 871 cujusdam
782 800 1082 856 Historiam
1149 799 1490 869 Judaicam;
1554 801 1704 856 illam
1770 800 2023 855 videlicet
2191 796 2294 854 His
2359 797 2565 854 diutius
2635 798 2917 855 immorari
2990 802 3463 872 quaestionemque
3523 799 3707 858 fusius

429 911 596 964 quam
629 897 697 952 de
726 895 917 951 LXXII
966 895 1362 966 lnterpretibus
1416 897 1657 968 scripsit,
1718 907 1779 952 ut
1825 906 2021 968 putant
2121 890 2398 961 exagitare
2434 905 2543 944 non
2576 888 2729 945 libet.
2759 889 3016 957 Quaedam
3071 893 3249 947 solum
3280 893 3440 949 nobis
3468 895 3523 948 in
3578 909 3709 949 cou-

430 989 650 1044 eruditi.
676 988 809 1045 Post
841 1005 967 1044 eum
1023 989 1181 1045 Philo
1208 989 1504 1046 Historiam
1540 989 1794 1046 eamdem
1825 990 2018 1059 paucis
2122 982 2269 1038 fesso
2304 983 2573 1047 habenda.
2595 992 2649 1038 et
2678 998 2779 1053 pro
2825 983 2969 1038 reris
3006 985 3207 1039 tuenda
3256 992 3406 1052 sunt,
3437 986 3706 1040 nimirum

430 1082 623 1152 tangit,
647 1096 712 1137 ne
744 1082 873 1138 licet
893 1083 960 1137 de
985 1099 1215 1139 numero
1242 1082 1603 1154 lnterpretum
1631 1084 1768 1138 nihil
1796 1083 2015 1150 habeat,
2121 1075 2619 1147 interpretationem
2650 1094 2772 1149 quae
2801 1077 2909 1132 τῶν
2938 1080 2993 1133 0'
3020 1095 3113 1134 seu
3138 1078 3280 1133 LXX
3313 1091 3559 1146 vocatur,
3588 1082 3706 1136 sive

427 1178 557 1247 quia
585 1192 699 1230 rem
733 1177 962 1246 carptim
1014 1186 1252 1245 enarrat,
1313 1179 1528 1234 videtur
1570 1185 1752 1233 tamen
1804 1192 1869 1232 ea
1896 1192 2019 1248 qum
2121 1167 2214 1223 illa
2247 1185 2278 1224 a
2314 1168 2665 1240 Septuaginta
2705 1170 2863 1237 viris,
2917 1171 3031 1226 sive
3081 1187 3111 1226 3
3170 1173 3523 1243 paucioribus
3556 1173 3703 1231 facta

427 1267 568 1322 dixit
592 1283 661 1322 ex
694 1268 911 1323 Arisiea
963 1268 1236 1336 hausisse,
1290 1279 1416 1340 ροει
1459 1286 1585 1325 eum
1631 1268 1924 1340 Josephns,
1953 1284 2019 1326 ac
2118 1259 2304 1327 fuerit,
2333 1278 2456 1318 esse
2484 1280 2666 1318 veram
2690 1272 2744 1320 et
2776 1274 3018 1321 sanctam
3051 1265 3171 1319 fidei
3212 1279 3540 1335 morumque
3565 1280 3699 1320 nor-

428 1361 648 1415 demum
711 1358 980 1416 Eusebius
1034 1352 1379 1416 Aristeanam
1441 1361 1741 1417 Historiam
1774 1360 2018 1416 referunt
2119 1369 2291 1421 mam,
2325 1364 2513 1425 utpote
2541 1373 2664 1427 qua:
2696 1359 2765 1413 ab
2798 1359 3066 1429 apostolis
3099 1375 3207 1413 non
3244 1360 3412 1414 semel
3438 1359 3701 1415 adhibea-

425 1454 587 1523 eique
643 1458 1077 1524 patrocinantur.
1144 1457 1290 1511 Nihil
1348 1458 1529 1513 dicam
1591 1459 1660 1514 de
1707 1456 1926 1514 Justino
1963 1467 2018 1514 et

2117 1455 2226 1513 tur,
2265 1462 2330 1502 ac
2350 1463 2459 1502 non
2484 1450 2646 1505 modo
2672 1450 2726 1505 in
2751 1450 2994 1507 Ecclesia
3044 1451 3232 1508 Graeca
3267 1468 3367 1523 pro
3396 1468 3523 1507 vera
3549 1451 3702 1506 Scri-

425 1547 572 1612 aliis,
601 1547 695 1617 qui
727 1547 1047 1605 adulteratis
1075 1551 1481 1624 exemplaribus
1507 1560 1638 1606 sunt
1667 1550 1775 1606 usi.
1814 1550 1873 1606 Si
1905 1568 2015 1622 qua
2115 1549 2275 1609 Pi“ra
2301 1556 2515 1611 semper
2543 1543 2729 1598 habita
2764 1545 2947 1609 fuerit
2982 1545 3077 1599 59d
3129 1546 3293 1600 etiam
3354 1544 3407 1599 in
3453 1543 3695 1600 ECCIC‘Sia

426 1639 604 1705 possit
633 1638 862 1693 historia
915 1638 1265 1709 sequentium
1328 1648 1636 1709 temporum
1684 1640 2014 1699 testimoniis
2116 1630 2309 1688 Latina
2340 1634 2617 1704 prioribus
2645 1637 2861 1692 StBCUIiS
2892 1638 3209 1703 obtinuerit,
3233 1639 3453 1708 quando
3487 1639 3701 1695 scilicet

425 1727 759 1792 conﬁrmari,
785 1728 917 1783 nihil
946 1744 1082 1784 sane
1108 1729 1238 1786 huic
1271 1730 1446 1795 deest,
1489 1737 1551 1785 ut
1585 1730 1749 1785 talem
1781 1731 2015 1787 ﬁrmita-
2113 1733 2271 1779 vetus
2300 1723 2429 1779 itala
2460 1742 2582 1797 qua:
2637 1743 2704 1784 ex
2750 1728 2939 1785 Graeco
2983 1729 3124 1783 LXX
3166 1729 3522 1801 Interprelum
3551 1730 3697 1789 facta

422 1826 530 1871 tem
561 1819 915 1888 adipiscatur,
2116 1814 2315 1881 fuerat,
2352 1833 2452 1888 pro
2501 1821 2664 1875 unica
2725 1819 3005 1890 Scriptura
3069 1838 3225 1878 sacra
3271 1824 3692 1893 agnoscebatur,

494 1909 787 1981 lteponunt
816 1912 930 1979 alii,
961 1911 1259 1968 Aristobuli
1289 1922 1344 1968 et
1369 1912 1665 1968 Alexandri
1694 1912 2005 1986 Polybisto-
2034 1906 2079 1965 B
2109 1917 2400 1979 antequam
2427 1908 2791 1984 Hieronymus
2821 1914 3140 1969 hodiernam
3194 1913 3483 1987 Vulgatam
3534 1918 3697 1973 ador-

423 2004 500 2058 ris
534 2005 859 2061 auctoritate
893 2005 947 2059 id
983 2021 1152 2060 unum
1187 2007 1341 2075 argui
1378 2016 1431 2062 et
1472 2006 1715 2076 probari,
1752 2008 2005 2065 videlicet
2107 2010 2295 2069 ηπεις
2325 2003 2454 2060 licet
2480 2004 2627 2059 θηίῐη
2656 2006 2831 2062 milita
2887 2018 3031 2063 esset
3080 2008 3222 2063 inter
3265 2008 3537 2065 Editiones
3569 2025 3694 2081 qua

419 2097 650 2153 Aristeas
680 2098 977 2154 Historiam
1004 2107 1129 2154 ante
1159 2100 1353 2155 horum
1404 2100 1736 2170 scriptorum
1787 2110 2001 2157 aetatem
2104 2104 2237 2151 tunc
2268 2096 2321 2150 in
2353 2112 2454 2152 usu
2478 2106 2658 2164 erant,
2691 2100 2948 2167 varietas,
2985 2116 3179 2156 omnes
3205 2110 3386 2155 tamen
3416 2103 3692 2159 editiones

427 2191 699 2257 prodiisse
727 2210 740 2246 :
772 2201 828 2246 et
876 2192 1252 2247 Aristobulum
1285 2192 1503 2263 quidem
1533 2192 1626 2247 diu
1653 2200 1776 2262 post
1820 2192 2004 2248 Phila-
2102 2201 2170 2241 ex
2202 2185 2345 2240 LXX
2375 2198 2764 2258 manaverant;
2800 2190 2910 2247 imo
2961 2192 3123 2246 etiam
3175 2191 3337 2248 hodie
3385 2193 3592 2249 Psalmi
3620 2210 3690 2251 ex

417 2281 674 2350 delphum
708 2283 1091 2350 vixisse;nam
1117 2285 1260 2354 quod
1298 2284 1462 2340 modo
1489 2283 1596 2340 sub
1616 2282 1997 2355 Philadelpho,
2101 2278 2292 2334 eadem
2326 2281 2496 2337 veteri
2520 2280 2658 2336 Itala
2689 2283 2744 2337 in
2778 2281 3020 2339 Ecclesia
3055 2283 3249 2340 Latina
3299 2285 3355 2340 in
3391 2286 3691 2359 Scriptum

416 2374 583 2427 modo
616 2373 720 2428 sub
746 2373 1116 2430 Philometore
1142 2375 1436 2447 scripsisse
1465 2376 1684 2432 dicatur
1717 2378 1862 2447 apud
1889 2377 1999 2434 Eu-
2101 2390 2274 2430 sacrae
2302 2376 2550 2447 catalogo
2578 2376 2762 2433 locum
2796 2377 3000 2432 habent
3025 2394 3040 2444 ;
3076 2379 3325 2450 nihilque
3358 2378 3572 2434 allicere
3598 2394 3694 2434 au—

412 2464 627 2520 sebium
656 2481 671 2531 ;
701 2466 755 2522 id
782 2464 1004 2522 Eusebii
1040 2462 1202 2538 lapsu
1237 2469 1487 2541 contigit,
1541 2469 1628 2524 vel
1661 2466 1896 2527 fortasse
1932 2471 1999 2525 li-
2100 2466 2337 2523 ctoritati
2366 2465 2622 2523 editionis
2654 2467 2765 2523 τῶν
2786 2470 2840 2523 0'
2875 2469 3021 2539 quod
3052 2471 3173 2540 ejus
3198 2478 3391 2526 auctor
3411 2472 3497 2525 vel
3523 2472 3685 2542 igno-

413 2558 742 2625 brariorum,
793 2561 887 2630 qui
939 2561 1167 2616 nomina
1205 2572 1658 2618 commutarunt:
1713 2578 1840 2618 nam
1870 2563 1998 2619 Ari-
2099 2568 2274 2626 retur,
2307 2558 2394 2615 vel
2413 2558 2666 2630 quisnam
2692 2560 2764 2616 sit
2812 2561 2867 2615 in
2897 2561 3122 2617 dubium
3151 2571 3397 2629 vocetur,
3432 2564 3689 2634 quando--

412 2652 661 2709 stobulus
699 2654 835 2723 ipse,
859 2653 1278 2727 Philadelphum
1307 2656 1450 2727 ejus,
1490 2657 1558 2712 ad
1591 2672 1756 2727 quem
1785 2658 1995 2727 scribit,
2097 2651 2319 2721 quidem
2387 2650 2527 2706 nihil
2585 2651 2855 2708 oﬂieiebat
2918 2654 3117 2710 veteris
3171 2651 3321 2710 italae
3368 2655 3687 2713 auctoritati

409 2742 796 2801 Philometoris
828 2746 1093 2818 πρόγονον
1157 2756 1339 2812 vocat,
1374 2765 1482 2819 qua
1512 2750 1690 2820 posita
1740 2749 1993 2817 lectione,
2096 2743 2246 2814 (ιιιοά
2302 2759 2412 2814 quo
2463 2744 2761 2814 interprete
2817 2746 3108 2816 prodiisset
3168 2747 3532 2818 ignoraretur.
3564 2748 3685 2805 Non

409 2832 748 2906 Philadelphi
777 2852 977 2894 nomen
1010 2839 1274 2895 mendose
1318 2839 1605 2910 irrepsisse
1631 2841 1993 2909 convincitur,
2097 2836 2244 2892 enim
2268 2851 2335 2892 ex
2362 2836 2750 2907 interpretibus
2766 2841 3048 2896 versiones
3064 2842 3443 2898 auctoritatem
3466 2853 3687 2899 mutua-

408 2929 892 3001 Aristobulumque
924 2938 1111 3003 utpote
1140 2931 1390 2989 Judaeum
1419 2932 1796 3013 Hellenistam,
1814 2936 1993 2992 hisio-
2095 2925 2319 2994 bantur,
2338 2927 2431 2983 sed
2452 2945 2517 2984 ex
2544 2931 2936 3001 approbatione
2963 2940 3018 2987 et
3041 2932 3376 2989 admissione
3404 2933 3683 2993 Ecclesiae.

409 3021 547 3075 riam
590 3020 737 3077 illam
762 3037 873 3093 qua
937 3023 1343 3094 interpretatio
1381 3024 1735 3097 Septuaginta
1788 3026 1994 3084 Senum
2167 3020 2324 3089 Quod
2354 3031 2536 3078 autem
2569 3023 2936 3098 Hieronymus
2960 3027 3016 3082 in
3046 3028 3289 3086 editione
3319 3029 3426 3083 τῶν
3451 3031 3507 3084 0'
3539 3031 3686 3086 mut-

406 3128 759 3183 summopere
783 3116 1294 3185 commendabatur,
1331 3117 1581 3173 lubenter
1618 3118 1991 3189 amplexatum
2093 3122 2182 3169 tos
2230 3130 2416 3170 naevos
2465 3115 2906 3184 deprehenderit,
2965 3134 3031 3174 ac
3086 3121 3258 3176 multa
3302 3136 3463 3177 secus
3512 3138 3680 3192 quam

402 3218 560 3270 esse;
587 3212 642 3259 et
663 3204 709 3259 si
738 3204 952 3261 νοθείαν
986 3209 1288 3277 agnoverit,
1344 3208 1401 3262 in
1444 3219 1656 3279 partem
1696 3221 1878 3267 tamen
1908 3210 1992 3267 ra-
2018 3253 2064 3316 Ο
2095 3206 2384 3274 oportebat
2413 3206 2480 3260 de
2510 3204 2777 3262 Hebraico
2802 3207 2990 3263 Grace
3023 3223 3288 3267 conversa
3316 3212 3679 3282 redarguerit,

402 3296 547 3351 bula
574 3297 791 3352 venisse
821 3314 836 3352 :
904 3298 1176 3368 siquidem
1210 3314 1403 3355 omnes
1449 3298 1624 3357 Judwi
1676 3299 1988 3359 Heilenism
2019 3296 2064 3316 “
2093 3296 2148 3350 id
2177 3297 2297 3365 ejus
2325 3296 2583 3351 editionis
2613 3300 2995 3352 auctoritatem
3026 3300 3340 3371 neutiquam
3370 3302 3570 3358 minuit
3594 3304 3678 3363 vel

401 3388 911 3459 interpretationem
940 3389 1088 3444 illam
1151 3405 1371 3446 summo
1419 3391 1474 3445 in
1513 3391 1691 3461 pretio
1716 3393 1989 3450 habebant
2095 3387 2380 3443 inﬁrmat:
2418 3397 2477 3442 ut
2502 3388 2703 3444 alicubi
2737 3388 2938 3444 fatetur
2985 3398 3040 3445 et
3090 3390 3208 3462 ipse
3261 3391 3628 3466 Hieronymus
3658 3414 3678 3455 τ

405 3480 707 3551 haberique
743 3481 1040 3549 volebant;
1072 3481 1445 3539 Alexandrum
1486 3482 1908 3553 Polyhistorem,
1938 3486 1986 3541 si
2093 3478 2214 3533 loca
2247 3479 2393 3534 enim
2421 3480 2512 3534 illa
2540 3496 2664 3551 quae
2712 3479 3080 3553 Hieronymus
3101 3484 3454 3553 reprehendit
3479 3486 3679 3557 hujus-

399 3584 581 3628 tamen
612 3587 741 3629 vere
766 3572 833 3628 de
866 3575 970 3630 hac
995 3574 1225 3631 Aristeae
1262 3575 1504 3632 Historia
1547 3577 1698 3648 loqui
1726 3579 1983 3646 voluerit,
2093 3571 2240 3625 modi
2270 3579 2419 3635 sunt,
2448 3580 2511 3628 ut
2540 3573 2751 3629 ntrovis
2772 3572 2937 3629 πιοᾱο
2959 3574 3130 3645 legaS,
3162 3591 3315 3647 mque
3339 3578 3427 3647 pia
3452 3592 3676 3635 senten-

400 3666 580 3719 solum
644 3664 889 3721 indicare
942 3665 1089 3722 illam
1117 3668 1392 3737 prodiisse
1421 3678 1547 3725 ante
1589 3685 1750 3725 suum
1783 3687 1982 3739 aevum,
2087 3661 2161 3716 tia
2192 3671 2493 3717 remaneat
2923 3681 2956 3721 .‘

402 3764 545 3831 quod
576 3759 690 3817 fere
722 3777 914 3819 omnes
960 3760 1203 3819 fatentur
1268 3763 1625 3833 :Philonem,
1682 3765 1981 3836 .losephum
2163 3752 2271 3809 Ρΐο
2323 3755 2630 3810 camitem
2672 3754 2941 3812 habemus
2989 3756 3311 3814 θεηυιπυω
3363 3759 3672 3830 “Simiam.

399 3865 455 3911 et
489 3856 648 3921 alios,
681 3864 741 3910 ut
774 3857 1102 3912 solentoves
1129 3857 1414 3928 gregarim,
1450 3859 1697 3929 priorum
1741 3860 1982 3931 vestigiis
2086 3847 2398 3902 mirabilem
2459 3847 2615 3903 illum
2652 3845 2943 3904 seniorum
2972 3863 3330 3917 consensum:
3375 3861 3431 3907 εἴ
3459 3868 3524 3909 ea
3550 3854 3675 3926 quae

400 3948 649 4012 haesisse,
685 3963 787 4003 nec
812 3949 1160 4005 examinasse
1188 3965 1446 4005 veramne
1468 3967 1536 4006 an
1573 3952 1980 4021 supposititiam

2085 3936 2212 3991 inde
2238 3948 2653 4009 consequuntur
2675 3942 2901 3998 omnino
2959 3944 3305 4014 supposititia
3335 3954 3479 4009 esse,
3521 3946 3674 4017 jure-

403 4043 778 4097 narrationem
804 4043 1163 4114 adoptarent;
1204 4042 1422 4097 demum
1452 4054 1563 4099 tam
1588 4044 1801 4100 validas
1829 4044 1981 4115 obje-

2085 4042 2193 4099 que
2225 4029 2295 4084 ab
2317 4028 2650 4103 Hieronymo
2672 4035 2976 4104 reprobari.
3019 4035 3264 4108 Itemque
3311 4052 3437 4093 cum
3477 4037 3672 4093 Hiero-

400 4135 611 4190 ctiones
639 4144 829 4190 contra
878 4136 1223 4191 Aristeanam
1268 4133 1564 4191 Historiam
1621 4136 1872 4205 superius
1903 4137 1978 4191 al-

2090 4136 2257 4192 nymo
2280 4131 2335 4178 et
2394 4125 2733 4181 eruditorum
2778 4128 2938 4183 turba
2992 4136 3251 4198 putamus
3317 4129 3667 4200 interpretem

397 4227 558 4290 latas,
581 4239 691 4280 non
725 4239 887 4296 posse
912 4226 1237 4296 scriptorum
1269 4226 1612 4296 sequentium
1644 4226 1975 4282 testimoniis
2081 4209 2435 4272 Ρεηῐειθυθὶιί
2463 4216 2711 4274 Graecum
2768 4219 2997 4276 omnino
3038 4221 3315 4278 diversum
3357 4237 3481 4279 esse
3508 4223 3578 4278 ab
3603 4238 3671 4278 eo

393 4319 662 4386 cnervari,
696 4318 1138 4389 quandoquidem
1171 4317 1373 4372 multas
1424 4317 1670 4388 quotidie
1698 4316 1972 4372 narratio-
2078 4307 2164 4361 νει
2188 4307 2254 4363 iis
2284 4310 2380 4379 qni
2404 4311 2645 4382 reliquos
2673 4311 2968 4384 Scriptum
3007 4329 3180 4372 sacrae
3205 4314 3375 4371 libros
3397 4316 3666 4386 interpre-

398 4423 493 4467 nes
522 4409 983 4481 deprehendimus
1017 4422 1140 4465 esse
1192 4405 1589 4478 supposititias,
1621 4405 1749 4462 licet
1773 4419 1884 4461 non
1938 4418 1973 4459 a
2002 4418 2048 4476 ι)
2076 4401 2173 4456 tati
2196 4410 2342 4458 sunt.

1455 4726 1840 4820 CAPUT
1912 4726 2543 4834 QUARTUM.

1102 4881 1195 4943 De
1235 4880 1410 4942 LXX
1442 4879 1873 4957 Interpretum
1911 4875 2236 4954 versione,
2266 4885 2338 4940 ut
2365 4879 2435 4940 in
2465 4879 2775 4959 Hexaplis
2808 4890 2963 4942 erat.

382 5074 420 5125 Ι.
444 5072 519 5125 De
540 5079 672 5140 statu
694 5075 1008 5140 editionism
1025 5086 1071 5129 ο·
1093 5076 1353 5140 antequam
1369 5072 1616 5140 prigenes
1636 5070 1860 5134 Hexapla
1883 5072 2166 5140 adornaret.
2189 5065 2251 5117 ll.
2268 5065 2514 5140 origenes
2530 5067 2877 5140 editione-mla»
2888 5080 2933 5140 φ’
2942 5069 3256 5140 emendatam
3270 5071 3650 5140 comasteriscls

448 5144 501 5201 et
522 5138 756 5201 obelisqin
781 5139 1023 5200 Hexaplis
1046 5129 1240 5201 posuit;
1255 5135 1338 5201 ill:
1363 5139 1441 5188 De
1458 5129 1824 5201 asteriscorurir
1846 5141 1901 5182 et
1923 5134 2179 5201 obelorum
2206 5129 2655 5201 usu‘irntlexaplis.
2684 5130 2768 5201 V.
2793 5133 2869 5181 De
2891 5135 3146 5201 lemniscls
3168 5138 3221 5180 et
3243 5132 3644 5201 hypolemnjscis.

446 5199 504 5248 ν.
528 5202 580 5250 ln
600 5199 853 5249 hodiernis
878 5190 1180 5262 editionibus
1216 5198 1337 5248 LXX
1362 5202 1692 5262 Interpretum
1714 5197 1882 5262 _r_n_ulla
1911 5194 2222 5262 e}_e_dit_ione
2258 5191 2342 5262 illa
2381 5190 2635 5262 hexaplari
2678 5192 2953 5262 desumpta
2974 5190 3431 5262 deprehenduntur.
3459 5194 3539 5244 Vl.
3572 5198 3646 5262 lle

447 5262 796 5325 mutationibus
830 5275 943 5323 quae
974 5262 1033 5325 ab
1069 5261 1302 5322 Origenis
1343 5253 1567 5325 tempore
1591 5259 1639 5306 in
1666 5258 1914 5325 editiones
1937 5255 2061 5325 LXX
2097 5255 2433 5325 Interpretum
2456 5253 2823 5325 advectae-sunt.
2857 5253 2972 5325 ίνιμ,
3017 5253 3189 5325 ΠθΔίἱε
3222 5257 3369 5325 etiam
3413 5259 3646 5305 mutatio.

442 5321 590 5371 nibus
620 5336 731 5383 qua
756 5336 820 5372 ex
844 5314 1510 5384 similitudiue'quarumda'm
1532 5322 1809 5371 litterarum
1834 5319 2063 5369 admissas
2084 5322 2214 5366 sunt.
2238 5315 2365 5364 Vill.
2393 5314 2469 5364 De
2490 5314 2811 5365 distinctione
2836 5317 3050 5378 capitum
3076 5320 3128 5364 et
3157 5319 3515 5366 versiculorum
3556 5332 3645 5367 au-

445 5387 654 5446 tiquitus
679 5393 930 5447 usurpata.

383 5493 423 5548 l.
456 5493 534 5549 De
558 5504 704 5549 statu
734 5496 984 5551 editionis
1015 5495 1135 5551 τῶν
1168 5502 1224 5569 O'
1263 5507 1544 5569 antequam
1572 5495 1821 5567 Origenes
1848 5492 1959 5550 Ile-
2062 5490 2254 5546 saltem
2294 5502 2417 5560 quae
2445 5487 2511 5542 ad
2548 5486 2706 5541 tidem
2734 5494 2787 5542 et
2818 5502 3001 5542 mores
3028 5487 3316 5557 pertinent,
3345 5487 3524 5543 labem
3556 5488 3643 5543 in-

925 5568 1089 5637 παρια
1114 5568 1417 5625 adornaret-
2061 5597 2301 5639 currere.
2332 5579 2389 5633 ln
2424 5580 2634 5635 caeteris
2662 5593 2790 5634 vero
2842 5595 3026 5647 parem
3058 5595 3183 5634 cum
3223 5580 3345 5636 aliis
3384 5580 3641 5636 omnibus

451 5675 672 5732 Certum
709 5677 927 5747 quidem
978 5688 1062 5734 est
1104 5679 1396 5735 editionem
1440 5677 1552 5733 τῶν
1577 5679 1634 5732 0'
1665 5676 1785 5733 fidei
1836 5692 1956 5733 mo-
2060 5672 2217 5729 libris
2252 5670 2527 5726 fortunam
2554 5670 2789 5725 subiisse
2823 5671 2980 5726 docet
3021 5686 3153 5726 usus
3200 5682 3254 5726 et
3281 5670 3638 5742 experientia.

380 5781 609 5836 rumque
631 5782 901 5834 normam,
935 5768 990 5822 in
1041 5769 1109 5823 iis
1157 5770 1560 5840 exemplaribus
1589 5783 1714 5838 qua:
1764 5768 1819 5822 in
1850 5768 1955 5825 Ec-
2060 5764 2118 5821 Id
2160 5765 2273 5835 jam
2311 5762 2559 5834 Origenis
2620 5773 2861 5832 tempore
2920 5763 3193 5818 acciderat
3237 5781 3252 5819 :
3306 5761 3636 5830 exemplaria

379 5857 543 5913 etesia
593 5858 685 5914 Dei
752 5859 1199 5926 admittebantur,
1250 5861 1454 5917 nuilam
1505 5857 1770 5930 potuisse,
1802 5858 1858 5914 in
1889 5859 1958 5917 iis
2059 5856 2257 5928 quippe
2287 5853 2598 5925 Scriptum,
2641 5863 2751 5908 tum
2781 5867 2993 5925 propter
3031 5856 3321 5910 scribarum
3354 5853 3635 5922 indiligen-
