  <div class='ocr_page' id='page_1' title='image "/cluster/home/n/w/nwhite01/storage/ocr_20150623/15:no.5/coo.31924054872936/049.png"; bbox 0 0 4122 6424; ppageno 0'>
   <div class='ocr_carea' id='block_1_1' title="bbox 473 315 3744 384">
    <p class='ocr_par' dir='ltr' id='par_1_1' title="bbox 473 315 3744 384">
     <span class='ocr_line' id='line_1_1' title="bbox 473 315 3744 384; baseline 0.004 -13"><span class='ocrx_word' id='word_1_1' title='bbox 473 315 542 371; x_wconf 78' lang='lat'><strong>67</strong></span> <span class='ocrx_word' id='word_1_2' title='bbox 1831 319 2359 378; x_wconf 65' lang='lat' dir='ltr'><strong><em>PRELIMINARIA</em></strong></span> <span class='ocrx_word' id='word_1_3' title='bbox 3674 328 3744 384; x_wconf 80' lang='lat'><strong><em>68</em></strong></span> 
     </span>
    </p>
   </div>
   <div class='ocr_carea' id='block_1_2' title="bbox 472 432 3742 517">
    <p class='ocr_par' dir='ltr' id='par_1_2' title="bbox 472 432 3742 517">
     <span class='ocr_line' id='line_1_2' title="bbox 472 432 3742 517; baseline 0.004 -29"><span class='ocrx_word' id='word_1_4' title='bbox 472 436 628 502; x_wconf 80' lang='lat' dir='ltr'><strong><em>tiam,</em></strong></span> <span class='ocrx_word' id='word_1_5' title='bbox 653 432 833 504; x_wconf 90' lang='lat' dir='ltr'><strong><em>inquit</em></strong></span> <span class='ocrx_word' id='word_1_6' title='bbox 855 433 965 499; x_wconf 93' lang='lat' dir='ltr'><strong><em>ille,</em></strong></span> <span class='ocrx_word' id='word_1_7' title='bbox 991 442 1103 487; x_wconf 87' lang='lat' dir='ltr'><strong><em>tum</em></strong></span> <span class='ocrx_word' id='word_1_8' title='bbox 1130 445 1345 505; x_wconf 87' lang='lat' dir='ltr'><strong><em>propter</em></strong></span> <span class='ocrx_word' id='word_1_9' title='bbox 1366 438 1717 507; x_wconf 88' lang='lat' dir='ltr'><strong><em>quorumdam</em></strong></span> <span class='ocrx_word' id='word_1_10' title='bbox 1750 441 2055 509; x_wconf 74' lang='lat' dir='ltr'><strong><em>audaciam,</em></strong></span> <span class='ocrx_word' id='word_1_11' title='bbox 2086 450 2131 504; x_wconf 76' lang='grc' dir='ltr'><strong>Α</strong></span> <span class='ocrx_word' id='word_1_12' title='bbox 2163 444 2218 497; x_wconf 90' lang='lat' dir='ltr'><strong><em>In</em></strong></span> <span class='ocrx_word' id='word_1_13' title='bbox 2245 442 2578 500; x_wconf 79' lang='lat' dir='ltr'><strong><em>Ecclesiaste</em></strong></span> <span class='ocrx_word' id='word_1_14' title='bbox 2602 443 2838 515; x_wconf 85' lang='lat' dir='ltr'><strong><em>plurima</em></strong></span> <span class='ocrx_word' id='word_1_15' title='bbox 2867 459 2993 501; x_wconf 87' lang='lat' dir='ltr'><strong><em>cum</em></strong></span> <span class='ocrx_word' id='word_1_16' title='bbox 3026 444 3302 502; x_wconf 80' lang='lat' dir='ltr'><strong><em>asteriscis</em></strong></span> <span class='ocrx_word' id='word_1_17' title='bbox 3328 446 3539 517; x_wconf 87' lang='lat' dir='ltr'><strong><em>adjecta</em></strong></span> <span class='ocrx_word' id='word_1_18' title='bbox 3568 445 3742 514; x_wconf 78' lang='lat' dir='ltr'><strong><em>luere,</em></strong></span> 
     </span>
    </p>
   </div>
   <div class='ocr_carea' id='block_1_3' title="bbox 469 522 3745 605">
    <p class='ocr_par' dir='ltr' id='par_1_3' title="bbox 469 522 3745 605">
     <span class='ocr_line' id='line_1_3' title="bbox 469 522 3745 605; baseline 0.004 -27"><span class='ocrx_word' id='word_1_19' title='bbox 469 542 788 595; x_wconf 80' lang='lat' dir='ltr'><strong><em>pravumque</em></strong></span> <span class='ocrx_word' id='word_1_20' title='bbox 856 522 1146 595; x_wconf 76' lang='lat' dir='ltr'><strong><em>Scriptura:</em></strong></span> <span class='ocrx_word' id='word_1_21' title='bbox 1192 529 1611 583; x_wconf 73' lang='lat' dir='ltr'><strong><em>emendationem</em></strong></span> <span class='ocrx_word' id='word_1_22' title='bbox 1644 547 1664 595; x_wconf 86' lang='lat'><em>;</em></span> <span class='ocrx_word' id='word_1_23' title='bbox 1724 541 1835 586; x_wconf 90' lang='lat' dir='ltr'><strong><em>tum</em></strong></span> <span class='ocrx_word' id='word_1_24' title='bbox 1899 535 2059 588; x_wconf 88' lang='lat' dir='ltr'><strong><em>etiam</em></strong></span> <span class='ocrx_word' id='word_1_25' title='bbox 2165 550 2398 604; x_wconf 91' lang='lat' dir='ltr'><strong><em>quorum</em></strong></span> <span class='ocrx_word' id='word_1_26' title='bbox 2430 551 2558 605; x_wconf 81' lang='lat' dir='ltr'><strong><em>pars</em></strong></span> <span class='ocrx_word' id='word_1_27' title='bbox 2602 550 2709 590; x_wconf 85' lang='lat' dir='ltr'><strong><em>non</em></strong></span> <span class='ocrx_word' id='word_1_28' title='bbox 2742 536 2968 592; x_wconf 86' lang='lat' dir='ltr'><strong><em>minima</em></strong></span> <span class='ocrx_word' id='word_1_29' title='bbox 2992 537 3047 592; x_wconf 88' lang='lat' dir='ltr'><strong><em>in</em></strong></span> <span class='ocrx_word' id='word_1_30' title='bbox 3070 537 3401 594; x_wconf 86' lang='lat' dir='ltr'><strong><em>editionibus</em></strong></span> <span class='ocrx_word' id='word_1_31' title='bbox 3425 537 3535 591; x_wconf 79' lang='grc' dir='ltr'><strong><em>τῶν</em></strong></span> <span class='ocrx_word' id='word_1_32' title='bbox 3561 539 3618 593; x_wconf 82' lang='lat'><strong><em>0&#39;</em></strong></span> <span class='ocrx_word' id='word_1_33' title='bbox 3645 540 3745 594; x_wconf 80' lang='lat' dir='ltr'><strong><em>ho-</em></strong></span> 
     </span>
    </p>
   </div>
   <div class='ocr_carea' id='block_1_4' title="bbox 466 618 2058 695">
    <p class='ocr_par' dir='ltr' id='par_1_4' title="bbox 466 618 2058 695">
     <span class='ocr_line' id='line_1_4' title="bbox 466 618 2058 695; baseline 0.006 -24"><span class='ocrx_word' id='word_1_34' title='bbox 466 628 685 689; x_wconf 70' lang='lat' dir='ltr'><strong><em>proptet&#39;</em></strong></span> <span class='ocrx_word' id='word_1_35' title='bbox 706 634 791 672; x_wconf 88' lang='lat' dir='ltr'><strong><em>eos</em></strong></span> <span class='ocrx_word' id='word_1_36' title='bbox 816 620 930 689; x_wconf 90' lang='lat' dir='ltr'><strong><em>qui,</em></strong></span> <span class='ocrx_word' id='word_1_37' title='bbox 967 618 1095 673; x_wconf 86' lang='lat' dir='ltr'><strong><em>dum</em></strong></span> <span class='ocrx_word' id='word_1_38' title='bbox 1127 621 1469 691; x_wconf 86' lang='lat' dir='ltr'><strong><em>corrigerent,</em></strong></span> <span class='ocrx_word' id='word_1_39' title='bbox 1504 624 1746 693; x_wconf 74' lang='lat' dir='ltr'><strong><em>qua&#39;dam</em></strong></span> <span class='ocrx_word' id='word_1_40' title='bbox 1782 642 1877 695; x_wconf 91' lang='lat' dir='ltr'><strong><em>pro</em></strong></span> <span class='ocrx_word' id='word_1_41' title='bbox 1910 626 2058 681; x_wconf 85' lang='lat' dir='ltr'><strong><em>arbi-</em></strong></span> 
     </span>
    </p>
   </div>
   <div class='ocr_carea' id='block_1_5' title="bbox 470 711 2057 781">
    <p class='ocr_par' dir='ltr' id='par_1_5' title="bbox 470 711 2057 781">
     <span class='ocr_line' id='line_1_5' title="bbox 470 711 2057 781; baseline 0.006 -16"><span class='ocrx_word' id='word_1_42' title='bbox 470 713 575 765; x_wconf 79' lang='lat' dir='ltr'><strong><em>trio</em></strong></span> <span class='ocrx_word' id='word_1_43' title='bbox 607 711 929 764; x_wconf 82' lang='lat' dir='ltr'><strong><em>addiderunt</em></strong></span> <span class='ocrx_word' id='word_1_44' title='bbox 958 712 1035 765; x_wconf 86' lang='lat' dir='ltr'><strong><em>vel</em></strong></span> <span class='ocrx_word' id='word_1_45' title='bbox 1065 713 1433 781; x_wconf 73' lang='lat' dir='ltr'><strong><em>detraxerunt,</em></strong></span> <span class='ocrx_word' id='word_1_46' title='bbox 1467 716 1657 772; x_wconf 88' lang='lat' dir='ltr'><strong><em>multis</em></strong></span> <span class='ocrx_word' id='word_1_47' title='bbox 1696 718 1749 771; x_wconf 94' lang='lat' dir='ltr'><strong><em>in</em></strong></span> <span class='ocrx_word' id='word_1_48' title='bbox 1784 719 1924 774; x_wconf 90' lang='lat' dir='ltr'><strong><em>locis</em></strong></span> <span class='ocrx_word' id='word_1_49' title='bbox 1975 721 2057 774; x_wconf 88' lang='lat' dir='ltr'><strong><em>vi-</em></strong></span> 
     </span>
    </p>
   </div>
   <div class='ocr_carea' id='block_1_6' title="bbox 465 804 2055 873">
    <p class='ocr_par' dir='ltr' id='par_1_6' title="bbox 465 804 2055 873">
     <span class='ocr_line' id='line_1_6' title="bbox 465 804 2055 873; baseline 0.006 -17"><span class='ocrx_word' id='word_1_50' title='bbox 465 804 595 856; x_wconf 88' lang='lat' dir='ltr'><strong><em>tiata</em></strong></span> <span class='ocrx_word' id='word_1_51' title='bbox 625 812 801 857; x_wconf 89' lang='lat' dir='ltr'><strong><em>erant.</em></strong></span> <span class='ocrx_word' id='word_1_52' title='bbox 853 804 1093 873; x_wconf 89' lang='lat' dir='ltr'><strong><em>ldipsum</em></strong></span> <span class='ocrx_word' id='word_1_53' title='bbox 1146 821 1256 859; x_wconf 90' lang='lat' dir='ltr'><strong><em>non</em></strong></span> <span class='ocrx_word' id='word_1_54' title='bbox 1320 807 1488 861; x_wconf 84' lang='lat' dir='ltr'><strong><em>semel</em></strong></span> <span class='ocrx_word' id='word_1_55' title='bbox 1529 810 1853 864; x_wconf 83' lang='lat' dir='ltr'><strong><em>testiﬁcatur</em></strong></span> <span class='ocrx_word' id='word_1_56' title='bbox 1891 811 2055 866; x_wconf 89' lang='lat' dir='ltr'><strong><em>etiam</em></strong></span> 
     </span>
    </p>
   </div>
   <div class='ocr_carea' id='block_1_7' title="bbox 467 894 2056 970">
    <p class='ocr_par' dir='ltr' id='par_1_7' title="bbox 467 894 2056 970">
     <span class='ocr_line' id='line_1_7' title="bbox 467 894 2056 970; baseline 0.008 -23"><span class='ocrx_word' id='word_1_57' title='bbox 467 894 857 967; x_wconf 80' lang='lat' dir='ltr'><strong><em>Hieronymus,</em></strong></span> <span class='ocrx_word' id='word_1_58' title='bbox 883 898 977 966; x_wconf 88' lang='lat' dir='ltr'><strong>qui</strong></span> <span class='ocrx_word' id='word_1_59' title='bbox 1033 898 1239 967; x_wconf 79' lang='lat' dir='ltr'><strong><em>adjicit,</em></strong></span> <span class='ocrx_word' id='word_1_60' title='bbox 1286 910 1483 970; x_wconf 72' lang='lat' dir='ltr'><strong><em>przeter</em></strong></span> <span class='ocrx_word' id='word_1_61' title='bbox 1516 916 1681 968; x_wconf 85' lang='lat' dir='ltr'><strong><em>supra</em></strong></span> <span class='ocrx_word' id='word_1_62' title='bbox 1721 913 2056 960; x_wconf 89' lang='lat' dir='ltr'><strong><em>memoratas</em></strong></span> 
     </span>
    </p>
   </div>
   <div class='ocr_carea' id='block_1_8' title="bbox 459 988 2051 1063">
    <p class='ocr_par' dir='ltr' id='par_1_8' title="bbox 459 988 2051 1063">
     <span class='ocr_line' id='line_1_8' title="bbox 459 988 2051 1063; baseline 0.006 -23"><span class='ocrx_word' id='word_1_63' title='bbox 459 988 859 1055; x_wconf 83' lang='lat' dir='ltr'><strong><em>mutationum,</em></strong></span> <span class='ocrx_word' id='word_1_64' title='bbox 908 988 1252 1044; x_wconf 88' lang='lat' dir='ltr'><strong><em>additionum</em></strong></span> <span class='ocrx_word' id='word_1_65' title='bbox 1307 991 1783 1063; x_wconf 90' lang='lat' dir='ltr'><strong><em>omissionumque</em></strong></span> <span class='ocrx_word' id='word_1_66' title='bbox 1830 1009 2051 1062; x_wconf 83' lang='lat' dir='ltr'><strong><em>causas,</em></strong></span> 
     </span>
    </p>
   </div>
   <div class='ocr_carea' id='block_1_9' title="bbox 458 1080 2050 1153">
    <p class='ocr_par' dir='ltr' id='par_1_9' title="bbox 458 1080 2050 1153">
     <span class='ocr_line' id='line_1_9' title="bbox 458 1080 2050 1153; baseline 0.006 -22"><span class='ocrx_word' id='word_1_67' title='bbox 458 1080 686 1133; x_wconf 87' lang='lat' dir='ltr'><strong><em>aiiama</em></strong></span> <span class='ocrx_word' id='word_1_68' title='bbox 726 1081 999 1150; x_wconf 92' lang='lat' dir='ltr'><strong><em>principio</em></strong></span> <span class='ocrx_word' id='word_1_69' title='bbox 1026 1082 1361 1152; x_wconf 85' lang='lat' dir='ltr'><strong><em>deprehendi</em></strong></span> <span class='ocrx_word' id='word_1_70' title='bbox 1399 1103 1412 1138; x_wconf 93' lang='lat'>:</span> <span class='ocrx_word' id='word_1_71' title='bbox 1465 1085 1594 1153; x_wconf 85' lang='lat' dir='ltr'><strong><em>quia</em></strong></span> <span class='ocrx_word' id='word_1_72' title='bbox 1622 1085 1871 1141; x_wconf 85' lang='lat' dir='ltr'><strong><em>videlicet</em></strong></span> <span class='ocrx_word' id='word_1_73' title='bbox 1908 1085 2050 1140; x_wconf 81' lang='lat' dir='ltr'><strong><em>LXX</em></strong></span> 
     </span>
    </p>
   </div>
   <div class='ocr_carea' id='block_1_10' title="bbox 458 1168 2052 1245">
    <p class='ocr_par' dir='ltr' id='par_1_10' title="bbox 458 1168 2052 1245">
     <span class='ocr_line' id='line_1_10' title="bbox 458 1168 2052 1245; baseline 0.009 -25"><span class='ocrx_word' id='word_1_74' title='bbox 458 1168 817 1238; x_wconf 84' lang='lat' dir='ltr'><strong><em>interpretes,</em></strong></span> <span class='ocrx_word' id='word_1_75' title='bbox 855 1172 969 1226; x_wconf 86' lang='lat' dir='ltr'><strong><em>sive</em></strong></span> <span class='ocrx_word' id='word_1_76' title='bbox 1000 1172 1038 1225; x_wconf 90' lang='lat' dir='ltr'><strong><em>ii</em></strong></span> <span class='ocrx_word' id='word_1_77' title='bbox 1087 1174 1180 1243; x_wconf 91' lang='lat' dir='ltr'><strong><em>qui</em></strong></span> <span class='ocrx_word' id='word_1_78' title='bbox 1216 1175 1509 1245; x_wconf 86' lang='lat' dir='ltr'><strong><em>prophetas</em></strong></span> <span class='ocrx_word' id='word_1_79' title='bbox 1561 1176 1815 1245; x_wconf 86' lang='lat' dir='ltr'><strong><em>primitus</em></strong></span> <span class='ocrx_word' id='word_1_80' title='bbox 1864 1176 2052 1234; x_wconf 59' lang='lat' dir='ltr'><strong><em>Greece</em></strong></span> 
     </span>
    </p>
   </div>
   <div class='ocr_carea' id='block_1_11' title="bbox 459 1261 2051 1337">
    <p class='ocr_par' dir='ltr' id='par_1_11' title="bbox 459 1261 2051 1337">
     <span class='ocr_line' id='line_1_11' title="bbox 459 1261 2051 1337; baseline 0.007 -24"><span class='ocrx_word' id='word_1_81' title='bbox 459 1261 819 1329; x_wconf 75' lang='lat' dir='ltr'><strong><em>transtulere,</em></strong></span> <span class='ocrx_word' id='word_1_82' title='bbox 852 1263 1022 1318; x_wconf 89' lang='lat' dir='ltr'><strong><em>multa</em></strong></span> <span class='ocrx_word' id='word_1_83' title='bbox 1047 1264 1100 1318; x_wconf 92' lang='lat' dir='ltr'><strong><em>iu</em></strong></span> <span class='ocrx_word' id='word_1_84' title='bbox 1136 1264 1406 1323; x_wconf 86' lang='lat' dir='ltr'><strong><em>Hebraico</em></strong></span> <span class='ocrx_word' id='word_1_85' title='bbox 1441 1283 1720 1337; x_wconf 76' lang='lat' dir='ltr'><strong><em>expressa,</em></strong></span> <span class='ocrx_word' id='word_1_86' title='bbox 1749 1269 1803 1323; x_wconf 89' lang='lat' dir='ltr'><strong><em>in</em></strong></span> <span class='ocrx_word' id='word_1_87' title='bbox 1835 1284 1933 1324; x_wconf 90' lang='lat' dir='ltr'><strong><em>sua</em></strong></span> <span class='ocrx_word' id='word_1_88' title='bbox 1962 1270 2051 1324; x_wconf 56' lang='lat' dir='ltr'><strong><em>ine</em></strong></span> 
     </span>
    </p>
   </div>
   <div class='ocr_carea' id='block_1_12' title="bbox 463 1354 2042 1430">
    <p class='ocr_par' dir='ltr' id='par_1_12' title="bbox 463 1354 2042 1430">
     <span class='ocr_line' id='line_1_12' title="bbox 463 1354 2042 1430; baseline 0.006 -23"><span class='ocrx_word' id='word_1_89' title='bbox 463 1354 855 1423; x_wconf 84' lang='lat' dir='ltr'><strong><em>terpretatione</em></strong></span> <span class='ocrx_word' id='word_1_90' title='bbox 889 1357 1141 1410; x_wconf 90' lang='lat' dir='ltr'><strong><em>consulto</em></strong></span> <span class='ocrx_word' id='word_1_91' title='bbox 1167 1360 1653 1427; x_wconf 66' lang='lat' dir='ltr'><strong><em>praetermiserunt,</em></strong></span> <span class='ocrx_word' id='word_1_92' title='bbox 1678 1361 1825 1430; x_wconf 90' lang='lat' dir='ltr'><strong><em>quod</em></strong></span> <span class='ocrx_word' id='word_1_93' title='bbox 1860 1362 2042 1418; x_wconf 83' lang='lat' dir='ltr'><strong><em>existi-</em></strong></span> 
     </span>
    </p>
   </div>
   <div class='ocr_carea' id='block_1_13' title="bbox 463 1438 2046 1519">
    <p class='ocr_par' dir='ltr' id='par_1_13' title="bbox 463 1438 2046 1519">
     <span class='ocr_line' id='line_1_13' title="bbox 463 1438 2046 1519; baseline 0.008 -25"><span class='ocrx_word' id='word_1_94' title='bbox 463 1450 677 1495; x_wconf 89' lang='lat' dir='ltr'><strong><em>marent</em></strong></span> <span class='ocrx_word' id='word_1_95' title='bbox 711 1438 1027 1498; x_wconf 57' lang='lat' dir='ltr'><strong><em>Graecorum</em></strong></span> <span class='ocrx_word' id='word_1_96' title='bbox 1059 1445 1401 1517; x_wconf 84' lang='lat' dir='ltr'><strong><em>aliarumque</em></strong></span> <span class='ocrx_word' id='word_1_97' title='bbox 1451 1448 1715 1519; x_wconf 76' lang='grc' dir='ltr'><strong><em>ἀμυήτων</em></strong></span> <span class='ocrx_word' id='word_1_98' title='bbox 1763 1450 2046 1506; x_wconf 88' lang='lat' dir='ltr'><strong><em>nationum</em></strong></span> 
     </span>
    </p>
   </div>
   <div class='ocr_carea' id='block_1_14' title="bbox 456 1532 2049 1605">
    <p class='ocr_par' dir='ltr' id='par_1_14' title="bbox 456 1532 2049 1605">
     <span class='ocr_line' id='line_1_14' title="bbox 456 1532 2049 1605; baseline 0.007 -18"><span class='ocrx_word' id='word_1_99' title='bbox 456 1532 641 1587; x_wconf 73' lang='lat' dir='ltr'><strong><em>oculis</em></strong></span> <span class='ocrx_word' id='word_1_100' title='bbox 666 1548 774 1588; x_wconf 90' lang='lat' dir='ltr'><strong><em>non</em></strong></span> <span class='ocrx_word' id='word_1_101' title='bbox 808 1536 1127 1605; x_wconf 76' lang='lat' dir='ltr'><strong><em>exponenda</em></strong></span> <span class='ocrx_word' id='word_1_102' title='bbox 1174 1553 1315 1593; x_wconf 85' lang='lat' dir='ltr'><strong><em>esse.</em></strong></span> <span class='ocrx_word' id='word_1_103' title='bbox 1370 1537 1468 1594; x_wconf 83' lang='lat' dir='ltr'><strong><em>His</em></strong></span> <span class='ocrx_word' id='word_1_104' title='bbox 1489 1540 1746 1597; x_wconf 91' lang='lat' dir='ltr'><strong><em>omnibus</em></strong></span> <span class='ocrx_word' id='word_1_105' title='bbox 1788 1551 1848 1596; x_wconf 89' lang='lat' dir='ltr'><strong><em>ut</em></strong></span> <span class='ocrx_word' id='word_1_106' title='bbox 1875 1544 2049 1598; x_wconf 85' lang='lat' dir='ltr'><strong><em>medi-</em></strong></span> 
     </span>
    </p>
   </div>
   <div class='ocr_carea' id='block_1_15' title="bbox 463 1628 2046 1700">
    <p class='ocr_par' dir='ltr' id='par_1_15' title="bbox 463 1628 2046 1700">
     <span class='ocr_line' id='line_1_15' title="bbox 463 1628 2046 1700; baseline 0.007 -22"><span class='ocrx_word' id='word_1_107' title='bbox 463 1639 585 1679; x_wconf 94' lang='lat' dir='ltr'><strong><em>cam</em></strong></span> <span class='ocrx_word' id='word_1_108' title='bbox 623 1640 846 1681; x_wconf 91' lang='lat' dir='ltr'><strong><em>manum</em></strong></span> <span class='ocrx_word' id='word_1_109' title='bbox 904 1628 1220 1683; x_wconf 74' lang='lat' dir='ltr'><strong><em>admoveret</em></strong></span> <span class='ocrx_word' id='word_1_110' title='bbox 1248 1628 1529 1700; x_wconf 81' lang='lat' dir='ltr'><strong><em>Origenes,</em></strong></span> <span class='ocrx_word' id='word_1_111' title='bbox 1557 1648 1625 1686; x_wconf 76' lang='lat' dir='ltr'><strong><em>ex</em></strong></span> <span class='ocrx_word' id='word_1_112' title='bbox 1644 1634 1765 1688; x_wconf 92' lang='lat' dir='ltr'><strong><em>aliis</em></strong></span> <span class='ocrx_word' id='word_1_113' title='bbox 1790 1634 2046 1689; x_wconf 88' lang='lat' dir='ltr'><strong><em>editioni-</em></strong></span> 
     </span>
    </p>
   </div>
   <div class='ocr_carea' id='block_1_16' title="bbox 462 1716 2048 1792">
    <p class='ocr_par' dir='ltr' id='par_1_16' title="bbox 462 1716 2048 1792">
     <span class='ocr_line' id='line_1_16' title="bbox 462 1716 2048 1792; baseline 0.008 -22"><span class='ocrx_word' id='word_1_114' title='bbox 462 1716 569 1771; x_wconf 90' lang='lat' dir='ltr'><strong><em>bus</em></strong></span> <span class='ocrx_word' id='word_1_115' title='bbox 595 1728 776 1772; x_wconf 90' lang='lat' dir='ltr'><strong><em>errata</em></strong></span> <span class='ocrx_word' id='word_1_116' title='bbox 811 1734 931 1789; x_wconf 74' lang='lat' dir='ltr'><strong><em>qua:</em></strong></span> <span class='ocrx_word' id='word_1_117' title='bbox 978 1719 1030 1773; x_wconf 90' lang='lat' dir='ltr'><strong><em>iu</em></strong></span> <span class='ocrx_word' id='word_1_118' title='bbox 1091 1719 1231 1773; x_wconf 82' lang='lat' dir='ltr'><strong><em>LXX</em></strong></span> <span class='ocrx_word' id='word_1_119' title='bbox 1295 1720 1657 1792; x_wconf 89' lang='lat' dir='ltr'><strong><em>lnterprctum</em></strong></span> <span class='ocrx_word' id='word_1_120' title='bbox 1689 1726 2048 1782; x_wconf 86' lang='lat' dir='ltr'><strong><em>translatione</em></strong></span> 
     </span>
    </p>
   </div>
   <div class='ocr_carea' id='block_1_17' title="bbox 2164 625 3742 693">
    <p class='ocr_par' dir='ltr' id='par_1_17' title="bbox 2164 625 3742 693">
     <span class='ocr_line' id='line_1_17' title="bbox 2164 625 3742 693; baseline 0.001 -13"><span class='ocrx_word' id='word_1_121' title='bbox 2164 625 2373 682; x_wconf 86' lang='lat' dir='ltr'><strong><em>diernis</em></strong></span> <span class='ocrx_word' id='word_1_122' title='bbox 2403 628 2690 693; x_wconf 83' lang='lat' dir='ltr'><strong><em>remansit,</em></strong></span> <span class='ocrx_word' id='word_1_123' title='bbox 2725 637 2787 680; x_wconf 88' lang='lat' dir='ltr'><strong><em>ut</em></strong></span> <span class='ocrx_word' id='word_1_124' title='bbox 2817 626 2958 681; x_wconf 81' lang='lat' dir='ltr'><strong><em>infra</em></strong></span> <span class='ocrx_word' id='word_1_125' title='bbox 2984 627 3183 682; x_wconf 90' lang='lat' dir='ltr'><strong><em>dicturi</em></strong></span> <span class='ocrx_word' id='word_1_126' title='bbox 3208 643 3420 683; x_wconf 91' lang='lat' dir='ltr'><strong><em>sumus.</em></strong></span> <span class='ocrx_word' id='word_1_127' title='bbox 3456 625 3515 682; x_wconf 94' lang='lat' dir='ltr'><strong><em>In</em></strong></span> <span class='ocrx_word' id='word_1_128' title='bbox 3547 626 3742 682; x_wconf 82' lang='lat' dir='ltr'><strong><em>Canti-</em></strong></span> 
     </span>
    </p>
   </div>
   <div class='ocr_carea' id='block_1_18' title="bbox 2164 718 3741 789">
    <p class='ocr_par' dir='ltr' id='par_1_18' title="bbox 2164 718 3741 789">
     <span class='ocr_line' id='line_1_18' title="bbox 2164 718 3741 789; baseline 0.001 -18"><span class='ocrx_word' id='word_1_129' title='bbox 2164 718 2265 782; x_wconf 89' lang='lat' dir='ltr'><strong><em>cis,</em></strong></span> <span class='ocrx_word' id='word_1_130' title='bbox 2299 726 2359 773; x_wconf 94' lang='lat' dir='ltr'><strong><em>ut</em></strong></span> <span class='ocrx_word' id='word_1_131' title='bbox 2386 718 2606 789; x_wconf 88' lang='lat' dir='ltr'><strong><em>quidem</em></strong></span> <span class='ocrx_word' id='word_1_132' title='bbox 2631 718 2981 783; x_wconf 86' lang='lat' dir='ltr'><strong><em>arbitramur,</em></strong></span> <span class='ocrx_word' id='word_1_133' title='bbox 3012 733 3124 774; x_wconf 89' lang='lat' dir='ltr'><strong><em>non</em></strong></span> <span class='ocrx_word' id='word_1_134' title='bbox 3156 721 3329 774; x_wconf 86' lang='lat' dir='ltr'><strong><em>multa</em></strong></span> <span class='ocrx_word' id='word_1_135' title='bbox 3357 730 3515 774; x_wconf 86' lang='lat' dir='ltr'><strong><em>erant</em></strong></span> <span class='ocrx_word' id='word_1_136' title='bbox 3565 718 3741 773; x_wconf 87' lang='lat' dir='ltr'><strong><em>obelis</em></strong></span> 
     </span>
    </p>
   </div>
   <div class='ocr_carea' id='block_1_19' title="bbox 2162 807 3742 880">
    <p class='ocr_par' dir='ltr' id='par_1_19' title="bbox 2162 807 3742 880">
     <span class='ocr_line' id='line_1_19' title="bbox 2162 807 3742 880; baseline 0 -17"><span class='ocrx_word' id='word_1_137' title='bbox 2162 819 2216 863; x_wconf 91' lang='lat' dir='ltr'><strong><em>et</em></strong></span> <span class='ocrx_word' id='word_1_138' title='bbox 2241 810 2521 864; x_wconf 88' lang='lat' dir='ltr'><strong><em>asteriscis</em></strong></span> <span class='ocrx_word' id='word_1_139' title='bbox 2549 819 2753 866; x_wconf 88' lang='lat' dir='ltr'><strong><em>notata.</em></strong></span> <span class='ocrx_word' id='word_1_140' title='bbox 2789 810 2845 865; x_wconf 90' lang='lat' dir='ltr'><strong><em>In</em></strong></span> <span class='ocrx_word' id='word_1_141' title='bbox 2872 810 3072 866; x_wconf 85' lang='lat' dir='ltr'><strong><em>ﬂesaia</em></strong></span> <span class='ocrx_word' id='word_1_142' title='bbox 3112 810 3244 880; x_wconf 88' lang='lat' dir='ltr'><strong><em>quid</em></strong></span> <span class='ocrx_word' id='word_1_143' title='bbox 3291 807 3555 878; x_wconf 80' lang='lat' dir='ltr'><strong><em>Origenes</em></strong></span> <span class='ocrx_word' id='word_1_144' title='bbox 3587 810 3742 865; x_wconf 80' lang='lat' dir='ltr'><strong><em>addi-</em></strong></span> 
     </span>
    </p>
   </div>
   <div class='ocr_carea' id='block_1_20' title="bbox 2160 897 3744 970">
    <p class='ocr_par' dir='ltr' id='par_1_20' title="bbox 2160 897 3744 970">
     <span class='ocr_line' id='line_1_20' title="bbox 2160 897 3744 970; baseline -0.001 -17"><span class='ocrx_word' id='word_1_145' title='bbox 2160 897 2304 953; x_wconf 89' lang='lat' dir='ltr'><strong><em>derit</em></strong></span> <span class='ocrx_word' id='word_1_146' title='bbox 2327 913 2451 953; x_wconf 91' lang='lat' dir='ltr'><strong><em>cum</em></strong></span> <span class='ocrx_word' id='word_1_147' title='bbox 2474 900 2775 966; x_wconf 89' lang='lat' dir='ltr'><strong><em>asteriscis,</em></strong></span> <span class='ocrx_word' id='word_1_148' title='bbox 2799 900 2930 970; x_wconf 88' lang='lat' dir='ltr'><strong><em>quid</em></strong></span> <span class='ocrx_word' id='word_1_149' title='bbox 2975 899 3303 954; x_wconf 86' lang='lat' dir='ltr'><strong><em>demendum</em></strong></span> <span class='ocrx_word' id='word_1_150' title='bbox 3350 898 3744 969; x_wconf 79' lang='lat' dir='ltr'><strong><em>signiﬁcaverit</em></strong></span> 
     </span>
    </p>
   </div>
   <div class='ocr_carea' id='block_1_21' title="bbox 2161 989 3741 1062">
    <p class='ocr_par' dir='ltr' id='par_1_21' title="bbox 2161 989 3741 1062">
     <span class='ocr_line' id='line_1_21' title="bbox 2161 989 3741 1062; baseline -0.001 -18"><span class='ocrx_word' id='word_1_151' title='bbox 2161 1004 2287 1044; x_wconf 88' lang='lat' dir='ltr'><strong><em>cum</em></strong></span> <span class='ocrx_word' id='word_1_152' title='bbox 2322 999 2450 1045; x_wconf 89' lang='lat' dir='ltr'><strong><em>nota</em></strong></span> <span class='ocrx_word' id='word_1_153' title='bbox 2482 992 2649 1055; x_wconf 88' lang='lat' dir='ltr'><strong><em>obeli,</em></strong></span> <span class='ocrx_word' id='word_1_154' title='bbox 2678 992 2912 1062; x_wconf 87' lang='lat' dir='ltr'><strong><em>quisque</em></strong></span> <span class='ocrx_word' id='word_1_155' title='bbox 2960 991 3146 1045; x_wconf 88' lang='lat' dir='ltr'><strong><em>videre</em></strong></span> <span class='ocrx_word' id='word_1_156' title='bbox 3170 998 3350 1061; x_wconf 86' lang='lat' dir='ltr'><strong><em>potest</em></strong></span> <span class='ocrx_word' id='word_1_157' title='bbox 3394 989 3451 1043; x_wconf 87' lang='lat' dir='ltr'><strong><em>in</em></strong></span> <span class='ocrx_word' id='word_1_158' title='bbox 3498 989 3741 1044; x_wconf 83' lang='lat' dir='ltr'><strong><em>editione</em></strong></span> 
     </span>
    </p>
   </div>
   <div class='ocr_carea' id='block_1_22' title="bbox 2158 1079 3737 1153">
    <p class='ocr_par' dir='ltr' id='par_1_22' title="bbox 2158 1079 3737 1153">
     <span class='ocr_line' id='line_1_22' title="bbox 2158 1079 3737 1153; baseline -0.001 -17"><span class='ocrx_word' id='word_1_159' title='bbox 2158 1079 2412 1153; x_wconf 88' lang='lat' dir='ltr'><strong><em>Procopii</em></strong></span> <span class='ocrx_word' id='word_1_160' title='bbox 2454 1084 2509 1138; x_wconf 93' lang='lat' dir='ltr'><strong><em>in</em></strong></span> <span class='ocrx_word' id='word_1_161' title='bbox 2539 1085 2817 1149; x_wconf 82' lang='lat' dir='ltr'><strong><em>Hesaiam,</em></strong></span> <span class='ocrx_word' id='word_1_162' title='bbox 2845 1098 2875 1138; x_wconf 88' lang='lat' dir='ltr'><strong><em>a</em></strong></span> <span class='ocrx_word' id='word_1_163' title='bbox 2903 1081 3115 1140; x_wconf 74' lang='lat' dir='ltr'><strong><em>Joanne</em></strong></span> <span class='ocrx_word' id='word_1_164' title='bbox 3160 1082 3414 1137; x_wconf 82' lang='lat' dir='ltr'><strong><em>Curterio</em></strong></span> <span class='ocrx_word' id='word_1_165' title='bbox 3442 1080 3737 1147; x_wconf 86' lang='lat' dir='ltr'><strong><em>adornata,</em></strong></span> 
     </span>
    </p>
   </div>
   <div class='ocr_carea' id='block_1_23' title="bbox 2158 1174 3735 1245">
    <p class='ocr_par' dir='ltr' id='par_1_23' title="bbox 2158 1174 3735 1245">
     <span class='ocr_line' id='line_1_23' title="bbox 2158 1174 3735 1245; baseline 0 -16"><span class='ocrx_word' id='word_1_166' title='bbox 2158 1174 2270 1239; x_wconf 90' lang='lat' dir='ltr'><strong><em>ubi,</em></strong></span> <span class='ocrx_word' id='word_1_167' title='bbox 2304 1175 2519 1231; x_wconf 83' lang='lat' dir='ltr'><strong><em>etiamsi</em></strong></span> <span class='ocrx_word' id='word_1_168' title='bbox 2548 1176 2685 1231; x_wconf 91' lang='lat' dir='ltr'><strong><em>bene</em></strong></span> <span class='ocrx_word' id='word_1_169' title='bbox 2733 1176 2903 1231; x_wconf 89' lang='lat' dir='ltr'><strong><em>multa</em></strong></span> <span class='ocrx_word' id='word_1_170' title='bbox 2955 1175 3329 1245; x_wconf 80' lang='lat' dir='ltr'><strong><em>hujuscemodi</em></strong></span> <span class='ocrx_word' id='word_1_171' title='bbox 3359 1183 3735 1244; x_wconf 85' lang='lat' dir='ltr'><strong><em>compareant,</em></strong></span> 
     </span>
    </p>
   </div>
   <div class='ocr_carea' id='block_1_24' title="bbox 2155 1264 3734 1334">
    <p class='ocr_par' dir='ltr' id='par_1_24' title="bbox 2155 1264 3734 1334">
     <span class='ocr_line' id='line_1_24' title="bbox 2155 1264 3734 1334; baseline 0.001 -17"><span class='ocrx_word' id='word_1_172' title='bbox 2155 1277 2331 1333; x_wconf 88' lang='lat' dir='ltr'><strong><em>pauca</em></strong></span> <span class='ocrx_word' id='word_1_173' title='bbox 2359 1274 2541 1320; x_wconf 90' lang='lat' dir='ltr'><strong><em>tamen</em></strong></span> <span class='ocrx_word' id='word_1_174' title='bbox 2570 1266 3053 1334; x_wconf 72' lang='lat' dir='ltr'><strong><em>existimabantur,</em></strong></span> <span class='ocrx_word' id='word_1_175' title='bbox 3102 1264 3149 1320; x_wconf 89' lang='lat' dir='ltr'><strong><em>si</em></strong></span> <span class='ocrx_word' id='word_1_176' title='bbox 3191 1274 3579 1334; x_wconf 71' lang='lat' dir='ltr'><strong><em>comparentur</em></strong></span> <span class='ocrx_word' id='word_1_177' title='bbox 3607 1278 3734 1319; x_wconf 82' lang='lat' dir='ltr'><strong><em>cum</em></strong></span> 
     </span>
    </p>
   </div>
   <div class='ocr_carea' id='block_1_25' title="bbox 2156 1333 3735 1425">
    <p class='ocr_par' dir='ltr' id='par_1_25' title="bbox 2156 1333 3735 1425">
     <span class='ocr_line' id='line_1_25' title="bbox 2156 1333 3735 1425; baseline 0.001 -16"><span class='ocrx_word' id='word_1_178' title='bbox 2156 1354 2226 1410; x_wconf 87' lang='lat' dir='ltr'><strong><em>iis</em></strong></span> <span class='ocrx_word' id='word_1_179' title='bbox 2252 1372 2374 1425; x_wconf 59' lang='lat' dir='ltr'><strong><em>quae</em></strong></span> <span class='ocrx_word' id='word_1_180' title='bbox 2420 1357 2475 1411; x_wconf 92' lang='lat' dir='ltr'><strong><em>in</em></strong></span> <span class='ocrx_word' id='word_1_181' title='bbox 2503 1356 2738 1413; x_wconf 83' lang='lat' dir='ltr'><strong><em>Jeremia</em></strong></span> <span class='ocrx_word' id='word_1_182' title='bbox 2777 1333 3164 1412; x_wconf 55' lang='lat' dir='ltr'><strong><em>et’Ezechiele</em></strong></span> <span class='ocrx_word' id='word_1_183' title='bbox 3217 1333 3578 1411; x_wconf 84' lang='lat' dir='ltr'><strong><em>occurrebant</em></strong></span> <span class='ocrx_word' id='word_1_184' title='bbox 3612 1372 3627 1411; x_wconf 91' lang='lat'><strong>:</strong></span> <span class='ocrx_word' id='word_1_185' title='bbox 3677 1356 3735 1412; x_wconf 85' lang='lat' dir='ltr'><strong><em>in</em></strong></span> 
     </span>
    </p>
   </div>
   <div class='ocr_carea' id='block_1_26' title="bbox 2153 1442 3733 1518">
    <p class='ocr_par' dir='ltr' id='par_1_26' title="bbox 2153 1442 3733 1518">
     <span class='ocr_line' id='line_1_26' title="bbox 2153 1442 3733 1518; baseline 0.001 -19"><span class='ocrx_word' id='word_1_186' title='bbox 2153 1442 2387 1501; x_wconf 83' lang='lat' dir='ltr'><strong><em>Jeremia</em></strong></span> <span class='ocrx_word' id='word_1_187' title='bbox 2416 1450 2615 1518; x_wconf 85' lang='lat' dir='ltr'><strong><em>quippe</em></strong></span> <span class='ocrx_word' id='word_1_188' title='bbox 2640 1450 2812 1503; x_wconf 79' lang='lat' dir='ltr'><strong><em>multa</em></strong></span> <span class='ocrx_word' id='word_1_189' title='bbox 2838 1463 2867 1502; x_wconf 90' lang='lat' dir='ltr'><strong><em>a</em></strong></span> <span class='ocrx_word' id='word_1_190' title='bbox 2902 1446 3045 1501; x_wconf 75' lang='lat' dir='ltr'><strong><em>LXX</em></strong></span> <span class='ocrx_word' id='word_1_191' title='bbox 3090 1447 3483 1516; x_wconf 85' lang='lat' dir='ltr'><strong><em>Interpretibus</em></strong></span> <span class='ocrx_word' id='word_1_192' title='bbox 3507 1446 3733 1509; x_wconf 80' lang='lat' dir='ltr'><strong><em>omissa,</em></strong></span> 
     </span>
    </p>
   </div>
   <div class='ocr_carea' id='block_1_27' title="bbox 2154 1538 3737 1610">
    <p class='ocr_par' dir='ltr' id='par_1_27' title="bbox 2154 1538 3737 1610">
     <span class='ocr_line' id='line_1_27' title="bbox 2154 1538 3737 1610; baseline 0.002 -18"><span class='ocrx_word' id='word_1_193' title='bbox 2154 1551 2279 1592; x_wconf 92' lang='lat' dir='ltr'><strong><em>cum</em></strong></span> <span class='ocrx_word' id='word_1_194' title='bbox 2305 1541 2581 1595; x_wconf 86' lang='lat' dir='ltr'><strong><em>asteriscis</em></strong></span> <span class='ocrx_word' id='word_1_195' title='bbox 2605 1557 2672 1595; x_wconf 72' lang='lat' dir='ltr'><strong><em>ex</em></strong></span> <span class='ocrx_word' id='word_1_196' title='bbox 2703 1539 3078 1596; x_wconf 81' lang='lat' dir='ltr'><strong><em>Tlieodotione</em></strong></span> <span class='ocrx_word' id='word_1_197' title='bbox 3122 1539 3304 1594; x_wconf 86' lang='lat' dir='ltr'><strong><em>addita</em></strong></span> <span class='ocrx_word' id='word_1_198' title='bbox 3342 1538 3535 1595; x_wconf 83' lang='lat' dir='ltr'><strong><em>luere:</em></strong></span> <span class='ocrx_word' id='word_1_199' title='bbox 3566 1540 3737 1610; x_wconf 84' lang='lat' dir='ltr'><strong><em>pluri-</em></strong></span> 
     </span>
    </p>
   </div>
   <div class='ocr_carea' id='block_1_28' title="bbox 2154 1632 3734 1702">
    <p class='ocr_par' dir='ltr' id='par_1_28' title="bbox 2154 1632 3734 1702">
     <span class='ocr_line' id='line_1_28' title="bbox 2154 1632 3734 1702; baseline 0.004 -17"><span class='ocrx_word' id='word_1_200' title='bbox 2154 1647 2353 1699; x_wconf 86' lang='lat' dir='ltr'><strong><em>maque</em></strong></span> <span class='ocrx_word' id='word_1_201' title='bbox 2377 1632 2601 1702; x_wconf 86' lang='lat' dir='ltr'><strong><em>insuper</em></strong></span> <span class='ocrx_word' id='word_1_202' title='bbox 2627 1649 2658 1687; x_wconf 86' lang='lat' dir='ltr'><strong><em>a</em></strong></span> <span class='ocrx_word' id='word_1_203' title='bbox 2687 1635 2865 1702; x_wconf 88' lang='lat' dir='ltr'><strong><em>capite</em></strong></span> <span class='ocrx_word' id='word_1_204' title='bbox 2894 1649 3021 1697; x_wconf 76' lang='lat' dir='ltr'><strong><em>xxv,</em></strong></span> <span class='ocrx_word' id='word_1_205' title='bbox 3045 1646 3220 1702; x_wconf 85' lang='lat' dir='ltr'><strong><em>usque</em></strong></span> <span class='ocrx_word' id='word_1_206' title='bbox 3248 1632 3317 1686; x_wconf 91' lang='lat' dir='ltr'><strong><em>ad</em></strong></span> <span class='ocrx_word' id='word_1_207' title='bbox 3348 1632 3734 1699; x_wconf 83' lang='lat' dir='ltr'><strong><em>liuem,trans-</em></strong></span> 
     </span>
    </p>
   </div>
   <div class='ocr_carea' id='block_1_29' title="bbox 2153 1723 3730 1791">
    <p class='ocr_par' dir='ltr' id='par_1_29' title="bbox 2153 1723 3730 1791">
     <span class='ocr_line' id='line_1_29' title="bbox 2153 1723 3730 1791; baseline 0.004 -17"><span class='ocrx_word' id='word_1_208' title='bbox 2153 1723 2330 1791; x_wconf 86' lang='lat' dir='ltr'><strong><em>posita</em></strong></span> <span class='ocrx_word' id='word_1_209' title='bbox 2380 1733 2434 1777; x_wconf 92' lang='lat' dir='ltr'><strong><em>et</em></strong></span> <span class='ocrx_word' id='word_1_210' title='bbox 2469 1723 2721 1790; x_wconf 76' lang='lat' dir='ltr'><strong><em>confusa,</em></strong></span> <span class='ocrx_word' id='word_1_211' title='bbox 2778 1724 2962 1779; x_wconf 92' lang='lat' dir='ltr'><strong><em>nativo</em></strong></span> <span class='ocrx_word' id='word_1_212' title='bbox 3013 1724 3193 1778; x_wconf 92' lang='lat' dir='ltr'><strong><em>ordini</em></strong></span> <span class='ocrx_word' id='word_1_213' title='bbox 3260 1725 3509 1779; x_wconf 81' lang='lat' dir='ltr'><strong><em>restituta</em></strong></span> <span class='ocrx_word' id='word_1_214' title='bbox 3553 1736 3730 1781; x_wconf 91' lang='lat' dir='ltr'><strong><em>sunt:</em></strong></span> 
     </span>
    </p>
   </div>
   <div class='ocr_carea' id='block_1_30' title="bbox 461 1809 3733 1886">
    <p class='ocr_par' dir='ltr' id='par_1_30' title="bbox 461 1809 3733 1886">
     <span class='ocr_line' id='line_1_30' title="bbox 461 1809 3733 1886; baseline 0.003 -24"><span class='ocrx_word' id='word_1_215' title='bbox 461 1809 848 1873; x_wconf 86' lang='lat' dir='ltr'><strong><em>occurrebant,</em></strong></span> <span class='ocrx_word' id='word_1_216' title='bbox 881 1811 1213 1876; x_wconf 83' lang='lat' dir='ltr'><strong><em>emendavit,</em></strong></span> <span class='ocrx_word' id='word_1_217' title='bbox 1242 1814 1446 1870; x_wconf 86' lang='lat' dir='ltr'><strong><em>omissa</em></strong></span> <span class='ocrx_word' id='word_1_218' title='bbox 1480 1816 1699 1886; x_wconf 82' lang='lat' dir='ltr'><strong><em>adjecit,</em></strong></span> <span class='ocrx_word' id='word_1_219' title='bbox 1739 1818 2050 1873; x_wconf 85' lang='lat' dir='ltr'><strong><em>redundan-</em></strong></span> <span class='ocrx_word' id='word_1_220' title='bbox 2080 1812 2122 1868; x_wconf 83' lang='grc' dir='ltr'><strong>Β</strong></span> <span class='ocrx_word' id='word_1_221' title='bbox 2154 1814 2209 1867; x_wconf 83' lang='lat' dir='ltr'><strong><em>in</em></strong></span> <span class='ocrx_word' id='word_1_222' title='bbox 2240 1812 2521 1869; x_wconf 64' lang='lat' dir='ltr'><strong><em>Ezechiele</em></strong></span> <span class='ocrx_word' id='word_1_223' title='bbox 2574 1815 2861 1870; x_wconf 83' lang='lat' dir='ltr'><strong><em>innumera</em></strong></span> <span class='ocrx_word' id='word_1_224' title='bbox 2912 1831 2944 1870; x_wconf 86' lang='lat' dir='ltr'><strong><em>a</em></strong></span> <span class='ocrx_word' id='word_1_225' title='bbox 3001 1814 3320 1871; x_wconf 69' lang='lat' dir='ltr'><strong><em>Senioribus</em></strong></span> <span class='ocrx_word' id='word_1_226' title='bbox 3368 1816 3477 1871; x_wconf 82' lang='lat' dir='ltr'><strong><em>illis</em></strong></span> <span class='ocrx_word' id='word_1_227' title='bbox 3505 1826 3733 1886; x_wconf 62' lang='lat' dir='ltr'><strong><em>praster-</em></strong></span> 
     </span>
    </p>
   </div>
   <div class='ocr_carea' id='block_1_31' title="bbox 461 1898 2044 1978">
    <p class='ocr_par' dir='ltr' id='par_1_31' title="bbox 461 1898 2044 1978">
     <span class='ocr_line' id='line_1_31' title="bbox 461 1898 2044 1978; baseline 0.008 -27"><span class='ocrx_word' id='word_1_228' title='bbox 461 1898 536 1951; x_wconf 90' lang='lat' dir='ltr'><strong><em>tia</em></strong></span> <span class='ocrx_word' id='word_1_229' title='bbox 560 1900 896 1968; x_wconf 88' lang='lat' dir='ltr'><strong><em>amputavit;</em></strong></span> <span class='ocrx_word' id='word_1_230' title='bbox 928 1915 992 1953; x_wconf 89' lang='lat' dir='ltr'><strong><em>ea</em></strong></span> <span class='ocrx_word' id='word_1_231' title='bbox 1024 1909 1206 1956; x_wconf 90' lang='lat' dir='ltr'><strong><em>tamen</em></strong></span> <span class='ocrx_word' id='word_1_232' title='bbox 1236 1906 1449 1959; x_wconf 85' lang='lat' dir='ltr'><strong><em>cautela</em></strong></span> <span class='ocrx_word' id='word_1_233' title='bbox 1488 1916 1652 1976; x_wconf 88' lang='lat' dir='ltr'><strong><em>atque</em></strong></span> <span class='ocrx_word' id='word_1_234' title='bbox 1683 1908 1943 1978; x_wconf 90' lang='lat' dir='ltr'><strong><em>scrupulo</em></strong></span> <span class='ocrx_word' id='word_1_235' title='bbox 1967 1918 2044 1975; x_wconf 90' lang='lat' dir='ltr'><strong><em>ut,</em></strong></span> 
     </span>
    </p>
   </div>
   <div class='ocr_carea' id='block_1_32' title="bbox 459 1989 2046 2064">
    <p class='ocr_par' dir='ltr' id='par_1_32' title="bbox 459 1989 2046 2064">
     <span class='ocr_line' id='line_1_32' title="bbox 459 1989 2046 2064; baseline 0.009 -23"><span class='ocrx_word' id='word_1_236' title='bbox 459 1989 649 2043; x_wconf 87' lang='lat' dir='ltr'><strong><em>relicta</em></strong></span> <span class='ocrx_word' id='word_1_237' title='bbox 699 1991 870 2059; x_wconf 87' lang='lat' dir='ltr'><strong><em>priori</em></strong></span> <span class='ocrx_word' id='word_1_238' title='bbox 929 1991 1187 2056; x_wconf 77' lang='lat' dir='ltr'><strong><em>lectione,</em></strong></span> <span class='ocrx_word' id='word_1_239' title='bbox 1218 2010 1343 2064; x_wconf 65' lang='lat' dir='ltr'><strong><em>quae</em></strong></span> <span class='ocrx_word' id='word_1_240' title='bbox 1375 1997 1622 2052; x_wconf 89' lang='lat' dir='ltr'><strong><em>addenda</em></strong></span> <span class='ocrx_word' id='word_1_241' title='bbox 1663 2000 1740 2053; x_wconf 81' lang='lat' dir='ltr'><strong><em>rel</em></strong></span> <span class='ocrx_word' id='word_1_242' title='bbox 1787 2002 2046 2057; x_wconf 88' lang='lat' dir='ltr'><strong><em>mutanda</em></strong></span> 
     </span>
    </p>
   </div>
   <div class='ocr_carea' id='block_1_33' title="bbox 459 2076 1973 2155">
    <p class='ocr_par' dir='ltr' id='par_1_33' title="bbox 459 2076 1973 2155">
     <span class='ocr_line' id='line_1_33' title="bbox 459 2076 1973 2155; baseline 0.011 -26"><span class='ocrx_word' id='word_1_243' title='bbox 459 2084 618 2129; x_wconf 84' lang='lat' dir='ltr'><strong><em>erant</em></strong></span> <span class='ocrx_word' id='word_1_244' title='bbox 653 2076 932 2131; x_wconf 88' lang='lat' dir='ltr'><strong><em>asteriscis</em></strong></span> <span class='ocrx_word' id='word_1_245' title='bbox 969 2087 1214 2147; x_wconf 87' lang='lat' dir='ltr'><strong><em>notaret;</em></strong></span> <span class='ocrx_word' id='word_1_246' title='bbox 1249 2100 1370 2153; x_wconf 73' lang='lat' dir='ltr'><strong><em>qua:</em></strong></span> <span class='ocrx_word' id='word_1_247' title='bbox 1391 2088 1742 2155; x_wconf 87' lang='lat' dir='ltr'><strong><em>amputanda,</em></strong></span> <span class='ocrx_word' id='word_1_248' title='bbox 1781 2089 1973 2145; x_wconf 88' lang='lat' dir='ltr'><strong><em>obelis.</em></strong></span> 
     </span>
    </p>
   </div>
   <div class='ocr_carea' id='block_1_34' title="bbox 530 2164 2048 2253">
    <p class='ocr_par' dir='ltr' id='par_1_34' title="bbox 530 2164 2048 2253">
     <span class='ocr_line' id='line_1_34' title="bbox 530 2164 2048 2253; baseline 0.014 -34"><span class='ocrx_word' id='word_1_249' title='bbox 530 2164 640 2221; x_wconf 82' lang='lat' dir='ltr'><strong><em>Nec</em></strong></span> <span class='ocrx_word' id='word_1_250' title='bbox 669 2167 738 2220; x_wconf 90' lang='lat' dir='ltr'><strong><em>ab</em></strong></span> <span class='ocrx_word' id='word_1_251' title='bbox 764 2182 823 2221; x_wconf 89' lang='lat' dir='ltr'><strong><em>re</em></strong></span> <span class='ocrx_word' id='word_1_252' title='bbox 852 2169 956 2222; x_wconf 91' lang='lat' dir='ltr'><strong><em>erit</em></strong></span> <span class='ocrx_word' id='word_1_253' title='bbox 988 2170 1075 2224; x_wconf 91' lang='lat' dir='ltr'><strong><em>hic</em></strong></span> <span class='ocrx_word' id='word_1_254' title='bbox 1124 2187 1318 2229; x_wconf 91' lang='lat' dir='ltr'><strong><em>omnes</em></strong></span> <span class='ocrx_word' id='word_1_255' title='bbox 1375 2174 1673 2247; x_wconf 58' lang='lat' dir='ltr'><strong><em>Scriptura:</em></strong></span> <span class='ocrx_word' id='word_1_256' title='bbox 1724 2180 1894 2238; x_wconf 90' lang='lat' dir='ltr'><strong><em>libros</em></strong></span> <span class='ocrx_word' id='word_1_257' title='bbox 1922 2200 2048 2253; x_wconf 88' lang='lat' dir='ltr'><strong><em>per-</em></strong></span> 
     </span>
    </p>
   </div>
   <div class='ocr_carea' id='block_1_35' title="bbox 459 2260 2044 2343">
    <p class='ocr_par' dir='ltr' id='par_1_35' title="bbox 459 2260 2044 2343">
     <span class='ocr_line' id='line_1_35' title="bbox 459 2260 2044 2343; baseline 0.015 -35"><span class='ocrx_word' id='word_1_258' title='bbox 459 2269 703 2323; x_wconf 88' lang='lat' dir='ltr'><strong><em>currere,</em></strong></span> <span class='ocrx_word' id='word_1_259' title='bbox 732 2268 794 2313; x_wconf 94' lang='lat' dir='ltr'><strong><em>ut</em></strong></span> <span class='ocrx_word' id='word_1_260' title='bbox 821 2260 951 2329; x_wconf 90' lang='lat' dir='ltr'><strong><em>quid</em></strong></span> <span class='ocrx_word' id='word_1_261' title='bbox 983 2261 1040 2318; x_wconf 89' lang='lat' dir='ltr'><strong><em>in</em></strong></span> <span class='ocrx_word' id='word_1_262' title='bbox 1086 2266 1317 2336; x_wconf 80' lang='lat' dir='ltr'><strong><em>singulis</em></strong></span> <span class='ocrx_word' id='word_1_263' title='bbox 1347 2269 1417 2323; x_wconf 91' lang='lat' dir='ltr'><strong><em>ab</em></strong></span> <span class='ocrx_word' id='word_1_264' title='bbox 1466 2269 1699 2343; x_wconf 79' lang='lat' dir='ltr'><strong><em>Origene</em></strong></span> <span class='ocrx_word' id='word_1_265' title='bbox 1740 2277 2044 2343; x_wconf 69' lang='lat' dir='ltr'><strong><em>prtestitum</em></strong></span> 
     </span>
    </p>
   </div>
   <div class='ocr_carea' id='block_1_36' title="bbox 460 2343 2044 2437">
    <p class='ocr_par' dir='ltr' id='par_1_36' title="bbox 460 2343 2044 2437">
     <span class='ocr_line' id='line_1_36' title="bbox 460 2343 2044 2437; baseline 0.016 -40"><span class='ocrx_word' id='word_1_266' title='bbox 460 2343 629 2400; x_wconf 80' lang='lat' dir='ltr'><strong><em>fuerit</em></strong></span> <span class='ocrx_word' id='word_1_267' title='bbox 655 2365 768 2403; x_wconf 90' lang='lat' dir='ltr'><strong><em>uno</em></strong></span> <span class='ocrx_word' id='word_1_268' title='bbox 823 2351 1025 2409; x_wconf 89' lang='lat' dir='ltr'><strong><em>intuitu</em></strong></span> <span class='ocrx_word' id='word_1_269' title='bbox 1057 2358 1231 2425; x_wconf 88' lang='lat' dir='ltr'><strong><em>possit</em></strong></span> <span class='ocrx_word' id='word_1_270' title='bbox 1287 2360 1567 2416; x_wconf 82' lang='lat' dir='ltr'><strong><em>studiosus</em></strong></span> <span class='ocrx_word' id='word_1_271' title='bbox 1604 2363 1771 2418; x_wconf 87' lang='lat' dir='ltr'><strong><em>lector</em></strong></span> <span class='ocrx_word' id='word_1_272' title='bbox 1814 2368 2044 2437; x_wconf 88' lang='lat' dir='ltr'><strong><em>carptim</em></strong></span> 
     </span>
    </p>
   </div>
   <div class='ocr_carea' id='block_1_37' title="bbox 458 2438 2045 2526">
    <p class='ocr_par' dir='ltr' id='par_1_37' title="bbox 458 2438 2045 2526">
     <span class='ocr_line' id='line_1_37' title="bbox 458 2438 2045 2526; baseline 0.014 -35"><span class='ocrx_word' id='word_1_273' title='bbox 458 2438 772 2495; x_wconf 88' lang='lat' dir='ltr'><strong><em>observare.</em></strong></span> <span class='ocrx_word' id='word_1_274' title='bbox 804 2441 859 2495; x_wconf 89' lang='lat' dir='ltr'><strong><em>In</em></strong></span> <span class='ocrx_word' id='word_1_275' title='bbox 885 2443 1107 2514; x_wconf 86' lang='lat' dir='ltr'><strong><em>Genesi,</em></strong></span> <span class='ocrx_word' id='word_1_276' title='bbox 1139 2458 1197 2503; x_wconf 90' lang='lat' dir='ltr'><strong><em>ut</em></strong></span> <span class='ocrx_word' id='word_1_277' title='bbox 1250 2464 1317 2504; x_wconf 80' lang='lat' dir='ltr'><strong><em>ex</em></strong></span> <span class='ocrx_word' id='word_1_278' title='bbox 1347 2452 1415 2507; x_wconf 90' lang='lat' dir='ltr'><strong><em>iis</em></strong></span> <span class='ocrx_word' id='word_1_279' title='bbox 1439 2468 1561 2522; x_wconf 68' lang='lat' dir='ltr'><strong><em>quae</em></strong></span> <span class='ocrx_word' id='word_1_280' title='bbox 1609 2469 1903 2526; x_wconf 86' lang='lat' dir='ltr'><strong><em>supersunt</em></strong></span> <span class='ocrx_word' id='word_1_281' title='bbox 1935 2459 2045 2514; x_wconf 82' lang='lat' dir='ltr'><strong><em>fra-</em></strong></span> 
     </span>
    </p>
   </div>
   <div class='ocr_carea' id='block_1_38' title="bbox 460 2528 2045 2605">
    <p class='ocr_par' dir='ltr' id='par_1_38' title="bbox 460 2528 2045 2605">
     <span class='ocr_line' id='line_1_38' title="bbox 460 2528 2045 2605; baseline 0.018 -28"><span class='ocrx_word' id='word_1_282' title='bbox 460 2528 694 2594; x_wconf 77' lang='lat' dir='ltr'><strong><em>gmentis</em></strong></span> <span class='ocrx_word' id='word_1_283' title='bbox 720 2531 1038 2589; x_wconf 81' lang='lat' dir='ltr'><strong><em>existimare</em></strong></span> <span class='ocrx_word' id='word_1_284' title='bbox 1066 2537 1210 2603; x_wconf 85' lang='lat' dir='ltr'><strong><em>licet,</em></strong></span> <span class='ocrx_word' id='word_1_285' title='bbox 1255 2555 1362 2595; x_wconf 89' lang='lat' dir='ltr'><strong><em>non</em></strong></span> <span class='ocrx_word' id='word_1_286' title='bbox 1401 2550 1481 2597; x_wconf 90' lang='lat' dir='ltr'><strong><em>tot</em></strong></span> <span class='ocrx_word' id='word_1_287' title='bbox 1534 2547 1861 2604; x_wconf 89' lang='lat' dir='ltr'><strong><em>mutationes</em></strong></span> <span class='ocrx_word' id='word_1_288' title='bbox 1889 2548 2045 2605; x_wconf 74' lang='lat' dir='ltr'><strong><em>facttc</em></strong></span> 
     </span>
    </p>
   </div>
   <div class='ocr_carea' id='block_1_39' title="bbox 459 2622 2044 2707">
    <p class='ocr_par' dir='ltr' id='par_1_39' title="bbox 459 2622 2044 2707">
     <span class='ocr_line' id='line_1_39' title="bbox 459 2622 2044 2707; baseline 0.018 -38"><span class='ocrx_word' id='word_1_289' title='bbox 459 2626 589 2671; x_wconf 88' lang='lat' dir='ltr'><strong><em>sunt</em></strong></span> <span class='ocrx_word' id='word_1_290' title='bbox 620 2628 753 2689; x_wconf 89' lang='lat' dir='ltr'><strong><em>quot</em></strong></span> <span class='ocrx_word' id='word_1_291' title='bbox 785 2622 836 2674; x_wconf 91' lang='lat' dir='ltr'><strong><em>in</em></strong></span> <span class='ocrx_word' id='word_1_292' title='bbox 858 2624 985 2681; x_wconf 83' lang='lat' dir='ltr'><strong><em>aliis</em></strong></span> <span class='ocrx_word' id='word_1_293' title='bbox 1007 2630 1144 2683; x_wconf 90' lang='lat' dir='ltr'><strong><em>bene</em></strong></span> <span class='ocrx_word' id='word_1_294' title='bbox 1175 2632 1361 2688; x_wconf 89' lang='lat' dir='ltr'><strong><em>multis</em></strong></span> <span class='ocrx_word' id='word_1_295' title='bbox 1403 2634 1698 2705; x_wconf 79' lang='lat' dir='ltr'><strong><em>Scriptura:</em></strong></span> <span class='ocrx_word' id='word_1_296' title='bbox 1737 2631 1911 2707; x_wconf 86' lang='lat' dir='ltr'><strong><em>libris,</em></strong></span> <span class='ocrx_word' id='word_1_297' title='bbox 1948 2658 2044 2698; x_wconf 89' lang='lat' dir='ltr'><strong><em>ne-</em></strong></span> 
     </span>
    </p>
   </div>
   <div class='ocr_carea' id='block_1_40' title="bbox 458 2716 2040 2801">
    <p class='ocr_par' dir='ltr' id='par_1_40' title="bbox 458 2716 2040 2801">
     <span class='ocr_line' id='line_1_40' title="bbox 458 2716 2040 2801; baseline 0.017 -42"><span class='ocrx_word' id='word_1_298' title='bbox 458 2720 566 2776; x_wconf 87' lang='lat' dir='ltr'><strong><em>que</em></strong></span> <span class='ocrx_word' id='word_1_299' title='bbox 601 2716 806 2763; x_wconf 86' lang='lat' dir='ltr'><strong><em>tantam</em></strong></span> <span class='ocrx_word' id='word_1_300' title='bbox 832 2717 1225 2773; x_wconf 76' lang='lat' dir='ltr'><strong><em>asteriscorum</em></strong></span> <span class='ocrx_word' id='word_1_301' title='bbox 1254 2723 1467 2777; x_wconf 88' lang='lat' dir='ltr'><strong><em>turbam</em></strong></span> <span class='ocrx_word' id='word_1_302' title='bbox 1497 2727 1745 2783; x_wconf 83' lang='lat' dir='ltr'><strong><em>adhibuit</em></strong></span> <span class='ocrx_word' id='word_1_303' title='bbox 1776 2724 2040 2801; x_wconf 80' lang='lat' dir='ltr'><strong><em>Origenes</em></strong></span> 
     </span>
    </p>
   </div>
   <div class='ocr_carea' id='block_1_41' title="bbox 454 2801 2040 2890">
    <p class='ocr_par' dir='ltr' id='par_1_41' title="bbox 454 2801 2040 2890">
     <span class='ocr_line' id='line_1_41' title="bbox 454 2801 2040 2890; baseline 0.013 -34"><span class='ocrx_word' id='word_1_304' title='bbox 454 2809 715 2890; x_wconf 61' lang='lat' dir='ltr'><strong><em>quamam</em></strong></span> <span class='ocrx_word' id='word_1_305' title='bbox 744 2801 798 2854; x_wconf 83' lang='lat' dir='ltr'><strong><em>in</em></strong></span> <span class='ocrx_word' id='word_1_306' title='bbox 834 2810 1211 2879; x_wconf 60' lang='lat' dir='ltr'><strong><em>sequentibus.</em></strong></span> <span class='ocrx_word' id='word_1_307' title='bbox 1241 2811 1299 2867; x_wconf 86' lang='lat' dir='ltr'><strong><em>lu</em></strong></span> <span class='ocrx_word' id='word_1_308' title='bbox 1335 2813 1524 2871; x_wconf 80' lang='lat' dir='ltr'><strong><em>Exodo</em></strong></span> <span class='ocrx_word' id='word_1_309' title='bbox 1556 2818 1714 2889; x_wconf 86' lang='lat' dir='ltr'><strong><em>longe</em></strong></span> <span class='ocrx_word' id='word_1_310' title='bbox 1747 2822 1904 2890; x_wconf 88' lang='lat' dir='ltr'><strong><em>plura</em></strong></span> <span class='ocrx_word' id='word_1_311' title='bbox 1938 2822 2040 2876; x_wconf 87' lang='lat' dir='ltr'><strong><em>ad-</em></strong></span> 
     </span>
    </p>
   </div>
   <div class='ocr_carea' id='block_1_42' title="bbox 454 2887 2038 2982">
    <p class='ocr_par' dir='ltr' id='par_1_42' title="bbox 454 2887 2038 2982">
     <span class='ocr_line' id='line_1_42' title="bbox 454 2887 2038 2982; baseline 0.013 -34"><span class='ocrx_word' id='word_1_312' title='bbox 454 2887 589 2948; x_wconf 74' lang='lat' dir='ltr'><strong><em>didit</em></strong></span> <span class='ocrx_word' id='word_1_313' title='bbox 620 2903 675 2950; x_wconf 84' lang='lat' dir='ltr'><strong><em>et</em></strong></span> <span class='ocrx_word' id='word_1_314' title='bbox 696 2901 960 2954; x_wconf 84' lang='lat' dir='ltr'><strong><em>mutavit:</em></strong></span> <span class='ocrx_word' id='word_1_315' title='bbox 989 2916 1114 2955; x_wconf 89' lang='lat' dir='ltr'><strong><em>nam</em></strong></span> <span class='ocrx_word' id='word_1_316' title='bbox 1144 2915 1501 2976; x_wconf 79' lang='lat' dir='ltr'><strong><em>przcterquam</em></strong></span> <span class='ocrx_word' id='word_1_317' title='bbox 1525 2887 1676 2979; x_wconf 82' lang='lat' dir='ltr'><strong><em>quod</em></strong></span> <span class='ocrx_word' id='word_1_318' title='bbox 1694 2887 1814 2982; x_wconf 79' lang='lat' dir='ltr'><strong><em>cap.</em></strong></span> <span class='ocrx_word' id='word_1_319' title='bbox 1844 2929 2038 2982; x_wconf 78' lang='lat' dir='ltr'><strong><em>xxvnt,</em></strong></span> 
     </span>
    </p>
   </div>
   <div class='ocr_carea' id='block_1_43' title="bbox 458 2985 2036 3075">
    <p class='ocr_par' dir='ltr' id='par_1_43' title="bbox 458 2985 2036 3075">
     <span class='ocr_line' id='line_1_43' title="bbox 458 2985 2036 3075; baseline 0.016 -37"><span class='ocrx_word' id='word_1_320' title='bbox 458 2998 554 3039; x_wconf 81' lang='lat' dir='ltr'><strong><em>sex</em></strong></span> <span class='ocrx_word' id='word_1_321' title='bbox 588 2985 832 3057; x_wconf 83' lang='lat' dir='ltr'><strong><em>integros</em></strong></span> <span class='ocrx_word' id='word_1_322' title='bbox 867 3006 1080 3059; x_wconf 86' lang='lat' dir='ltr'><strong><em>versus,</em></strong></span> <span class='ocrx_word' id='word_1_323' title='bbox 1116 2994 1169 3046; x_wconf 92' lang='lat' dir='ltr'><strong><em>in</em></strong></span> <span class='ocrx_word' id='word_1_324' title='bbox 1195 2993 1335 3049; x_wconf 85' lang='lat' dir='ltr'><strong><em>LXX</em></strong></span> <span class='ocrx_word' id='word_1_325' title='bbox 1369 3013 1477 3051; x_wconf 91' lang='lat' dir='ltr'><strong><em>non</em></strong></span> <span class='ocrx_word' id='word_1_326' title='bbox 1526 3013 1780 3059; x_wconf 85' lang='lat' dir='ltr'><strong><em>accurate</em></strong></span> <span class='ocrx_word' id='word_1_327' title='bbox 1806 3007 2036 3075; x_wconf 79' lang='lat' dir='ltr'><strong><em>positos,</em></strong></span> 
     </span>
    </p>
   </div>
   <div class='ocr_carea' id='block_1_44' title="bbox 455 3079 2036 3162">
    <p class='ocr_par' dir='ltr' id='par_1_44' title="bbox 455 3079 2036 3162">
     <span class='ocr_line' id='line_1_44' title="bbox 455 3079 2036 3162; baseline 0.016 -33"><span class='ocrx_word' id='word_1_328' title='bbox 455 3089 581 3131; x_wconf 88' lang='lat' dir='ltr'><strong><em>cum</em></strong></span> <span class='ocrx_word' id='word_1_329' title='bbox 611 3079 888 3135; x_wconf 84' lang='lat' dir='ltr'><strong><em>asteriscis</em></strong></span> <span class='ocrx_word' id='word_1_330' title='bbox 910 3081 1145 3151; x_wconf 85' lang='lat' dir='ltr'><strong><em>adjecit;</em></strong></span> <span class='ocrx_word' id='word_1_331' title='bbox 1176 3085 1397 3158; x_wconf 89' lang='lat' dir='ltr'><strong><em>insuper</em></strong></span> <span class='ocrx_word' id='word_1_332' title='bbox 1422 3104 1453 3143; x_wconf 88' lang='lat' dir='ltr'><strong><em>a</em></strong></span> <span class='ocrx_word' id='word_1_333' title='bbox 1478 3092 1651 3162; x_wconf 86' lang='lat' dir='ltr'><strong><em>capite</em></strong></span> <span class='ocrx_word' id='word_1_334' title='bbox 1675 3111 1838 3151; x_wconf 75' lang='lat' dir='ltr'><strong><em>xxxvi</em></strong></span> <span class='ocrx_word' id='word_1_335' title='bbox 1874 3099 1940 3153; x_wconf 88' lang='lat' dir='ltr'><strong><em>ad</em></strong></span> <span class='ocrx_word' id='word_1_336' title='bbox 1971 3099 2036 3153; x_wconf 84' lang='lat' dir='ltr'><strong><em>ﬁ-</em></strong></span> 
     </span>
    </p>
   </div>
   <div class='ocr_carea' id='block_1_45' title="bbox 457 3172 2038 3247">
    <p class='ocr_par' dir='ltr' id='par_1_45' title="bbox 457 3172 2038 3247">
     <span class='ocr_line' id='line_1_45' title="bbox 457 3172 2038 3247; baseline 0.015 -27"><span class='ocrx_word' id='word_1_337' title='bbox 457 3183 580 3221; x_wconf 79' lang='lat' dir='ltr'><strong><em>nem</em></strong></span> <span class='ocrx_word' id='word_1_338' title='bbox 608 3185 784 3240; x_wconf 83' lang='lat' dir='ltr'><strong><em>usque</em></strong></span> <span class='ocrx_word' id='word_1_339' title='bbox 816 3172 940 3226; x_wconf 88' lang='lat' dir='ltr'><strong><em>libri</em></strong></span> <span class='ocrx_word' id='word_1_340' title='bbox 972 3176 1155 3229; x_wconf 90' lang='lat' dir='ltr'><strong><em>omnia</em></strong></span> <span class='ocrx_word' id='word_1_341' title='bbox 1195 3193 1317 3247; x_wconf 70' lang='lat' dir='ltr'><strong><em>qua:</em></strong></span> <span class='ocrx_word' id='word_1_342' title='bbox 1364 3180 1417 3233; x_wconf 89' lang='lat' dir='ltr'><strong><em>in</em></strong></span> <span class='ocrx_word' id='word_1_343' title='bbox 1459 3184 1815 3242; x_wconf 84' lang='lat' dir='ltr'><strong><em>translatione</em></strong></span> <span class='ocrx_word' id='word_1_344' title='bbox 1840 3188 1948 3243; x_wconf 83' lang='grc' dir='ltr'>τῶν</span> <span class='ocrx_word' id='word_1_345' title='bbox 1982 3192 2038 3244; x_wconf 85' lang='lat' dir='ltr'><strong><em>O&#39;</em></strong></span> 
     </span>
    </p>
   </div>
   <div class='ocr_carea' id='block_1_46' title="bbox 453 3258 2035 3345">
    <p class='ocr_par' dir='ltr' id='par_1_46' title="bbox 453 3258 2035 3345">
     <span class='ocr_line' id='line_1_46' title="bbox 453 3258 2035 3345; baseline 0.015 -34"><span class='ocrx_word' id='word_1_346' title='bbox 453 3270 551 3312; x_wconf 83' lang='lat' dir='ltr'><strong><em>sus</em></strong></span> <span class='ocrx_word' id='word_1_347' title='bbox 578 3258 753 3329; x_wconf 90' lang='lat' dir='ltr'><strong><em>deque</em></strong></span> <span class='ocrx_word' id='word_1_348' title='bbox 793 3275 944 3315; x_wconf 90' lang='lat' dir='ltr'><strong><em>versa</em></strong></span> <span class='ocrx_word' id='word_1_349' title='bbox 989 3274 1163 3330; x_wconf 83' lang='lat' dir='ltr'><strong><em>erant,</em></strong></span> <span class='ocrx_word' id='word_1_350' title='bbox 1204 3267 1404 3322; x_wconf 86' lang='lat' dir='ltr'><strong><em>additis</em></strong></span> <span class='ocrx_word' id='word_1_351' title='bbox 1430 3272 1602 3327; x_wconf 84' lang='lat' dir='ltr'><strong><em>obelis</em></strong></span> <span class='ocrx_word' id='word_1_352' title='bbox 1632 3286 1687 3328; x_wconf 91' lang='lat' dir='ltr'><strong><em>et</em></strong></span> <span class='ocrx_word' id='word_1_353' title='bbox 1734 3279 2035 3345; x_wconf 89' lang='lat' dir='ltr'><strong><em>asteriscis,</em></strong></span> 
     </span>
    </p>
   </div>
   <div class='ocr_carea' id='block_1_47' title="bbox 452 3355 2038 3444">
    <p class='ocr_par' dir='ltr' id='par_1_47' title="bbox 452 3355 2038 3444">
     <span class='ocr_line' id='line_1_47' title="bbox 452 3355 2038 3444; baseline 0.016 -39"><span class='ocrx_word' id='word_1_354' title='bbox 452 3366 555 3407; x_wconf 88' lang='lat' dir='ltr'><strong><em>suo</em></strong></span> <span class='ocrx_word' id='word_1_355' title='bbox 604 3355 783 3410; x_wconf 84' lang='lat' dir='ltr'><strong><em>ordini</em></strong></span> <span class='ocrx_word' id='word_1_356' title='bbox 832 3360 1091 3424; x_wconf 87' lang='lat' dir='ltr'><strong><em>restituit,</em></strong></span> <span class='ocrx_word' id='word_1_357' title='bbox 1153 3369 1215 3414; x_wconf 92' lang='lat' dir='ltr'><strong><em>ut</em></strong></span> <span class='ocrx_word' id='word_1_358' title='bbox 1271 3360 1451 3418; x_wconf 79' lang='lat' dir='ltr'><strong><em>fusius</em></strong></span> <span class='ocrx_word' id='word_1_359' title='bbox 1494 3366 1547 3419; x_wconf 93' lang='lat' dir='ltr'><strong><em>in</em></strong></span> <span class='ocrx_word' id='word_1_360' title='bbox 1592 3378 1719 3423; x_wconf 86' lang='lat' dir='ltr'><strong><em>nota</em></strong></span> <span class='ocrx_word' id='word_1_361' title='bbox 1755 3372 1823 3425; x_wconf 89' lang='lat' dir='ltr'><strong><em>ad</em></strong></span> <span class='ocrx_word' id='word_1_362' title='bbox 1874 3384 2038 3444; x_wconf 84' lang='lat' dir='ltr'><strong><em>caput</em></strong></span> 
     </span>
    </p>
   </div>
   <div class='ocr_carea' id='block_1_48' title="bbox 452 3450 2035 3533">
    <p class='ocr_par' dir='ltr' id='par_1_48' title="bbox 452 3450 2035 3533">
     <span class='ocr_line' id='line_1_48' title="bbox 452 3450 2035 3533; baseline 0.016 -36"><span class='ocrx_word' id='word_1_363' title='bbox 452 3459 615 3499; x_wconf 76' lang='lat' dir='ltr'><strong><em>xxxvr</em></strong></span> <span class='ocrx_word' id='word_1_364' title='bbox 650 3461 715 3501; x_wconf 81' lang='lat' dir='ltr'><strong><em>ex</em></strong></span> <span class='ocrx_word' id='word_1_365' title='bbox 747 3450 973 3519; x_wconf 87' lang='lat' dir='ltr'><strong><em>antiquo</em></strong></span> <span class='ocrx_word' id='word_1_366' title='bbox 1005 3451 1292 3508; x_wconf 90' lang='lat' dir='ltr'><strong><em>Basiliensi</em></strong></span> <span class='ocrx_word' id='word_1_367' title='bbox 1346 3458 1537 3513; x_wconf 87' lang='lat' dir='ltr'><strong><em>codice</em></strong></span> <span class='ocrx_word' id='word_1_368' title='bbox 1567 3460 1875 3533; x_wconf 87' lang='lat' dir='ltr'><strong><em>desumpta,</em></strong></span> <span class='ocrx_word' id='word_1_369' title='bbox 1907 3482 2035 3522; x_wconf 89' lang='lat' dir='ltr'><strong><em>nar-</em></strong></span> 
     </span>
    </p>
   </div>
   <div class='ocr_carea' id='block_1_49' title="bbox 452 3534 2028 3626">
    <p class='ocr_par' dir='ltr' id='par_1_49' title="bbox 452 3534 2028 3626">
     <span class='ocr_line' id='line_1_49' title="bbox 452 3534 2028 3626; baseline 0.018 -40"><span class='ocrx_word' id='word_1_370' title='bbox 452 3542 624 3589; x_wconf 86' lang='lat' dir='ltr'><strong><em>ratur.</em></strong></span> <span class='ocrx_word' id='word_1_371' title='bbox 654 3534 802 3591; x_wconf 87' lang='lat' dir='ltr'><strong><em>Libri</em></strong></span> <span class='ocrx_word' id='word_1_372' title='bbox 835 3537 1082 3605; x_wconf 79' lang='lat' dir='ltr'><strong><em>chitici.</em></strong></span> <span class='ocrx_word' id='word_1_373' title='bbox 1112 3542 1471 3602; x_wconf 78' lang='lat' dir='ltr'><strong><em>Numerorum</em></strong></span> <span class='ocrx_word' id='word_1_374' title='bbox 1497 3565 1563 3606; x_wconf 90' lang='lat' dir='ltr'><strong><em>ac</em></strong></span> <span class='ocrx_word' id='word_1_375' title='bbox 1600 3554 2028 3626; x_wconf 86' lang='lat' dir='ltr'><strong><em>Deuteronomii,</em></strong></span> 
     </span>
    </p>
   </div>
   <div class='ocr_carea' id='block_1_50' title="bbox 454 3627 2031 3710">
    <p class='ocr_par' dir='ltr' id='par_1_50' title="bbox 454 3627 2031 3710">
     <span class='ocr_line' id='line_1_50' title="bbox 454 3627 2031 3710; baseline 0.02 -33"><span class='ocrx_word' id='word_1_376' title='bbox 454 3627 573 3694; x_wconf 84' lang='lat' dir='ltr'><strong><em>pari</em></strong></span> <span class='ocrx_word' id='word_1_377' title='bbox 605 3642 745 3696; x_wconf 87' lang='lat' dir='ltr'><strong><em>pene</em></strong></span> <span class='ocrx_word' id='word_1_378' title='bbox 772 3641 927 3684; x_wconf 88' lang='lat' dir='ltr'><strong><em>erant</em></strong></span> <span class='ocrx_word' id='word_1_379' title='bbox 962 3644 1127 3702; x_wconf 85' lang='lat' dir='ltr'><strong><em>atque</em></strong></span> <span class='ocrx_word' id='word_1_380' title='bbox 1151 3636 1378 3696; x_wconf 86' lang='lat' dir='ltr'><strong><em>Genesis</em></strong></span> <span class='ocrx_word' id='word_1_381' title='bbox 1405 3645 1739 3702; x_wconf 89' lang='lat' dir='ltr'><strong><em>conditione.</em></strong></span> <span class='ocrx_word' id='word_1_382' title='bbox 1772 3648 1831 3703; x_wconf 90' lang='lat' dir='ltr'><strong><em>1n</em></strong></span> <span class='ocrx_word' id='word_1_383' title='bbox 1859 3650 2031 3710; x_wconf 87' lang='lat' dir='ltr'><strong><em>libros</em></strong></span> 
     </span>
    </p>
   </div>
   <div class='ocr_carea' id='block_1_51' title="bbox 450 3714 2033 3809">
    <p class='ocr_par' dir='ltr' id='par_1_51' title="bbox 450 3714 2033 3809">
     <span class='ocr_line' id='line_1_51' title="bbox 450 3714 2033 3809; baseline 0.018 -38"><span class='ocrx_word' id='word_1_384' title='bbox 450 3714 618 3773; x_wconf 84' lang='lat' dir='ltr'><strong><em>Josue</em></strong></span> <span class='ocrx_word' id='word_1_385' title='bbox 644 3727 698 3773; x_wconf 89' lang='lat' dir='ltr'><strong><em>et</em></strong></span> <span class='ocrx_word' id='word_1_386' title='bbox 728 3717 981 3778; x_wconf 78' lang='lat' dir='ltr'><strong><em>Judicum</em></strong></span> <span class='ocrx_word' id='word_1_387' title='bbox 1010 3725 1308 3785; x_wconf 71' lang='lat' dir='ltr'><strong><em>innumerae</em></strong></span> <span class='ocrx_word' id='word_1_388' title='bbox 1337 3748 1471 3801; x_wconf 89' lang='lat' dir='ltr'><strong><em>pene</em></strong></span> <span class='ocrx_word' id='word_1_389' title='bbox 1502 3737 1571 3789; x_wconf 91' lang='lat' dir='ltr'><strong><em>ab</em></strong></span> <span class='ocrx_word' id='word_1_390' title='bbox 1598 3735 1830 3809; x_wconf 89' lang='lat' dir='ltr'><strong><em>Origene</em></strong></span> <span class='ocrx_word' id='word_1_391' title='bbox 1852 3753 2033 3799; x_wconf 89' lang='lat' dir='ltr'><strong><em>muta-</em></strong></span> 
     </span>
    </p>
   </div>
   <div class='ocr_carea' id='block_1_52' title="bbox 454 3806 2031 3899">
    <p class='ocr_par' dir='ltr' id='par_1_52' title="bbox 454 3806 2031 3899">
     <span class='ocr_line' id='line_1_52' title="bbox 454 3806 2031 3899; baseline 0.019 -40"><span class='ocrx_word' id='word_1_392' title='bbox 454 3806 632 3862; x_wconf 87' lang='lat' dir='ltr'><strong><em>tiones</em></strong></span> <span class='ocrx_word' id='word_1_393' title='bbox 657 3810 897 3866; x_wconf 71' lang='lat' dir='ltr'><strong><em>advectze</em></strong></span> <span class='ocrx_word' id='word_1_394' title='bbox 931 3823 1060 3869; x_wconf 88' lang='lat' dir='ltr'><strong><em>sunt</em></strong></span> <span class='ocrx_word' id='word_1_395' title='bbox 1092 3834 1105 3870; x_wconf 89' lang='lat'>:</span> <span class='ocrx_word' id='word_1_396' title='bbox 1138 3818 1209 3871; x_wconf 89' lang='lat' dir='ltr'><strong><em>ibi</em></strong></span> <span class='ocrx_word' id='word_1_397' title='bbox 1238 3823 1438 3888; x_wconf 84' lang='lat' dir='ltr'><strong><em>passim</em></strong></span> <span class='ocrx_word' id='word_1_398' title='bbox 1471 3806 1720 3882; x_wconf 80' lang='lat' dir='ltr'><strong><em>asterisci</em></strong></span> <span class='ocrx_word' id='word_1_399' title='bbox 1740 3844 1840 3899; x_wconf 92' lang='lat' dir='ltr'><strong><em>pro</em></strong></span> <span class='ocrx_word' id='word_1_400' title='bbox 1862 3834 2031 3888; x_wconf 85' lang='lat' dir='ltr'><strong><em>omis-</em></strong></span> 
     </span>
    </p>
   </div>
   <div class='ocr_carea' id='block_1_53' title="bbox 451 3896 2028 3981">
    <p class='ocr_par' dir='ltr' id='par_1_53' title="bbox 451 3896 2028 3981">
     <span class='ocr_line' id='line_1_53' title="bbox 451 3896 2028 3981; baseline 0.018 -31"><span class='ocrx_word' id='word_1_401' title='bbox 451 3896 552 3962; x_wconf 86' lang='lat' dir='ltr'><strong><em>sis,</em></strong></span> <span class='ocrx_word' id='word_1_402' title='bbox 582 3907 636 3952; x_wconf 90' lang='lat' dir='ltr'><strong><em>et</em></strong></span> <span class='ocrx_word' id='word_1_403' title='bbox 683 3896 825 3954; x_wconf 71' lang='lat' dir='ltr'><strong><em>obeli</em></strong></span> <span class='ocrx_word' id='word_1_404' title='bbox 876 3918 977 3972; x_wconf 91' lang='lat' dir='ltr'><strong><em>pro</em></strong></span> <span class='ocrx_word' id='word_1_405' title='bbox 1031 3906 1257 3975; x_wconf 86' lang='lat' dir='ltr'><strong><em>adjectis</em></strong></span> <span class='ocrx_word' id='word_1_406' title='bbox 1294 3896 1838 3975; x_wconf 40' lang='lat' dir='ltr'><strong><em>observabantur.‘lu</em></strong></span> <span class='ocrx_word' id='word_1_407' title='bbox 1874 3923 2028 3981; x_wconf 90' lang='lat' dir='ltr'><strong><em>libris</em></strong></span> 
     </span>
    </p>
   </div>
   <div class='ocr_carea' id='block_1_54' title="bbox 453 3984 2029 4069">
    <p class='ocr_par' dir='ltr' id='par_1_54' title="bbox 453 3984 2029 4069">
     <span class='ocr_line' id='line_1_54' title="bbox 453 3984 2029 4069; baseline 0.02 -30"><span class='ocrx_word' id='word_1_408' title='bbox 453 3984 661 4057; x_wconf 82' lang='lat' dir='ltr'><strong><em>Regum</em></strong></span> <span class='ocrx_word' id='word_1_409' title='bbox 691 3990 1323 4069; x_wconf 81' lang='lat' dir='ltr'><strong><em>iustaurandisOrigenis</em></strong></span> <span class='ocrx_word' id='word_1_410' title='bbox 1358 4007 1530 4059; x_wconf 89' lang='lat' dir='ltr'><strong><em>nostri</em></strong></span> <span class='ocrx_word' id='word_1_411' title='bbox 1559 4008 1843 4066; x_wconf 86' lang='lat' dir='ltr'><strong><em>desudavit</em></strong></span> <span class='ocrx_word' id='word_1_412' title='bbox 1869 4013 2029 4069; x_wconf 90' lang='lat' dir='ltr'><strong><em>indu-</em></strong></span> 
     </span>
    </p>
   </div>
   <div class='ocr_carea' id='block_1_55' title="bbox 450 4080 2027 4177">
    <p class='ocr_par' dir='ltr' id='par_1_55' title="bbox 450 4080 2027 4177">
     <span class='ocr_line' id='line_1_55' title="bbox 450 4080 2027 4177; baseline 0.021 -46"><span class='ocrx_word' id='word_1_413' title='bbox 450 4080 586 4133; x_wconf 87' lang='lat' dir='ltr'><strong><em>stria</em></strong></span> <span class='ocrx_word' id='word_1_414' title='bbox 620 4098 634 4134; x_wconf 91' lang='lat'><strong>:</strong></span> <span class='ocrx_word' id='word_1_415' title='bbox 690 4080 745 4136; x_wconf 91' lang='lat' dir='ltr'><strong><em>in</em></strong></span> <span class='ocrx_word' id='word_1_416' title='bbox 801 4083 889 4140; x_wconf 89' lang='lat' dir='ltr'><strong><em>his</em></strong></span> <span class='ocrx_word' id='word_1_417' title='bbox 920 4088 1065 4142; x_wconf 90' lang='lat' dir='ltr'><strong><em>enim</em></strong></span> <span class='ocrx_word' id='word_1_418' title='bbox 1099 4094 1269 4148; x_wconf 89' lang='lat' dir='ltr'><strong><em>multa</em></strong></span> <span class='ocrx_word' id='word_1_419' title='bbox 1305 4095 1424 4150; x_wconf 91' lang='lat' dir='ltr'><strong><em>loca</em></strong></span> <span class='ocrx_word' id='word_1_420' title='bbox 1464 4100 1846 4160; x_wconf 84' lang='lat' dir='ltr'><strong><em>emendatione</em></strong></span> <span class='ocrx_word' id='word_1_421' title='bbox 1889 4122 2027 4177; x_wconf 89' lang='lat' dir='ltr'><strong><em>opus</em></strong></span> 
     </span>
    </p>
   </div>
   <div class='ocr_carea' id='block_1_56' title="bbox 451 4172 2027 4257">
    <p class='ocr_par' dir='ltr' id='par_1_56' title="bbox 451 4172 2027 4257">
     <span class='ocr_line' id='line_1_56' title="bbox 451 4172 2027 4257; baseline 0.02 -33"><span class='ocrx_word' id='word_1_422' title='bbox 451 4172 760 4240; x_wconf 85' lang='lat' dir='ltr'><strong><em>habebant;</em></strong></span> <span class='ocrx_word' id='word_1_423' title='bbox 812 4183 1050 4237; x_wconf 79' lang='lat' dir='ltr'><strong><em>maxime</em></strong></span> <span class='ocrx_word' id='word_1_424' title='bbox 1111 4194 1290 4240; x_wconf 89' lang='lat' dir='ltr'><strong><em>autem</em></strong></span> <span class='ocrx_word' id='word_1_425' title='bbox 1327 4188 1468 4245; x_wconf 89' lang='lat' dir='ltr'><strong><em>libro</em></strong></span> <span class='ocrx_word' id='word_1_426' title='bbox 1514 4207 1601 4257; x_wconf 84' lang='grc' dir='ltr'><strong><em>ιη,</em></strong></span> <span class='ocrx_word' id='word_1_427' title='bbox 1659 4196 1750 4251; x_wconf 91' lang='lat' dir='ltr'><strong><em>ubi</em></strong></span> <span class='ocrx_word' id='word_1_428' title='bbox 1783 4172 2027 4256; x_wconf 71' lang='lat' dir='ltr'><strong><em>historia:</em></strong></span> 
     </span>
    </p>
   </div>
   <div class='ocr_carea' id='block_1_57' title="bbox 449 4270 2025 4354">
    <p class='ocr_par' dir='ltr' id='par_1_57' title="bbox 449 4270 2025 4354">
     <span class='ocr_line' id='line_1_57' title="bbox 449 4270 2025 4354; baseline 0.021 -40"><span class='ocrx_word' id='word_1_429' title='bbox 449 4276 560 4316; x_wconf 90' lang='lat' dir='ltr'><strong><em>non</em></strong></span> <span class='ocrx_word' id='word_1_430' title='bbox 596 4279 781 4333; x_wconf 75' lang='lat' dir='ltr'><strong><em>pauca:</em></strong></span> <span class='ocrx_word' id='word_1_431' title='bbox 803 4270 920 4326; x_wconf 88' lang='lat' dir='ltr'><strong><em>suis</em></strong></span> <span class='ocrx_word' id='word_1_432' title='bbox 957 4272 1179 4329; x_wconf 85' lang='lat' dir='ltr'><strong><em>sedibus</em></strong></span> <span class='ocrx_word' id='word_1_433' title='bbox 1216 4276 1403 4345; x_wconf 73' lang='lat' dir='ltr'><strong><em>ejectre</em></strong></span> <span class='ocrx_word' id='word_1_434' title='bbox 1449 4285 1748 4354; x_wconf 81' lang='lat' dir='ltr'><strong><em>peregrinis</em></strong></span> <span class='ocrx_word' id='word_1_435' title='bbox 1781 4288 1837 4343; x_wconf 93' lang='lat' dir='ltr'><strong><em>in</em></strong></span> <span class='ocrx_word' id='word_1_436' title='bbox 1890 4291 2025 4347; x_wconf 89' lang='lat' dir='ltr'><strong><em>locis</em></strong></span> 
     </span>
    </p>
   </div>
   <div class='ocr_carea' id='block_1_58' title="bbox 448 4359 2025 4447">
    <p class='ocr_par' dir='ltr' id='par_1_58' title="bbox 448 4359 2025 4447">
     <span class='ocr_line' id='line_1_58' title="bbox 448 4359 2025 4447; baseline 0.02 -40"><span class='ocrx_word' id='word_1_437' title='bbox 448 4359 827 4414; x_wconf 80' lang='lat' dir='ltr'><strong><em>versabantur.</em></strong></span> <span class='ocrx_word' id='word_1_438' title='bbox 874 4362 931 4415; x_wconf 89' lang='lat' dir='ltr'><strong><em>In</em></strong></span> <span class='ocrx_word' id='word_1_439' title='bbox 981 4364 1133 4421; x_wconf 67' lang='lat' dir='ltr'><strong><em>libris</em></strong></span> <span class='ocrx_word' id='word_1_440' title='bbox 1163 4366 1627 4440; x_wconf 72' lang='lat' dir='ltr'><strong><em>Paralipomeut&#39;bn</em></strong></span> <span class='ocrx_word' id='word_1_441' title='bbox 1656 4379 1785 4447; x_wconf 87' lang='lat' dir='ltr'><strong><em>quid</em></strong></span> <span class='ocrx_word' id='word_1_442' title='bbox 1813 4381 1879 4436; x_wconf 89' lang='lat' dir='ltr'><strong><em>ab</em></strong></span> <span class='ocrx_word' id='word_1_443' title='bbox 1901 4382 2025 4437; x_wconf 90' lang='lat' dir='ltr'><strong><em>Ori-</em></strong></span> 
     </span>
    </p>
   </div>
   <div class='ocr_carea' id='block_1_59' title="bbox 2153 1905 3732 1978">
    <p class='ocr_par' dir='ltr' id='par_1_59' title="bbox 2153 1905 3732 1978">
     <span class='ocr_line' id='line_1_59' title="bbox 2153 1905 3732 1978; baseline 0.004 -21"><span class='ocrx_word' id='word_1_444' title='bbox 2153 1907 2320 1958; x_wconf 87' lang='lat' dir='ltr'><strong><em>missa</em></strong></span> <span class='ocrx_word' id='word_1_445' title='bbox 2361 1921 2485 1959; x_wconf 90' lang='lat' dir='ltr'><strong><em>cum</em></strong></span> <span class='ocrx_word' id='word_1_446' title='bbox 2542 1908 2820 1963; x_wconf 90' lang='lat' dir='ltr'><strong><em>asteriscis</em></strong></span> <span class='ocrx_word' id='word_1_447' title='bbox 2874 1907 3055 1963; x_wconf 85' lang='lat' dir='ltr'><strong><em>addita</em></strong></span> <span class='ocrx_word' id='word_1_448' title='bbox 3115 1908 3286 1963; x_wconf 80' lang='lat' dir='ltr'><strong><em>fuere.</em></strong></span> <span class='ocrx_word' id='word_1_449' title='bbox 3337 1905 3395 1963; x_wconf 88' lang='lat' dir='ltr'><strong><em>Si</em></strong></span> <span class='ocrx_word' id='word_1_450' title='bbox 3429 1910 3554 1978; x_wconf 85' lang='lat' dir='ltr'><strong><em>quis</em></strong></span> <span class='ocrx_word' id='word_1_451' title='bbox 3599 1924 3732 1965; x_wconf 85' lang='lat' dir='ltr'><strong><em>vero</em></strong></span> 
     </span>
    </p>
   </div>
   <div class='ocr_carea' id='block_1_60' title="bbox 2152 1996 3733 2069">
    <p class='ocr_par' dir='ltr' id='par_1_60' title="bbox 2152 1996 3733 2069">
     <span class='ocr_line' id='line_1_60' title="bbox 2152 1996 3733 2069; baseline 0.006 -20"><span class='ocrx_word' id='word_1_452' title='bbox 2152 1996 2380 2051; x_wconf 81' lang='lat' dir='ltr'><strong><em>formam</em></strong></span> <span class='ocrx_word' id='word_1_453' title='bbox 2409 1998 2573 2053; x_wconf 90' lang='lat' dir='ltr'><strong><em>trium</em></strong></span> <span class='ocrx_word' id='word_1_454' title='bbox 2628 2000 3040 2069; x_wconf 85' lang='lat' dir='ltr'><strong><em>prophetarum,</em></strong></span> <span class='ocrx_word' id='word_1_455' title='bbox 3098 1998 3332 2062; x_wconf 69' lang='lat' dir='ltr'><strong><em>Hesaias,</em></strong></span> <span class='ocrx_word' id='word_1_456' title='bbox 3382 1998 3630 2057; x_wconf 72' lang='lat' dir='ltr'><strong><em>Jeremia:</em></strong></span> <span class='ocrx_word' id='word_1_457' title='bbox 3672 2010 3733 2057; x_wconf 77' lang='lat' dir='ltr'><strong><em>et</em></strong></span> 
     </span>
    </p>
   </div>
   <div class='ocr_carea' id='block_1_61' title="bbox 2152 2085 3725 2164">
    <p class='ocr_par' dir='ltr' id='par_1_61' title="bbox 2152 2085 3725 2164">
     <span class='ocr_line' id='line_1_61' title="bbox 2152 2085 3725 2164; baseline 0.005 -23"><span class='ocrx_word' id='word_1_458' title='bbox 2152 2085 2455 2145; x_wconf 87' lang='lat' dir='ltr'><strong><em>Ezechielis</em></strong></span> <span class='ocrx_word' id='word_1_459' title='bbox 2479 2091 2780 2145; x_wconf 84' lang='lat' dir='ltr'><strong><em>secundum</em></strong></span> <span class='ocrx_word' id='word_1_460' title='bbox 2808 2090 3104 2147; x_wconf 89' lang='lat' dir='ltr'><strong><em>editionem</em></strong></span> <span class='ocrx_word' id='word_1_461' title='bbox 3144 2092 3255 2145; x_wconf 82' lang='grc' dir='ltr'><strong><em>τῶν</em></strong></span> <span class='ocrx_word' id='word_1_462' title='bbox 3283 2098 3338 2145; x_wconf 75' lang='grc' dir='ltr'>υ</span> <span class='ocrx_word' id='word_1_463' title='bbox 3375 2092 3725 2164; x_wconf 78' lang='lat' dir='ltr'><strong><em>hexaplarem</em></strong></span> 
     </span>
    </p>
   </div>
   <div class='ocr_carea' id='block_1_62' title="bbox 2148 2181 3726 2250">
    <p class='ocr_par' dir='ltr' id='par_1_62' title="bbox 2148 2181 3726 2250">
     <span class='ocr_line' id='line_1_62' title="bbox 2148 2181 3726 2250; baseline 0.005 -17"><span class='ocrx_word' id='word_1_464' title='bbox 2148 2181 2467 2250; x_wconf 88' lang='lat' dir='ltr'><strong><em>conspicere</em></strong></span> <span class='ocrx_word' id='word_1_465' title='bbox 2486 2183 2740 2248; x_wconf 87' lang='lat' dir='ltr'><strong><em>voluerit,</em></strong></span> <span class='ocrx_word' id='word_1_466' title='bbox 2797 2185 2956 2239; x_wconf 88' lang='lat' dir='ltr'><strong><em>adeat</em></strong></span> <span class='ocrx_word' id='word_1_467' title='bbox 2995 2185 3427 2239; x_wconf 88' lang='lat' dir='ltr'><strong><em>vetustissimum</em></strong></span> <span class='ocrx_word' id='word_1_468' title='bbox 3483 2186 3726 2241; x_wconf 88' lang='lat' dir='ltr'><strong><em>codicem</em></strong></span> 
     </span>
    </p>
   </div>
   <div class='ocr_carea' id='block_1_63' title="bbox 2146 2270 3728 2348">
    <p class='ocr_par' dir='ltr' id='par_1_63' title="bbox 2146 2270 3728 2348">
     <span class='ocr_line' id='line_1_63' title="bbox 2146 2270 3728 2348; baseline 0.006 -23"><span class='ocrx_word' id='word_1_469' title='bbox 2146 2270 2564 2342; x_wconf 83' lang='lat' dir='ltr'><strong><em>Prophetarum,</em></strong></span> <span class='ocrx_word' id='word_1_470' title='bbox 2596 2273 2703 2329; x_wconf 68' lang='lat' dir='ltr'><strong><em>ubi&#39;</em></strong></span> <span class='ocrx_word' id='word_1_471' title='bbox 2729 2276 2819 2329; x_wconf 89' lang='lat' dir='ltr'><strong><em>illa</em></strong></span> <span class='ocrx_word' id='word_1_472' title='bbox 2868 2276 2976 2329; x_wconf 83' lang='grc' dir='ltr'><strong><em>τῶν</em></strong></span> <span class='ocrx_word' id='word_1_473' title='bbox 3009 2277 3065 2329; x_wconf 88' lang='lat'><strong><em>0&#39;</em></strong></span> <span class='ocrx_word' id='word_1_474' title='bbox 3087 2276 3254 2331; x_wconf 91' lang='lat' dir='ltr'><strong><em>editio</em></strong></span> <span class='ocrx_word' id='word_1_475' title='bbox 3298 2276 3607 2348; x_wconf 81' lang='lat' dir='ltr'><strong><em>hexaplaris</em></strong></span> <span class='ocrx_word' id='word_1_476' title='bbox 3645 2292 3728 2333; x_wconf 85' lang='lat' dir='ltr'><strong><em>re-</em></strong></span> 
     </span>
    </p>
   </div>
   <div class='ocr_carea' id='block_1_64' title="bbox 2145 2365 3721 2439">
    <p class='ocr_par' dir='ltr' id='par_1_64' title="bbox 2145 2365 3721 2439">
     <span class='ocr_line' id='line_1_64' title="bbox 2145 2365 3721 2439; baseline 0.004 -21"><span class='ocrx_word' id='word_1_477' title='bbox 2145 2374 2527 2434; x_wconf 70' lang='lat' dir='ltr'><strong><em>przescntatur.</em></strong></span> <span class='ocrx_word' id='word_1_478' title='bbox 2566 2367 2625 2421; x_wconf 85' lang='lat' dir='ltr'><strong><em>in</em></strong></span> <span class='ocrx_word' id='word_1_479' title='bbox 2654 2366 2890 2422; x_wconf 72' lang='lat' dir='ltr'><strong><em>editione</em></strong></span> <span class='ocrx_word' id='word_1_480' title='bbox 2916 2366 3025 2421; x_wconf 83' lang='grc' dir='ltr'><strong><em>τῶν</em></strong></span> <span class='ocrx_word' id='word_1_481' title='bbox 3057 2365 3116 2422; x_wconf 92' lang='lat'><strong><em>0&#39;</em></strong></span> <span class='ocrx_word' id='word_1_482' title='bbox 3162 2366 3400 2423; x_wconf 88' lang='lat' dir='ltr'><strong><em>Danielis</em></strong></span> <span class='ocrx_word' id='word_1_483' title='bbox 3426 2369 3721 2439; x_wconf 67' lang='lat' dir='ltr'><strong><em>prophetae,</em></strong></span> 
     </span>
    </p>
   </div>
   <div class='ocr_carea' id='block_1_65' title="bbox 2145 2458 3726 2530">
    <p class='ocr_par' dir='ltr' id='par_1_65' title="bbox 2145 2458 3726 2530">
     <span class='ocr_line' id='line_1_65' title="bbox 2145 2458 3726 2530; baseline 0.003 -19"><span class='ocrx_word' id='word_1_484' title='bbox 2145 2458 2390 2527; x_wconf 80' lang='lat' dir='ltr'><strong><em>quaedam</em></strong></span> <span class='ocrx_word' id='word_1_485' title='bbox 2447 2458 2723 2515; x_wconf 84' lang='lat' dir='ltr'><strong><em>addidisse</em></strong></span> <span class='ocrx_word' id='word_1_486' title='bbox 2773 2474 2898 2516; x_wconf 90' lang='lat' dir='ltr'><strong><em>cum</em></strong></span> <span class='ocrx_word' id='word_1_487' title='bbox 2932 2460 3232 2524; x_wconf 86' lang='lat' dir='ltr'><strong><em>asteriscis,</em></strong></span> <span class='ocrx_word' id='word_1_488' title='bbox 3284 2462 3531 2530; x_wconf 66' lang='lat' dir='ltr'><strong><em>quaedam</em></strong></span> <span class='ocrx_word' id='word_1_489' title='bbox 3565 2462 3726 2517; x_wconf 89' lang='lat' dir='ltr'><strong><em>obelo</em></strong></span> 
     </span>
    </p>
   </div>
   <div class='ocr_carea' id='block_1_66' title="bbox 2146 2547 3725 2623">
    <p class='ocr_par' dir='ltr' id='par_1_66' title="bbox 2146 2547 3725 2623">
     <span class='ocr_line' id='line_1_66' title="bbox 2146 2547 3725 2623; baseline 0.003 -20"><span class='ocrx_word' id='word_1_490' title='bbox 2146 2558 2366 2605; x_wconf 78' lang='lat' dir='ltr'><strong><em>notasse</em></strong></span> <span class='ocrx_word' id='word_1_491' title='bbox 2418 2547 2729 2620; x_wconf 86' lang='lat' dir='ltr'><strong><em>Origenem,</em></strong></span> <span class='ocrx_word' id='word_1_492' title='bbox 2782 2551 2861 2605; x_wconf 91' lang='lat' dir='ltr'><strong><em>ait</em></strong></span> <span class='ocrx_word' id='word_1_493' title='bbox 2914 2549 3299 2622; x_wconf 74' lang='lat' dir='ltr'><strong><em>Hieronymus.</em></strong></span> <span class='ocrx_word' id='word_1_494' title='bbox 3330 2550 3437 2607; x_wconf 90' lang='lat' dir='ltr'><strong><em>Sed</em></strong></span> <span class='ocrx_word' id='word_1_495' title='bbox 3481 2553 3632 2623; x_wconf 90' lang='lat' dir='ltr'><strong><em>quia,</em></strong></span> <span class='ocrx_word' id='word_1_496' title='bbox 3662 2562 3725 2609; x_wconf 91' lang='lat' dir='ltr'><strong><em>ut</em></strong></span> 
     </span>
    </p>
   </div>
   <div class='ocr_carea' id='block_1_67' title="bbox 2144 2642 3725 2716">
    <p class='ocr_par' dir='ltr' id='par_1_67' title="bbox 2144 2642 3725 2716">
     <span class='ocr_line' id='line_1_67' title="bbox 2144 2642 3725 2716; baseline 0.004 -20"><span class='ocrx_word' id='word_1_497' title='bbox 2144 2642 2481 2697; x_wconf 90' lang='lat' dir='ltr'><strong><em>arbitrantur</em></strong></span> <span class='ocrx_word' id='word_1_498' title='bbox 2499 2642 2722 2708; x_wconf 90' lang='lat' dir='ltr'><strong><em>eruditi,</em></strong></span> <span class='ocrx_word' id='word_1_499' title='bbox 2746 2643 2801 2698; x_wconf 91' lang='lat' dir='ltr'><strong><em>in</em></strong></span> <span class='ocrx_word' id='word_1_500' title='bbox 2831 2644 3069 2700; x_wconf 90' lang='lat' dir='ltr'><strong><em>editione</em></strong></span> <span class='ocrx_word' id='word_1_501' title='bbox 3098 2644 3188 2698; x_wconf 91' lang='lat' dir='ltr'><strong><em>illa</em></strong></span> <span class='ocrx_word' id='word_1_502' title='bbox 3231 2645 3438 2701; x_wconf 71' lang='lat' dir='ltr'><strong><em>lacunae</em></strong></span> <span class='ocrx_word' id='word_1_503' title='bbox 3470 2645 3725 2716; x_wconf 78' lang='lat' dir='ltr'><strong><em>frequen-</em></strong></span> 
     </span>
    </p>
   </div>
   <div class='ocr_carea' id='block_1_68' title="bbox 2143 2734 3716 2806">
    <p class='ocr_par' dir='ltr' id='par_1_68' title="bbox 2143 2734 3716 2806">
     <span class='ocr_line' id='line_1_68' title="bbox 2143 2734 3716 2806; baseline 0.001 -15"><span class='ocrx_word' id='word_1_504' title='bbox 2143 2736 2311 2791; x_wconf 86' lang='lat' dir='ltr'><strong><em>tiores</em></strong></span> <span class='ocrx_word' id='word_1_505' title='bbox 2341 2734 2597 2801; x_wconf 87' lang='lat' dir='ltr'><strong><em>aderant,</em></strong></span> <span class='ocrx_word' id='word_1_506' title='bbox 2651 2750 2752 2805; x_wconf 91' lang='lat' dir='ltr'><strong><em>pro</em></strong></span> <span class='ocrx_word' id='word_1_507' title='bbox 2804 2750 2868 2790; x_wconf 93' lang='lat' dir='ltr'><strong><em>ea</em></strong></span> <span class='ocrx_word' id='word_1_508' title='bbox 2924 2736 3209 2791; x_wconf 88' lang='lat' dir='ltr'><strong><em>substituit</em></strong></span> <span class='ocrx_word' id='word_1_509' title='bbox 3264 2736 3716 2806; x_wconf 75' lang='lat' dir='ltr'><strong><em>Tlieodotionem,</em></strong></span> 
     </span>
    </p>
   </div>
   <div class='ocr_carea' id='block_1_69' title="bbox 2143 2824 3721 2897">
    <p class='ocr_par' dir='ltr' id='par_1_69' title="bbox 2143 2824 3721 2897">
     <span class='ocr_line' id='line_1_69' title="bbox 2143 2824 3721 2897; baseline 0.004 -18"><span class='ocrx_word' id='word_1_510' title='bbox 2143 2825 2237 2894; x_wconf 91' lang='lat' dir='ltr'><strong><em>qui</em></strong></span> <span class='ocrx_word' id='word_1_511' title='bbox 2264 2824 2437 2890; x_wconf 90' lang='lat' dir='ltr'><strong><em>solus,</em></strong></span> <span class='ocrx_word' id='word_1_512' title='bbox 2477 2833 2536 2877; x_wconf 91' lang='lat' dir='ltr'><strong><em>ut</em></strong></span> <span class='ocrx_word' id='word_1_513' title='bbox 2568 2825 2892 2881; x_wconf 81' lang='lat' dir='ltr'><strong><em>testiﬁcatur</em></strong></span> <span class='ocrx_word' id='word_1_514' title='bbox 2937 2824 3320 2897; x_wconf 78' lang='lat' dir='ltr'><strong><em>Hieronymus,</em></strong></span> <span class='ocrx_word' id='word_1_515' title='bbox 3360 2828 3415 2882; x_wconf 89' lang='lat' dir='ltr'><strong><em>in</em></strong></span> <span class='ocrx_word' id='word_1_516' title='bbox 3459 2826 3721 2885; x_wconf 81' lang='lat' dir='ltr'><strong><em>Ecclesiis</em></strong></span> 
     </span>
    </p>
   </div>
   <div class='ocr_carea' id='block_1_70' title="bbox 2141 2915 3720 2989">
    <p class='ocr_par' dir='ltr' id='par_1_70' title="bbox 2141 2915 3720 2989">
     <span class='ocr_line' id='line_1_70' title="bbox 2141 2915 3720 2989; baseline 0.006 -20"><span class='ocrx_word' id='word_1_517' title='bbox 2141 2924 2328 2985; x_wconf 89' lang='lat' dir='ltr'><strong><em>postea</em></strong></span> <span class='ocrx_word' id='word_1_518' title='bbox 2357 2915 2656 2986; x_wconf 87' lang='lat' dir='ltr'><strong><em>legebatur.</em></strong></span> <span class='ocrx_word' id='word_1_519' title='bbox 2704 2916 2764 2971; x_wconf 85' lang='lat' dir='ltr'><strong><em>in</em></strong></span> <span class='ocrx_word' id='word_1_520' title='bbox 2799 2917 3087 2974; x_wconf 86' lang='lat' dir='ltr'><strong><em>duodecim</em></strong></span> <span class='ocrx_word' id='word_1_521' title='bbox 3118 2919 3396 2989; x_wconf 87' lang='lat' dir='ltr'><strong><em>prophetis</em></strong></span> <span class='ocrx_word' id='word_1_522' title='bbox 3419 2920 3720 2978; x_wconf 83' lang='lat' dir='ltr'><strong><em>minoribus</em></strong></span> 
     </span>
    </p>
   </div>
   <div class='ocr_carea' id='block_1_71' title="bbox 2142 3008 2929 3079">
    <p class='ocr_par' dir='ltr' id='par_1_71' title="bbox 2142 3008 2929 3079">
     <span class='ocr_line' id='line_1_71' title="bbox 2142 3008 2929 3079; baseline 0.004 -17"><span class='ocrx_word' id='word_1_523' title='bbox 2142 3022 2315 3078; x_wconf 88' lang='lat' dir='ltr'><strong><em>pauca</em></strong></span> <span class='ocrx_word' id='word_1_524' title='bbox 2349 3009 2628 3064; x_wconf 86' lang='lat' dir='ltr'><strong><em>adnotavit</em></strong></span> <span class='ocrx_word' id='word_1_525' title='bbox 2646 3008 2929 3079; x_wconf 86' lang='lat' dir='ltr'><strong><em>Origenes.</em></strong></span> 
     </span>
    </p>
   </div>
   <div class='ocr_carea' id='block_1_72' title="bbox 2066 3120 3722 3205">
    <p class='ocr_par' dir='ltr' id='par_1_72' title="bbox 2066 3120 3722 3205">
     <span class='ocr_line' id='line_1_72' title="bbox 2066 3120 3722 3205; baseline 0.007 -31"><span class='ocrx_word' id='word_1_526' title='bbox 2066 3149 2109 3205; x_wconf 64' lang='grc' dir='ltr'>ο</span> <span class='ocrx_word' id='word_1_527' title='bbox 2142 3120 2207 3177; x_wconf 91' lang='grc'><strong><em>11.</em></strong></span> <span class='ocrx_word' id='word_1_528' title='bbox 2243 3122 2495 3205; x_wconf 71' lang='lat' dir='ltr'><strong><em>Origenes</em></strong></span> <span class='ocrx_word' id='word_1_529' title='bbox 2511 3123 2948 3205; x_wconf 41' lang='lat' dir='ltr'><strong><em>editione-nt“th</em></strong></span> <span class='ocrx_word' id='word_1_530' title='bbox 3075 3129 3426 3205; x_wconf 68' lang='lat' dir='ltr'><strong><em>emendatam</em></strong></span> <span class='ocrx_word' id='word_1_531' title='bbox 3446 3147 3565 3185; x_wconf 88' lang='lat' dir='ltr'><strong><em>cum</em></strong></span> <span class='ocrx_word' id='word_1_532' title='bbox 3589 3139 3722 3185; x_wconf 76' lang='lat' dir='ltr'><strong><em>aste-</em></strong></span> 
     </span>
    </p>
   </div>
   <div class='ocr_carea' id='block_1_73' title="bbox 2396 3195 3471 3269">
    <p class='ocr_par' dir='ltr' id='par_1_73' title="bbox 2396 3195 3471 3269">
     <span class='ocr_line' id='line_1_73' title="bbox 2396 3195 3471 3269; baseline 0.006 -22"><span class='ocrx_word' id='word_1_533' title='bbox 2396 3196 2549 3248; x_wconf 80' lang='lat' dir='ltr'><strong><em>riscis</em></strong></span> <span class='ocrx_word' id='word_1_534' title='bbox 2597 3204 2647 3248; x_wconf 88' lang='lat' dir='ltr'><strong><em>et</em></strong></span> <span class='ocrx_word' id='word_1_535' title='bbox 2697 3195 2859 3249; x_wconf 87' lang='lat' dir='ltr'><strong><em>obelis</em></strong></span> <span class='ocrx_word' id='word_1_536' title='bbox 2888 3197 2947 3249; x_wconf 89' lang='lat' dir='ltr'><strong><em>in</em></strong></span> <span class='ocrx_word' id='word_1_537' title='bbox 2985 3196 3240 3267; x_wconf 66' lang='lat' dir='ltr'><strong><em>llexaplis</em></strong></span> <span class='ocrx_word' id='word_1_538' title='bbox 3274 3202 3471 3269; x_wconf 78' lang='lat' dir='ltr'><strong><em>posuit.</em></strong></span> 
     </span>
    </p>
   </div>
   <div class='ocr_carea' id='block_1_74' title="bbox 2214 3282 3716 3360">
    <p class='ocr_par' dir='ltr' id='par_1_74' title="bbox 2214 3282 3716 3360">
     <span class='ocr_line' id='line_1_74' title="bbox 2214 3282 3716 3360; baseline 0.007 -22"><span class='ocrx_word' id='word_1_539' title='bbox 2214 3282 2372 3351; x_wconf 85' lang='lat' dir='ltr'><strong><em>Quod</em></strong></span> <span class='ocrx_word' id='word_1_540' title='bbox 2400 3295 2579 3340; x_wconf 90' lang='lat' dir='ltr'><strong><em>autem</em></strong></span> <span class='ocrx_word' id='word_1_541' title='bbox 2607 3287 2902 3342; x_wconf 88' lang='lat' dir='ltr'><strong><em>editionem</em></strong></span> <span class='ocrx_word' id='word_1_542' title='bbox 2952 3288 3095 3344; x_wconf 80' lang='lat' dir='ltr'><strong><em>LXX</em></strong></span> <span class='ocrx_word' id='word_1_543' title='bbox 3146 3290 3505 3360; x_wconf 88' lang='lat' dir='ltr'><strong><em>lnterprctum</em></strong></span> <span class='ocrx_word' id='word_1_544' title='bbox 3544 3291 3716 3357; x_wconf 79' lang='lat' dir='ltr'><strong><em>illam,</em></strong></span> 
     </span>
    </p>
   </div>
   <div class='ocr_carea' id='block_1_75' title="bbox 2143 3375 3717 3454">
    <p class='ocr_par' dir='ltr' id='par_1_75' title="bbox 2143 3375 3717 3454">
     <span class='ocr_line' id='line_1_75' title="bbox 2143 3375 3717 3454; baseline 0.006 -25"><span class='ocrx_word' id='word_1_545' title='bbox 2143 3392 2263 3444; x_wconf 70' lang='lat' dir='ltr'><strong><em>quas</em></strong></span> <span class='ocrx_word' id='word_1_546' title='bbox 2293 3377 2347 3431; x_wconf 91' lang='lat' dir='ltr'><strong><em>in</em></strong></span> <span class='ocrx_word' id='word_1_547' title='bbox 2394 3375 2648 3449; x_wconf 79' lang='lat' dir='ltr'><strong><em>llexaplis</em></strong></span> <span class='ocrx_word' id='word_1_548' title='bbox 2706 3381 2881 3450; x_wconf 87' lang='lat' dir='ltr'><strong><em>posita</em></strong></span> <span class='ocrx_word' id='word_1_549' title='bbox 2933 3393 3073 3447; x_wconf 85' lang='lat' dir='ltr'><strong><em>erat,</em></strong></span> <span class='ocrx_word' id='word_1_550' title='bbox 3108 3384 3406 3449; x_wconf 88' lang='lat' dir='ltr'><strong><em>asteriscis,</em></strong></span> <span class='ocrx_word' id='word_1_551' title='bbox 3453 3385 3544 3438; x_wconf 89' lang='lat' dir='ltr'><strong><em>ubi</em></strong></span> <span class='ocrx_word' id='word_1_552' title='bbox 3581 3383 3717 3454; x_wconf 85' lang='lat' dir='ltr'><strong><em>quid</em></strong></span> 
     </span>
    </p>
   </div>
   <div class='ocr_carea' id='block_1_76' title="bbox 2142 3468 3713 3544">
    <p class='ocr_par' dir='ltr' id='par_1_76' title="bbox 2142 3468 3713 3544">
     <span class='ocr_line' id='line_1_76' title="bbox 2142 3468 3713 3544; baseline 0.004 -23"><span class='ocrx_word' id='word_1_553' title='bbox 2142 3468 2385 3523; x_wconf 90' lang='lat' dir='ltr'><strong><em>additum</em></strong></span> <span class='ocrx_word' id='word_1_554' title='bbox 2442 3468 2643 3536; x_wconf 80' lang='lat' dir='ltr'><strong><em>fuerat,</em></strong></span> <span class='ocrx_word' id='word_1_555' title='bbox 2701 3478 2757 3525; x_wconf 92' lang='lat' dir='ltr'><strong><em>et</em></strong></span> <span class='ocrx_word' id='word_1_556' title='bbox 2812 3473 2983 3528; x_wconf 91' lang='lat' dir='ltr'><strong><em>obelis</em></strong></span> <span class='ocrx_word' id='word_1_557' title='bbox 3017 3474 3102 3528; x_wconf 88' lang='lat' dir='ltr'><strong><em>.ad</em></strong></span> <span class='ocrx_word' id='word_1_558' title='bbox 3154 3474 3426 3544; x_wconf 80' lang='lat' dir='ltr'><strong><em>superﬂua</em></strong></span> <span class='ocrx_word' id='word_1_559' title='bbox 3476 3473 3713 3528; x_wconf 81' lang='lat' dir='ltr'><strong><em>notanda</em></strong></span> 
     </span>
    </p>
   </div>
   <div class='ocr_carea' id='block_1_77' title="bbox 2138 3559 3715 3635">
    <p class='ocr_par' dir='ltr' id='par_1_77' title="bbox 2138 3559 3715 3635">
     <span class='ocr_line' id='line_1_77' title="bbox 2138 3559 3715 3635; baseline 0.003 -23"><span class='ocrx_word' id='word_1_560' title='bbox 2138 3559 2449 3616; x_wconf 82' lang='lat' dir='ltr'><strong><em>distinxerit</em></strong></span> <span class='ocrx_word' id='word_1_561' title='bbox 2474 3559 2757 3633; x_wconf 83' lang='lat' dir='ltr'><strong><em>Origenes,</em></strong></span> <span class='ocrx_word' id='word_1_562' title='bbox 2788 3565 2936 3619; x_wconf 86' lang='lat' dir='ltr'><strong><em>clare</em></strong></span> <span class='ocrx_word' id='word_1_563' title='bbox 2984 3564 3144 3619; x_wconf 88' lang='lat' dir='ltr'><strong><em>docet</em></strong></span> <span class='ocrx_word' id='word_1_564' title='bbox 3186 3563 3573 3635; x_wconf 81' lang='lat' dir='ltr'><strong><em>Hieronymus,</em></strong></span> <span class='ocrx_word' id='word_1_565' title='bbox 3598 3563 3715 3633; x_wconf 83' lang='lat' dir='ltr'><strong><em>epi-</em></strong></span> 
     </span>
    </p>
   </div>
   <div class='ocr_carea' id='block_1_78' title="bbox 2139 3653 3713 3728">
    <p class='ocr_par' dir='ltr' id='par_1_78' title="bbox 2139 3653 3713 3728">
     <span class='ocr_line' id='line_1_78' title="bbox 2139 3653 3713 3728; baseline 0.003 -22"><span class='ocrx_word' id='word_1_566' title='bbox 2139 3653 2277 3707; x_wconf 84' lang='lat' dir='ltr'><strong><em>stola</em></strong></span> <span class='ocrx_word' id='word_1_567' title='bbox 2307 3654 2376 3708; x_wconf 91' lang='lat' dir='ltr'><strong><em>ad</em></strong></span> <span class='ocrx_word' id='word_1_568' title='bbox 2404 3653 2632 3708; x_wconf 88' lang='lat' dir='ltr'><strong><em>Suniam</em></strong></span> <span class='ocrx_word' id='word_1_569' title='bbox 2689 3668 2744 3710; x_wconf 90' lang='lat' dir='ltr'><strong><em>et</em></strong></span> <span class='ocrx_word' id='word_1_570' title='bbox 2790 3655 3058 3710; x_wconf 86' lang='lat' dir='ltr'><strong><em>Fretelam</em></strong></span> <span class='ocrx_word' id='word_1_571' title='bbox 3094 3674 3109 3712; x_wconf 89' lang='lat'><strong>:</strong></span> <span class='ocrx_word' id='word_1_572' title='bbox 3159 3655 3224 3710; x_wconf 84' lang='lat' dir='ltr'><strong><em>In</em></strong></span> <span class='ocrx_word' id='word_1_573' title='bbox 3264 3672 3388 3728; x_wconf 91' lang='lat' dir='ltr'><strong><em>quo,</em></strong></span> <span class='ocrx_word' id='word_1_574' title='bbox 3429 3656 3526 3717; x_wconf 87' lang='lat' dir='ltr'><strong><em>ait,</em></strong></span> <span class='ocrx_word' id='word_1_575' title='bbox 3574 3656 3713 3711; x_wconf 76' lang='lat' dir='ltr'><strong><em>illud</em></strong></span> 
     </span>
    </p>
   </div>
   <div class='ocr_carea' id='block_1_79' title="bbox 2137 3742 3707 3815">
    <p class='ocr_par' dir='ltr' id='par_1_79' title="bbox 2137 3742 3707 3815">
     <span class='ocr_line' id='line_1_79' title="bbox 2137 3742 3707 3815; baseline 0.006 -19"><span class='ocrx_word' id='word_1_576' title='bbox 2137 3742 2363 3798; x_wconf 80' lang='lat' dir='ltr'><strong><em>breuiter</em></strong></span> <span class='ocrx_word' id='word_1_577' title='bbox 2399 3746 2679 3810; x_wconf 84' lang='lat' dir='ltr'><strong><em>admoneo,</em></strong></span> <span class='ocrx_word' id='word_1_578' title='bbox 2728 3757 2785 3799; x_wconf 90' lang='lat' dir='ltr'><strong><em>ut</em></strong></span> <span class='ocrx_word' id='word_1_579' title='bbox 2827 3749 3009 3802; x_wconf 79' lang='lat' dir='ltr'><strong><em>sciatis</em></strong></span> <span class='ocrx_word' id='word_1_580' title='bbox 3041 3748 3203 3803; x_wconf 87' lang='lat' dir='ltr'><strong><em>aliam</em></strong></span> <span class='ocrx_word' id='word_1_581' title='bbox 3234 3767 3343 3805; x_wconf 85' lang='lat' dir='ltr'><strong><em>esse</em></strong></span> <span class='ocrx_word' id='word_1_582' title='bbox 3402 3751 3707 3815; x_wconf 76' lang='lat' dir='ltr'><strong><em>editionem,</em></strong></span> 
     </span>
    </p>
   </div>
   <div class='ocr_carea' id='block_1_80' title="bbox 2134 3838 3711 3913">
    <p class='ocr_par' dir='ltr' id='par_1_80' title="bbox 2134 3838 3711 3913">
     <span class='ocr_line' id='line_1_80' title="bbox 2134 3838 3711 3913; baseline 0.003 -22"><span class='ocrx_word' id='word_1_583' title='bbox 2134 3854 2296 3908; x_wconf 83' lang='lat' dir='ltr'><strong><em>quam</em></strong></span> <span class='ocrx_word' id='word_1_584' title='bbox 2321 3838 2573 3909; x_wconf 82' lang='lat' dir='ltr'><strong><em>Origenes</em></strong></span> <span class='ocrx_word' id='word_1_585' title='bbox 2615 3849 2664 3893; x_wconf 84' lang='lat' dir='ltr'><strong><em>et</em></strong></span> <span class='ocrx_word' id='word_1_586' title='bbox 2707 3839 3053 3895; x_wconf 77' lang='lat' dir='ltr'><strong><em>Cwsariensis</em></strong></span> <span class='ocrx_word' id='word_1_587' title='bbox 3095 3839 3376 3907; x_wconf 78' lang='lat' dir='ltr'><strong><em>Eusebius,</em></strong></span> <span class='ocrx_word' id='word_1_588' title='bbox 3433 3858 3711 3913; x_wconf 79' lang='lat' dir='ltr'><strong><em>omnesque</em></strong></span> 
     </span>
    </p>
   </div>
   <div class='ocr_carea' id='block_1_81' title="bbox 2138 3928 3708 4004">
    <p class='ocr_par' dir='ltr' id='par_1_81' title="bbox 2138 3928 3708 4004">
     <span class='ocr_line' id='line_1_81' title="bbox 2138 3928 3708 4004; baseline 0.003 -21"><span class='ocrx_word' id='word_1_589' title='bbox 2138 3928 2357 3984; x_wconf 77' lang='lat' dir='ltr'><strong><em>Crtecite</em></strong></span> <span class='ocrx_word' id='word_1_590' title='bbox 2387 3940 2704 3985; x_wconf 86' lang='lat' dir='ltr'><strong><em>tractatores</em></strong></span> <span class='ocrx_word' id='word_1_591' title='bbox 2733 3931 2965 4000; x_wconf 81' lang='grc' dir='ltr'><strong><em>κοινὴν,</em></strong></span> <span class='ocrx_word' id='word_1_592' title='bbox 2996 3932 3053 3986; x_wconf 88' lang='lat' dir='ltr'><strong><em>id</em></strong></span> <span class='ocrx_word' id='word_1_593' title='bbox 3074 3947 3151 3986; x_wconf 88' lang='lat' dir='ltr'><strong><em>est</em></strong></span> <span class='ocrx_word' id='word_1_594' title='bbox 3188 3949 3510 3987; x_wconf 86' lang='lat' dir='ltr'><strong><em>communem</em></strong></span> <span class='ocrx_word' id='word_1_595' title='bbox 3551 3942 3708 4004; x_wconf 79' lang='lat' dir='ltr'><strong><em>atque</em></strong></span> 
     </span>
    </p>
   </div>
   <div class='ocr_carea' id='block_1_82' title="bbox 2134 4021 3705 4093">
    <p class='ocr_par' dir='ltr' id='par_1_82' title="bbox 2134 4021 3705 4093">
     <span class='ocr_line' id='line_1_82' title="bbox 2134 4021 3705 4093; baseline 0.003 -19"><span class='ocrx_word' id='word_1_596' title='bbox 2134 4021 2425 4093; x_wconf 74' lang='lat' dir='ltr'><strong><em>vulgatam,</em></strong></span> <span class='ocrx_word' id='word_1_597' title='bbox 2454 4031 2505 4075; x_wconf 89' lang='lat' dir='ltr'><strong><em>et</em></strong></span> <span class='ocrx_word' id='word_1_598' title='bbox 2537 4040 2569 4076; x_wconf 91' lang='lat' dir='ltr'><strong><em>a</em></strong></span> <span class='ocrx_word' id='word_1_599' title='bbox 2599 4021 2860 4092; x_wconf 77' lang='lat' dir='ltr'><strong><em>plerisque</em></strong></span> <span class='ocrx_word' id='word_1_600' title='bbox 2904 4039 3041 4076; x_wconf 85' lang='lat' dir='ltr'><strong><em>nunc</em></strong></span> <span class='ocrx_word' id='word_1_601' title='bbox 3091 4023 3425 4090; x_wconf 76' lang='grc' dir='ltr'><strong><em>Λουκιανὸς</em></strong></span> <span class='ocrx_word' id='word_1_602' title='bbox 3468 4025 3705 4089; x_wconf 83' lang='lat' dir='ltr'><strong><em>dicitur;</em></strong></span> 
     </span>
    </p>
   </div>
   <div class='ocr_carea' id='block_1_83' title="bbox 2135 4111 3709 4186">
    <p class='ocr_par' dir='ltr' id='par_1_83' title="bbox 2135 4111 3709 4186">
     <span class='ocr_line' id='line_1_83' title="bbox 2135 4111 3709 4186; baseline 0.004 -21"><span class='ocrx_word' id='word_1_603' title='bbox 2135 4111 2297 4165; x_wconf 88' lang='lat' dir='ltr'><strong><em>aliam</em></strong></span> <span class='ocrx_word' id='word_1_604' title='bbox 2321 4111 2418 4166; x_wconf 85' lang='lat' dir='ltr'><strong>LX</strong></span> <span class='ocrx_word' id='word_1_605' title='bbox 2424 4111 2471 4166; x_wconf 79' lang='grc' dir='ltr'><em>Χ</em></span> <span class='ocrx_word' id='word_1_606' title='bbox 2503 4112 2875 4185; x_wconf 82' lang='lat' dir='ltr'><strong><em>lnterprctum,</em></strong></span> <span class='ocrx_word' id='word_1_607' title='bbox 2902 4131 3019 4186; x_wconf 76' lang='lat' dir='ltr'><strong><em>qua</em></strong></span> <span class='ocrx_word' id='word_1_608' title='bbox 3045 4125 3095 4169; x_wconf 88' lang='lat' dir='ltr'><strong><em>et</em></strong></span> <span class='ocrx_word' id='word_1_609' title='bbox 3125 4117 3178 4169; x_wconf 91' lang='lat' dir='ltr'><strong><em>in</em></strong></span> <span class='ocrx_word' id='word_1_610' title='bbox 3224 4116 3537 4184; x_wconf 73' lang='grc' dir='ltr'><strong><em>Ἑξαπλοῖς</em></strong></span> <span class='ocrx_word' id='word_1_611' title='bbox 3566 4120 3709 4172; x_wconf 84' lang='lat' dir='ltr'><strong><em>codi-</em></strong></span> 
     </span>
    </p>
   </div>
   <div class='ocr_carea' id='block_1_84' title="bbox 2134 4205 3702 4279">
    <p class='ocr_par' dir='ltr' id='par_1_84' title="bbox 2134 4205 3702 4279">
     <span class='ocr_line' id='line_1_84' title="bbox 2134 4205 3702 4279; baseline 0.006 -24"><span class='ocrx_word' id='word_1_612' title='bbox 2134 4205 2279 4258; x_wconf 87' lang='lat' dir='ltr'><strong><em>cibus</em></strong></span> <span class='ocrx_word' id='word_1_613' title='bbox 2307 4207 2584 4275; x_wconf 85' lang='lat' dir='ltr'><strong><em>reperitur,</em></strong></span> <span class='ocrx_word' id='word_1_614' title='bbox 2612 4215 2661 4259; x_wconf 87' lang='lat' dir='ltr'><strong><em>et</em></strong></span> <span class='ocrx_word' id='word_1_615' title='bbox 2688 4224 2721 4259; x_wconf 87' lang='lat' dir='ltr'><strong><em>a</em></strong></span> <span class='ocrx_word' id='word_1_616' title='bbox 2747 4207 2895 4260; x_wconf 87' lang='lat' dir='ltr'><strong><em>nobis</em></strong></span> <span class='ocrx_word' id='word_1_617' title='bbox 2926 4209 2978 4260; x_wconf 89' lang='lat' dir='ltr'><strong><em>in</em></strong></span> <span class='ocrx_word' id='word_1_618' title='bbox 3017 4206 3271 4261; x_wconf 85' lang='lat' dir='ltr'><strong><em>Latinum</em></strong></span> <span class='ocrx_word' id='word_1_619' title='bbox 3321 4225 3610 4263; x_wconf 82' lang='lat' dir='ltr'><strong><em>sermonem</em></strong></span> <span class='ocrx_word' id='word_1_620' title='bbox 3635 4209 3702 4279; x_wconf 74' lang='lat' dir='ltr'><strong><em>ﬁ-</em></strong></span> 
     </span>
    </p>
   </div>
   <div class='ocr_carea' id='block_1_85' title="bbox 2131 4294 3704 4370">
    <p class='ocr_par' dir='ltr' id='par_1_85' title="bbox 2131 4294 3704 4370">
     <span class='ocr_line' id='line_1_85' title="bbox 2131 4294 3704 4370; baseline 0.006 -24"><span class='ocrx_word' id='word_1_621' title='bbox 2131 4294 2320 4349; x_wconf 83' lang='lat' dir='ltr'><strong><em>deliter</em></strong></span> <span class='ocrx_word' id='word_1_622' title='bbox 2344 4312 2493 4351; x_wconf 85' lang='lat' dir='ltr'><strong><em>versa</em></strong></span> <span class='ocrx_word' id='word_1_623' title='bbox 2518 4306 2617 4363; x_wconf 87' lang='lat' dir='ltr'><strong><em>est,</em></strong></span> <span class='ocrx_word' id='word_1_624' title='bbox 2647 4307 2698 4351; x_wconf 90' lang='lat' dir='ltr'><strong><em>et</em></strong></span> <span class='ocrx_word' id='word_1_625' title='bbox 2722 4296 3067 4367; x_wconf 79' lang='lat' dir='ltr'><strong><em>Jerosolyma:</em></strong></span> <span class='ocrx_word' id='word_1_626' title='bbox 3089 4309 3244 4370; x_wconf 81' lang='lat' dir='ltr'><strong><em>atque</em></strong></span> <span class='ocrx_word' id='word_1_627' title='bbox 3264 4302 3317 4353; x_wconf 87' lang='lat' dir='ltr'><strong><em>in</em></strong></span> <span class='ocrx_word' id='word_1_628' title='bbox 3350 4299 3581 4355; x_wconf 87' lang='lat' dir='ltr'><strong><em>Orientis</em></strong></span> <span class='ocrx_word' id='word_1_629' title='bbox 3607 4299 3704 4355; x_wconf 62' lang='lat' dir='ltr'><strong><em>Ec.</em></strong></span> 
     </span>
    </p>
   </div>
   <div class='ocr_carea' id='block_1_86' title="bbox 2131 4386 3702 4456">
    <p class='ocr_par' dir='ltr' id='par_1_86' title="bbox 2131 4386 3702 4456">
     <span class='ocr_line' id='line_1_86' title="bbox 2131 4386 3702 4456; baseline 0.003 -17"><span class='ocrx_word' id='word_1_630' title='bbox 2131 4386 2305 4440; x_wconf 85' lang='lat' dir='ltr'><strong><em>clesiis</em></strong></span> <span class='ocrx_word' id='word_1_631' title='bbox 2336 4388 2650 4442; x_wconf 83' lang='lat' dir='ltr'><strong><em>decantatur</em></strong></span> <span class='ocrx_word' id='word_1_632' title='bbox 2690 4426 2706 4442; x_wconf 93' lang='lat'><strong><em>.</em></strong></span> <span class='ocrx_word' id='word_1_633' title='bbox 2751 4428 2764 4442; x_wconf 96' lang='lat'><strong><em>.</em></strong></span> <span class='ocrx_word' id='word_1_634' title='bbox 2811 4428 2825 4441; x_wconf 92' lang='lat'><strong><em>.</em></strong></span> <span class='ocrx_word' id='word_1_635' title='bbox 2850 4389 3033 4456; x_wconf 79' lang='grc' dir='ltr'><strong><em>Κοινὴ</em></strong></span> <span class='ocrx_word' id='word_1_636' title='bbox 3075 4401 3249 4445; x_wconf 85' lang='lat' dir='ltr'><strong><em>autem</em></strong></span> <span class='ocrx_word' id='word_1_637' title='bbox 3307 4391 3445 4456; x_wconf 87' lang='lat' dir='ltr'><strong><em>ista,</em></strong></span> <span class='ocrx_word' id='word_1_638' title='bbox 3494 4391 3590 4446; x_wconf 77' lang='lat' dir='ltr'><strong><em>hoc</em></strong></span> <span class='ocrx_word' id='word_1_639' title='bbox 3623 4400 3702 4447; x_wconf 83' lang='lat' dir='ltr'><strong><em>est</em></strong></span> 
     </span>
    </p>
   </div>
   <div class='ocr_carea' id='block_1_87' title="bbox 449 4454 3704 4559">
    <p class='ocr_par' dir='ltr' id='par_1_87' title="bbox 449 4454 3704 4559">
     <span class='ocr_line' id='line_1_87' title="bbox 449 4454 3704 4559; baseline 0.012 -60"><span class='ocrx_word' id='word_1_640' title='bbox 449 4454 913 4559; x_wconf 67' lang='lat' dir='ltr'><strong><em>genepraestitum</em></strong></span> <span class='ocrx_word' id='word_1_641' title='bbox 956 4456 1120 4559; x_wconf 65' lang='lat' dir='ltr'><strong><em>luerit</em></strong></span> <span class='ocrx_word' id='word_1_642' title='bbox 1150 4475 1258 4514; x_wconf 89' lang='lat' dir='ltr'><strong><em>non</em></strong></span> <span class='ocrx_word' id='word_1_643' title='bbox 1290 4462 1361 4516; x_wconf 89' lang='lat' dir='ltr'><strong><em>ita</em></strong></span> <span class='ocrx_word' id='word_1_644' title='bbox 1416 4463 1574 4521; x_wconf 80' lang='lat' dir='ltr'><strong><em>facile</em></strong></span> <span class='ocrx_word' id='word_1_645' title='bbox 1630 4478 1714 4524; x_wconf 90' lang='lat' dir='ltr'><strong><em>est</em></strong></span> <span class='ocrx_word' id='word_1_646' title='bbox 1760 4472 2018 4543; x_wconf 90' lang='lat' dir='ltr'><strong><em>iudicare,</em></strong></span> <span class='ocrx_word' id='word_1_647' title='bbox 2053 4505 2096 4559; x_wconf 72' lang='grc' dir='ltr'>ο</span> <span class='ocrx_word' id='word_1_648' title='bbox 2130 4480 2423 4533; x_wconf 89' lang='lat' dir='ltr'><strong><em>communis</em></strong></span> <span class='ocrx_word' id='word_1_649' title='bbox 2452 4481 2641 4547; x_wconf 85' lang='lat' dir='ltr'><strong><em>editio,</em></strong></span> <span class='ocrx_word' id='word_1_650' title='bbox 2673 4481 2791 4549; x_wconf 85' lang='lat' dir='ltr'><strong><em>ipsa</em></strong></span> <span class='ocrx_word' id='word_1_651' title='bbox 2814 4491 2890 4533; x_wconf 88' lang='lat' dir='ltr'><strong><em>est</em></strong></span> <span class='ocrx_word' id='word_1_652' title='bbox 2925 4454 3043 4551; x_wconf 68' lang='lat' dir='ltr'><strong><em>qua:</em></strong></span> <span class='ocrx_word' id='word_1_653' title='bbox 3070 4492 3120 4536; x_wconf 89' lang='lat' dir='ltr'><strong><em>et</em></strong></span> <span class='ocrx_word' id='word_1_654' title='bbox 3146 4480 3315 4537; x_wconf 75' lang='lat' dir='ltr'><strong>LXX.</strong></span> <span class='ocrx_word' id='word_1_655' title='bbox 3345 4454 3449 4538; x_wconf 86' lang='lat' dir='ltr'><strong><em>Sed</em></strong></span> <span class='ocrx_word' id='word_1_656' title='bbox 3482 4483 3578 4538; x_wconf 81' lang='lat' dir='ltr'><strong><em>hoc</em></strong></span> <span class='ocrx_word' id='word_1_657' title='bbox 3625 4485 3704 4538; x_wconf 88' lang='lat' dir='ltr'><strong><em>in-</em></strong></span> 
     </span>
    </p>
   </div>
   <div class='ocr_carea' id='block_1_88' title="bbox 447 4542 2022 4627">
    <p class='ocr_par' dir='ltr' id='par_1_88' title="bbox 447 4542 2022 4627">
     <span class='ocr_line' id='line_1_88' title="bbox 447 4542 2022 4627; baseline 0.02 -37"><span class='ocrx_word' id='word_1_658' title='bbox 447 4542 708 4608; x_wconf 89' lang='lat' dir='ltr'><strong><em>quoniam</em></strong></span> <span class='ocrx_word' id='word_1_659' title='bbox 745 4544 798 4598; x_wconf 93' lang='lat' dir='ltr'><strong><em>in</em></strong></span> <span class='ocrx_word' id='word_1_660' title='bbox 828 4548 927 4602; x_wconf 91' lang='lat' dir='ltr'><strong><em>hac</em></strong></span> <span class='ocrx_word' id='word_1_661' title='bbox 957 4548 1254 4622; x_wconf 71' lang='lat' dir='ltr'><strong><em>Scriptura:</em></strong></span> <span class='ocrx_word' id='word_1_662' title='bbox 1306 4565 1458 4625; x_wconf 87' lang='lat' dir='ltr'><strong><em>parte</em></strong></span> <span class='ocrx_word' id='word_1_663' title='bbox 1484 4562 1814 4627; x_wconf 88' lang='lat' dir='ltr'><strong><em>paucissima</em></strong></span> <span class='ocrx_word' id='word_1_664' title='bbox 1845 4563 2022 4621; x_wconf 80' lang='lat' dir='ltr'><strong><em>Hexa—</em></strong></span> 
     </span>
    </p>
   </div>
   <div class='ocr_carea' id='block_1_89' title="bbox 444 4632 2020 4728">
    <p class='ocr_par' dir='ltr' id='par_1_89' title="bbox 444 4632 2020 4728">
     <span class='ocr_line' id='line_1_89' title="bbox 444 4632 2020 4728; baseline 0.019 -45"><span class='ocrx_word' id='word_1_665' title='bbox 444 4632 661 4728; x_wconf 72' lang='lat' dir='ltr'><strong><em>plorum</em></strong></span> <span class='ocrx_word' id='word_1_666' title='bbox 692 4648 987 4704; x_wconf 88' lang='lat' dir='ltr'><strong><em>supersunt</em></strong></span> <span class='ocrx_word' id='word_1_667' title='bbox 1014 4641 1339 4714; x_wconf 75' lang='lat' dir='ltr'><strong><em>fragmenta.</em></strong></span> <span class='ocrx_word' id='word_1_668' title='bbox 1360 4648 1418 4701; x_wconf 90' lang='lat' dir='ltr'><strong><em>lu</em></strong></span> <span class='ocrx_word' id='word_1_669' title='bbox 1435 4648 1574 4705; x_wconf 90' lang='lat' dir='ltr'><strong><em>libro</em></strong></span> <span class='ocrx_word' id='word_1_670' title='bbox 1594 4650 1697 4708; x_wconf 86' lang='lat' dir='ltr'><strong><em>Job</em></strong></span> <span class='ocrx_word' id='word_1_671' title='bbox 1726 4657 2020 4728; x_wconf 83' lang='lat' dir='ltr'><strong><em>octingenti</em></strong></span> 
     </span>
    </p>
   </div>
   <div class='ocr_carea' id='block_1_90' title="bbox 445 4723 2016 4816">
    <p class='ocr_par' dir='ltr' id='par_1_90' title="bbox 445 4723 2016 4816">
     <span class='ocr_line' id='line_1_90' title="bbox 445 4723 2016 4816; baseline 0.019 -42"><span class='ocrx_word' id='word_1_672' title='bbox 445 4723 665 4778; x_wconf 91' lang='lat' dir='ltr'><strong><em>circiter</em></strong></span> <span class='ocrx_word' id='word_1_673' title='bbox 704 4729 961 4785; x_wconf 88' lang='lat' dir='ltr'><strong><em>versiculi</em></strong></span> <span class='ocrx_word' id='word_1_674' title='bbox 1017 4737 1186 4791; x_wconf 87' lang='lat' dir='ltr'><strong><em>variis</em></strong></span> <span class='ocrx_word' id='word_1_675' title='bbox 1245 4738 1300 4793; x_wconf 93' lang='lat' dir='ltr'><strong><em>in</em></strong></span> <span class='ocrx_word' id='word_1_676' title='bbox 1357 4740 1493 4797; x_wconf 90' lang='lat' dir='ltr'><strong><em>locis</em></strong></span> <span class='ocrx_word' id='word_1_677' title='bbox 1547 4723 2016 4816; x_wconf 77' lang='lat' dir='ltr'><strong><em>desiderabantur,</em></strong></span> 
     </span>
    </p>
   </div>
   <div class='ocr_carea' id='block_1_91' title="bbox 444 4821 2017 4908">
    <p class='ocr_par' dir='ltr' id='par_1_91' title="bbox 444 4821 2017 4908">
     <span class='ocr_line' id='line_1_91' title="bbox 444 4821 2017 4908; baseline 0.018 -39"><span class='ocrx_word' id='word_1_678' title='bbox 444 4831 583 4885; x_wconf 90' lang='lat' dir='ltr'><strong><em>quos</em></strong></span> <span class='ocrx_word' id='word_1_679' title='bbox 607 4833 674 4872; x_wconf 83' lang='lat' dir='ltr'><strong><em>ex</em></strong></span> <span class='ocrx_word' id='word_1_680' title='bbox 708 4821 940 4878; x_wconf 89' lang='lat' dir='ltr'><strong><em>aliorum</em></strong></span> <span class='ocrx_word' id='word_1_681' title='bbox 994 4826 1348 4898; x_wconf 88' lang='lat' dir='ltr'><strong><em>interpretum</em></strong></span> <span class='ocrx_word' id='word_1_682' title='bbox 1397 4836 1869 4908; x_wconf 89' lang='lat' dir='ltr'><strong><em>translationibus,</em></strong></span> <span class='ocrx_word' id='word_1_683' title='bbox 1897 4858 2017 4898; x_wconf 83' lang='lat' dir='ltr'><strong><em>ma-</em></strong></span> 
     </span>
    </p>
   </div>
   <div class='ocr_carea' id='block_1_92' title="bbox 442 4909 2016 4994">
    <p class='ocr_par' dir='ltr' id='par_1_92' title="bbox 442 4909 2016 4994">
     <span class='ocr_line' id='line_1_92' title="bbox 442 4909 2016 4994; baseline 0.018 -33"><span class='ocrx_word' id='word_1_684' title='bbox 442 4909 589 4965; x_wconf 82' lang='lat' dir='ltr'><strong><em>xime</em></strong></span> <span class='ocrx_word' id='word_1_685' title='bbox 614 4927 742 4968; x_wconf 89' lang='lat' dir='ltr'><strong><em>vero</em></strong></span> <span class='ocrx_word' id='word_1_686' title='bbox 761 4929 828 4969; x_wconf 83' lang='lat' dir='ltr'><strong><em>ex</em></strong></span> <span class='ocrx_word' id='word_1_687' title='bbox 850 4913 1242 4977; x_wconf 86' lang='lat' dir='ltr'><strong><em>Theodotionis</em></strong></span> <span class='ocrx_word' id='word_1_688' title='bbox 1268 4924 1526 4994; x_wconf 90' lang='lat' dir='ltr'><strong><em>editione,</em></strong></span> <span class='ocrx_word' id='word_1_689' title='bbox 1573 4944 1697 4983; x_wconf 91' lang='lat' dir='ltr'><strong><em>cum</em></strong></span> <span class='ocrx_word' id='word_1_690' title='bbox 1739 4934 2016 4990; x_wconf 89' lang='lat' dir='ltr'><strong><em>asteriscis</em></strong></span> 
     </span>
    </p>
   </div>
   <div class='ocr_carea' id='block_1_93' title="bbox 440 4998 2017 5087">
    <p class='ocr_par' dir='ltr' id='par_1_93' title="bbox 440 4998 2017 5087">
     <span class='ocr_line' id='line_1_93' title="bbox 440 4998 2017 5087; baseline 0.017 -36"><span class='ocrx_word' id='word_1_691' title='bbox 440 4998 638 5068; x_wconf 86' lang='lat' dir='ltr'><strong><em>adjecit</em></strong></span> <span class='ocrx_word' id='word_1_692' title='bbox 656 5001 939 5073; x_wconf 80' lang='lat' dir='ltr'><strong><em>Origenes.</em></strong></span> <span class='ocrx_word' id='word_1_693' title='bbox 971 5004 1129 5062; x_wconf 83' lang='lat' dir='ltr'><strong><em>Tanti</em></strong></span> <span class='ocrx_word' id='word_1_694' title='bbox 1182 5025 1314 5067; x_wconf 90' lang='lat' dir='ltr'><strong><em>vero</em></strong></span> <span class='ocrx_word' id='word_1_695' title='bbox 1354 5014 1598 5073; x_wconf 85' lang='lat' dir='ltr'><strong><em>delectus</em></strong></span> <span class='ocrx_word' id='word_1_696' title='bbox 1620 5034 1806 5087; x_wconf 88' lang='lat' dir='ltr'><strong><em>causa,</em></strong></span> <span class='ocrx_word' id='word_1_697' title='bbox 1834 5023 1879 5077; x_wconf 92' lang='lat' dir='ltr'><strong><em>si</em></strong></span> <span class='ocrx_word' id='word_1_698' title='bbox 1918 5039 2017 5078; x_wconf 87' lang='lat' dir='ltr'><strong><em>au-</em></strong></span> 
     </span>
    </p>
   </div>
   <div class='ocr_carea' id='block_1_94' title="bbox 440 5090 2014 5172">
    <p class='ocr_par' dir='ltr' id='par_1_94' title="bbox 440 5090 2014 5172">
     <span class='ocr_line' id='line_1_94' title="bbox 440 5090 2014 5172; baseline 0.021 -33"><span class='ocrx_word' id='word_1_699' title='bbox 440 5090 625 5157; x_wconf 88' lang='lat' dir='ltr'><strong><em>gurari</em></strong></span> <span class='ocrx_word' id='word_1_700' title='bbox 664 5092 845 5158; x_wconf 81' lang='lat' dir='ltr'><strong><em>liceal,</em></strong></span> <span class='ocrx_word' id='word_1_701' title='bbox 877 5097 1007 5151; x_wconf 91' lang='lat' dir='ltr'><strong><em>hinc</em></strong></span> <span class='ocrx_word' id='word_1_702' title='bbox 1040 5103 1269 5168; x_wconf 89' lang='lat' dir='ltr'><strong><em>petenda</em></strong></span> <span class='ocrx_word' id='word_1_703' title='bbox 1308 5113 1411 5170; x_wconf 86' lang='lat' dir='ltr'><strong><em>est,</em></strong></span> <span class='ocrx_word' id='word_1_704' title='bbox 1442 5109 1587 5172; x_wconf 79' lang='lat' dir='ltr'><strong><em>quod</em></strong></span> <span class='ocrx_word' id='word_1_705' title='bbox 1632 5119 1742 5166; x_wconf 91' lang='lat' dir='ltr'><strong><em>tam</em></strong></span> <span class='ocrx_word' id='word_1_706' title='bbox 1793 5114 2014 5171; x_wconf 92' lang='lat' dir='ltr'><strong><em>obscuri</em></strong></span> 
     </span>
    </p>
   </div>
   <div class='ocr_carea' id='block_1_95' title="bbox 441 5177 2015 5273">
    <p class='ocr_par' dir='ltr' id='par_1_95' title="bbox 441 5177 2015 5273">
     <span class='ocr_line' id='line_1_95' title="bbox 441 5177 2015 5273; baseline 0.023 -43"><span class='ocrx_word' id='word_1_707' title='bbox 441 5177 566 5233; x_wconf 89' lang='lat' dir='ltr'><strong><em>libri</em></strong></span> <span class='ocrx_word' id='word_1_708' title='bbox 607 5184 849 5239; x_wconf 82' lang='lat' dir='ltr'><strong><em>vertendi</em></strong></span> <span class='ocrx_word' id='word_1_709' title='bbox 877 5188 1190 5247; x_wconf 84' lang='lat' dir='ltr'><strong><em>dilIicultate</em></strong></span> <span class='ocrx_word' id='word_1_710' title='bbox 1213 5196 1452 5252; x_wconf 89' lang='lat' dir='ltr'><strong><em>deterriti</em></strong></span> <span class='ocrx_word' id='word_1_711' title='bbox 1482 5201 1823 5273; x_wconf 86' lang='lat' dir='ltr'><strong><em>interpretes,</em></strong></span> <span class='ocrx_word' id='word_1_712' title='bbox 1844 5210 2015 5265; x_wconf 87' lang='lat' dir='ltr'><strong><em>multa</em></strong></span> 
     </span>
    </p>
   </div>
   <div class='ocr_carea' id='block_1_96' title="bbox 441 5277 2015 5363">
    <p class='ocr_par' dir='ltr' id='par_1_96' title="bbox 441 5277 2015 5363">
     <span class='ocr_line' id='line_1_96' title="bbox 441 5277 2015 5363; baseline 0.022 -39"><span class='ocrx_word' id='word_1_713' title='bbox 441 5277 906 5341; x_wconf 64' lang='lat' dir='ltr'><strong><em>praetermiserim.</em></strong></span> <span class='ocrx_word' id='word_1_714' title='bbox 939 5283 994 5336; x_wconf 86' lang='lat' dir='ltr'><strong><em>lu</em></strong></span> <span class='ocrx_word' id='word_1_715' title='bbox 1018 5282 1253 5343; x_wconf 89' lang='lat' dir='ltr'><strong><em>Psalmis</em></strong></span> <span class='ocrx_word' id='word_1_716' title='bbox 1273 5305 1421 5359; x_wconf 86' lang='lat' dir='ltr'><strong><em>vero,</em></strong></span> <span class='ocrx_word' id='word_1_717' title='bbox 1447 5296 1539 5363; x_wconf 92' lang='lat' dir='ltr'><strong><em>qui</em></strong></span> <span class='ocrx_word' id='word_1_718' title='bbox 1568 5300 1813 5354; x_wconf 89' lang='lat' dir='ltr'><strong><em>omnium</em></strong></span> <span class='ocrx_word' id='word_1_719' title='bbox 1837 5305 2015 5358; x_wconf 89' lang='lat' dir='ltr'><strong><em>mani-</em></strong></span> 
     </span>
    </p>
   </div>
   <div class='ocr_carea' id='block_1_97' title="bbox 442 5364 2014 5454">
    <p class='ocr_par' dir='ltr' id='par_1_97' title="bbox 442 5364 2014 5454">
     <span class='ocr_line' id='line_1_97' title="bbox 442 5364 2014 5454; baseline 0.022 -38"><span class='ocrx_word' id='word_1_720' title='bbox 442 5364 546 5417; x_wconf 87' lang='lat' dir='ltr'><strong><em>bus</em></strong></span> <span class='ocrx_word' id='word_1_721' title='bbox 584 5369 913 5437; x_wconf 90' lang='lat' dir='ltr'><strong><em>terebantur,</em></strong></span> <span class='ocrx_word' id='word_1_722' title='bbox 945 5374 1101 5446; x_wconf 86' lang='lat' dir='ltr'><strong><em>longe</em></strong></span> <span class='ocrx_word' id='word_1_723' title='bbox 1139 5380 1397 5446; x_wconf 90' lang='lat' dir='ltr'><strong><em>pauciora</em></strong></span> <span class='ocrx_word' id='word_1_724' title='bbox 1439 5400 1603 5454; x_wconf 91' lang='lat' dir='ltr'><strong><em>quam</em></strong></span> <span class='ocrx_word' id='word_1_725' title='bbox 1635 5390 1688 5442; x_wconf 94' lang='lat' dir='ltr'><strong><em>in</em></strong></span> <span class='ocrx_word' id='word_1_726' title='bbox 1743 5391 1881 5448; x_wconf 90' lang='lat' dir='ltr'><strong><em>libro</em></strong></span> <span class='ocrx_word' id='word_1_727' title='bbox 1911 5393 2014 5451; x_wconf 82' lang='lat' dir='ltr'><strong><em>Job</em></strong></span> 
     </span>
    </p>
   </div>
   <div class='ocr_carea' id='block_1_98' title="bbox 441 5455 2013 5541">
    <p class='ocr_par' dir='ltr' id='par_1_98' title="bbox 441 5455 2013 5541">
     <span class='ocr_line' id='line_1_98' title="bbox 441 5455 2013 5541; baseline 0.022 -33"><span class='ocrx_word' id='word_1_728' title='bbox 441 5455 622 5509; x_wconf 86' lang='lat' dir='ltr'><strong><em>addita</em></strong></span> <span class='ocrx_word' id='word_1_729' title='bbox 645 5468 699 5512; x_wconf 90' lang='lat' dir='ltr'><strong><em>et</em></strong></span> <span class='ocrx_word' id='word_1_730' title='bbox 741 5460 978 5520; x_wconf 90' lang='lat' dir='ltr'><strong><em>detracta</em></strong></span> <span class='ocrx_word' id='word_1_731' title='bbox 1027 5477 1194 5524; x_wconf 88' lang='lat' dir='ltr'><strong><em>sunt:</em></strong></span> <span class='ocrx_word' id='word_1_732' title='bbox 1250 5488 1360 5529; x_wconf 91' lang='lat' dir='ltr'><strong><em>non</em></strong></span> <span class='ocrx_word' id='word_1_733' title='bbox 1394 5478 1503 5532; x_wconf 90' lang='lat' dir='ltr'><strong><em>rari</em></strong></span> <span class='ocrx_word' id='word_1_734' title='bbox 1537 5489 1719 5536; x_wconf 88' lang='lat' dir='ltr'><strong><em>tamen</em></strong></span> <span class='ocrx_word' id='word_1_735' title='bbox 1758 5483 1831 5537; x_wconf 91' lang='lat' dir='ltr'><strong><em>ibi</em></strong></span> <span class='ocrx_word' id='word_1_736' title='bbox 1856 5495 2013 5541; x_wconf 90' lang='lat' dir='ltr'><strong><em>erant</em></strong></span> 
     </span>
    </p>
   </div>
   <div class='ocr_carea' id='block_1_99' title="bbox 438 5546 2010 5631">
    <p class='ocr_par' dir='ltr' id='par_1_99' title="bbox 438 5546 2010 5631">
     <span class='ocr_line' id='line_1_99' title="bbox 438 5546 2010 5631; baseline 0.022 -34"><span class='ocrx_word' id='word_1_737' title='bbox 438 5546 581 5600; x_wconf 90' lang='lat' dir='ltr'><strong><em>obeli</em></strong></span> <span class='ocrx_word' id='word_1_738' title='bbox 602 5558 656 5602; x_wconf 87' lang='lat' dir='ltr'><strong><em>et</em></strong></span> <span class='ocrx_word' id='word_1_739' title='bbox 682 5554 945 5609; x_wconf 90' lang='lat' dir='ltr'><strong><em>asterisci.</em></strong></span> <span class='ocrx_word' id='word_1_740' title='bbox 971 5557 1029 5613; x_wconf 90' lang='lat' dir='ltr'><strong><em>In</em></strong></span> <span class='ocrx_word' id='word_1_741' title='bbox 1064 5559 1375 5621; x_wconf 86' lang='lat' dir='ltr'><strong><em>Proverbiis</em></strong></span> <span class='ocrx_word' id='word_1_742' title='bbox 1401 5584 1509 5624; x_wconf 91' lang='lat' dir='ltr'><strong><em>non</em></strong></span> <span class='ocrx_word' id='word_1_743' title='bbox 1558 5579 1704 5626; x_wconf 84' lang='lat' dir='ltr'><strong><em>tanta</em></strong></span> <span class='ocrx_word' id='word_1_744' title='bbox 1733 5572 1904 5631; x_wconf 84' lang='lat' dir='ltr'><strong><em>fuisse</em></strong></span> <span class='ocrx_word' id='word_1_745' title='bbox 1927 5578 2010 5631; x_wconf 87' lang='lat' dir='ltr'><strong><em>vi-</em></strong></span> 
     </span>
    </p>
   </div>
   <div class='ocr_carea' id='block_1_100' title="bbox 439 5636 2010 5728">
    <p class='ocr_par' dir='ltr' id='par_1_100' title="bbox 439 5636 2010 5728">
     <span class='ocr_line' id='line_1_100' title="bbox 439 5636 2010 5728; baseline 0.022 -41"><span class='ocrx_word' id='word_1_746' title='bbox 439 5636 599 5691; x_wconf 86' lang='lat' dir='ltr'><strong><em>detur</em></strong></span> <span class='ocrx_word' id='word_1_747' title='bbox 628 5643 1015 5709; x_wconf 84' lang='lat' dir='ltr'><strong><em>asteriscorum</em></strong></span> <span class='ocrx_word' id='word_1_748' title='bbox 1043 5659 1097 5704; x_wconf 88' lang='lat' dir='ltr'><strong><em>et</em></strong></span> <span class='ocrx_word' id='word_1_749' title='bbox 1121 5652 1401 5711; x_wconf 90' lang='lat' dir='ltr'><strong><em>obelorum</em></strong></span> <span class='ocrx_word' id='word_1_750' title='bbox 1432 5661 1613 5728; x_wconf 89' lang='lat' dir='ltr'><strong><em>turba,</em></strong></span> <span class='ocrx_word' id='word_1_751' title='bbox 1642 5663 1750 5717; x_wconf 91' lang='lat' dir='ltr'><strong><em>nisi</em></strong></span> <span class='ocrx_word' id='word_1_752' title='bbox 1778 5665 1923 5721; x_wconf 89' lang='lat' dir='ltr'><strong><em>circa</em></strong></span> <span class='ocrx_word' id='word_1_753' title='bbox 1948 5667 2010 5721; x_wconf 86' lang='lat' dir='ltr'><strong><em>li-</em></strong></span> 
     </span>
    </p>
   </div>
   <div class='ocr_carea' id='block_1_101' title="bbox 439 5732 2004 5822">
    <p class='ocr_par' dir='ltr' id='par_1_101' title="bbox 439 5732 2004 5822">
     <span class='ocr_line' id='line_1_101' title="bbox 439 5732 2004 5822; baseline 0.023 -40"><span class='ocrx_word' id='word_1_754' title='bbox 439 5744 586 5798; x_wconf 82' lang='lat' dir='ltr'><strong><em>nem,</em></strong></span> <span class='ocrx_word' id='word_1_755' title='bbox 632 5732 722 5788; x_wconf 87' lang='lat' dir='ltr'><strong><em>ubi</em></strong></span> <span class='ocrx_word' id='word_1_756' title='bbox 762 5740 1008 5807; x_wconf 64' lang='lat' dir='ltr'><strong><em>quaedam</em></strong></span> <span class='ocrx_word' id='word_1_757' title='bbox 1060 5756 1385 5816; x_wconf 64' lang='lat' dir='ltr'><strong><em>praepostere</em></strong></span> <span class='ocrx_word' id='word_1_758' title='bbox 1412 5754 1588 5822; x_wconf 89' lang='lat' dir='ltr'><strong><em>posita</em></strong></span> <span class='ocrx_word' id='word_1_759' title='bbox 1627 5758 2004 5817; x_wconf 86' lang='lat' dir='ltr'><strong><em>occurrebant.</em></strong></span> 
     </span>
    </p>
   </div>
   <div class='ocr_carea' id='block_1_102' title="bbox 2126 4572 3701 4645">
    <p class='ocr_par' dir='ltr' id='par_1_102' title="bbox 2126 4572 3701 4645">
     <span class='ocr_line' id='line_1_102' title="bbox 2126 4572 3701 4645; baseline 0.004 -21"><span class='ocrx_word' id='word_1_760' title='bbox 2126 4572 2446 4626; x_wconf 78' lang='lat' dir='ltr'><strong><em>terestinter</em></strong></span> <span class='ocrx_word' id='word_1_761' title='bbox 2476 4581 2776 4641; x_wconf 85' lang='lat' dir='ltr'><strong><em>utramque,</em></strong></span> <span class='ocrx_word' id='word_1_762' title='bbox 2806 4573 2946 4642; x_wconf 88' lang='lat' dir='ltr'><strong><em>quod</em></strong></span> <span class='ocrx_word' id='word_1_763' title='bbox 2973 4573 3145 4643; x_wconf 78' lang='grc' dir='ltr'><strong><em>κοινὴ</em></strong></span> <span class='ocrx_word' id='word_1_764' title='bbox 3196 4591 3291 4645; x_wconf 85' lang='lat' dir='ltr'><strong><em>pro</em></strong></span> <span class='ocrx_word' id='word_1_765' title='bbox 3330 4575 3461 4628; x_wconf 90' lang='lat' dir='ltr'><strong><em>locis</em></strong></span> <span class='ocrx_word' id='word_1_766' title='bbox 3491 4587 3540 4630; x_wconf 87' lang='lat' dir='ltr'><strong><em>et</em></strong></span> <span class='ocrx_word' id='word_1_767' title='bbox 3574 4584 3701 4630; x_wconf 83' lang='lat' dir='ltr'><strong><em>tem-</em></strong></span> 
     </span>
    </p>
   </div>
   <div class='ocr_carea' id='block_1_103' title="bbox 2121 4663 3698 4737">
    <p class='ocr_par' dir='ltr' id='par_1_103' title="bbox 2121 4663 3698 4737">
     <span class='ocr_line' id='line_1_103' title="bbox 2121 4663 3698 4737; baseline 0.004 -23"><span class='ocrx_word' id='word_1_768' title='bbox 2121 4663 2359 4730; x_wconf 86' lang='lat' dir='ltr'><strong><em>poribus,</em></strong></span> <span class='ocrx_word' id='word_1_769' title='bbox 2391 4672 2440 4716; x_wconf 88' lang='lat' dir='ltr'><strong><em>et</em></strong></span> <span class='ocrx_word' id='word_1_770' title='bbox 2469 4680 2564 4733; x_wconf 87' lang='lat' dir='ltr'><strong><em>pro</em></strong></span> <span class='ocrx_word' id='word_1_771' title='bbox 2599 4664 2865 4718; x_wconf 82' lang='lat' dir='ltr'><strong><em>voluntate</em></strong></span> <span class='ocrx_word' id='word_1_772' title='bbox 2889 4666 3227 4734; x_wconf 87' lang='lat' dir='ltr'><strong><em>scriptorum,</em></strong></span> <span class='ocrx_word' id='word_1_773' title='bbox 3277 4676 3421 4720; x_wconf 82' lang='lat' dir='ltr'><strong><em>vatus</em></strong></span> <span class='ocrx_word' id='word_1_774' title='bbox 3451 4680 3698 4737; x_wconf 75' lang='lat' dir='ltr'><strong><em>corrupta</em></strong></span> 
     </span>
    </p>
   </div>
   <div class='ocr_carea' id='block_1_104' title="bbox 2120 4752 3698 4823">
    <p class='ocr_par' dir='ltr' id='par_1_104' title="bbox 2120 4752 3698 4823">
     <span class='ocr_line' id='line_1_104' title="bbox 2120 4752 3698 4823; baseline 0.004 -19"><span class='ocrx_word' id='word_1_775' title='bbox 2120 4752 2282 4805; x_wconf 88' lang='lat' dir='ltr'><strong><em>editio</em></strong></span> <span class='ocrx_word' id='word_1_776' title='bbox 2306 4761 2415 4816; x_wconf 86' lang='lat' dir='ltr'><strong><em>est;</em></strong></span> <span class='ocrx_word' id='word_1_777' title='bbox 2447 4769 2510 4806; x_wconf 89' lang='lat' dir='ltr'><strong><em>ea</em></strong></span> <span class='ocrx_word' id='word_1_778' title='bbox 2550 4763 2727 4806; x_wconf 77' lang='lat' dir='ltr'><strong><em>autem</em></strong></span> <span class='ocrx_word' id='word_1_779' title='bbox 2773 4769 2889 4823; x_wconf 75' lang='lat' dir='ltr'><strong><em>qua:</em></strong></span> <span class='ocrx_word' id='word_1_780' title='bbox 2914 4753 3139 4807; x_wconf 80' lang='lat' dir='ltr'><strong><em>habetur</em></strong></span> <span class='ocrx_word' id='word_1_781' title='bbox 3178 4759 3232 4809; x_wconf 85' lang='lat' dir='ltr'><strong><em>in</em></strong></span> <span class='ocrx_word' id='word_1_782' title='bbox 3280 4755 3615 4823; x_wconf 70' lang='lat' dir='ltr'><strong><em>&#39;EEMJoic,</em></strong></span> <span class='ocrx_word' id='word_1_783' title='bbox 3646 4765 3698 4810; x_wconf 85' lang='lat' dir='ltr'><strong><em>et</em></strong></span> 
     </span>
    </p>
   </div>
   <div class='ocr_carea' id='block_1_105' title="bbox 2119 4844 3694 4913">
    <p class='ocr_par' dir='ltr' id='par_1_105' title="bbox 2119 4844 3694 4913">
     <span class='ocr_line' id='line_1_105' title="bbox 2119 4844 3694 4913; baseline 0.006 -18"><span class='ocrx_word' id='word_1_784' title='bbox 2119 4859 2280 4913; x_wconf 85' lang='lat' dir='ltr'><strong><em>quam</em></strong></span> <span class='ocrx_word' id='word_1_785' title='bbox 2306 4859 2400 4898; x_wconf 82' lang='lat' dir='ltr'><strong><em>nos</em></strong></span> <span class='ocrx_word' id='word_1_786' title='bbox 2440 4844 2710 4911; x_wconf 79' lang='lat' dir='ltr'><strong><em>vertimus,</em></strong></span> <span class='ocrx_word' id='word_1_787' title='bbox 2734 4845 2848 4912; x_wconf 88' lang='lat' dir='ltr'><strong><em>ipsa</em></strong></span> <span class='ocrx_word' id='word_1_788' title='bbox 2875 4855 2952 4899; x_wconf 86' lang='lat' dir='ltr'><strong><em>est</em></strong></span> <span class='ocrx_word' id='word_1_789' title='bbox 2978 4858 3094 4910; x_wconf 77' lang='lat' dir='ltr'><strong><em>qua:</em></strong></span> <span class='ocrx_word' id='word_1_790' title='bbox 3116 4848 3169 4899; x_wconf 89' lang='lat' dir='ltr'><strong><em>in</em></strong></span> <span class='ocrx_word' id='word_1_791' title='bbox 3190 4848 3520 4901; x_wconf 83' lang='lat' dir='ltr'><strong><em>eruditorum</em></strong></span> <span class='ocrx_word' id='word_1_792' title='bbox 3542 4848 3694 4904; x_wconf 79' lang='lat' dir='ltr'><strong><em>libris</em></strong></span> 
     </span>
    </p>
   </div>
   <div class='ocr_carea' id='block_1_106' title="bbox 2115 4934 3698 5008">
    <p class='ocr_par' dir='ltr' id='par_1_106' title="bbox 2115 4934 3698 5008">
     <span class='ocr_line' id='line_1_106' title="bbox 2115 4934 3698 5008; baseline 0.006 -22"><span class='ocrx_word' id='word_1_793' title='bbox 2115 4934 2427 5002; x_wconf 87' lang='lat' dir='ltr'><strong><em>incorrupta</em></strong></span> <span class='ocrx_word' id='word_1_794' title='bbox 2475 4944 2527 4989; x_wconf 83' lang='lat' dir='ltr'><strong><em>et</em></strong></span> <span class='ocrx_word' id='word_1_795' title='bbox 2565 4937 2910 4991; x_wconf 88' lang='lat' dir='ltr'><strong><em>immaculata</em></strong></span> <span class='ocrx_word' id='word_1_796' title='bbox 2955 4936 3109 4993; x_wconf 78' lang='lat' dir='ltr'><strong><em>LXX</em></strong></span> <span class='ocrx_word' id='word_1_797' title='bbox 3142 4937 3493 5008; x_wconf 81' lang='lat' dir='ltr'><strong><em>lnterprctum</em></strong></span> <span class='ocrx_word' id='word_1_798' title='bbox 3525 4951 3698 4995; x_wconf 86' lang='lat' dir='ltr'><strong><em>trans-</em></strong></span> 
     </span>
    </p>
   </div>
   <div class='ocr_carea' id='block_1_107' title="bbox 2118 5025 3688 5105">
    <p class='ocr_par' dir='ltr' id='par_1_107' title="bbox 2118 5025 3688 5105">
     <span class='ocr_line' id='line_1_107' title="bbox 2118 5025 3688 5105; baseline 0.008 -28"><span class='ocrx_word' id='word_1_799' title='bbox 2118 5025 2250 5079; x_wconf 86' lang='lat' dir='ltr'><strong><em>latio</em></strong></span> <span class='ocrx_word' id='word_1_800' title='bbox 2292 5037 2611 5083; x_wconf 80' lang='lat' dir='ltr'><strong><em>reservatur.</em></strong></span> <span class='ocrx_word' id='word_1_801' title='bbox 2669 5029 2942 5100; x_wconf 80' lang='lat' dir='ltr'><strong><em>Quidquid</em></strong></span> <span class='ocrx_word' id='word_1_802' title='bbox 2983 5048 3105 5101; x_wconf 86' lang='lat' dir='ltr'><strong><em>ergo</em></strong></span> <span class='ocrx_word' id='word_1_803' title='bbox 3157 5034 3222 5084; x_wconf 86' lang='lat' dir='ltr'><strong><em>ab</em></strong></span> <span class='ocrx_word' id='word_1_804' title='bbox 3260 5033 3358 5086; x_wconf 83' lang='lat' dir='ltr'><strong><em>hac</em></strong></span> <span class='ocrx_word' id='word_1_805' title='bbox 3402 5033 3688 5105; x_wconf 83' lang='lat' dir='ltr'><strong><em>discrepat,</em></strong></span> 
     </span>
    </p>
   </div>
   <div class='ocr_carea' id='block_1_108' title="bbox 2117 5118 3696 5190">
    <p class='ocr_par' dir='ltr' id='par_1_108' title="bbox 2117 5118 3696 5190">
     <span class='ocr_line' id='line_1_108' title="bbox 2117 5118 3696 5190; baseline 0.007 -20"><span class='ocrx_word' id='word_1_806' title='bbox 2117 5118 2253 5171; x_wconf 87' lang='lat' dir='ltr'><strong><em>nulli</em></strong></span> <span class='ocrx_word' id='word_1_807' title='bbox 2280 5118 2498 5172; x_wconf 84' lang='lat' dir='ltr'><strong><em>dubium</em></strong></span> <span class='ocrx_word' id='word_1_808' title='bbox 2516 5129 2591 5173; x_wconf 88' lang='lat' dir='ltr'><strong><em>est</em></strong></span> <span class='ocrx_word' id='word_1_809' title='bbox 2621 5122 2747 5190; x_wconf 88' lang='lat' dir='ltr'><strong><em>quin</em></strong></span> <span class='ocrx_word' id='word_1_810' title='bbox 2789 5123 2867 5175; x_wconf 88' lang='lat' dir='ltr'><strong><em>ita</em></strong></span> <span class='ocrx_word' id='word_1_811' title='bbox 2895 5132 2945 5177; x_wconf 89' lang='lat' dir='ltr'><strong><em>et</em></strong></span> <span class='ocrx_word' id='word_1_812' title='bbox 2977 5124 3043 5176; x_wconf 83' lang='lat' dir='ltr'><strong><em>ab</em></strong></span> <span class='ocrx_word' id='word_1_813' title='bbox 3078 5122 3422 5178; x_wconf 66' lang='lat' dir='ltr'><strong><em>Hebraeorum</em></strong></span> <span class='ocrx_word' id='word_1_814' title='bbox 3467 5130 3696 5181; x_wconf 83' lang='lat' dir='ltr'><strong><em>auctori-</em></strong></span> 
     </span>
    </p>
   </div>
   <div class='ocr_carea' id='block_1_109' title="bbox 2118 5211 3691 5287">
    <p class='ocr_par' dir='ltr' id='par_1_109' title="bbox 2118 5211 3691 5287">
     <span class='ocr_line' id='line_1_109' title="bbox 2118 5211 3691 5287; baseline 0.01 -25"><span class='ocrx_word' id='word_1_815' title='bbox 2118 5220 2227 5265; x_wconf 87' lang='lat' dir='ltr'><strong><em>tate</em></strong></span> <span class='ocrx_word' id='word_1_816' title='bbox 2252 5211 2535 5267; x_wconf 87' lang='lat' dir='ltr'><strong><em>discordet.</em></strong></span> <span class='ocrx_word' id='word_1_817' title='bbox 2571 5211 2741 5283; x_wconf 86' lang='lat' dir='ltr'><strong><em>lgitur</em></strong></span> <span class='ocrx_word' id='word_1_818' title='bbox 2775 5215 2941 5270; x_wconf 90' lang='lat' dir='ltr'><strong><em>editio</em></strong></span> <span class='ocrx_word' id='word_1_819' title='bbox 2968 5214 3109 5269; x_wconf 89' lang='lat' dir='ltr'><strong><em>LXX</em></strong></span> <span class='ocrx_word' id='word_1_820' title='bbox 3138 5214 3495 5287; x_wconf 84' lang='lat' dir='ltr'><strong><em>lnterprctum</em></strong></span> <span class='ocrx_word' id='word_1_821' title='bbox 3524 5221 3691 5276; x_wconf 76' lang='lat' dir='ltr'><strong><em>hexa-</em></strong></span> 
     </span>
    </p>
   </div>
   <div class='ocr_carea' id='block_1_110' title="bbox 2114 5303 3687 5380">
    <p class='ocr_par' dir='ltr' id='par_1_110' title="bbox 2114 5303 3687 5380">
     <span class='ocr_line' id='line_1_110' title="bbox 2114 5303 3687 5380; baseline 0.008 -26"><span class='ocrx_word' id='word_1_822' title='bbox 2114 5303 2283 5371; x_wconf 86' lang='lat' dir='ltr'><strong><em>plaris</em></strong></span> <span class='ocrx_word' id='word_1_823' title='bbox 2314 5303 2403 5357; x_wconf 92' lang='lat' dir='ltr'><strong><em>illa</em></strong></span> <span class='ocrx_word' id='word_1_824' title='bbox 2445 5313 2563 5358; x_wconf 90' lang='lat' dir='ltr'><strong><em>erat</em></strong></span> <span class='ocrx_word' id='word_1_825' title='bbox 2611 5321 2735 5374; x_wconf 77' lang='lat' dir='ltr'><strong><em>qua:</em></strong></span> <span class='ocrx_word' id='word_1_826' title='bbox 2777 5306 2848 5360; x_wconf 92' lang='lat' dir='ltr'><strong><em>ab</em></strong></span> <span class='ocrx_word' id='word_1_827' title='bbox 2874 5304 3107 5378; x_wconf 83' lang='lat' dir='ltr'><strong><em>Origene</em></strong></span> <span class='ocrx_word' id='word_1_828' title='bbox 3155 5308 3225 5362; x_wconf 90' lang='lat' dir='ltr'><strong><em>ad</em></strong></span> <span class='ocrx_word' id='word_1_829' title='bbox 3264 5312 3542 5380; x_wconf 81' lang='lat' dir='ltr'><strong><em>exemplar</em></strong></span> <span class='ocrx_word' id='word_1_830' title='bbox 3590 5313 3687 5367; x_wconf 86' lang='lat' dir='ltr'><strong><em>lle-</em></strong></span> 
     </span>
    </p>
   </div>
   <div class='ocr_carea' id='block_1_111' title="bbox 2114 5394 3684 5474">
    <p class='ocr_par' dir='ltr' id='par_1_111' title="bbox 2114 5394 3684 5474">
     <span class='ocr_line' id='line_1_111' title="bbox 2114 5394 3684 5474; baseline 0.008 -27"><span class='ocrx_word' id='word_1_831' title='bbox 2114 5394 2360 5449; x_wconf 90' lang='lat' dir='ltr'><strong><em>braicum</em></strong></span> <span class='ocrx_word' id='word_1_832' title='bbox 2389 5396 2678 5452; x_wconf 86' lang='lat' dir='ltr'><strong><em>emendata</em></strong></span> <span class='ocrx_word' id='word_1_833' title='bbox 2708 5397 2906 5463; x_wconf 82' lang='lat' dir='ltr'><strong><em>fuerat,</em></strong></span> <span class='ocrx_word' id='word_1_834' title='bbox 2934 5410 2987 5455; x_wconf 90' lang='lat' dir='ltr'><strong><em>et</em></strong></span> <span class='ocrx_word' id='word_1_835' title='bbox 3022 5417 3156 5471; x_wconf 89' lang='lat' dir='ltr'><strong><em>pura</em></strong></span> <span class='ocrx_word' id='word_1_836' title='bbox 3200 5413 3361 5474; x_wconf 88' lang='lat' dir='ltr'><strong><em>atque</em></strong></span> <span class='ocrx_word' id='word_1_837' title='bbox 3420 5406 3684 5461; x_wconf 85' lang='lat' dir='ltr'><strong><em>immacu-</em></strong></span> 
     </span>
    </p>
   </div>
   <div class='ocr_carea' id='block_1_112' title="bbox 2112 5484 3681 5553">
    <p class='ocr_par' dir='ltr' id='par_1_112' title="bbox 2112 5484 3681 5553">
     <span class='ocr_line' id='line_1_112' title="bbox 2112 5484 3681 5553; baseline 0.007 -13"><span class='ocrx_word' id='word_1_838' title='bbox 2112 5485 2242 5551; x_wconf 87' lang='lat' dir='ltr'><strong><em>lata,</em></strong></span> <span class='ocrx_word' id='word_1_839' title='bbox 2277 5486 2347 5541; x_wconf 88' lang='lat' dir='ltr'><strong><em>ab</em></strong></span> <span class='ocrx_word' id='word_1_840' title='bbox 2376 5484 2722 5543; x_wconf 64' lang='lat' dir='ltr'><strong><em>Hebraeorum</em></strong></span> <span class='ocrx_word' id='word_1_841' title='bbox 2758 5493 3084 5547; x_wconf 89' lang='lat' dir='ltr'><strong><em>auctoritate</em></strong></span> <span class='ocrx_word' id='word_1_842' title='bbox 3128 5509 3236 5549; x_wconf 87' lang='lat' dir='ltr'><strong><em>non</em></strong></span> <span class='ocrx_word' id='word_1_843' title='bbox 3287 5498 3634 5553; x_wconf 87' lang='lat' dir='ltr'><strong><em>discordabat</em></strong></span> <span class='ocrx_word' id='word_1_844' title='bbox 3666 5514 3681 5551; x_wconf 91' lang='lat'>:</span> 
     </span>
    </p>
   </div>
   <div class='ocr_carea' id='block_1_113' title="bbox 2113 5578 3680 5665">
    <p class='ocr_par' dir='ltr' id='par_1_113' title="bbox 2113 5578 3680 5665">
     <span class='ocr_line' id='line_1_113' title="bbox 2113 5578 3680 5665; baseline 0.008 -34"><span class='ocrx_word' id='word_1_845' title='bbox 2113 5578 2313 5649; x_wconf 90' lang='lat' dir='ltr'><strong><em>illaque</em></strong></span> <span class='ocrx_word' id='word_1_846' title='bbox 2356 5580 2636 5636; x_wconf 86' lang='lat' dir='ltr'><strong><em>asteriscis</em></strong></span> <span class='ocrx_word' id='word_1_847' title='bbox 2672 5591 2726 5636; x_wconf 90' lang='lat' dir='ltr'><strong><em>et</em></strong></span> <span class='ocrx_word' id='word_1_848' title='bbox 2754 5583 2927 5639; x_wconf 89' lang='lat' dir='ltr'><strong><em>obelis</em></strong></span> <span class='ocrx_word' id='word_1_849' title='bbox 2959 5586 3212 5644; x_wconf 89' lang='lat' dir='ltr'><strong><em>distincta</em></strong></span> <span class='ocrx_word' id='word_1_850' title='bbox 3270 5602 3387 5647; x_wconf 88' lang='lat' dir='ltr'><strong><em>erat</em></strong></span> <span class='ocrx_word' id='word_1_851' title='bbox 3431 5610 3446 5648; x_wconf 91' lang='lat'><strong>:</strong></span> <span class='ocrx_word' id='word_1_852' title='bbox 3486 5608 3680 5665; x_wconf 83' lang='lat' dir='ltr'><strong><em>quam-</em></strong></span> 
     </span>
    </p>
   </div>
   <div class='ocr_carea' id='block_1_114' title="bbox 2112 5666 3677 5753">
    <p class='ocr_par' dir='ltr' id='par_1_114' title="bbox 2112 5666 3677 5753">
     <span class='ocr_line' id='line_1_114' title="bbox 2112 5666 3677 5753; baseline 0.01 -32"><span class='ocrx_word' id='word_1_853' title='bbox 2112 5670 2298 5725; x_wconf 86' lang='lat' dir='ltr'><strong><em>obrem</em></strong></span> <span class='ocrx_word' id='word_1_854' title='bbox 2323 5670 2377 5723; x_wconf 92' lang='lat' dir='ltr'><strong><em>in</em></strong></span> <span class='ocrx_word' id='word_1_855' title='bbox 2400 5666 2471 5723; x_wconf 87' lang='lat' dir='ltr'><strong><em>iis</em></strong></span> <span class='ocrx_word' id='word_1_856' title='bbox 2502 5670 2799 5741; x_wconf 50' lang='lat' dir='ltr'><strong><em>Scriptura)</em></strong></span> <span class='ocrx_word' id='word_1_857' title='bbox 2825 5678 3090 5744; x_wconf 87' lang='lat' dir='ltr'><strong><em>partibus,</em></strong></span> <span class='ocrx_word' id='word_1_858' title='bbox 3137 5681 3208 5734; x_wconf 84' lang='lat' dir='ltr'><strong><em>ab</em></strong></span> <span class='ocrx_word' id='word_1_859' title='bbox 3240 5680 3572 5753; x_wconf 79' lang='lat' dir='ltr'><strong><em>Hieronymo</em></strong></span> <span class='ocrx_word' id='word_1_860' title='bbox 3610 5683 3677 5736; x_wconf 87' lang='lat' dir='ltr'><strong><em>ad</em></strong></span> 
     </span>
    </p>
   </div>
   <div class='ocr_carea' id='block_1_115' title="bbox 2113 5763 3676 5843">
    <p class='ocr_par' dir='ltr' id='par_1_115' title="bbox 2113 5763 3676 5843">
     <span class='ocr_line' id='line_1_115' title="bbox 2113 5763 3676 5843; baseline 0.008 -26"><span class='ocrx_word' id='word_1_861' title='bbox 2113 5763 2272 5819; x_wconf 87' lang='lat' dir='ltr'><strong><em>tidem</em></strong></span> <span class='ocrx_word' id='word_1_862' title='bbox 2306 5763 2561 5820; x_wconf 87' lang='lat' dir='ltr'><strong><em>editionis</em></strong></span> <span class='ocrx_word' id='word_1_863' title='bbox 2589 5764 2734 5823; x_wconf 87' lang='lat' dir='ltr'><strong><em>illius</em></strong></span> <span class='ocrx_word' id='word_1_864' title='bbox 2791 5767 3100 5841; x_wconf 81' lang='lat' dir='ltr'><strong><em>hesaplaris</em></strong></span> <span class='ocrx_word' id='word_1_865' title='bbox 3144 5772 3335 5831; x_wconf 75' lang='lat' dir='ltr'><strong><em>Latine</em></strong></span> <span class='ocrx_word' id='word_1_866' title='bbox 3377 5775 3676 5843; x_wconf 79' lang='lat' dir='ltr'><strong><em>conversis,</em></strong></span> 
     </span>
    </p>
   </div>
  </div>
