4122 6422
394 335 465 391 ea
936 297 947 307 ’
1635 335 1701 388 IN
1743 330 2071 390 HEXAPLA
2101 330 2447 391 ouicms.
3589 341 3661 397 το
3694 408 3695 411 γ

385 465 508 518 qua!
532 449 801 519 hodieque
829 459 1151 520 supersunt,
1190 448 1266 504 in'
1298 448 1399 504 Job
1431 448 1683 504 videlicet
1719 459 1886 518 atque
1920 447 1976 501 in
2005 452 2051 506 A
2081 448 2315 517 Aquila;
2349 448 2646 513 interdum,
2675 451 2767 505 sed
2805 451 3004 516 rarius,
3034 465 3100 507 ex
3131 451 3493 524 Symmacho;
3521 467 3659 509 nono

383 541 637 607 Psalmis,
664 542 911 597 asterisci
932 552 987 597 et
1019 542 1160 597 obeli
1192 542 1627 611 conspiciuntur,
1649 550 1709 595 ut
1735 540 1969 610 quisque

381 635 567 689 videre
615 644 794 703 potest
846 635 901 687 in
935 634 1176 689 editione
1206 631 1366 687 Joan.
1420 632 1721 686 Martianaei
1769 632 1963 686 nostri.

382 724 500 779 l-luc
552 726 767 780 accedit
818 736 949 780 nota
992 724 1200 780 codicis
1247 722 1565 779 Basiliensis
1613 722 1796 777 saeculi
1829 738 1882 786 χ,
1911 721 1964 774 in

381 817 543 884 cujus
572 818 915 885 marginibus
968 815 1337 886 Hexaplorum
1392 815 1654 869 lectiones
1707 828 1773 869 ac
1821 820 1965 867 notae

382 908 557 977 prima
609 923 776 962 manu
835 908 1122 977 descripta:
1171 907 1343 962 fuere.
1397 905 1495 961 Sic
1556 914 1736 960 autem
1804 905 1965 958 habet

380 995 549 1052 Exodi
579 1013 699 1067 cap.
728 1013 893 1052 xxxvr
923 1016 936 1051 :
977 997 1243 1052 Ἐνταῦθα
1283 1015 1363 1051 σοι
1391 997 1670 1067 γενομένῳ
1701 994 1963 1066 πάρεστιν

376 1094 510 1165 ὀρᾷν
540 1091 741 1163 πολλὴν
766 1089 866 1161 τὴν
891 1090 1188 1160 διαφωνίαν
1213 1090 1314 1160 τῆς
1340 1106 1399 1142 τε
1447 1087 1840 1160 προκειμένης,
1870 1086 1963 1140 καλ⁸

376 1184 475 1256 τῆς
506 1186 564 1237 ἐν
601 1183 888 1249 Ἐξαπλοίς
939 1182 1350 1253 ἀναφερομένης
1394 1183 1475 1244 εἰς
1520 1181 1646 1245 τοὺς
1675 1185 1749 1234 0"
1778 1182 1871 1234 καὶ
1899 1181 1960 1234 οὐ

375 1274 536 1328 τοῦτό
565 1292 708 1345 φημι
734 1274 811 1337 ὡς
846 1276 957 1337 τοῖς
994 1273 1514 1351 κατηστερισμένοις
1540 1273 1743 1343 ταύτης
1776 1273 1960 1345 ἐκείνη

376 1361 645 1437 διαφέρει·
673 1365 941 1436 πολλαχοῦ
969 1365 1079 1437 γὰρ
1098 1364 1304 1435 ταύτης
1331 1365 1540 1430 τούτοις
1568 1365 1955 1436 παραλλάσσει·

376 1459 491 1513 ἀλλ’
509 1460 590 1513 ὅτι
617 1460 709 1512 καὶ
736 1460 793 1511 ὲν
812 1458 1020 1521 τούτοις
1046 1456 1295 1529 μᾶλλονῆ
1317 1456 1459 1511 κατὰ
1484 1457 1544 1510 τὸ
1569 1457 1696 1511 ἄλλο
1707 1458 1805 1527 τῆς
1820 1457 1959 1529 Γρα-

377 1552 485 1622 φῆς
500 1551 694 1619 ἔδαφος
711 1549 944 1603 ἐνταῦθα
973 1548 1279 1613 πλεονάζει,
1294 1550 1389 1602 καὶ
1415 1549 1451 1601 ἂ
1477 1548 1550 1620 μὴ
1569 1550 1616 1600 οἱ
1644 1548 1957 1619 ἁστερίσκοι

375 1641 595 1712 δηλοῦσι
627 1641 871 1711 παριδεῖν
893 1642 1019 1705 τοὺς
1043 1645 1119 1705 0',
1168 1642 1272 1693 κᾶν
1319 1639 1530 1703 τούτοις
1558 1639 1710 1693 οὐδὲν
1738 1639 1955 1693 ἔλαττον

376 1733 442 1787 τὸ
472 1734 572 1806 τῆς
604 1734 958 1806 παραλλαγῆς
996 1729 1136 1797 εἶδος
1192 1730 1505 1786 οἰκειοῦται.
1560 1730 1615 1785 id
1663 1740 1746 1786 est
1778 1750 1790 1784 :
1819 1730 1952 1786 Cum

2076 554 2355 610 nunquam
2390 554 2454 593 ex
2498 540 2712 595 duobus
2741 542 2823 594 vel
2869 557 2932 596 ex
2986 542 3159 596 tribus
3194 544 3378 597 simul.
3410 541 3659 613 Exempli

2073 644 2238 685 causa
2274 648 2289 686 :
2327 628 2430 684 Job
2470 647 2642 698 xxx",
2691 631 2780 696 12,
2817 634 2883 701 χ
2922 631 2982 686 Θ.
3014 634 3109 685 κα)⁵
3145 633 3305 704 μέχρι
3350 632 3504 699 ὑμῶν
3540 650 3658 687 συν-

2073 723 2221 791 ήσω·
2277 723 2372 777 καὶ
2432 724 2541 778 ἰδοὺ
2579 724 2678 777 ούκ
2724 720 2793 796 ἦν
2841 725 2920 796 τῷ
2985 726 3106 779 Ἰὼϐ
3155 727 3431 797 ἐλέγχων,
3492 729 3657 783 ἀνται-

2073 814 2140 880 >υ<
2176 813 2564 885 ποκρινᾶμενος
2588 818 2805 887 ῥήματα
2848 818 3012 871 αὑτοῦ
3048 819 3106 884 ἐξ
3142 819 3313 889 ὑμῶν’
3348 822 3435 874 ἵνα
3472 821 3547 892 μὴ
3577 821 3657 873 ετ-

2072 919 2231 972 πητεκ
2258 903 2524 976 Εὖρωμεν
2554 906 2744 973 σοφίαν
2770 906 2864 959 τοῦ
2912 906 3048 960 Θεοῦ
3081 909 3438 980 προσθέμενοι
3473 910 3495 978 ζ
3559 910 3653 964 ubi

2071 994 2498 1059 animadvertas,
2532 1012 2658 1052 cum
2694 998 2896 1067 aliquid
2927 1001 3009 1053 vel
3058 1015 3123 1054 ex
3158 999 3530 1057 Theodotione
3568 1002 3653 1056 vel

2069 1099 2133 1140 ex
2168 1087 2292 1142 aliis
2317 1087 2666 1157 adjiceretor,
2699 1091 2745 1145 si
2782 1092 2833 1146 id
2872 1091 3049 1158 initio,
3078 1092 3192 1147 sive
3218 1093 3271 1146 in
3304 1093 3503 1157 medio,
3537 1094 3653 1147 sive

2068 1177 2123 1231 iu
2150 1178 2256 1233 line
2284 1179 2439 1234 linea:
2460 1181 2687 1249 jacerct,
2719 1182 3002 1251 prmmisso
3035 1198 3247 1253 semper
3269 1185 3531 1239 asterisco
3550 1185 3650 1238 ad-

2066 1270 2239 1323 ditmn
2274 1270 2467 1336 fuisse,
2499 1274 2762 1342 appositis
2811 1283 2935 1344 post
2971 1274 3402 1329 additamentum
3430 1276 3649 1331 duobus

2064 1365 2303 1435 punctis.
2333 1364 2391 1419 Si
2419 1382 2548 1423 vero
2584 1367 3015 1423 additamentum
3068 1370 3199 1425 illud
3227 1372 3292 1425 ad
3344 1372 3529 1441 plures
3575 1371 3647 1427 li-

2065 1471 2197 1511 neas
2229 1458 2628 1523 extraheretur,
2662 1460 2819 1515 initio
2840 1460 3133 1529 cujuslibet
3161 1463 3315 1517 lineae
3343 1464 3649 1518 asteriscus

2064 1547 2456 1616 appingehatur
2498 1549 2673 1604 donec
2729 1559 2900 1604 totum
2955 1552 3250 1615 desineret.
3297 1554 3479 1623 ibique
3530 1556 3644 1610 duo

2062 1647 2264 1707 puncta
2300 1639 2570 1694 crassiora
2600 1639 2668 1694 de
2706 1657 2861 1696 more
2895 1643 3236 1713 ponebantur
3265 1663 3278 1698 :
3310 1660 3432 1714 quae
3461 1654 3643 1701 tamen

2061 1729 2386 1800 plerumque
2420 1732 2769 1801 negliguntur
2795 1734 2845 1788 in
2881 1737 3292 1806 manuscriptis,
3340 1738 3640 1808 praesertim

375 1824 477 1877 huc
521 1827 834 1887 adveneris,
897 1824 1122 1878 multam
1171 1822 1520 1885 deprehendes
1564 1822 1954 1875 dissonantiam
1986 1806 2029 1860 Β
2066 1822 2288 1892 quando
2314 1823 2680 1879 additamenta
2738 1826 3048 1895 hujusmodi
3101 1806 3438 1899 longiuscula
3471 1839 3641 1886 sunt:

376 1916 518 1971 inter
538 1915 675 1969 hanc
702 1916 1038 1985 Scripturam
1061 1923 1112 1969 et
1138 1931 1253 1968 (an:
1276 1930 1392 1984 qua:
1431 1915 1487 1967 in
1515 1912 1773 1983 Hexaplis
1803 1914 1955 1968 habe-

375 2018 463 2061 tur
490 2010 543 2063 in
571 2008 926 2077 Septuaginta
959 2006 1317 2077 Interpretum
1365 2009 1597 2061 versione
1625 2021 1644 2059 :
1690 2022 1850 2076 neque
1875 2022 1953 2060 so-

264 2088 279 2107 ³
372 2100 482 2155 lum
511 2101 631 2153 dico
660 2101 831 2165 illaut,
858 2100 1033 2170 quoad
1074 2116 1134 2153 ea
1162 2115 1279 2169 quin
1307 2100 1575 2153 asteriscis
1606 2108 1860 2152 notantur
1885 2098 1949 2151 ab

370 2193 472 2245 hac
500 2192 738 2260 eli/Terre,
772 2192 1027 2260 siquidem
1051 2201 1099 2245 et
1130 2192 1183 2244 in
1208 2192 1288 2245 his
1324 2191 1419 2244 illa
1441 2207 1579 2260 serpe
1612 2190 1678 2244 ab
1704 2190 1804 2243 hac
1847 2190 1952 2243 dis-

370 2292 526 2336 sonat
544 2298 564 2345 ;
596 2284 702 2336 imo
731 2299 847 2337 vero
877 2284 957 2335 his
996 2282 1015 2351 (
1038 2281 1342 2350 asteriscis)
1390 2280 1556 2333 multo
1587 2280 1755 2349 magis
1784 2279 1951 2332 abun-

369 2375 485 2439 dat,
517 2392 676 2446 quam
706 2376 848 2429 alius
878 2374 1170 2444 Scriptura:
1212 2385 1385 2428 textus
1416 2391 1431 2435 ;
1481 2373 1570 2427 sed
1603 2374 1764 2427 etiam
1792 2373 1848 2425 in
1878 2372 1948 2425 iis

367 2484 483 2538 qua!
506 2469 744 2522 asterisci
768 2485 871 2521 non
896 2477 1081 2521 notant
1106 2485 1137 2520 a
1164 2465 1315 2520 LXX
1346 2464 1725 2534 Interpretibus
1751 2465 1949 2517 omissa

369 2558 555 2628 fuisse,
589 2576 694 2613 non
726 2561 898 2613 minor
942 2560 1241 2628 diﬂ‘erentiu
1271 2557 1696 2623 deprehenditur.
1731 2555 1857 2610 Haec
1878 2554 1947 2609 ad

366 2652 594 2705 verbum
627 2650 917 2705 retulimus
973 2660 1160 2705 contra
1219 2649 1483 2718 quosdam
1542 2662 1799 2716 nuperos,
1851 2645 1947 2714 qui

365 2744 686 2797 existimant
719 2752 879 2797 notas
926 2742 1048 2797 illas
1108 2741 1390 2795 obolorqu
1450 2746 1505 2793 et
1556 2738 1943 2793 asteriscorum

363 2849 472 2889 non
502 2835 553 2888 in
598 2834 835 2889 editione
864 2832 972 2886 τῶν
1007 2838 1062 2886 0'
1108 2832 1383 2901 hexaplari
1420 2831 1627 2901 positas
1661 2829 1830 2884 fuisse
1876 2829 1944 2884 ab

363 2925 618 2996 Origene,
661 2926 756 2982 sed
793 2928 845 2979 in
883 2926 988 2979 alia
1024 2926 1253 2981 seorsim
1308 2925 1592 2979 adornata.
1625 2921 1826 2977 Verum
1855 2922 1944 2978 his

363 3025 473 3071 tam
503 3017 707 3084 apertis
735 3016 1064 3071 testimoniis
1110 3030 1299 3068 eorum
1328 3014 1421 3084 qui
1474 3011 1714 3083 Hexapla
1749 3023 1946 3068 tracta-

359 3118 575 3171 verant,
605 3106 868 3177 relragari
900 3123 1006 3159 non
1047 3106 1202 3172 licet;
1250 3107 1450 3176 quibus
1497 3107 1563 3161 ad
1597 3106 1857 3175 majorem
1883 3104 1940 3160 li-

359 3200 483 3253 dem
518 3199 664 3253 aliud
686 3198 977 3266 adju-imus
1003 3213 1068 3251 ex
1104 3198 1247 3251 notis
1274 3198 1339 3251 ad
1368 3206 1532 3267 caput
1568 3213 1657 3251 xw
1688 3198 1810 3251 libri
1834 3206 1942 3251 ter-

356 3290 420 3344 tii
449 3289 679 3357 Regum,
712 3289 805 3342 ubi
839 3289 919 3342 sic
946 3287 1141 3356 legitur
1175 3306 1188 3341 :
1223 3286 1379 3340 Μετὰ
1402 3287 1562 3340 τοῦτο
1587 3290 1642 3339 ὲν
1670 3287 1748 3358 τῷ
1789 3287 1943 3354 Ἐξα-

358 3378 481 3450 πλῷ
542 3381 718 3431 κεῖται
772 3378 841 3432 τὰ
897 3378 1037 3431 κατὰ
1076 3378 1176 3448 τὴν
1207 3379 1363 3430 νόσον
1412 3378 1505 3430 καὶ
1542 3376 1639 3448 τὴν
1687 3376 1943 3447 τελευτὴν

374 3468 550 3532 Ἀὅιὰ,
568 3468 663 3521 τοῦ
692 3468 811 3521 υἱοῦ
853 3468 1157 3539 Ἰεροϐοὰμ,
1192 3468 1328 3539 μετὰ
1353 3467 1714 3537 ἀστερίσκων.
1742 3466 1798 3520 Id
1818 3476 1897 3520 cst
1922 3484 1937 3521 :

359 3559 554 3614 Postea
583 3561 637 3613 in
670 3558 927 3628 lleaaplis
955 3559 1136 3628 jacent
1162 3575 1246 3624 ea,
1281 3574 1398 3628 qua
1424 3567 1658 3623 spectant
1694 3559 1763 3611 ad
1790 3560 1942 3628 a'gri-

363 3652 599 3704 tudinem
620 3662 667 3703 et
704 3666 924 3704 marem
953 3651 1120 3713 Abia’,
1168 3649 1272 3719 filii
1303 3648 1608 3711 Jeroboam,
1650 3665 1769 3702 cum
1800 3659 1941 3703 aste-

358 3742 532 3794 τίει-ἔς.
574 3741 713 3806 Quid
748 3741 983 3795 clarius?
1013 3739 1137 3796 lltcc
1165 3757 1293 3795 vero
1323 3751 1449 3793 nota
1483 3740 1666 3809 prodit
1693 3756 1756 3794 ex
1787 3740 1937 3793 anti-

357 3831 626 3901 quissimo
682 3833 868 3887 codice
919 3835 1185 3898 llomano,
1222 3834 1315 3899 qui
1368 3833 1450 3885 vel
1498 3832 1808 3901 exscriptus
1834 3830 1937 3887 fuit

355 3937 482 3977 eum
510 3921 746 3993 ilexapla
773 3933 1158 3993 superessent;
1218 3925 1300 3978 vel
1324 3939 1387 3980 ex
1420 3924 1529 3979 alio
1564 3925 1750 3979 codice
1779 3925 1846 3979 ad
1882 3926 1938 3980 li-

355 4016 479 4070 dem
508 4014 872 4085 liexaplorum
921 4016 1216 4085 exscripto,
1271 4018 1532 4071 manavit.
1596 4014 1761 4070 Plura
1806 4030 1934 4085 pro-

356 4103 503 4161 ferre
532 4121 816 4175 possemus
846 4124 858 4159 :
897 4107 989 4161 sed
1022 4107 1134 4160 haec
1162 4114 1343 4168 erunt,
1371 4116 1431 4160 ut
1464 4121 1643 4175 spero,
1671 4107 1823 4161 satis.

387 4196 480 4255 Ill.
518 4198 591 4252 De
613 4199 987 4252 asteriscorum
1025 4208 1074 4252 et
1101 4197 1370 4252 obelorunt
1403 4216 1502 4251 usu
1529 4200 1582 4251 in
1617 4197 1894 4268 llexaplis.

422 4291 733 4346 Asteriscos
763 4299 817 4345 et
844 4291 1029 4344 ohelos
1054 4291 1106 4344 in
1132 4291 1367 4345 editione
1396 4289 1534 4343 LXX
1576 4290 1931 4359 Interpretum

352 4382 634 4452 hexaplari
662 4381 945 4451 usurpavit
969 4381 1250 4451 Origenes,
1288 4390 1348 4435 ut
1376 4379 1505 4449 quid
1532 4379 1601 4433 ibi
1623 4381 1928 4434 addendum

354 4475 439 4529 vel
466 4475 794 4529 demendum
821 4483 967 4529 esset
990 4474 1253 4528 indicaret
1285 4492 1297 4528 :
1325 4476 1467 4540 quod
1496 4484 1641 4528 tanta
1671 4474 1931 4544 religione

353 4567 625 4637 praestitit,
662 4578 721 4622 ut
749 4567 893 4635 quod
919 4566 1191 4635 adjectum
1230 4575 1347 4621 erat
1398 4566 1618 4636 prmlixo
1643 4569 1926 4631 asterisco,

354 4660 434 4715 sic
464 4660 554 4729 χ,
587 4666 642 4712 et
668 4658 985 4728 postpositis
1032 4658 1248 4712 duobus
1306 4659 1524 4728 ptmctis
1565 4658 1929 4713 crassioribus

353 4749 458 4807 hac
491 4750 667 4804 forma
704 4750 725 4818 ζ
765 4749 950 4804 statim
1001 4749 1310 4806 emineret:
1364 4750 1509 4819 quod
1537 4766 1665 4804 vero
1718 4765 1926 4820 expun-

353 4843 583 4911 gendum
610 4842 923 4911 putabatur,
950 4844 1230 4911 praemisso
1257 4844 1414 4899 obelo
1444 4846 1545 4899 hac
1573 4844 1745 4899 forma
1775 4859 1839 4901 -ι-
1872 4853 1928 4900 et

334 4932 578 5000 iadjeetis
607 4931 822 4987 duobus
858 4933 913 4987 in
967 4932 1075 4988 line
1117 4935 1335 5003 punctis
1368 4935 1389 5003 ζ
1425 4936 1479 4989 ἰη
1529 4936 1670 4990 serie
1721 4946 1922 5002 tamen,

350 5021 437 5077 his
471 5023 614 5077 nolis
640 5024 981 5087 distinctum,
1016 5035 1340 5081 remaneret.
1392 5025 1507 5082 Hoc
1534 5038 1715 5083 autem
1754 5028 1926 5083 artiﬁ-

346 5111 434 5164 cio
462 5120 617 5166 vetus
652 5111 743 5167 illa
773 5111 927 5183 κοινὴ
982 5128 1078 5168 seu
1123 5115 1343 5186 vulgata
1370 5115 1513 5169 LXX
1566 5118 1921 5187 lnterpretum

346 5201 539 5265 editio,
573 5202 778 5256 intacta
816 5203 981 5257 simul
1024 5214 1078 5259 et
1114 5209 1403 5259 emendata
1436 5209 1870 5277 conspiciebatur
1904 5229 1919 5264 :

344 5292 592 5360 exceptis
622 5302 799 5347 tamen
836 5295 904 5348 iis
936 5294 1071 5349 locis
1098 5296 1188 5350 ubi
1220 5297 1355 5350 ordo
1387 5295 1678 5368 Scriptura:
1710 5311 1923 5369 pertur-

347 5383 507 5438 batus
540 5393 680 5449 erat,
736 5384 813 5438 ita
868 5394 930 5440 ut
964 5387 1136 5442 multa
1168 5398 1495 5457 pl'aapostere
1547 5400 1917 5458 ponerentur:

345 5474 420 5528 ibi
437 5474 584 5528 enim
603 5474 864 5546 Origenes
890 5493 1202 5546 germanam
1227 5488 1278 5533 et
1302 5480 1368 5534 ad
1399 5482 1677 5551 exemplar
1696 5482 1921 5538 Hebrai-

344 5572 471 5612 eum
497 5564 965 5617 accommodatam
1000 5567 1195 5622 seriem
1246 5569 1581 5623 restituerat.
1638 5569 1770 5635 Quae
1797 5581 1919 5641 post

342 5652 669 5707 astes-iscum
710 5655 1074 5723 poneLantur,
1123 5673 1191 5713 ex
1236 5658 1475 5714 editione
1526 5657 1916 5718 Theodotionis

343 5752 403 5795 ut
433 5743 732 5814 plurimum
761 5756 1017 5817 excerpta
1048 5760 1245 5818 erant;
1285 5765 1393 5806 non
1430 5749 1802 5822 infrequenter
1847 5768 1914 5809 ex
1998 5788 2003 5791 ς

1969 3162 2348 3263 αδυνάμεων.
2419 3162 2499 3247 Ex
2565 3162 2785 3262 Aquila,

2058 1933 2167 1988 qua
2203 1920 2256 1973 in
2285 1935 2344 1974 re
2370 1921 2618 1975 codicum
2653 1935 2859 1975 morem
2910 1921 3161 1988 religiose
3201 1923 3371 1977 secuti
3424 1938 3638 1979 smnus.

2060 2010 2116 2062 ln
2142 2010 2209 2064 iis
2231 2025 2353 2079 quae
2380 2025 2443 2065 ex
2473 2010 2846 2065 Theodotione
2880 2021 3133 2081 excerpta
3165 2020 3339 2077 erant,
3382 2010 3642 2082 [rt-quen-

2061 2110 2143 2157 ter
2190 2103 2260 2156 ab
2302 2103 2383 2157 eis
2435 2103 2675 2158 librariis
2725 2104 2818 2173 qui
2872 2101 3240 2173 Hexaplorum
3286 2105 3548 2160 lectiones
3577 2106 3633 2159 in

2058 2194 2396 2262 marginibus
2460 2194 2755 2249 Bibliorum
2790 2195 3191 2261 describebant,
3232 2196 3313 2251 sic
3360 2199 3427 2265 Χ
3459 2195 3533 2251 0'.
3568 2196 3635 2253 Θ.

2055 2285 2141 2337 vel
2197 2288 2262 2351 β(
2292 2284 2354 2338 Θ.
2386 2289 2463 2338 0'.
2498 2286 2850 2355 ponebatur:
2904 2285 2957 2339 id
3010 2300 3141 2340 vero
3191 2286 3531 2355 signiﬁcabat
3577 2288 3635 2341 in

2054 2377 2168 2438 τοῖς
2197 2379 2250 2428 0'
2277 2376 2497 2444 reperiri
2527 2393 2589 2430 ex
2619 2375 2990 2429 Theodotione
3019 2376 3389 2446 desumptum.
3424 2375 3516 2433 Sic
3535 2374 3639 2431 Job

2054 2466 2358 2531 xxxw,'25,
2392 2471 2458 2535 3K
2507 2466 2569 2521 Θ.
2605 2467 2682 2521 0’.
2719 2467 3005 2539 γνωρίζων
3052 2467 3230 2521 αὐτῶν
3258 2467 3325 2521 τὰ
3350 2466 3507 2540 ἔργα,
3526 2475 3633 2524 etc.

2056 2555 2318 2612 Similiter
2344 2574 2410 2612 ex
2464 2559 2657 2627 Aquila
2711 2558 3030 2613 sumebatur
3056 2558 3254 2614 lectio:
3296 2559 3375 2613 sic
3431 2556 3629 2613 lerem.

2054 2662 2190 2710 xxu,
2221 2648 2311 2711 24,
2375 2651 2441 2723 >ε<
2499 2653 2563 2701 Α.
2601 2648 2742 2716 ὃτιζ
2783 2648 3093 2718 Aliquando
3146 2664 3212 2702 ex
3276 2647 3633 2720 Symmacho,

2051 2735 2154 2791 Job
2178 2754 2348 2802 xxvn,
2383 2738 2470 2801 l8.
2501 2741 2570 2807 Χ
2595 2739 2653 2791 Σ.
2711 2738 2750 2793 ἃ
2782 2740 3121 2811 συνετήρησε
3165 2739 3188 2806 ζ
3236 2737 3312 2793 Ex
3356 2737 3550 2809 Aquila
3578 2746 3643 2795 et

2054 2825 2383 2896 Symmacho
2412 2825 2568 2881 τιον.
2601 2844 2683 2894 tu,
2713 2827 2767 2893 7,
2814 2831 2881 2896 Ἀ(
2915 2829 2978 2882 Α.
3020 2830 3078 2880 Σ.
3111 2829 3143 2898 ή
3171 2826 3371 2898 ἀδελφὴ
3399 2827 3567 2899 αὐτῆς
3602 2825 3628 2895 ζ

2051 2916 2131 2972 Ex
2163 2918 2357 2988 Aquila
2392 2929 2446 2974 et
2474 2918 2847 2977 Theodotione
2880 2920 3316 2992 frequentissime
3347 2939 3360 2974 :
3390 2918 3433 2973 ιιι
3454 2936 3504 2975 r.
3550 2935 3630 2985 xu,

2052 3010 2141 3075 15,
2176 3014 2242 3079 )K
2277 3015 2342 3067 A.
2371 3012 2434 3065 Θ.
2466 3015 2533 3085 τῇ
2562 3013 2791 3085 αἰσχύνῃ
2838 3013 2862 3081 ζ
2897 3012 2969 3065 Ex
3015 3011 3342 3083 Symmacho
3372 3022 3427 3064 et
3449 3010 3632 3065 Theo-

2049 3098 2269 3155 dotione
2302 3102 2482 3169 rarius
2514 3121 2528 3156 :
2562 3101 2674 3156 Jer.
2712 3119 2787 3167 tu,
2841 3102 2943 3164 9.2,
2974 3106 3040 3169 χ(
3083 3103 3143 3154 Σ.
3184 3100 3247 3155 Θ.
3280 3102 3470 3172 κύριος
3520 3098 3632 3154 τῶν

2862 3192 3210 3264 Symmacho,
3260 3202 3315 3248 et
3377 3192 3629 3248 Theodo-

2043 3283 2192 3337 tione.
2222 3284 2524 3353 saepissime
2558 3301 2572 3338 ;
2620 3282 2732 3339 Jer.
2791 3299 2869 3348 xv,
2905 3284 2991 3344 l3,
3025 3286 3093 3350 ξς(
3148 3285 3214 3337 Α.
3250 3284 3308 3336 Σ.
3340 3282 3402 3336 Θ.
3434 3283 3626 3338 θυσια-

2044 3376 2261 3446 στήρια.
2320 3375 2657 3446 Frequenter
2713 3377 2879 3430 etiam
2937 3376 3028 3430 ubi
3083 3377 3242 3430 lectio
3289 3391 3354 3431 ex
3403 3376 3625 3446 Aquila,

2047 3465 2378 3537 Symmacho
2403 3477 2456 3522 et
2506 3466 2881 3522 Theodotione
2932 3468 3202 3537 prodibat,
3252 3475 3376 3536 post
3429 3468 3626 3522 asteri-

2040 3570 2193 3610 seum
2225 3560 2273 3610 ot
2302 3557 2374 3624 1",
2416 3558 2466 3612 id
2503 3568 2584 3613 est
2638 3569 2743 3612 tres
2796 3560 3124 3628 interpretes.
3153 3560 3454 3629 ponebatur
3489 3578 3505 3615 :
3540 3559 3625 3616 sic

2041 3646 2224 3704 llesai.
2253 3666 2479 3711 xxxvut.
2516 3651 2571 3712 '5,
2601 3653 2668 3719 Χ
2694 3652 2743 3704 οἱ
2770 3651 2827 3704 Γ.
2854 3652 2895 3704 Ω
2915 3651 2977 3723 δὴ
3002 3651 3157 3722 κύριε
3190 3653 3211 3722 ζ

2111 3740 2172 3794 1η
2208 3742 2595 3795 vetustissimis
2613 3743 2892 3797 codicibus
2917 3742 3276 3809 Coisliuiano,
3298 3742 3623 3802 Claromon‘

2038 3838 2206 3893 tano,
2256 3831 2369 3885 sive
2404 3829 2518 3885 RR.
2579 3831 2684 3885 Pl‘.
2725 3831 3056 3888 Jesuitarum
3103 3834 3313 3905 collegii
3356 3835 3620 3892 Ludovici

2035 3920 2213 3993 Magni
2245 3934 2296 3976 et
2318 3924 2458 3987 aliis,
2494 3933 2617 3993 post
2664 3926 2956 3981 asteriscus
2988 3927 3207 3981 nomina
3258 3928 3616 3999 interpretum

2034 4028 2065 4066 a
2097 4014 2289 4082 primis
2320 4014 2515 4069 litteris
2540 4015 2928 4069 deserihuntur
2969 4023 3029 4068 ut
3054 4030 3219 4084 supra
3242 4055 3257 4080 ,
3290 4017 3361 4071 ita
3415 4027 3476 4071 ut
3503 4017 3617 4073 fre-

2034 4104 2390 4171 quentissime
2418 4105 2715 4160 asteriscus
2744 4120 2941 4160 nomen
2977 4108 3267 4175 pra-cedat,
3306 4108 3485 4163 rarius
3514 4125 3616 4162 au-

2035 4201 2140 4246 tcm
2171 4208 2368 4247 nomen
2420 4195 2765 4249 astet-iscum.
2832 4193 3024 4250 Utrum
3050 4211 3177 4249 vero
3214 4197 3329 4265 ipse
3351 4195 3614 4269 0.igenes

2033 4286 2254 4339 nomina
2306 4300 2430 4339 cum
2480 4287 2759 4341 asteriscis
2784 4285 2836 4340 in
2872 4297 3018 4342 textu
3056 4304 3170 4343 sua:
3211 4289 3465 4343 editionis
3508 4304 3623 4358 po--

2001 4365 2240 4439 'suerit;
2269 4392 2336 4429 an
2369 4377 2420 4429 id
2445 4380 2796 4447 subsequeuli
2832 4394 2949 4434 aevo
3002 4380 3073 4434 ab
3110 4381 3179 4433 iis
3214 4380 3306 4449 qui
3345 4377 3613 4449 llexaplo-

1962 4500 2007 4554 Β
2034 4483 2154 4522 rum
2188 4469 2449 4526 lectiones
2483 4472 2838 4540 collegerunt,
2870 4480 2924 4526 et
2953 4472 3006 4526 in
3052 4472 3244 4526 Bibliis
3287 4482 3609 4541 posuerunt,

2031 4559 2233 4618 factum
2269 4562 2449 4625 fuerit,
2483 4580 2590 4618 non
2624 4565 2696 4618 ita
2728 4564 2885 4620 facile
2905 4574 2986 4619 est
3012 4565 3278 4620 divinare.
3316 4565 3477 4621 Certe
3508 4582 3613 4622 co-

2028 4653 2132 4708 dex
2163 4655 2252 4709 ille
2279 4653 2393 4707 RR.
2423 4653 2524 4708 PP.
2554 4654 2885 4711 Jesuitarum
2918 4657 2972 4709 in
2993 4654 3229 4711 Ieremia
3252 4668 3303 4713 et
3327 4656 3608 4713 Ezechiele

2028 4760 2170 4815 saepe
2203 4747 2499 4802 asteriscos
2530 4748 2582 4801 in
2614 4748 2731 4817 ipso
2756 4757 2901 4802 textu
2934 4749 3106 4817 ponit,
3156 4749 3450 4819 subjuncto
3488 4750 3605 4819 ple-

2027 4852 2259 4907 rumque
2287 4854 2319 4893 a
2353 4840 2527 4908 prima
2568 4840 2744 4893 Solum
2777 4840 2955 4895 littera
2999 4841 3220 4896 nomine
3267 4840 3601 4911 interpretis,

2025 4943 2091 4983 ex
2118 4945 2228 4998 quo
2275 4930 2434 4985 lectio
2463 4930 2553 4984 illa
2595 4931 2869 5000 adjectitia
2915 4932 3202 5001 desumpta
3252 4930 3390 4993 fuit,
3427 4932 3508 4987 sic
3537 4937 3609 5005 Χ

2024 5020 2093 5083 Α,
2124 5022 2204 5076 vel
2240 5024 2308 5090 χ(
2340 5021 2404 5088 Θ,
2432 5023 2515 5076 vel
2543 5025 2609 5091 Χ
2637 5023 2689 5075 οἱ
2714 5023 2772 5075 Γ.
2799 5021 3052 5080 Fortasse
3076 5039 3203 5078 vero
3236 5024 3361 5093 quia
3397 5030 3457 5076 ut
3486 5027 3604 5095 plu-

2023 5112 2223 5167 rimum
2258 5112 2646 5170 Theodotionis
2684 5115 2945 5171 lectiones
2988 5130 3110 5169 cum
3139 5115 3417 5169 asteriseis
3463 5116 3601 5172 alie-

2022 5203 2175 5273 rebat
2226 5202 2509 5275 Origenes,
2548 5204 2935 5262 Theodotionis
2988 5221 3186 5260 nomen
3234 5220 3342 5260 non
3390 5207 3602 5262 solebat

2021 5297 2325 5367 exprimere
2350 5317 2365 5364 ;
2393 5299 2602 5368 Aquilze
2633 5314 2761 5353 vero
2781 5300 2908 5370 quia
2942 5299 3124 5353 rarius
3147 5339 3162 5367 ,
3197 5311 3252 5353 et
3282 5298 3598 5371 Symmachi

2020 5390 2149 5456 quia
2188 5390 2493 5455 rarissime,
2532 5392 3005 5461 interpretationes
3039 5406 3163 5445 cum
3205 5391 3481 5446 astet-iacis
3513 5390 3599 5443 in-
3670 5426 3675 5445 ρ

2020 5481 2256 5547 serebat,
2286 5481 2507 5535 nomina
2538 5497 2569 5535 a
2603 5483 2778 5550 prima
2817 5482 2992 5535 littera
3032 5479 3356 5550 depingebat
3380 5522 3395 5545 ,
3423 5489 3482 5533 ut
3511 5480 3596 5532 in--

2017 5571 2224 5626 dicaret
2249 5586 2355 5626 non
2380 5587 2445 5626 ex
2471 5570 2843 5628 Theodotione
2867 5586 2965 5641 pro
2983 5571 3143 5627 solito
3169 5572 3329 5627 verba
3352 5571 3589 5641 decerpi.

2020 5658 2126 5717 Sed
2154 5662 2254 5718 hoc
2283 5676 2349 5716 ex
2376 5661 2695 5732 conjectura
2727 5671 2936 5716 tantum
2964 5662 3187 5721 dicitur.

2087 5754 2184 5811 llla
2216 5762 2399 5809 autem
2432 5767 2554 5825 qua
2579 5768 2704 5809 cum
2734 5754 3011 5813 asteriscis
3051 5754 3221 5813 textui
3259 5753 3366 5810 τῶν
3418 5755 3472 5807 α
3502 5767 3590 5805 m-
