4122 6420
460 321 522 379 7|
1810 308 2337 368 PBELIMINARIA
3671 304 3744 360 τι

467 437 835 500 serebantur,
880 430 1176 503 aliquando
1230 430 1297 486 ad
1333 445 1530 487 sensus
1583 427 1950 499 integritatem
2001 435 2057 482 et

2169 426 2268 480 lata
2291 465 2308 490 ,
2344 423 2569 480 alteram
2605 422 2880 494 adjecerat
2921 422 3001 478 sic
3038 435 3100 477 -t—
3137 424 3395 490 ὲνεγκατε
3443 420 3520 493 τῷ
3550 423 3744 495 Κυρίῳ

465 528 860 587 accuratiorem
891 525 1313 595 explicationem
1358 529 1666 592 Opportuna
1709 529 1911 579 erant:
1957 517 2056 573 sed

465 633 526 678 ut
550 619 847 694 plurimum
885 616 1121 680 inutilia,
1150 624 1203 671 et
1229 613 1399 668 nimia
1453 611 1884 683 scrupulositate
1919 627 2056 666 con-

466 713 778 774 sarcinata,
833 709 910 764 ita
967 716 1030 762 ut
1076 707 1203 777 plus
1257 703 1535 760 otlicereut
1575 719 1738 773 quam
1777 703 2054 772 juvarent.

463 801 773 858 Iiebraismi
806 799 1008 870 quippe
1031 813 1224 854 omnes
1247 812 1409 866 quos,
1439 804 1627 864 utpote
1658 810 1688 849 a
1720 794 1908 851 Gra'ca
1947 797 2056 852 Iin-

457 912 562 967 gua
600 902 656 949 et
691 893 933 948 dictione
970 904 1199 960 prorsus
1233 889 1613 952 abhorrentes,
1638 887 1892 943 consulto
1920 900 2058 954 pra:-

457 985 819 1044 termiserant
843 981 986 1037 LXX
1011 981 1339 1050 luterpretcs
1365 1020 1380 1042 ,
1418 978 1626 1048 ubique
1674 978 2059 1048 cxprimeban-

459 1091 550 1135 tur
585 1093 598 1130 :
631 1092 756 1148 quas
781 1084 1046 1146 quantam
1092 1073 1445 1142 κακοφωνίαν
1499 1071 1728 1126 editioni
1777 1069 2057 1138 hexaplari

461 1169 754 1236 inferrent,
780 1167 884 1222 hoc
914 1165 1162 1234 exemplo
1192 1164 1520 1218 declaratur.
1561 1161 1763 1216 Jerem.
1802 1177 1932 1214 me
1958 1200 1973 1223 ,
2001 1161 2056 1226 6,

463 1262 528 1327 Χ
570 1260 668 1312 σὺν
711 1256 863 1326 ζτὰς
914 1258 1179 1324 γυναῖκας
1206 1292 1222 1316 ,
1268 1252 1364 1304 καὶ
1408 1253 1474 1320 X
1520 1251 1617 1304 σὺν
1665 1249 1689 1318 ζ
1743 1248 1814 1301 τὰ
1852 1249 2055 1318 νήπια,

465 1349 559 1403 καὶ
617 1353 684 1418 Χ
735 1347 892 1415 cini:
943 1346 1044 1410 τὰς
1087 1345 1308 1415 ψυχὰς,
1371 1345 1459 1397 ubi
1512 1341 1840 1395 liebraicum
1895 1341 2059 1394 habet

469 1429 872 1502 ωεπὲςι-ηκπ
1113 1447 1384 1523 qun-nm
1431 1443 1776 1494 ω’ωεΠ-Πκι
1813 1433 1887 1487 ibi
1927 1431 2059 1486 illud

469 1533 568 1585 σὺν
598 1531 666 1585 ad
699 1529 1114 1600 exprimendam
1151 1526 1475 1596 particulam
1515 1535 1622 1588 nn,
1674 1532 1859 1577 notam
1895 1539 2061 1578 accu-

468 1623 628 1677 sativi
659 1636 821 1676 casus
851 1619 995 1689 apud
1027 1617 1304 1684 Hebraeos,
1337 1633 1402 1671 ex
1431 1616 1642 1685 Aquila:
1661 1615 1902 1671 editione
1932 1631 2058 1669 cum

469 1715 735 1770 asterisco
774 1713 1034 1767 inseritur
1061 1728 1074 1764 :
1105 1711 1262 1782 quasi
1293 1725 1422 1765 vero
1464 1709 1510 1764 si
1542 1708 1805 1763 articulus
1831 1719 1915 1766 nat
1940 1723 2060 1761 om-

2158 517 2266 570 uto‘t
2297 514 2436 568 θεοῦ
2484 519 2550 582 Χ
2579 515 2837 583 ἐνέγκατε
2875 512 2956 582 τῷ
2999 512 3193 584 Κυρίῳ
3234 513 3384 575 υἱοὺς
3431 511 3635 584 κριῶν
3689 513 3746 567 id

2159 619 2282 662 est:
2316 621 2379 663 +
2418 606 2618 675 Aﬂ'erte
2647 605 2896 672 Domino,
2924 604 3027 674 ﬁlii
3063 604 3160 657 Dei
3188 608 3255 672 Χ
3287 604 3473 673 afferte
3517 603 3746 660 Domino

2159 700 2302 770 ﬁlios
2357 701 2586 754 arietum
2609 713 2629 752 :
2677 713 2801 769 quae
2834 698 3008 751 ambat
3036 697 3090 750 in
3121 695 3262 750 LXX
3295 705 3351 750 ct
3397 695 3453 750 in
3493 697 3747 751 versione

2161 791 2357 846 Latina
2384 797 2788 846 remanserunt.
2831 788 2923 843 Sic
2954 799 3007 843 et
3032 786 3211 841 llesai.
3253 803 3345 850 xv,
3370 786 3426 852 5,
3463 794 3748 846 riu-12mm

2159 882 2250 945 A.,
2281 883 2365 942 Σ.,
2396 880 2487 944 Θ.,
2523 881 2617 934 καὶ
2643 881 2702 933 ἐν
2722 883 2844 943 ταῖς
2870 878 3155 940 πλατείαις
3194 877 3387 945 αὐτῆς.
3423 879 3478 929 0'
3497 916 3514 940 ,
3549 877 3643 931 καὶ
3688 878 3748 930 ὲν

2157 976 2278 1037 ταῖς
2306 972 2508 1045 ῥύμαις
2543 973 2806 1043 αὑτῆς....
2857 971 2962 1026 Sed
2994 980 3224 1040 utraque
3270 969 3434 1024 lectio
3463 974 3533 1024 ab
3571 968 3744 1023 hexa-

2161 1063 2302 1132 plari
2329 1063 2573 1118 editione
2598 1063 2885 1132 desumpta
2919 1062 2974 1115 in
2999 1059 3284 1115 hodiernis
3315 1058 3505 1113 Bibliis
3533 1075 3750 1114 reman-

2161 1155 2252 1218 sit,
2285 1157 2380 1210 καὶ
2403 1157 2463 1208 ὲν
2491 1159 2611 1219 ταῖς
2639 1154 2919 1219 πλατείαις
2949 1153 3143 1222 αὐτῆς,
3166 1152 3262 1206 καὶ
3292 1151 3352 1204 ἐν
3381 1152 3503 1214 ταῖς
3545 1150 3749 1221 ῥύμαις

2160 1247 2384 1318 αὐτῆςε
2440 1248 2626 1318 itaque
2679 1249 2856 1319 prima
2909 1249 3090 1301 versio
3140 1244 3443 1309 asterisco,
3505 1243 3749 1299 secunda

2159 1341 2318 1396 obelo
2347 1341 2430 1396 vel
2463 1341 2645 1411 potius
2685 1341 2973 1402 lemnisco,
3005 1349 3192 1394 notata
3225 1338 3441 1402 fuerat,
3474 1336 3568 1391 sed
3610 1346 3750 1392 note

2160 1446 2351 1487 omnes
2397 1449 2428 1486 a
2475 1431 2711 1502 vulgatis
2756 1430 3164 1502 exemplaribus
3211 1429 3552 1483 exciderunt.
3613 1425 3749 1481 Rem

2161 1525 2396 1581 similem
2427 1526 2550 1580 vide
2575 1525 2775 1580 Ezech.
2810 1525 3020 1589 xxu,5,
3053 1534 3108 1579 et
3131 1540 3292 1588 xxlu,
3329 1521 3414 1586 l9,
3450 1519 3752 1589 multisque

2161 1617 2285 1670 aliis
2316 1617 2370 1671 in
2403 1616 2543 1671 locis
2568 1631 2690 1686 qua:
2717 1616 2940 1686 longum
2961 1624 3108 1670 esset
3132 1629 3437 1668 recensere.
3471 1610 3670 1665 Verum
3695 1611 3748 1665 in

2164 1709 2252 1764 his
2282 1711 2546 1780 exemplis
2593 1725 2701 1762 non
2737 1709 2959 1772 obolos,
3005 1709 3098 1762 sed
3137 1708 3432 1761 lemniscos
3478 1706 3754 1760 adhibitos

467 1806 602 1860 nino
623 1804 1013 1875 exprimendus
1041 1771 1179 1863 erat,
1214 1816 1323 1856 non
1357 1809 1443 1855 sat
1464 1808 1590 1869 apte
1617 1799 1939 1853 redderetur
1966 1813 2062 1868 per
2093 1771 2134 1826 Β
2166 1798 2337 1855 fuisse
2366 1771 2520 1870 pui’o,
2553 1813 2612 1854 ut
2636 1799 2868 1854 articulo
2905 1798 3152 1868 sequenti
3183 1799 3465 1868 probatur.

469 1897 735 1952 articulos
769 1895 989 1950 Graecos
1020 1893 1121 1958 τὰς
1149 1902 1203 1948 et
1232 1893 1322 1946 τά.
1369 1889 1696 1960 llujusmodi
1731 1904 2064 1959 supervaca-

468 2006 630 2046 neam
675 1990 1012 2061 diligentiam
1043 2028 1058 2052 ,
1101 1997 1199 2042 aut
1233 1997 1288 2040 ut
1330 1985 1528 2039 melius
1565 1984 1782 2039 dicatur
1826 1980 2066 2052 κακοζηο

468 2083 614 2148 λίαν,
644 2082 949 2138 sexcenties
980 2080 1322 2136 observabis.
1356 2076 1449 2134 Sic
1479 2086 1535 2132 et
1565 2075 1741 2132 Levit.
1783 2091 1843 2141 ιι,
1874 2075 1938 2137 2,
1970 2074 2066 2128 καὶ

468 2173 811 2248 δραξάμενος
855 2173 1037 2246 πλήρη
1079 2173 1179 2244 τὴν
1218 2171 1395 2244 δράκα
1433 2173 1499 2238 >ο<
1543 2169 1708 2224 αὑτοῦ
1743 2170 1765 2237 ζ
1812 2166 1924 2223 ἀπὸ
1968 2168 2067 2237 τῆς

472 2265 810 2339 σεμιδάλεως
851 2270 920 2334 χ
964 2263 1137 2334 αὐτῆς
1173 2264 1197 2331 ζ
1251 2265 1346 2318 σὺν
1399 2261 1479 2334 τῷ
1513 2262 1679 2330 ἐλαίῳ
1723 2264 1788 2330 >κ
1835 2259 2062 2330 αὑτῆςζ

473 2357 567 2411 ubi
593 2355 978 2428 pronominum
999 2357 1143 2410 illam
1171 2355 1575 2426 repetitionem,
1597 2369 1764 2422 quam
1792 2353 2068 2408 llebraica:

473 2447 676 2519 linguae
716 2447 1028 2517 propriam,
1077 2454 1137 2499 ut
1169 2445 1529 2516 iuelegantem
1577 2443 1940 2512 inutilemque
1979 2455 2066 2495 re-

473 2547 739 2608 spuerant
767 2535 908 2590 LXX
933 2539 1262 2607 lnterpretes
1283 2579 1298 2603 ,
1334 2552 1462 2592 cum
1495 2535 1778 2591 astet-iscis
1826 2533 2070 2590 restituit

471 2628 758 2702 Origenes.
795 2628 1086 2683 lnnumera
1131 2629 1220 2682 his
1270 2627 1474 2684 similia
1508 2629 1561 2682 in
1591 2627 1830 2684 decursu
1882 2627 2068 2697 operis

471 2721 642 2791 hujus
666 2718 1070 2774 animadvertet
1101 2720 1350 2775 eruditus
1379 2719 1571 2775 lector.

544 2811 662 2867 Alia
687 2825 911 2882 quoque
938 2812 1109 2865 multa
1141 2811 1195 2865 in
1230 2811 1482 2866 versione
1523 2826 1626 2865 sua
1672 2810 2071 2880 praetermisere

474 2898 642 2964 LXX,
679 2914 824 2970 quae,
859 2898 986 2953 licet
1007 2899 1282 2954 enuntiari
1309 2907 1554 2968 possent,
1582 2899 1720 2953 nihil
1748 2900 1816 2954 ad
1845 2913 2068 2954 sensum

473 3001 600 3061 apte
625 2981 1046 3061 exprimendum
1090 2990 1379 3059 juvahant.
1432 2990 1525 3045 Sic
1576 2989 1690 3046 Jer.
1743 3007 1798 3056 ι,
1832 2990 1930 3055 18,
1957 2990 2072 3045 haec

2447 1891 2537 1946 IV.
2573 1891 2650 1945 De
2680 1892 2948 1946 lemniscis
2974 1901 3024 1944 et
3053 1889 3482 1960 hypolenmiscis.

2239 1984 2567 2040 Lemniscus
2599 1984 2786 2040 Graace
2811 1983 3110 2054 λημνίσκος
3156 1997 3252 2036 seu
3295 1981 3579 2050 λιμνίσκος
3617 1979 3758 2036 dici-

2169 2087 2277 2142 tur,
2304 2077 2396 2132 sed
2425 2085 2706 2146 postrema
2741 2074 2899 2129 lectio
2933 2073 3122 2128 Gneca
3155 2075 3412 2127 mendose
3442 2084 3509 2127 ex
3543 2070 3755 2140 vulgari

2169 2168 2259 2221 illa
2286 2168 2590 2222 mutatione
2622 2164 2716 2219 τοῦ
2745 2181 2784 2230 η
2813 2163 2867 2217 in
2901 2180 2920 2215 ι
2949 2161 3171 2216 inducta
3223 2173 3466 2232 putatur.
3512 2161 3597 2215 Ab
3630 2159 3758 2230 Epi-

2170 2259 2373 2329 phanio
2405 2267 2588 2312 autem
2633 2255 2798 2325 hujus
2839 2255 2991 2309 vocis
3036 2253 3319 2324 λιμνίσκος
3360 2262 3581 2324 etymon
3631 2253 3758 2308 inde

2170 2350 2405 2420 petitur,
2449 2347 2539 2402 διὰ
2571 2348 2633 2402 τὸ
2671 2345 2954 2418 λιμνάζειν
2996 2345 3326 2416 κλυζόμενον
3353 2345 3445 2400 τὸν
3493 2346 3657 2417 μότον
3696 2347 3757 2400 ὲν

2170 2445 2282 2507 τοῖς
2310 2441 2498 2504 τόποις
2530 2441 2739 2512 ὑγροῖς,
2777 2441 2830 2495 id
2856 2448 2960 2505 est,
2989 2439 3134 2510 quod
3156 2439 3285 2492 vitta
3313 2437 3424 2504 illa,
3451 2453 3616 2508 quam
3643 2455 3760 2494 me-

2169 2535 2277 2590 dici
2311 2533 2628 2588 vulneribus
2653 2534 2912 2588 curandis
2938 2540 3241 2602 apponunt,
3277 2531 3332 2584 in
3356 2531 3492 2586 locis
3517 2531 3758 2588 humidis

2170 2625 2464 2680 humorutn
2493 2625 2652 2695 copia
2677 2624 2962 2680 redundet.
2992 2622 3098 2678 Sed
3127 2623 3244 2676 haec
3275 2623 3429 2676 vocis
3452 2622 3607 2690 origo
3632 2621 3758 2692 jure

2169 2717 2448 2788 respuitur
2501 2734 2532 2772 a
2569 2717 2706 2772 viris
2744 2716 2942 2772 doctis.
2989 2714 3127 2770 Nam
3169 2715 3455 2786 λιμνίσκος
3508 2715 3756 2769 vitiatum

2170 2820 2273 2875 est,
2299 2821 2353 2865 et
2380 2811 2680 2881 λημνίσκος
2707 2810 2988 2865 scribitur.
3021 2807 3099 2862 De
3123 2807 3282 2877 cujus
3307 2807 3546 2862 nominis
3576 2817 3759 2879 etymo

2171 2903 2302 2973 quid
2347 2903 2550 2957 sentiat
2593 2901 2676 2955 vir
2727 2901 3136 2955 eruditissimus
3187 2898 3501 2954 Bernardus
3543 2898 3758 2956 Moneta

2173 2995 2382 3064 paucis,
2411 3002 2472 3048 ut
2502 2993 2573 3048 ab
2595 3008 2661 3048 eo
2685 2991 2871 3062 accepi
2895 3031 2912 3056 ,
2962 3007 3282 3062 expromam
3310 3007 3324 3043 :
3372 3010 3390 3042 ι
3438 2990 3757 3054 Athenaeus,

473 3080 741 3138 Hebraica
776 3081 940 3136 verba
969 3091 1146 3162 Tm;
1171 3093 1277 3142 mn
1313 3089 1428 3142 9.1m
1450 3080 1593 3136 LXX
1622 3092 1918 3147 verterant,
1958 3082 2067 3136 ἰδοὺ
2095 3126 2141 3186 c
2175 3103 2296 3157 pag.
2337 3087 2444 3141 200
2481 3086 2739 3142 editionis
2771 3083 3154 3155 Lugdunensis
3184 3127 3199 3151 ,
3236 3085 3290 3138 in
3327 3085 3542 3153 prolixo
3587 3083 3758 3140 Calli-

471 3173 699 3229 τέθιικά
729 3189 813 3238 σε,
845 3188 960 3227 ecce
981 3175 1137 3243 posui
1181 3183 1252 3240 te,
1285 3173 1536 3244 nihilque
1571 3175 1639 3229 ad
1668 3189 1890 3229 sensum
1916 3173 2066 3230 desi-

474 3266 802 3334 derabatur;
844 3263 1110 3337 Origenes
1142 3281 1307 3332 vero,
1359 3268 1786 3336 praetermissam
1832 3275 1946 3329 um
1972 3283 2067 3322 vo-

473 3373 594 3415 cem
623 3358 966 3425 existimans,
1003 3373 1130 3412 cum
1155 3358 1427 3414 asterisco
1459 3373 1527 3413 ex
1552 3355 1886 3430 Symmacho
1918 3358 2067 3414 defe-

473 3458 627 3504 ctum
661 3450 934 3520 supplevit
957 3452 1023 3518 x
1047 3449 1106 3504 Σ.
1140 3447 1252 3517 ιγὼ
1282 3449 1339 3502 δὲ
1377 3449 1400 3518 ζ
1434 3459 1494 3504 ιιι
1515 3451 1594 3506 sic
1627 3454 2068 3520 exprimerentur

475 3543 664 3600 omnia
691 3542 795 3597 hoc
819 3542 984 3599 modo
1017 3560 1032 3598 :
1069 3540 1180 3612 Ego
1199 3551 1377 3596 autem
1397 3558 1513 3597 ecce
1533 3543 1686 3611 posui
1711 3553 1780 3597 te.

549 3632 751 3688 Obelos
779 3633 1032 3688 similiter
1063 3647 1204 3703 saepe
1231 3636 1418 3702 posuit
1445 3650 1544 3705 pro
1570 3635 1826 3690 notandis
1855 3635 1924 3691 iis
1946 3652 2067 3706 quze

476 3740 604 3781 cum
635 3725 687 3778 in
723 3723 990 3780 Hebraico
1027 3741 1137 3780 non
1165 3734 1485 3791 exstarent,
1526 3727 1583 3781 in
1615 3728 1911 3784 editionem
1955 3729 2066 3782 τῶν

479 3818 537 3870 0'
567 3817 780 3870 invecta
813 3815 1031 3870 fuerant
1057 3831 1072 3880 ;
1103 3831 1293 3870 verum
1340 3816 1644 3886 saepissime
1687 3831 1752 3872 ea
1785 3827 1844 3872 ut
1873 3834 2068 3889 ampu-

479 3907 645 3962 tanda
672 3905 848 3962 obelis
877 3905 1108 3972 notavit,
1141 3921 1264 3976 qua:
1291 3923 1321 3960 a
1355 3905 1502 3960 LXX
1543 3904 1940 3978 lnterpretibus
1981 3908 2067 3962 vel

479 3998 746 4054 claritatis
768 3998 851 4053 vel
881 3997 1164 4067 elegantiae
1202 4012 1370 4053 causa
1405 3998 1579 4068 posita
1624 3999 1876 4065 fuerant,
1913 4015 2068 4070 qua:-

478 4105 589 4162 que
617 4091 744 4146 licet
777 4090 833 4144 in
863 4087 1132 4144 Hebraico
1183 4089 1252 4145 ad
1287 4089 1515 4145 verbum
1549 4106 1660 4146 non
1689 4092 2068 4162 exprimeren-

478 4191 593 4248 tur,
625 4181 811 4238 sensui
845 4189 1027 4236 tamen
1053 4180 1381 4236 illustrando
1412 4181 1702 4238 commoda
1730 4190 1907 4237 erant.
1934 4180 2071 4249 Qua:

479 4289 649 4345 porro
682 4282 946 4328 notantur
981 4273 1172 4338 obelo,
1213 4273 1512 4344 aliquando
1558 4274 1852 4342 dicuntur,
1893 4275 2068 4345 ἀμφι-

483 4364 677 4430 ϐόλως,
714 4366 768 4420 id
795 4375 881 4421 est
907 4365 1087 4432 dubie,
1120 4365 1324 4435 jacere.
1357 4365 1450 4420 Sic
1470 4365 1642 4422 codex
1669 4364 1983 4431 Vaticanus,
2015 4367 2068 4420 in

2175 3179 2296 3233 xeni
2332 3176 2528 3233 Rhodii
2560 3178 2700 3243 loco,
2733 3193 2919 3233 vocem
2947 3177 3269 3248 λιμνήσκοις
3295 3176 3494 3240 habet,
3548 3191 3671 3248 qua:
3703 3178 3758 3232 in

2174 3269 2420 3340 margine
2455 3269 2536 3324 sic
2565 3270 2928 3335 emendatur,
2969 3268 3251 3335 λινίσκοις,
3287 3279 3453 3339 atque
3499 3269 3574 3325 ita
3631 3271 3763 3340 legit

2173 3359 2495 3414 Eustathius
2520 3360 2574 3414 in
2605 3375 2824 3416 versum
2855 3359 2962 3416 570
2991 3361 3188 3416 decimi
3237 3361 3416 3416 octavi
3451 3361 3574 3416 libri
3619 3360 3760 3416 Ilia-

2171 3451 2288 3518 dos,
2325 3451 2416 3504 ubi
2473 3451 2620 3506 hunc
2652 3452 2832 3521 ipsum
2882 3451 2954 3506 ab
3005 3453 3268 3505 Athenaeo
3313 3450 3538 3505 allatum
3577 3451 3758 3507 locum

2172 3543 2360 3600 refert.
2398 3542 2620 3598 lsaacus
2645 3558 2774 3597 vero
2797 3541 3164 3597 Casaubonus
3181 3539 3234 3594 in
3265 3541 3434 3603 notis,
3459 3552 3554 3595 aut
3579 3541 3764 3613 λημνί-

2174 3652 2346 3700 σκοις,
2377 3644 2473 3689 aut
2505 3634 2766 3698 λινίσκοις
2798 3633 3089 3704 legendum
3132 3647 3253 3687 esse
3286 3633 3451 3698 dicit,
3484 3633 3577 3688 sed
3624 3651 3762 3691 neu-

2173 3737 2312 3781 tram
2337 3727 2492 3782 alteri
2523 3727 2807 3780 lectionem
2831 3722 3085 3795 praferre
3113 3724 3298 3779 audet.
3322 3723 3545 3780 Certum
3575 3737 3758 3782 autem

2172 3825 2276 3880 est,
2308 3831 2497 3871 vocem
2545 3814 2872 3885 λημνίσκος,
2914 3829 3037 3884 qua:
3068 3815 3324 3884 primitus
3364 3826 3644 3886 angustam
3673 3817 3761 3887 [a-

2172 3909 2339 3963 sciam
2370 3907 2739 3977 significabat,
2763 3924 2831 3962 ex
2857 3922 2989 3962 voce
3018 3906 3175 3978 λῆνος
3200 3947 3215 3972 ,
3247 3909 3410 3974 lana,
3460 3909 3758 3965 der-iratam

2173 4016 2316 4065 esse,
2349 4002 2478 4070 qgia
2505 4000 2575 4054 ab
2608 3999 2721 4069 ipsa
2753 3999 2962 4070 origine
2989 3998 3175 4055 fasciaa
3222 4000 3542 4070 hujusmodi
3591 4002 3762 4056 laneas

2173 4059 2518 4147 erantsﬂinc
2550 4059 2679 4145 vero
2716 4059 3046 4161 Syracusani
3094 4059 3359 4160 singulari
3400 4091 3751 4158 formatione,

2176 4185 2296 4240 loco
2323 4183 2415 4238 τοῦ
2442 4183 2740 4252 ληνίσκος
2762 4221 2778 4249 ,
2811 4183 3018 4238 inserto
3036 4201 3104 4253 μ,
3130 4182 3430 4253 λημνίσκος
3459 4182 3709 4238 fecerunt
3739 4197 3756 4236 :

2175 4295 2300 4351 qua‘.
2343 4295 2510 4348 causa
2533 4278 2638 4332 fuit
2665 4287 2724 4331 ut
2765 4280 2883 4332 haec
2905 4291 3010 4331 vox
3061 4291 3160 4347 pro
3210 4275 3555 4348 Syracusana
3595 4275 3763 4330 habe-

2175 4380 2346 4427 retur.
2384 4353 2709 4442 iiesychius,
2735 4367 3068 4440 λημνίσκους
3119 4367 3220 4432 τὰς
3251 4365 3441 4431 στενὰς
3485 4361 3760 4438 Συρακούο

483 4457 617 4512 illud
653 4456 848 4528 psalmi
897 4473 956 4521 x,
994 4457 1050 4521 4,
1095 4456 1252 4513 Oculi
1297 4457 1412 4527 ejus
1452 4458 1508 4512 in
1560 4474 1842 4529 pauperem
1899 4459 2066 4528 respi-

2177 4481 2286 4518 σιοι
2311 4463 2547 4527 ταινίας,
2579 4461 2928 4530 subintellige
2959 4458 3204 4527 λέγουσι.
3251 4455 3391 4511 iline
3429 4457 3498 4511 ad
3531 4457 3637 4510 alia
3682 4456 3762 4512 si-

483 4550 655 4612 οἰκῆι,
687 4549 780 4603 ubi
808 4549 973 4613 illud,
1011 4550 1068 4602 iu
1108 4565 1414 4620 pauperem,
1445 4566 1556 4605 non
1587 4561 1671 4606 est
1726 4551 1780 4605 in
1821 4548 2070 4616 Hebraeo,

486 4641 607 4696 haec
630 4642 816 4708 habet,
848 4641 890 4695 Τ
895 4643 924 4695 δ
951 4645 1040 4708 εις
1075 4643 1184 4696 τὸν
1219 4643 1450 4711 πένητα
1480 4643 1538 4695 ὲν
1567 4644 1634 4713 τῇ
1665 4641 1832 4696 σελίδι
1875 4641 1984 4696 τῶν
2017 4645 2073 4696 0'

485 4733 666 4787 [uiro
695 4733 855 4805 μόνον
888 4734 1236 4804 ἀμφιϐόλως’
1267 4735 1442 4801 idest,
1469 4733 1639 4798 Illud,
1674 4735 1727 4788 in
1757 4749 2074 4805 pauperem,

479 4825 533 4878 in
565 4823 683 4880 sola
722 4822 878 4878 LXX
919 4823 1279 4894 lnterpretum
1326 4824 1575 4879 columna
1626 4825 1785 4879 dubie
1831 4824 2074 4894 jacebat.

483 4913 660 4970 Dubie
694 4913 928 4980 scilicet,
957 4914 1088 4984 quia
1117 4915 1245 4970 licet
1271 4915 1326 4969 in
1374 4913 1602 4971 Hebraeo
1633 4913 1888 4984 Origenis
1929 4927 2076 4971 tem-

487 5019 625 5074 pore
654 5021 766 5060 non
797 5005 1027 5075 jaceret,
1059 5006 1134 5061 ibi
1167 5014 1387 5061 exstare
1431 5016 1683 5078 potuerat
1721 5007 1866 5062 LXX
1901 5008 2077 5064 Inter-

483 5105 705 5166 pretum
729 5111 868 5152 aevo.

561 5185 682 5242 Non
711 5189 874 5243 modo
902 5197 1084 5243 autem
1114 5202 1180 5243 ea
1207 5203 1332 5258 qua:
1354 5203 1420 5243 ex
1451 5189 1691 5246 editione
1713 5190 1822 5245 τῶν
1852 5193 1906 5246 0'
1935 5193 2080 5247 excio

487 5281 705 5347 derant,
721 5294 846 5334 cum
871 5279 1155 5335 asteriseis
1181 5277 1764 5354 supplevitOrigencs;
1796 5285 1892 5339 sed
1909 5285 2076 5340 etiam

491 5373 538 5428 si
555 5371 775 5442 quando
791 5372 958 5428 editio
973 5371 1085 5426 τῶν
1100 5378 1156 5427 0⁸
1175 5389 1284 5429 non
1308 5374 1581 5430 videretur
1599 5374 1919 5432 Hebraicam
1939 5379 2079 5434 veri-

491 5473 658 5519 tatem
671 5475 921 5520 accurate
933 5481 996 5521 ex
1004 5466 1082 5537 pri
1091 5482 1258 5534 mere,
1271 5467 1428 5522 obelo
1442 5476 1625 5524 notata
1644 5469 1811 5538 priori
1825 5470 2075 5536 lectione,

493 5553 720 5611 alteram
742 5557 1006 5613 asterisco
1026 5558 1296 5630 signatam
1314 5575 1382 5614 ex
1402 5559 1525 5615 aliis
1543 5559 1929 5630 interpretibus
1949 5563 2080 5632 adji-

489 5645 689 5703 ciebat.
719 5644 810 5702 Sie
838 5647 905 5702 ad
933 5647 1060 5704 illud
1087 5666 1172 5720 ps.
1197 5666 1390 5717 xxvm,
1423 5650 1478 5714 t,
1495 5635 1641 5712 nilne
1667 5661 1755 5713 in:
1781 5637 1937 5712 mm")
1955 5664 2075 5718 ἀι-ι,

491 5733 664 5812 Prigri
713 5738 944 5796 lectione
975 5739 1154 5812 obelo,
1209 5743 1324 5800 sive
1361 5743 1558 5801 melius
1596 5745 1864 5803 lemnisco
1909 5746 2078 5820 jugu-

2178 4555 2485 4627 gnificanda
2534 4563 2798 4624 usurpata
2855 4566 2958 4606 vox
2996 4549 3121 4614 fuit,
3180 4562 3378 4618 nempe
3428 4561 3530 4618 pro
3574 4546 3760 4603 fasciis

2175 4649 2380 4719 quibus
2409 4661 2629 4704 corona:
2666 4644 3262 4714 circumplicabantur;
3297 4654 3398 4711 pro
3426 4639 3760 4694 lineamento

2175 4741 2469 4797 convoluto
2527 4737 2848 4792 vulneribus
2898 4733 3232 4799 inserendo;
3285 4732 3618 4801 demumque
3661 4744 3761 4800 pro

2177 4842 2306 4889 nota
2337 4832 2626 4895 librorum,
2653 4829 2720 4884 de
2748 4843 2860 4898 qua
2883 4825 3123 4881 lsidorus
3151 4840 3164 4876 :
3191 4823 3491 4879 Limniscus
3517 4859 3533 4885 ,
3578 4820 3633 4874 id
3681 4829 3758 4875 est

2176 4923 2386 4995 virgula
2411 4924 2550 4976 inter
2581 4920 2814 4991 geminos
2847 4927 3066 4990 punctos
3094 4918 3284 4987 jacens
3307 4956 3324 4984 ,
3369 4913 3655 4986 apponitur
3703 4913 3760 4966 in

2177 5019 2244 5072 iis
2300 5016 2432 5070 locis
2476 5029 2594 5086 quc
2653 5027 2824 5068 sacra
2870 5010 3166 5080 Scriptum
3225 5008 3534 5077 interpretes
3581 5005 3760 5060 eodem

2177 5125 2356 5176 sensa,
2403 5108 2493 5162 sed
2528 5107 2750 5162 diversis
2809 5105 3137 5160 sermonibus
3187 5102 3595 5156 transtulerunt.
3646 5097 3760 5153 liac

2179 5201 2381 5272 triplici
2412 5199 2811 5270 significatione
2839 5213 2946 5253 vox
2994 5199 3296 5268 λημνισκος
3340 5204 3602 5263 usurpata
3633 5191 3757 5256 fuit,

2177 5309 2374 5364 nempe
2399 5292 2468 5347 ad
2497 5307 2583 5347 res
2615 5291 3004 5361 signiticandas
3031 5288 3278 5360 angustis
3311 5285 3500 5342 fasciis
3526 5285 3756 5348 similes.

2179 5399 2318 5454 quas
2353 5381 2681 5454 Syracusani
2705 5379 3039 5450 λημνίσκους
3062 5378 3352 5434 vocabant.
3388 5395 3409 5429 ι

2249 5473 2379 5530 inde
2399 5481 2628 5530 vocatus
2651 5472 2968 5536 lemniscus,
3003 5471 3119 5526 sive
3146 5470 3291 5525 linea
3326 5469 3474 5524 vitta
3488 5481 3641 5523 more
3663 5465 3760 5520 de-

2178 5568 2324 5638 picta
2347 5579 2473 5620 eum
2499 5563 2717 5621 duobus
2745 5565 2964 5634 punctis
2989 5603 3006 5628 ,
3046 5563 3218 5618 altero
3265 5576 3532 5632 superne,
3582 5559 3760 5614 altero

2179 5658 2393 5714 inferne
2424 5657 2618 5728 positis
2645 5656 2728 5712 sic
2756 5668 2821 5710 οι-
2854 5655 2979 5711 Ideo
2998 5667 3181 5711 autem
3221 5654 3518 5711 lemniscos
3541 5653 3611 5707 ab
3635 5648 3759 5706 Ori-

2179 5766 2318 5824 gene
2368 5759 2660 5822 usurpatos
2712 5746 2882 5806 fuisse
2913 5748 2990 5805 ait
3031 5747 3407 5822 Epiphanius,
3439 5757 3502 5802 ut
3544 5759 3671 5802 cum
3702 5742 3758 5798 in
