4122 6470
407 399 478 458 73

1628 403 1698 460 IN
1728 404 2051 461 HEXAPLA
2083 406 2425 464 ORIGENIS.

3571 414 3638 467 ’74

403 516 641 574 editione
663 516 774 570 τῶν
806 518 861 570 0'
886 515 1155 586 reperitur
1187 515 1371 587 aliqua
1396 532 1501 573 vox
1531 533 1641 572 non
1691 521 1973 574 cohaerens
2002 522 2043 579 A
2074 518 2303 574 seorsim
2342 527 2397 573 et
2429 517 2549 574 aliis
2582 518 2905 575 inconsultis
2949 520 3478 592 interpretabantur,
3529 535 3637 582 tam

405 625 581 677 neque
617 611 742 666 aliis
770 628 1039 680 conexa,
1076 616 1180 670 hoc
1208 616 1365 684 signo
1392 623 1606 679 notata,
1644 615 1861 668 noveris
1907 613 1977 667 ab

403 717 519 758 uno
550 704 630 759 vel
687 705 900 761 duobus
951 705 1305 775 interpretum
1365 707 1588 775 paribus
1636 707 1708 761 ita
1756 721 1974 761 versum

404 790 574 849 fuisse
602 814 614 850 :
641 796 708 850 ab
726 811 838 851 uno
862 797 1090 863 scilicet,
1124 813 1246 851 cum
1282 815 1389 854 uno
1412 798 1587 854 solum
1611 806 1810 867 puncto
1831 798 1974 852 linea

404 886 649 955 signatur
682 913 780 952 ar,
829 898 1064 958 tuncque
1126 899 1351 945 vocatur
1414 892 1892 962 bypolemniscus;
1940 905 1973 944 a

401 976 616 1033 duobus
647 994 774 1034 vero
804 982 1025 1050 quando
1053 992 1312 1052 punctum
1347 982 1602 1052 utrinque
1643 982 1865 1052 ponitur
1891 984 1974 1039 sic

403 1079 493 1132 ψ,
521 1075 577 1122 et
602 1076 732 1123 tunc
770 1066 1067 1126 lemniscus
1098 1072 1321 1127 dicitur.
1372 1071 1529 1136 Quod
1572 1079 1631 1126 ut
1676 1071 1967 1141 intelligas,

400 1151 689 1209 historiam
723 1157 1041 1213 cellularum
1071 1160 1293 1231 triginta
1327 1175 1422 1215 sex
1466 1168 1679 1230 repetas
1704 1171 1918 1231 oportet
1949 1178 1965 1217 :

399 1242 513 1305 ubi,
539 1243 840 1313 Epiphanio
868 1258 1138 1313 narrante,
1159 1250 1298 1305 libro
1318 1250 1391 1305 De
1414 1252 1751 1320 ponderibus,
1775 1250 1966 1305 LXXII

396 1335 719 1406 interpretes
746 1341 880 1409 bini,
913 1342 1026 1398 sive
1050 1360 1143 1414 per
1166 1346 1315 1414 paria
1346 1346 1639 1411 distributi,
1667 1347 1964 1417 Scripturis

395 1427 815 1498 interpretandis
842 1445 1125 1490 vacarunt.
1174 1434 1289 1492 Huc
1328 1437 1515 1507 itaque
1546 1438 1650 1492 sibi
1679 1438 1796 1491 vult
1837 1437 1964 1508 Epi-

390 1516 650 1584 phanius,
708 1520 830 1576 illas
898 1522 1196 1580 lectionum
1254 1527 1687 1595 discrepantias,
1737 1544 1859 1597 quae
1904 1529 1958 1582 in

392 1602 719 1673 Origeniana
753 1609 987 1667 editione
1015 1612 1278 1670 lemnisco
1302 1614 1388 1669 vel
1434 1616 1838 1686 bypolemnisco
1884 1618 1960 1673 si-

389 1696 712 1765 gnabantur,
742 1714 863 1755 esse
900 1704 1080 1759 varias
1106 1706 1526 1770 translationes,
1569 1722 1692 1777 qua:
1733 1709 1802 1763 ab
1848 1724 1957 1764 uno

388 1787 626 1844 alterove
647 1790 995 1860 interpretum
1028 1797 1144 1865 pari
1177 1796 1335 1852 editae
1369 1807 1571 1854 essent.
1614 1797 1854 1870 Hujusce
1876 1801 1952 1856 rei

2079 610 2312 668 mirabili
2335 625 2607 666 consensu
2633 612 2968 681 interpretati
2996 624 3142 680 sunt,
3169 624 3229 670 ut
3258 632 3325 671 ne
3352 618 3637 674 minimum

2076 701 2291 768 quidem
2312 700 2596 756 interesset
2627 701 2980 767 discriminis,
3011 704 3079 759 ad
3105 708 3233 775 quid
3267 706 3372 763 illa:
3399 719 3541 764 notre
3570 713 3636 766 ad

2077 789 2365 844 iudicanda
2385 790 2746 844 discrimina?
2781 790 2837 844 Si
2870 808 3020 855 vero,
3058 801 3117 846 ut
3161 794 3237 847 ait
3280 794 3636 865 Epiphanius,

2075 878 2393 942 lemniscus,
2422 880 2513 949 qui
2547 880 2760 935 duobus
2786 883 3002 950 punctis
3034 889 3273 948 notatur,
3298 885 3638 956 signiﬁcabat

2071 969 2179 1025 duo
2208 971 2560 1040 interpretum
2584 971 2735 1039 paria
2770 986 2953 1025 secum
2987 974 3275 1028 convenire
3303 975 3371 1030 ab
3406 977 3637 1046 aliisque

2070 1060 2412 1131 discrepare;
2457 1063 2896 1132 bypolemniscus
2942 1079 3107 1130 vero,
3148 1065 3240 1133 qui
3299 1081 3411 1121 uno
3457 1068 3633 1122 solum

2068 1160 2269 1218 puncto
2292 1160 2530 1214 notatur,
2560 1168 2728 1206 unum
2754 1169 2849 1222 par
2887 1154 3239 1223 interpretum
3274 1155 3341 1208 ab
3371 1156 3492 1212 aliis
3516 1171 3635 1211 om-

2068 1240 2229 1296 nibus
2255 1240 2469 1295 diﬂ‘erre
2497 1258 2512 1295 :
2538 1242 2757 1311 quando
2786 1260 2850 1297 ex
2875 1243 3094 1313 triginta
3127 1259 3222 1298 sex
3252 1244 3495 1314 paribus,
3531 1248 3635 1302 tria

2065 1332 2148 1386 vel
2174 1340 2416 1402 quatuor
2438 1334 2521 1388 vel
2545 1336 2749 1396 decem,
2782 1336 2865 1390 vel
2897 1336 3186 1392 duodecim
3212 1338 3297 1393 vel
3321 1337 3477 1406 plura
3528 1340 3634 1394 dif-

2064 1424 2326 1490 ferebant,
2358 1442 2479 1496 quze
2517 1435 2645 1484 tunc
2689 1437 2814 1483 nota
2839 1429 3232 1485 adhibebatur?
3269 1428 3402 1485 Nam
3442 1432 3489 1488 si
3521 1433 3632 1489 duo

2062 1514 2277 1569 dill‘erre
2296 1525 2561 1585 poterant,
2592 1518 2712 1572 sine
2735 1518 2900 1572 dubio
2919 1527 3167 1589 poterant
3187 1528 3242 1574 et
3275 1520 3375 1575 tria
3399 1527 3451 1575 et
3470 1522 3632 1592 quin-

2060 1615 2165 1669 que
2194 1609 2246 1655 et
2273 1602 2427 1671 plura
2452 1603 2779 1674 discrepare.

2128 1688 2305 1756 Quare
2337 1694 2441 1747 hoc
2467 1733 2483 1757 ,
2533 1703 2717 1764 utpote
2769 1694 3018 1751 labuloso
3042 1733 3057 1759 ,
3094 1695 3482 1755 lemniscorum
3524 1715 3628 1756 usu

2058 1783 2281 1852 rejecto,
2318 1786 2458 1842 alius
2487 1789 2665 1843 verior
2708 1790 3084 1860 sinceriorque
3123 1792 3490 1861 exquirendus
3519 1801 3623 1850 est.

383 1874 494 1933 duo
524 1882 764 1950 exempla
790 1882 946 1938 ειη-ενι
971 1902 986 1950 ς
1017 1860 1227 1942 gcmcc,
1244 1903 1310 1942 εχ
1336 1889 1545 1957 psalmo
1571 1860 1820 1957 Lxx:15,
1848 1893 1944 1947 καὶ
1988 1860 2031 1915 Β
2059 1871 2297 1929 Joannes
2329 1875 2610 1931 Curterius
2640 1875 2964 1933 Prtel'atione
2984 1880 3037 1933 in
3060 1860 3313 1950 Procopii
3349 1882 3627 1937 Commen-

384 1965 557 2037 στόμα
578 1986 678 2039 μου
701 1973 988 2041 ἀναγγελεῖ
1006 1976 1104 2046 τὴν
1130 1977 1473 2051 δικαιοσύνην
1498 1996 1612 2047 σου,
1634 1982 1726 2036 ubi
1753 1983 1945 2051 adjun-

381 2060 626 2129 gebatur,
663 2064 954 2133 ἀναγγελεῖ
983 2067 1080 2132 τὰς
1104 2070 1446 2136 δικαιοσύνας
1484 2092 1610 2128 σου·
1657 2084 1712 2130 et
1746 2078 1940 2145 psalm.

380 2162 530 2213 LXXI,
563 2152 650 2216 14,
676 2155 767 2207 καὶ
793 2155 1006 2226 ἔντιμον
1037 2157 1096 2211 τὸ
1119 2158 1288 2230 ὄνομά
1332 2178 1434 2232 μου
1484 2163 1712 2219 ἐνώπιον
1756 2166 1940 2235 αὐτοῦ,

380 2237 499 2303 ubi,
522 2240 598 2295 ait
627 2241 979 2313 Epiphanius,
1014 2249 1164 2316 prius
1195 2250 1490 2319 legebatur,
1519 2254 1613 2307 καὶ
1644 2254 1857 2326 ἔντιμον
1882 2257 1941 2310 τὸ

376 2328 549 2400 δνομά
593 2350 694 2402 μου
749 2336 808 2387 ὲν
848 2337 1145 2409 ὀφθαλμοῖς
1194 2342 1382 2395 αὐτοῦ.
1413 2342 1479 2397 Et
1535 2345 1726 2400 eodem
1777 2345 1938 2412 libro,

378 2424 567 2479 multis
597 2425 953 2496 interpositis,
985 2432 1061 2484 ait
1084 2432 1360 2491 lemniscis
1390 2435 1636 2507 insigniri
1657 2453 1751 2494 eas
1783 2455 1941 2495 voces

373 2527 497 2584 quae
546 2515 601 2569 in
647 2518 855 2587 aliquot
897 2519 1088 2576 LXXII
1151 2524 1501 2594 interpretum
1553 2543 1687 2583 voce
1730 2539 1938 2587 tantum

374 2619 483 2657 non
539 2621 701 2663 sensu
757 2610 990 2674 variant,
1051 2621 1113 2668 ut
1147 2615 1192 2668 si
1228 2616 1372 2685 quis,
1409 2619 1559 2672 verbi
1589 2621 1796 2690 gratia,
1838 2636 1939 2690 pro

371 2692 629 2766 ἐλάλησεν
656 2737 671 2761 ,
706 2698 890 2768 dicat,
926 2703 1244 2774 ἐφθέγξατο,
1275 2715 1326 2761 et
1351 2722 1449 2776 pro
1478 2705 1660 2779 ἦλθεν,
1691 2711 1934 2783 ἐλήλυθε.

370 2785 672 2858 Epiphanio
700 2794 901 2851 similia
945 2808 1132 2853 narrat
1157 2798 1459 2872 Hesychius
1495 2803 1549 2857 in
1582 2805 1778 2874 psalm.
1834 2822 1935 2872 xit,

369 2876 425 2943 6,
458 2880 548 2934 ubi
572 2882 624 2935 in
645 2883 757 2938 haec
778 2884 1045 2944 Hebraica
1057 2891 1220 2946 verba
1243 2875 1332 2955 ’ὃν
1350 2876 1459 2955 573:
1477 2902 1529 2953 ’3
1546 2879 1699 2956 mni")
1722 2904 1933 2963 mnes.

370 2969 483 3025 haec
515 2971 887 3043 interpretatio
916 2982 1159 3035 occurrit
1196 2982 1249 3036 in
1280 2983 1444 3050 LXX,
1478 2986 1627 3057 ’ᾼσω
1646 2987 1723 3060 τῷ
1748 2990 1937 3064 Κυρίῳ

363 3063 443 3135 τῷ
471 3065 888 3139 εὐεργετήσαντί
926 3089 1014 3142 με,
1046 3074 1140 3127 καὶ
1159 3074 1312 3143 ψαλῶ
1342 3076 1419 3145 τῷ
1454 3077 1678 3148 ὀνόματι
1726 3082 1931 3152 Κυρίου

2048 1965 2241 2018 larium
2265 1966 2318 2019 in
2346 1965 2622 2033 Hesaiam,
2656 1978 2809 2039 putat
2841 1969 3138 2026 lemniscos
3174 1972 3481 2043 signiﬁcare
3528 1976 3613 2029 iu-

2046 2062 2306 2124 terpretcs
2366 2057 2578 2128 aliquos
2645 2059 2827 2114 verbis
2889 2063 3226 2127 convenire,
3306 2065 3618 2137 discrepare

2044 2160 2208 2202 sensu
2239 2165 2251 2213 ;
2310 2149 2750 2219 hypolemniscos
2779 2160 2960 2207 autem
2984 2192 3000 2218 ,
3046 2163 3102 2211 et
3133 2157 3315 2213 verbis
3355 2169 3409 2213 et
3454 2174 3619 2214 sensu

2041 2238 2371 2309 discrepare.
2402 2240 2505 2297 Sed
2536 2243 2587 2298 id
2613 2245 2783 2315 gratis
2816 2254 2871 2301 et
2896 2247 3017 2302 sine
3048 2250 3375 2305 auctoritate
3401 2251 3505 2306 ulla
3538 2252 3621 2305 di-

2043 2328 2205 2393 citur,
2233 2345 2331 2385 nec
2357 2331 2583 2400 intelligi
2612 2342 2791 2402 potest
2814 2349 2925 2402 quo
2954 2345 3112 2404 pacto
3137 2335 3397 2409 Origenes
3420 2340 3616 2395 lemni-

2042 2433 2166 2474 scos
2197 2427 2250 2473 et
2271 2420 2712 2491 hypolemniscos
2745 2423 2811 2476 ad
2838 2423 2999 2479 talem
3025 2421 3185 2479 usum
3235 2428 3611 2483 destinaverit.

2042 2512 2247 2570 Masius
2280 2530 2409 2570 vero
2445 2526 2598 2587 putat
2626 2526 2751 2572 tunc
2785 2517 3062 2587 appositos
3113 2518 3284 2575 fuisse
3319 2520 3614 2577 lemniscos

2039 2611 2094 2656 et
2123 2604 2576 2675 bypolemniscos,
2603 2620 2727 2659 cum
2757 2605 2941 2660 varias
2965 2605 3227 2661 lectiones
3264 2607 3448 2676 plures
3475 2623 3613 2678 pau-

2040 2693 2283 2750 ciorcsve
2328 2698 2544 2751 codices
2580 2706 2906 2752 assererent.
2942 2698 3024 2751 An
3078 2712 3208 2753 vero
3240 2698 3498 2753 credibile
3527 2707 3612 2755 est

2039 2786 2321 2856 Origenem
2354 2788 2505 2843 hisce
2544 2790 2688 2843 notis
2713 2788 2777 2842 ad
2824 2788 3156 2859 exemplaria
3203 2788 3309 2843 τῶν
3356 2796 3412 2844 0'
3455 2792 3608 2847 varia

2038 2878 2334 2944 remisisse,
2366 2888 2459 2933 aut
2485 2880 2876 2949 exemplarium
2907 2879 3169 2937 lectiones
3200 2883 3379 2938 varias
3405 2883 3461 2937 in
3487 2883 3609 2954 ipso

2040 2979 2186 3025 textu
2227 2987 2352 3025 cum
2386 2971 2535 3027 hisce
2566 2974 2710 3028 notis
2739 2973 3079 3043 apposuisse,
3121 2988 3221 3029 nec
3259 2974 3373 3045 ipse
3412 2974 3605 3048 Orige-

2038 3078 2154 3126 nes,
2181 3079 2282 3119 nec
2306 3064 2446 3120 alius
2467 3065 2734 3135 quiSpiam
2764 3066 2868 3120 hoc
2886 3062 3124 3137 unquam
3152 3068 3307 3121 dixit.
3334 3065 3604 3123 Existimo

363 3153 455 3208 τοῦ
486 3155 730 3219 ὑψίστου.
766 3157 890 3213 llaec
917 3177 1077 3230 porro
1104 3165 1286 3228 verba,
1325 3163 1475 3235 ’ᾼσω
1511 3167 1588 3238 τῷ
1622 3169 1813 3241 Κυρίῳ
1854 3171 1930 3243 τῷ

2043 3156 2244 3226 igitur,
2276 3158 2729 3227 quemadmodum
2776 3160 3071 3216 asteri'scus
3121 3160 3188 3214 ad
3225 3161 3426 3217 omissa
3479 3176 3603 3232 quae

360 3244 784 3317 εὐεργετήσαντι
820 3267 921 3320 με,
980 3250 1218 3307 Cantabo
1267 3254 1487 3323 Domino
1536 3261 1624 3328 qui
1680 3260 1929 3330 benefecit

361 3337 513 3403 milii,
540 3346 709 3392 totum
746 3342 1071 3396 versiculum
1103 3342 1429 3400 Hebraicum
1456 3350 1788 3418 exprimunt,
1820 3367 1929 3406 rm-

359 3439 474 3487 tera
509 3434 847 3503 redundant;
874 3452 1044 3506 quare
1070 3436 1365 3496 Vaticanus
1394 3441 1562 3497 codex
1608 3444 1695 3499 hic
1737 3455 1925 3504 notat:

359 3521 434 3576 Τὸ
480 3522 580 3578 καὶ
614 3524 790 3593 ψαλῶ
829 3526 910 3592 τῷ
952 3528 1193 3597 ὀνόματι
1231 3529 1452 3597 Κιιρίου
1496 3531 1604 3585 τοῦ
1636 3534 1922 3601 ὑψίστου,

355 3615 455 3669 οὐκ
485 3614 660 3670 ἔκειτο
682 3620 809 3688 παρ’
823 3618 999 3673 οὐδενὶ
1028 3623 1085 3675 ἐν
1106 3619 1183 3690 τῷ
1205 3623 1579 3693 τετρασελίδῳ,
1612 3622 1734 3677 οὔτε
1766 3626 1824 3679 ἐν
1848 3626 1925 3697 τῷ

353 3706 617 3763 Εὐσεϐίου
648 3708 741 3762 τοῦ
780 3711 1100 3781 Παμφίλου,
1145 3711 1269 3766 οὔτε
1302 3714 1359 3767 ὲν
1400 3714 1476 3785 τῷ
1519 3715 1824 3787 Ἐϐραῖκῷ·
1868 3719 1923 3787 id

350 3809 473 3855 est:
504 3799 672 3863 Illud,
700 3798 935 3855 Psallam
969 3803 1172 3855 nomini
1196 3802 1407 3857 Domini
1444 3804 1691 3860 altissimi
1719 3846 1734 3871 ,
1780 3809 1920 3878 apud

351 3893 608 3946 neminem
640 3893 695 3945 in
714 3893 1050 3963 quadruplici
1083 3896 1329 3949 columna
1364 3896 1620 3965 jacebat;
1672 3915 1834 3969 neque
1861 3901 1917 3953 in

348 3983 578 4039 Eusebio
606 3982 897 4052 Pamphili,
928 4001 1088 4055 neque
1113 3987 1168 4039 in
1191 3987 1472 4042 Hebraico.
1501 3990 1583 4045 lbi
1606 4006 1735 4046 vero
1764 4000 1917 4047 notat

347 4071 691 4144 Hesychius:
745 4074 942 4129 Τοῦτον
985 4075 1076 4128 τὸν
1124 4077 1303 4149 στίχον
1348 4077 1443 4132 δύο
1484 4077 1656 4149 ζυγὰς
1697 4080 1805 4134 τῶν
1837 4082 1913 4135 06'

343 4165 691 4240 ἑρμηνευτῶν
722 4163 903 4220 εἷπον·
934 4167 1067 4221 διότι
1090 4169 1416 4240 παράκειται
1467 4175 1689 4243 σημεῖον
1732 4173 1793 4227 τὸ
1825 4174 1912 4228 διὰ

341 4258 436 4313 τοῦ
475 4257 724 4328 μέλανος,
752 4257 1018 4326 ὃλέγεται
1051 4258 1378 4330 λημνίσκοις,
1411 4261 1499 4316 διὰ
1539 4261 1638 4333 μὲν
1680 4263 1780 4333 τῆς
1822 4281 1913 4318 κε-

343 4350 501 4424 ραίας
526 4352 625 4422 τῆς
656 4351 829 4422 μέσης
855 4350 1107 4421 σημαίνει
1130 4352 1222 4405 τὸν
1245 4354 1450 4424 στίχον,
1482 4353 1568 4408 διὰ
1590 4354 1646 4407 δὲ
1679 4354 1786 4408 τῶν
1815 4355 1908 4410 δύο

341 4440 609 4512 στιγμῶν,
631 4441 729 4510 τῆς
767 4441 1060 4503 ὲπάνωθεν,
1096 4442 1189 4494 καὶ
1224 4442 1323 4511 τῆς
1353 4444 1642 4505 ὑποκάτω,
1676 4443 1776 4509 τὰς
1814 4445 1907 4499 δύο

2034 3248 2431 3314 inserebantur,
2465 3250 2793 3314 adnotanda,
2828 3258 2882 3306 et
2905 3253 3095 3308 obelus
3121 3253 3187 3307 ad
3234 3268 3298 3307 ea
3348 3268 3472 3323 quae
3513 3268 3602 3308 re-

2030 3342 2367 3408 dundabant,
2394 3343 2713 3412 jugulanda,
2749 3352 2809 3397 ut
2831 3343 2905 3397 ait
2939 3342 3321 3416 Hieronymius,
3365 3348 3599 3417 appositi

2030 3440 2190 3498 sunt;
2241 3433 2313 3487 ita
2357 3434 2681 3488 lemniscum
2733 3434 3034 3491 adhibitum
3062 3436 3252 3500 fuisse,
3312 3439 3403 3492 ubi
3453 3438 3596 3494 LXX

2029 3525 2349 3595 interpretes
2382 3526 2665 3581 lectionem
2689 3526 2907 3597 quidem
2956 3527 3275 3586 Hebraicam
3325 3532 3597 3601 exprime-

2026 3617 2186 3682 bant;
2219 3617 2311 3672 sed
2362 3633 2471 3673 non
2507 3618 2580 3672 ita
2628 3629 2880 3674 accurate
2917 3632 3081 3692 atque
3119 3621 3374 3678 distincte
3406 3643 3420 3679 :
3473 3641 3595 3694 quas

2025 3723 2190 3764 causa
2221 3716 2338 3763 erat
2371 3709 2539 3764 utilla
2562 3710 2617 3765 in
2642 3719 2787 3765 textu
2818 3712 3025 3775 relicta,
3057 3713 3225 3769 altera
3253 3730 3375 3784 qua:
3400 3716 3595 3771 melior

2022 3797 2326 3865 videbatur,
2359 3815 2426 3853 ex
2459 3798 2581 3855 aliis
2602 3800 2988 3873 interpretibus
3030 3804 3233 3873 petita,
3282 3804 3411 3860 huic
3455 3806 3589 3861 sub-

2016 3890 2352 3960 jungcretur.
2382 3890 2569 3961 Neque
2591 3891 2733 3946 enim
2764 3870 3064 3962 pdtandum
3116 3904 3233 3963 est,
3276 3895 3586 3968 Origenem.

2018 3983 2196 4037 virum
2231 3983 2523 4038 admodum
2554 3993 2889 4051 accuratum,
2916 3987 3009 4056 qui
3035 3995 3143 4041 tam
3180 3988 3468 4059 diligenter
3500 3991 3585 4045 vel

2016 4073 2289 4130 levissima
2311 4090 2431 4144 quae
2447 4075 2781 4131 addebantur
2802 4078 3082 4144 asterisco,
3099 4086 3154 4132 et
3181 4095 3302 4149 quae
3319 4081 3584 4136 demenda

2015 4175 2170 4223 erant
2202 4168 2361 4223 obelo
2388 4169 2632 4231 notabat,
2673 4170 2877 4223 nullam
2924 4169 3243 4240 apposuisse
3278 4183 3464 4226 notam
3514 4173 3582 4227 iis

2014 4258 2069 4312 in
2103 4258 2239 4314 locis
2265 4298 2280 4324 ,
2320 4275 2452 4313 sane
2479 4258 2892 4330 frequentibus,
2927 4262 3019 4316 ubi
3060 4261 3246 4316 relicta
3297 4263 3465 4333 priori
3503 4263 3582 4318 leo

2012 4349 2192 4404 ctione
2216 4365 2408 4405 novam
2450 4359 2630 4405 tamen
2658 4350 2890 4406 addebat
2917 4367 2982 4405 ex
3014 4353 3199 4421 aliquo
3220 4352 3577 4422 interpretum

2009 4440 2373 4509 desumptam.
2410 4439 2670 4512 Exempla
2700 4459 2829 4497 vero
2863 4458 2983 4512 quae
3015 4442 3352 4513 Epiphanius
3397 4443 3572 4511 all'ert,

339 4531 508 4604 ζυγὰς
534 4532 641 4588 τῶν
673 4533 1016 4604 ὲηρμηνευτῶν
1036 4534 1271 4605 ᾐνίξατο.
1299 4533 1354 4587 Id
1376 4544 1494 4590 est:
1542 4535 1695 4589 Ilunc
1738 4537 1902 4591 versi-
1934 4526 1940 4574 ἓ

2045 4530 2301 4585 dmodum
2326 4532 2577 4601 perplexa
2611 4526 2867 4599 sunt,‘ita
2918 4542 2976 4588 ut
3002 4534 3093 4586 vix
3128 4534 3254 4587 inde
3293 4534 3574 4604 quidpiam

336 4622 513 4679 culum
527 4626 632 4678 duo
646 4625 801 4693 paria
813 4639 960 4678 Lxxn
978 4626 1319 4691 interpretum
1341 4636 1722 4695 expresserunt,
1740 4643 1903 4697 quare
2004 4623 2273 4692 expiscari
2299 4624 2501 4680 valeas.
2528 4622 2727 4690 Quare,
2754 4625 2820 4679 iis
2848 4625 3250 4694 prmtermissis,
3276 4626 3421 4682 aliud
3447 4626 3574 4682 alre-

335 4718 633 4785 αρροάιαηι
678 4720 990 4788 ωδῇθηαηι
1037 4728 1331 4773 atramento
1388 4702 1900 4790 ἀειίηραιωη,’ᾳυοά
2003 4727 2122 4765 ram
2162 4712 2303 4766 unde
2352 4712 2535 4781 possis
2593 4713 2979 4768 lemniscorum
3034 4728 3218 4776 usum,
3267 4716 3569 4770 secundum

332 4808 533 4863 dicitur
553 4810 857 4863 lemniscus.
887 4808 992 4863 Per
1021 4810 1245 4864 mediam
1274 4809 1483 4879 quidem
1520 4810 1709 4864 lineam
1734 4812 1900 4882 signi-
2001 4817 2177 4855 meam
2206 4801 2424 4872 (illide
2457 4802 2802 4882 εθηῑοθίίῖξηιν
2822 4806 3119 4882 ΡθΓοῖΡειῖθ·
3142 4803 3343 4861 Psalm-
3378 4821 3565 4870 XXVIII.

333 4898 462 4969 ﬂeat
502 4898 819 4954 uersiculum
850 4915 870 4956 :
903 4915 995 4969 per
1031 4901 1136 4952 duo
1177 4877 1349 4953 autem
1392 4910 1619 4969 puncta,
1670 4877 1898 4955 alterum
1998 4892 2051 4959 1,
2076 4893 2129 4946 in
2167 4891 2392 4949 llebrmo
2419 4894 2615 4963 legitur
2646 4877 2786 4955 0758
2817 4904 2903 4954 3:3
2940 4881 3092 4955 films
3129 4906 3257 4962 127i.
3303 4896 3394 4951 ubi
3423 4895 3566 4951 LXX

328 5005 495 5060 supra
514 5000 565 5044 et
590 4990 815 5045 alterum
838 4990 1001 5059 infra,
1029 4988 1133 5044 duo
1160 4991 1501 5059 interpretum
1533 4991 1685 5058 paria
1715 4991 1896 5044 subin-

2042 4995 2289 5051 artcrant,
2326 4987 2615 5057 Ἐνέγκατε
2647 4988 2726 5059 τῷ
2763 4988 2971 5061 Κυρίῳ,
3006 4990 3110 5042 υἱοὶ
3140 4989 3297 5045 Θεοῦ.
3348 4990 3564 5060 Reliqui

325 5080 545 5137 dicavit.
575 5079 653 5134 Ex
680 5079 983 5150 Epiphanio
1007 5082 1189 5151 itaque
1213 5089 1265 5136 et
1301 5096 1367 5134 ex
1417 5079 1686 5152 llesyehio
1729 5081 1894 5135 disci—

2042 5091 2122 5130 :ro
2152 5076 2496 5147 interpretes,
2539 5080 2830 5148 Ἐνέγκατε
2862 5080 2940 5151 τῷ
2968 5082 3158 5153 Κυρίῳ
3189 5082 3338 5145 υἱοὺς
3363 5082 3558 5155 κριῶν.

324 5189 472 5239 mus,
498 5173 818 5229 lemniscum
844 5184 1162 5243 usurpatum
1184 5171 1372 5239 fuisse,
1398 5173 1615 5243 quando
1646 5173 1890 5242 ejusdem
1993 5163 2069 5220 lbi
2111 5164 2371 5237 Origenes
2424 5169 2708 5224 lectionem
2758 5170 2865 5223 τῶν
2919 5172 2974 5224 0’
3002 5172 3241 5242 reliquit,
3275 5174 3558 5242 praemissa

326 5262 477 5316 vocis
508 5269 609 5315 ant
635 5261 740 5316 loci
760 5260 881 5315 duae
909 5262 1296 5318 translationes
1332 5261 1778 5330 apponebantur,
1830 5272 1892 5317 ut
1990 5258 2239 5314 lemnisci
2267 5271 2429 5328 nata,
2461 5269 2514 5315 et
2540 5260 2770 5316 aliorum
2818 5263 3314 5330 interpretationem
3362 5265 3558 5333 adjecit

322 5365 391 5406 ex
425 5351 515 5406 illa
561 5359 689 5406 nota
735 5352 1199 5421 distinguerentur
1230 5370 1243 5406 :
1272 5351 1416 5420 quod
1457 5359 1635 5405 autem
1668 5353 1734 5407 de
1789 5353 1888 5406 tri-
1989 5349 2252 5404 asterisco
2280 5358 2544 5412 notatam.
2586 5352 2687 5407 hoc
2721 5364 2875 5420 pacto
2904 5358 2970 5423 >ε<
3010 5355 3300 5425 Ἐνέγκατε
3333 5354 3408 5426 τῷ
3440 5356 3556 5407 Κυ-

320 5443 471 5514 ginta
500 5457 596 5497 sex
625 5442 977 5512 interpretum
1003 5444 1224 5512 paribus
1249 5451 1298 5497 et
1325 5443 1392 5497 de
1424 5443 1649 5497 totidem
1679 5445 1887 5500 cellulis

2042 5458 2109 5511 ῳ,
2133 5442 2238 5493 υἱοὶ
2265 5440 2419 5495 Θεοῦ.
2447 5456 2511 5498 οξ-
2548 5444 2832 5511 Ἐνέγκατε
2857 5445 2934 5518 τῷ
2965 5447 3152 5518 Κυρίῳ
3177 5448 3325 5510 υἱοὺς
3338 5445 3549 5519 κριῶνζ

321 5530 599 5601 adjicitur,
626 5532 696 5586 ab
722 5531 1049 5607 Hieronymo
1074 5545 1128 5589 et
1151 5551 1181 5588 a
1213 5532 1344 5587 viris
1379 5532 1553 5589 doctis
1604 5549 1740 5604 pene
1761 5551 1884 5590 om-
1986 5535 2061 5588 ita
2085 5543 2143 5588 ut
2177 5534 2470 5590 lemniscus
2498 5535 2714 5591 doceret
2742 5554 2860 5592 eam
2896 5554 3015 5593 esse
3047 5536 3188 5591 LXX
3218 5549 3272 5593 et
3303 5538 3548 5593 Theodo-

319 5621 481 5677 nibus
501 5623 811 5692 exploditur
839 5625 1002 5679 veluti
1033 5633 1422 5681 commentum.
1984 5625 2149 5679 tionis
2184 5624 2468 5681 lectionem
2507 5642 2521 5678 :
2549 5627 2603 5681 id
2637 5630 2782 5682 enim
2824 5629 2931 5683 duo
2968 5638 3167 5699 puncta
3196 5632 3544 5686 denotabant.

384 5716 467 5771 Ad
521 5716 657 5781 haec,
711 5716 926 5771 videtur
980 5715 1317 5788 Epiphanius
1357 5733 1542 5774 secum
1594 5733 1877 5789 pugnare:
1982 5713 2137 5768 llunc
2159 5712 2328 5770 fuisse
2348 5715 2733 5771 lemniscorum
2753 5733 2910 5773 usum
2937 5719 3130 5774 suadet
3161 5733 3323 5789 supra
3350 5719 3550 5773 allatus

316 5818 441 5859 nam
497 5806 545 5863 si
578 5807 801 5877 triginta
834 5821 930 5862 sex
982 5807 1072 5861 illa
1123 5808 1278 5877 paria
1325 5809 1682 5880 interpretum
1708 5847 1726 5875 ,
1783 5807 1879 5880 qui
1982 5805 2236 5881 Hesychii
2274 5807 2459 5876 locus,
2499 5806 2589 5861 ubi
2622 5821 2754 5863 sane
2794 5823 2916 5880 qua:
2951 5809 3232 5961 lemnich
3256 5808 3548 5863 notabatur

631 5900 903 5961 Ρλτιιοι.
935 5899 1051 5961 Gn.
1087 5901 1227 5961 XV.

631 5900 903 5962 Ρλτιιοι.
935 5899 1051 5961 Gn.
1087 5901 1227 5963 XV.
