4122 6434
501 381 570 437 75
1865 371 2386 430 PRELIMINARIA
3695 379 3762 433 76

496 498 764 562 clausula,
801 498 895 552 uati.
919 496 1076 568 ψαλῶ
1099 495 1176 568 τῷ
1203 495 1426 567 ὀνόματι
1467 479 1802 570 Κυρίουῖὶᾶὗ
1834 497 2082 567 ὑψίστου,

2189 495 2292 550 sim
2322 493 2646 551 intermistre
2689 502 3027 550 occurrunt:
3061 494 3156 550 sed
3203 493 3368 552 etiam
3418 493 3476 550 in
3521 493 3766 555 editione

496 607 610 647 non
645 592 972 648 verbotenus
1009 588 1186 644 solum
1214 587 1498 642 diﬂ‘erebat
1524 604 1555 643 a
1587 588 1934 659 prtecedenti,
1963 588 2080 658 ᾷσω

496 683 576 754 τῷ
597 683 784 756 Κυρίῳ
807 681 885 753 τῷ
910 679 1336 754 εὐεργετήσαντι
1392 698 1482 752 με,
1543 681 1638 735 sed
1668 696 1728 736 re
1765 688 1821 734 et
1873 696 2078 744 sensu;

498 784 666 846 atque
696 777 812 831 haec
836 774 1056 845 quidem
1081 788 1147 827 ex
1178 771 1447 828 Hebraico
1473 781 1528 826 et
1557 787 1626 827 ex
1659 772 1872 828 caeteris
1913 772 2083 826 inter-

499 867 746 937 pretibus
771 874 1027 936 excerpta
1057 863 1234 919 fuerat
1258 905 1276 930 ,
1312 864 1482 919 altera
1526 879 1654 919 vero
1691 879 1760 919 ex
1805 862 1948 917 LXX
1991 881 2080 918 re-

500 965 800 1016 manserat.
848 957 974 1012 Haec
1028 957 1206 1013 solum
1233 955 1593 1026 coniectando
1646 955 1754 1010 dici
1794 964 2028 1026 possunt
2065 973 2078 1009 :

499 1067 626 1108 cum
655 1051 800 1106 enim
823 1050 972 1104 nullo
1015 1049 1124 1104 alio
1157 1063 1322 1118 quam
1359 1047 1664 1118 Epiphanio
1699 1045 1839 1101 duce
1886 1048 1965 1100 uti
2001 1045 2082 1102 l'as

499 1145 596 1208 sit,
629 1143 815 1198 omnia
843 1150 990 1196 certe
1013 1139 1241 1194 salebris
1269 1138 1426 1210 plena
1443 1145 1593 1192 sunt.
1629 1135 2084 1213 Ilvpolemniscus

501 1249 653 1298 vero,
677 1232 835 1302 cuius
871 1232 985 1286 lucc
1022 1230 1195 1301 ﬁgura
1228 1239 1344 1284 erat
1381 1257 1443 1283 -ι-
1483 1228 1846 1299 signiﬁcabat,
1889 1244 2085 1284 secun-

503 1327 634 1380 dum
665 1323 1051 1394 Epiphaniam,
1084 1337 1150 1376 ex
1175 1335 1286 1375 uno
1322 1327 1530 1374 tantum
1562 1320 1920 1388 interpretum
1965 1319 2084 1389 pari

503 1417 792 1473 lectionem
847 1416 1151 1486 appositam
1201 1428 1490 1478 emanare,
1535 1427 1768 1480 esseque
1811 1412 2086 1482 adiunctae

503 1505 724 1561 lectioni
742 1503 1146 1576 συναμφότερον
1171 1503 1263 1556 καὶ
1284 1500 1628 1570 συνὰδελφον,
1650 1501 1702 1554 id
1729 1509 1831 1565 est,
1859 1501 2086 1556 omnino

509 1613 908 1671 synonymam;
941 1597 1022 1651 sic
1051 1594 1410 1666 Epiphanius.
1443 1591 1551 1649 Sed
1585 1594 1732 1664 quod
1764 1593 1831 1649 de
1863 1593 2086 1664 triginta

497 1707 601 1748 sex
628 1694 982 1760 interpretum
1012 1689 1239 1759 paribus
1269 1694 1324 1741 et
1357 1687 1425 1741 de
1454 1686 1678 1741 tmidem
1705 1685 1918 1741 cellulis
1952 1700 2084 1739 nar-

499 1794 679 1850 ratur,
707 1785 821 1854 iam
846 1784 1156 1854 ablegatum
1187 1789 1272 1835 est
1303 1795 1319 1841 ;
1359 1794 1532 1849 quare
1569 1778 1755 1849 petius
1806 1778 2085 1832 crederem

390 1885 396 1892 '
505 1877 976 1950 bypolemniscum
1002 1884 1132 1930 tunc
1160 1872 1468 1944 appositum
1510 1869 1679 1925 fuisse
1708 1909 1722 1932 ,
1770 1884 1896 1924 cum
1923 1870 2085 1925 lectio
2119 1857 2158 1910 Β

505 1971 599 2026 illa
623 1979 807 2026 notata
850 1967 992 2022 LXX
1027 1967 1387 2037 lnterpretum
1410 1964 1588 2021 solum
1613 1972 1731 2017 erat
1750 2001 1765 2026 ,
1797 1962 1944 2032 quod
1973 1977 2085 2016 uno

503 2064 701 2121 subtus
751 2063 950 2116 lineam
985 2061 1166 2132 posito
1197 2066 1398 2129 puncto
1451 2053 1839 2119 indicabatur;
1889 2051 2086 2106 lemni-

505 2172 664 2216 scum
695 2169 824 2210 vero
856 2168 981 2208 cum
1012 2151 1228 2207 duobus
1247 2147 1486 2220 punctis,
1523 2148 1745 2217 quando
1801 2160 1910 2200 non
1940 2143 2084 2197 LXX

502 2249 863 2320 interpretum
897 2255 1133 2309 tantum,
1161 2243 1256 2300 sed
1299 2241 1462 2297 citam
1502 2238 1897 2294 Thcodotionis
1944 2247 2083 2293 erat.

503 2339 778 2398 Caeterum
809 2353 875 2391 ex
910 2333 1268 2392 similitudine
1315 2348 1437 2403 qua:
1483 2331 1854 2386 intercedebat
1897 2330 2087 2386 obelos

505 2434 648 2487 inter
675 2439 729 2486 et
760 2429 1054 2484 lemniscos
1078 2437 1241 2496 atque
1269 2424 1730 2496 hypolemniscos,
1767 2439 1875 2478 non
1907 2423 2084 2478 solum

505 2533 773 2594 quantum
801 2519 868 2575 ad
899 2519 1152 2583 formam,
1180 2515 1277 2571 sed
1309 2517 1475 2570 etiam
1499 2525 1764 2584 quantum
1802 2513 1869 2567 ad
1899 2527 2084 2580 usum,

496 2615 709 2670 factum
740 2623 826 2668 est
866 2620 922 2667 ut
957 2609 1205 2665 lemnisci
1229 2623 1327 2679 pro
1357 2606 1530 2662 obelis
1574 2605 1685 2661 sint
1721 2604 1912 2659 habiti.
1947 2601 2085 2659 Nam

505 2724 619 2764 uno
649 2713 878 2776 excepto
908 2701 1163 2774 Hesychii
1204 2701 1325 2756 loco
1355 2714 1520 2770 supra
1569 2696 1825 2761 laudato,
1878 2697 2084 2752 nullam

504 2813 597 2855 me
625 2797 1018 2853 lemnisonrum
1067 2793 1399 2848 mentionem
1452 2805 1483 2844 a
1514 2798 1757 2859 tempore
1799 2786 2088 2857 Epiphanii

507 2899 564 2948 et
596 2888 914 2960 Hieronymi
947 2886 1160 2956 uspiam
1215 2884 1457 2954 reperire
1487 2882 1749 2946 memini;
1797 2881 1852 2934 in
1898 2879 2089 2936 Bibliis

508 2981 722 3038 scilicet
748 2976 1168 3048 manuscriptis,
1203 2977 1259 3030 in
1306 2973 1528 3030 Catenis
1557 2983 1612 3029 et
1647 2974 1702 3027 in
1741 2969 2090 3028 Commenta—

507 3089 627 3130 τηε.

508 3189 576 3248 νο
611 3184 1386 3282 ¹η,.¹¹⁰⁶¹ί⁸ἷῖ²,ίξξάξ⁴ίίέτ¹,ί9²1ξἕ
1400 3182 1688 3282 ,ξτεξέξὲ
1708 3183 2086 3282 mamma
2115 3225 2158 3282 ο

579 3261 750 3314 multa
780 3275 846 3312 ea:
868 3258 1099 3326 editione
1131 3255 1233 3309 illa
1261 3253 1560 3324 ﬂexaplari
1597 3253 1873 3326 desumpta
1907 3257 2088 3326 depre-

577 3329 898 3386 Itenduntur.

579 3444 776 3500 Narrat
803 3442 1167 3513 Hieronymus
1198 3449 1440 3512 tempore
1461 3454 1564 3496 suo
1602 3438 1876 3496 Ecclesias
1910 3438 2092 3496 varias

507 3539 676 3594 variis
729 3533 870 3590 LXX
925 3533 1290 3604 lnterpretnm
1344 3533 1678 3590 editionibus
1737 3550 1869 3590 usas
1941 3548 2085 3590 esse.

509 3629 860 3695 Alexandria,
907 3627 1108 3698 inquit,
1137 3636 1188 3681 et
1216 3625 1506 3697 digyptus,
1540 3627 1597 3680 in
1627 3621 1780 3680 LXX
1831 3626 1943 3680 suis
1975 3624 2090 3681 He-

508 3721 750 3793 sychium
799 3718 986 3773 laudat
1031 3729 1331 3781 auctorem;
1385 3714 1873 3787 Constantinopolis
1928 3731 2091 3787 usque

512 3811 850 3870 Antiochiam
878 3809 1110 3864 Luciani
1129 3810 1380 3877 martyris
1391 3809 1712 3878 exeniplaria
1741 3808 1960 3880 probat;
1983 3825 2092 3864 me-

509 3906 616 3962 dia
649 3906 787 3959 inter
814 3902 909 3957 has
944 3901 1226 3970 provincia:
1275 3899 1594 3956 Palaestinos
1623 3901 1828 3956 codices
1886 3901 2089 3971 legunt,

509 4014 642 4068 quos
674 3995 740 4051 ab
777 3995 1000 4065 Origene
1037 3992 1334 4046 elaboratas
1380 3991 1638 4047 Eusebius
1684 4001 1735 4046 et
1775 3991 2092 4063 Pamphilus

507 4089 851 4160 vulgaverant
881 4101 900 4140 :
927 4097 1170 4156 totusque
1205 4084 1348 4139 orbis
1401 4083 1499 4138 hac
1522 4086 1662 4138 inter
1713 4100 1770 4138 se
1819 4085 2093 4138 contraria

509 4183 764 4238 varietate
795 4187 1132 4251 compugnat.
1167 4175 1235 4230 Et
1268 4175 1321 4229 in
1344 4175 1569 4245 epistola
1597 4174 1665 4229 ad
1701 4174 2090 4242 Augustinum,

511 4291 634 4347 qua:
647 4282 731 4330 est
760 4275 812 4328 in
841 4281 1124 4343 postrema
1157 4268 1393 4324 editione
1429 4268 1516 4332 74,
1540 4267 1839 4339 εἰρωνικῶς
1861 4269 2092 4338 loquens

513 4369 591 4424 ait
623 4387 636 4423 :
673 4365 762 4421 Vis
797 4377 1008 4420 amator
1035 4379 1144 4417 esse
1169 4377 1317 4416 verus
1333 4358 1486 4414 LXX
1506 4358 1880 4431 Interpretatur,
1900 4377 2002 4414 non
2021 4361 2070 4416 le

511 4477 605 4532 gas
628 4477 690 4516 ea
717 4475 834 4531 qua
857 4460 952 4512 sub
980 4456 1250 4510 asteriseis
1277 4463 1399 4508 sunt
1434 4471 1451 4508 :
1488 4456 1596 4508 imo
1625 4455 1751 4508 rade
1773 4453 1838 4509 de
1868 4454 2091 4510 volumi-

2181 586 2428 642 Bomana
2457 603 2564 643 non
2590 603 2779 658 paucas
2807 586 3288 657 deprehenduntur
3321 588 3601 656 lectiones,
3641 608 3764 662 qua:

2182 681 2253 734 ab
2277 679 2558 750 hexaplari
2589 681 2680 735 illa
2699 680 2938 736 editione
2964 690 3277 746 manarunt,
3309 693 3370 736 nt
3408 683 3560 738 verbi
3587 684 3761 752 gratia

2181 769 2285 826 Job
2319 788 2396 836 Ix,
2431 772 2486 837 '5,
2517 772 2572 826 in
2601 773 2717 827 hzec
2743 773 2908 826 verba
2937 782 3073 837 ωιτν
3109 770 3474 844 Symmachus
3501 785 3556 830 et
3582 767 3764 830 Theo-

2181 862 2366 931 dotio,
2394 864 2456 917 ob
2486 863 2560 935 μὴ
2591 864 2873 935 ὑπακούσῃ
2907 865 3054 934 αὑτῷ
3074 903 3089 926 ,
3115 880 3237 934 qua:
3257 865 3418 921 lectio
3441 867 3493 921 in
3525 866 3766 924 editione

2183 954 2464 1026 hexaplari
2519 957 2692 1025 posita
2725 955 2922 1020 fuerat,
2949 959 3076 1026 quia
3115 956 3296 1025 prisca
3349 957 3458 1009 τῶν
3491 959 3546 1011 0'
3594 958 3766 1014 inter-

2184 1048 2438 1116 pretatio.
2495 1047 2582 1100 ἶνα
2618 1046 2692 1117 μὴ
2722 1047 2973 1118 ἀντείπῃ,
3009 1033 3117 1101 non
3163 1046 3300 1101 satis
3351 1045 3713 1102 conveniebat
3745 1062 3760 1099 :

2186 1147 2419 1209 utraque
2450 1147 2630 1194 tamen
2654 1139 2834 1193 versio
2857 1139 2912 1193 in
2943 1147 3092 1193 textu
3117 1139 3307 1193 relicta
3325 1147 3429 1203 est,
3463 1140 3538 1194 ita
3561 1149 3624 1194 ut
3641 1155 3766 1211 qua

2185 1229 2412 1299 praeibat
2436 1229 2750 1300 Symmachi
2773 1239 2828 1284 et
2853 1229 3264 1293 Theodotionis,
3295 1232 3559 1287 asterisco
3603 1241 3765 1287 nota-

2185 1329 2353 1385 retur,
2388 1320 2560 1374 altera
2593 1335 2722 1374 vero
2756 1319 3042 1386 lemnisco,
3082 1331 3142 1374 ut
3191 1321 3410 1390 quidem
3459 1322 3714 1379 existimo
3748 1340 3761 1375 :

2183 1411 2380 1466 deinde
2408 1411 2668 1481 neglectis
2699 1410 2970 1473 astericis,
3006 1411 3180 1464 ambae
3207 1411 3464 1466 lectiones
3489 1427 3772 1474 remanse-

2185 1513 2313 1558 runt
2337 1503 2436 1569 sic,
2483 1504 2544 1556 οὺ
2577 1502 2651 1572 μὴ
2685 1503 2970 1576 ὑπακούσῃ
2996 1502 3165 1572 αὐτῷ,
3193 1492 3282 1556 ina.
3311 1504 3385 1574 μὴ
3419 1504 3666 1578 ἀντείπῃ.
3700 1504 3768 1561 Et

2187 1594 2384 1665 psalm.
2416 1610 2549 1660 xvn,
2586 1594 2678 1655 56,
2723 1595 2837 1649 haec
2883 1595 3043 1649 verba
3065 1602 3236 1652 $13111
3270 1604 3463 1676 1mm
3489 1594 3628 1649 LXX
3644 1612 3768 1652 ver-

2188 1694 2385 1750 terant,
2412 1685 2559 1756 καὶή
2589 1685 2808 1739 παιδεία
2830 1701 2924 1738 σου
2967 1683 3256 1755 ἀνώρθωσέ
3314 1703 3402 1755 με,
3461 1685 3770 1744 Theodotio

2187 1788 2391 1845 autem,
2421 1777 2514 1830 καὶ
2534 1779 2568 1848 ἡ
2595 1777 2808 1831 παιδεία.
2840 1794 2934 1830 σου
2974 1778 3109 1848 αὐτή
3156 1793 3222 1847 με
3267 1776 3500 1844 διδάξει·
3536 1789 3769 1850 utraque

2187 1879 2370 1926 autem
2401 1869 2561 1924 lectio
2595 1869 2650 1922 in
2676 1869 2955 1938 hexaplari
3007 1868 3097 1922 illa
3155 1869 3395 1925 editione
3459 1873 3657 1940 posita,
3710 1872 3768 1927 in

2189 1960 2467 2015 hodiernis
2499 1957 2690 2014 Bibliis
2723 1960 3060 2029 coniunctim
3095 1960 3311 2032 legitur.
3357 1961 3567 2018 Similia
3598 1966 3767 2019 multa

2187 2048 2498 2121 frequenter
2527 2059 2847 2106 occurrunt.

2259 2165 2315 2220 In
2339 2165 2666 2222 Ecclesiaste
2689 2181 2819 2221 vero
2870 2168 2966 2221 σὺν
2987 2166 3323 2236 prmpositio,
3342 2183 3447 2238 qna
3461 2168 3768 2239 exprimere

2189 2260 2397 2316 solebat
2425 2261 2618 2332 Aquila
2643 2261 2963 2331 particulam
2986 2259 3306 2316 llehraicam
3330 2271 3434 2326 nrt,
3461 2271 3646 2314 notam
3676 2275 3769 2315 ac-

2189 2353 2419 2408 cusativi
2454 2369 2639 2416 casus,
2664 2368 2940 2423 quamque
2969 2351 3250 2424 Origenes
3277 2354 3330 2408 in
3365 2354 3642 2424 hexaplari
3677 2353 3766 2408 illa

2189 2443 2426 2498 editione
2445 2445 2729 2513 praemisso
2755 2444 3042 2506 asterisco,
3075 2443 3248 2498 sicubi
3295 2453 3629 2510 occurreret,
3660 2459 3750 2514 po-

2189 2543 2392 2599 suerat,
2424 2551 2530 2589 non
2561 2535 2934 2606 inlreqnenter
2991 2536 3258 2605 reperitur
3289 2536 3342 2590 in
3383 2537 3623 2591 editione
3659 2536 3768 2590 llo-

2190 2641 2372 2680 mana.
2402 2625 2493 2680 Sic
2521 2641 2640 2696 cap.
2671 2643 2731 2688 ll,
2766 2643 2817 2680 v.
2850 2627 2938 2692 l7,
2969 2626 3064 2680 καὶ
3087 2627 3324 2698 ἐμίσησα
3365 2628 3460 2679 σὺν
3489 2624 3767 2698 τὴνζωὴν,

2191 2725 2244 2772 et
2269 2732 2388 2788 cap.
2432 2732 2517 2782 Ill,
2545 2733 2600 2774 v.
2635 2717 2724 2784 l7,
2761 2719 2857 2773 σὺν
2875 2719 2964 2772 τὸν
2986 2720 3192 2774 δίκαιον
3224 2721 3319 2774 καὶ
3353 2722 3451 2774 σὺν
3482 2721 3571 2774 τὸν
3596 2720 3768 2793 ἀσεϐῆ

2191 2812 2368 2882 κρινεῖ
2408 2810 2438 2862 ὁ
2483 2809 2636 2872 Θεὸς,
2683 2821 2738 2864 et
2791 2809 2989 2864 similia
3035 2811 3302 2880 qumdam.
3347 2810 3536 2882 Capite
3585 2822 3766 2866 autem

2189 2916 2311 2965 vn,
2367 2916 2512 2956 vers.
2567 2901 2669 2963 25,
2724 2901 3027 2957 clausulam
3088 2917 3154 2956 cx
3222 2901 3417 2972 Aquila
3461 2903 3515 2956 in
3571 2903 3766 2958 editio-

2191 3008 2318 3049 nem
2344 2993 2453 3047 τῶν
2491 2992 2549 3047 0'
2576 2993 2846 3048 invectam
2875 2993 3356 3063 deprehendimus,
3379 3005 3439 3050 ut
3487 2995 3670 3050 videas
3713 2996 3767 3050 in

2192 3095 2320 3142 nota
2351 3087 2572 3142 ibidem.
2601 3085 2680 3141 Ex
2703 3086 2789 3142 his
2829 3102 2992 3157 porro
3029 3088 3422 3144 mutationibus
3473 3089 3653 3146 evenit
3712 3099 3769 3144 ut

2194 3178 2362 3235 editio
2389 3177 2531 3232 LXX
2582 3177 2939 3248 lnterpretum
2993 3194 3128 3249 pura
3161 3189 3215 3234 et
3259 3180 3438 3250 qualis
3486 3189 3765 3236 eratante

2192 3269 2504 3342 Origenem,
2525 3269 2729 3325 frustra
2751 3279 3027 3340 quaeratur
3048 3271 3229 3326 hodie.
3273 3270 3411 3328 llinc
3445 3273 3574 3328 item
3624 3273 3770 3326 acci-

2191 3362 2272 3418 dit
2307 3371 2366 3417 ut
2382 3361 2590 3417 librarii
2619 3361 2750 3417 dum
2774 3363 3103 3432 exemplaria
3136 3361 3278 3416 UXX
3295 3361 3654 3434 [interpretum
3675 3378 3770 3417 ex-

2193 3453 2515 3519 scriberent,
2550 3452 2688 3508 alias
2717 3453 2979 3509 lectiones
3000 3452 3222 3524 praeﬁxo
3251 3453 3313 3506 θ’
3339 3463 3489 3520 nota,
3521 3454 3770 3511 videlicet

2190 3544 2333 3600 LXX
2361 3543 2744 3616 lnterpretum,
2773 3545 2827 3600 in
2847 3544 3094 3616 margine
3119 3553 3406 3612 notarent;
3457 3546 3531 3600 ita
3576 3556 3640 3601 ut
3665 3549 3769 3602 mi-

2191 3653 2296 3694 nus
2323 3638 2483 3708 periti
2515 3653 2698 3692 rerum
2724 3635 3040 3708 huiusmodi
3063 3636 3333 3693 mirentur
3375 3638 3466 3693 ubi
3493 3635 3634 3693 LXX
3678 3637 3768 3693 In-

2187 3737 2490 3800 terpretum
2516 3737 2698 3784 textus
2722 3729 3030 3799 exscriptus
3057 3737 3163 3797 est,
3187 3730 3242 3784 in
3290 3731 3536 3803 margine
3587 3731 3767 3786 notari

2191 3819 2336 3876 LXX
2361 3824 2689 3892 lnterpretes
2711 3822 2818 3878 alio
2849 3822 3014 3878 modo
3036 3822 3232 3894 legere.

2194 3976 2282 4032 Vl.
2317 3975 2416 4049 De”
2447 3977 2850 4049 ηηιιιιιὶςπςξιζιη⁸
2885 3993 3001 4048 quia
3044 3978 3110 4032 ab
3153 3977 3394 4048 Origeuis
3447 3987 3677 4049 tempore
3711 3979 3768 4032 in

2334 4047 2588 4102 editiones
2633 4046 2783 4102 LXX
2821 4046 3178 4118 Interpretum
3204 4046 3436 4104 advecta
3467 4046 3613 4105 sunt.

2264 4183 2573 4254 Stepissime
2603 4185 2792 4249 etiam,
2849 4184 3149 4254 praesertim
3196 4184 3336 4239 libro
3386 4182 3661 4250 Judleum,
3712 4184 3768 4238 in

2191 4275 2472 4332 codicibus
2496 4274 2860 4339 Coisliniano,
2877 4274 3079 4330 unciali
3130 4275 3445 4330 charactere
3469 4274 3765 4342 descripto,

2191 4374 2247 4423 et
2276 4364 2584 4429 Basiliensi,
2607 4365 2772 4420 variae
2792 4365 3050 4421 lectiones
3085 4364 3139 4419 in
3167 4364 3412 4436 margine
3447 4365 3765 4420 scribuntur

2189 4472 2315 4514 cum
2339 4466 2468 4512 nota
2493 4456 2550 4511 0'
2567 4455 2632 4521 Θ,
2663 4456 2793 4527 quia
2817 4456 3024 4512 scilicet
3052 4471 3119 4510 ex
3150 4451 3520 4511 Theodotione
3563 4455 3619 4510 in
3649 4456 3765 4510 edi-

512 4552 691 4613 nibus,
719 4556 1020 4603 utceterum
1053 4555 1100 4600 te
1115 4546 1378 4616 fautorem
1398 4543 1603 4615 probes.
1627 4543 1782 4610 Quod
1809 4549 1855 4600 si
1877 4546 2087 4616 feceris,
2123 4571 2170 4628 ι)
2193 4550 2397 4603 tionem
2453 4547 2564 4607 τῶν
2588 4547 2643 4600 0'
2674 4562 2798 4602 cum
2823 4545 3103 4602 asteriscis
3136 4545 3206 4600 ab
3252 4541 3487 4616 Origene
3516 4544 3766 4600 -invecta'

513 4643 749 4696 omnium
789 4638 1144 4692 Ecclesiarum
1171 4636 1517 4690 bibliothecas
1576 4636 1831 4692 damnare
1855 4638 2087 4709 cogeris.

525 4728 628 4787 Via:
654 4731 795 4785 enim
829 4745 965 4783 unus
987 4736 1080 4782 aut
1101 4727 1238 4780 alter
1275 4727 1573 4781 inveniatur
1594 4725 1728 4781 liber
1745 4729 1836 4798 qui
1858 4729 1966 4783 ista
1986 4745 2092 4783 non

512 4820 723 4876 habeat.
749 4817 887 4874 Hinc
907 4817 1203 4872 ediscimus
1231 4815 1343 4886 iam
1379 4830 1496 4872 aevo
1543 4813 1860 4888 Hieronymi
1911 4832 2093 4873 exem-

511 4913 683 4986 plaria
707 4909 850 4967 LXX
892 4907 1250 4978 lnterpretum
1303 4907 1590 4963 innumera
1631 4916 1689 4964 et
1716 4909 1996 4965 asteriscis
2037 4916 2093 4964 et

511 5006 686 5062 cbclis
701 5010 900 5059 onusta
930 4999 1102 5056 fuisse
1137 5016 1150 5052 :
1175 5014 1298 5070 quae
1317 4996 1659 5070 Origeniante
1682 5009 1823 5055 noue
1844 4999 1898 5055 in
1921 4999 2093 5071 pluri-

513 5099 621 5154 mis
650 5092 1058 5167 exemplaribus
1089 5091 1480 5162 manuscriptis
1501 5090 1704 5148 Graecis
1721 5091 1849 5148 hinc
1877 5102 1932 5148 et
1947 5091 2074 5149 inde

511 5203 720 5262 sparsae
752 5185 1024 5256 hodieque
1069 5183 1464 5251 observantur;
1511 5184 1622 5240 imo
1646 5183 1812 5238 etiam
1845 5181 1902 5236 in
1952 5195 2094 5238 non-

514 5281 680 5338 nullis
706 5279 940 5343 Latinis,
970 5276 1212 5332 maxime
1244 5274 1301 5330 in
1333 5274 1487 5331 libris
1515 5273 1620 5331 Job
1647 5284 1704 5331 et
1719 5271 2088 5329 Psalmorum.

512 5373 595 5431 Ex
607 5371 945 5430 editioneilla
961 5367 1241 5440 hexaplari
1256 5368 1427 5423 multa
1445 5367 1501 5422 in
1519 5367 1813 5424 hodiernae
1825 5364 2093 5422 editiones

513 5463 836 5521 transmissa
881 5457 1381 5532 deprehenduntur.
1411 5455 1524 5512 Nec
1550 5458 1748 5528 loquor
1779 5463 1988 5510 tantum
2011 5452 2093 5524 .de

511 5548 882 5608 Alexandrino
901 5547 1110 5616 codice,
1132 5547 1228 5618 qui
1255 5547 1550 5603 editionem
1569 5545 1718 5601 illam
1741 5543 2092 5614 hexaplarem

513 5662 652 5717 pene
682 5645 952 5716 sequitur,
981 5652 1043 5699 ut
1069 5644 1255 5700 videre
1280 5651 1366 5699 est
1397 5640 1698 5713 praesertim
1743 5639 1799 5695 in
1832 5638 1974 5694 libro
1994 5635 2091 5694 Ju-

512 5739 740 5806 dicum;
773 5751 876 5792 nec
902 5735 971 5791 de
1006 5735 1243 5790 editione
1286 5733 1680 5804 Complutensi,
1713 5731 1805 5787 ubi
1854 5730 2090 5787 aliorum

503 5831 870 5902 interpretum
905 5826 1184 5892 lectiones,
1221 5826 1564 5898 maximeque
1596 5824 1931 5896 Symmachi,
1960 5839 2089 5898 pas-

2192 4638 2567 4696 l'uerant.lmo
2599 4639 2764 4694 etiam
2791 4637 2930 4694 libro
2956 4633 3209 4692 Iudicum
3251 4651 3326 4700 vI,
3365 4635 3420 4700 8,
3473 4644 3583 4691 tres
3623 4633 3766 4696 LXX

2194 4733 2556 4801 lnterpretum
2579 4729 2840 4786 lectiones
2859 4743 2960 4801 pro
2984 4744 3094 4784 uno
3109 4728 3411 4800 eodemque
3436 4729 3557 4784 loco
3577 4727 3767 4783 obser-

2192 4830 2411 4878 vantur.
2440 4819 2642 4876 Praeter
2667 4834 2791 4876 eam
2821 4821 2991 4885 enim,
3010 4818 3080 4875 de
3103 4834 3210 4890 qua
3263 4818 3498 4890 egimus,
3533 4819 3768 4874 varicu-

2193 4913 2265 4968 tls
2289 4927 2533 4977 unum,
2558 4911 2679 4967 alia
2707 4910 2892 4966 multa
2923 4910 3070 4966 haud
3101 4909 3266 4966 dubie
3285 4909 3631 4964 exstiterunt.
3657 4906 3768 4964 Nec

2193 5004 2372 5076 potuit
2399 5003 2557 5058 aliter
2591 5001 2810 5057 evenire
2839 5001 2894 5056 in
2927 5000 3070 5056 libro
3093 4998 3256 5055 toties
3280 4996 3582 5067 descripto;
3608 4997 3769 5068 cuius

2193 5103 2276 5151 tot
2307 5093 2457 5149 varia
2489 5094 2548 5148 in
2577 5092 2810 5148 diversis
2827 5089 3142 5162 regionibus
3172 5087 3501 5157 exemplaria
3517 5085 3769 5143 fereban-

2188 5197 2316 5244 tur:
2339 5201 2466 5241 nam
2485 5201 2554 5242 ex
2577 5185 2682 5241 alia
2710 5184 2949 5241 editione
2977 5181 3034 5236 in
3059 5181 3223 5238 aliam
3244 5180 3507 5236 lectiones
3525 5193 3768 5250 perrumpe

2193 5279 2470 5335 translata:
2503 5286 2653 5335 sunt.
2699 5275 2818 5334 Non
2861 5289 2990 5332 raro
3032 5275 3198 5331 etiam
3231 5273 3497 5346 contingit
3535 5283 3600 5329 ut
3645 5271 3766 5327 loca

2192 5387 2261 5428 ex
2285 5370 2524 5428 editione
2574 5369 2685 5425 τῶν
2712 5371 2769 5424 0'
2797 5368 3094 5426 aierantur
3121 5366 3206 5422 vel
3232 5381 3264 5422 a
3289 5365 3652 5436 scriptoribus
3677 5363 3766 5419 vel

2193 5479 2226 5520 a
2253 5462 2582 5530 scholiastis,
2627 5463 2723 5534 qui
2750 5461 2866 5534 iam
2891 5461 2948 5516 in
2985 5475 3050 5516 ea
3091 5473 3201 5515 non
3241 5463 3581 5528 comparent,
3633 5458 3768 5526 quia

2193 5567 2392 5624 nempe
2415 5552 2506 5608 illa
2535 5552 2910 5624 supplementa
2945 5565 3068 5621 qua
3096 5563 3222 5606 cum
3275 5546 3557 5604 asteriscis
3581 5544 3768 5601 addita

2193 5645 2438 5710 fuerunt,
2469 5644 2526 5702 in
2548 5644 2759 5716 aliquot
2783 5640 3118 5716 exemplaria
3143 5639 3358 5698 invecta
3385 5645 3538 5706 sunt,
3567 5635 3625 5694 in
3659 5635 3770 5695 alia

2193 5752 2301 5794 non
2329 5735 2480 5794 item.
