4122 6412
299 395 370 452 77
1536 394 1606 449 ΙΝ
1645 392 1968 449 HEXAPLA
2002 394 2343 454 ORIGENIS.
3483 403 3554 459 78

298 507 413 566 VII.
445 509 522 565 De
550 510 620 564 iis
658 511 820 590 etiam
854 509 1402 590 mutationibusque
1430 525 1496 565 ea:
1538 509 1885 565 similitudine
1912 515 1958 572 Α
1989 511 2137 583 βελεῖ
2178 524 2440 585 posuerat
2490 514 2752 587 Origenes
2797 516 2852 572 in
2900 518 3167 590 Tctraplis
3190 561 3205 586 ,
3251 531 3309 575 ut
3353 520 3550 575 ibidem

507 585 864 651 quarumdam
888 581 1191 634 litterarum
1217 581 1467 635 admissa:
1485 591 1631 637 sunt.

370 688 516 745 Inter
534 691 839 761 praecipuas
878 700 1064 744 autem
1092 690 1441 756 varietatum,
1466 692 1662 760 quaain
1692 707 1866 747 exem-

292 778 541 855 plaribus
596 781 706 835 τῶν
739 784 796 835 0’
822 782 1201 845 observantur,
1230 797 1448 849 causas,
1494 783 1675 838 locum
1713 784 1877 839 habet

296 866 389 922 illa
410 865 715 923 litterarum
740 866 1055 925 Gmcarum
1086 868 1229 922 inter
1250 885 1310 924 se
1336 869 1875 941 similiumfrequens

295 957 673 1013 commutatio.
697 955 833 1011 Nam
865 973 988 1012 cum
1017 955 1270 1028 Origenis
1301 970 1542 1029 tempore
1590 971 1644 1016 et
1667 962 1878 1033 aliquot

294 1059 484 1120 postea
510 1050 749 1116 saeculis,
775 1066 966 1105 omnes
995 1049 1185 1105 Biblici
1228 1051 1350 1106 libri
1374 1053 1571 1108 unciali
1595 1054 1876 1111 characte-

296 1155 356 1195 re
382 1141 502 1197 sine
525 1143 842 1201 accentibus
865 1152 918 1198 et
949 1143 1233 1212 spiritibus
1266 1144 1657 1214 scriberentur,
1689 1163 1754 1205 ac
1781 1149 1874 1205 lit-

296 1240 427 1287 terae
455 1234 706 1303 plurimae
738 1233 879 1291 inter
909 1249 967 1290 se
993 1235 1062 1288 ita
1087 1235 1295 1290 similes
1314 1247 1522 1301 essent,
1556 1248 1618 1292 ut
1645 1239 1735 1294 vix
1764 1242 1878 1296 dis-

295 1324 472 1395 tingui
525 1336 768 1395 possent,
799 1326 926 1381 hinc
954 1328 1182 1400 contigit
1213 1335 1275 1382 ut
1300 1344 1442 1399 saepe
1464 1346 1574 1385 una
1616 1346 1717 1401 pro
1768 1334 1874 1389 alia
1922 1376 1923 1379 η

295 1415 751 1473 substitueretur:
775 1419 916 1474 unde
944 1436 1136 1489 magna
1150 1421 1524 1477 diversitatem
1552 1423 1687 1479 silva
1717 1436 1876 1481 excr-

294 1513 353 1560 ta
384 1514 487 1562 est.
526 1506 621 1562 Hae
653 1523 778 1565 vero
801 1510 1038 1564 maxime
1060 1511 1254 1566 litterae
1295 1511 1438 1566 inter
1461 1526 1521 1567 se
1548 1516 1874 1569 commutari

296 1597 546 1652 solebant
565 1600 629 1661 Α,
664 1600 725 1663 Δ,
746 1601 809 1664 Λ,
839 1617 895 1665 α,
929 1600 982 1665 δ,
1011 1601 1060 1667 λ,
1080 1610 1134 1656 et
1150 1603 1213 1665 E,
1238 1601 1302 1667 Θ,
1331 1604 1394 1667 Ο,
1439 1620 1487 1667 ε,
1512 1601 1563 1667 θ,
1618 1622 1669 1670 σ,
1698 1616 1752 1661 et
1772 1607 1874 1662 ali-

295 1687 765 1767 quandoMetN,
803 1705 1035 1759 quarum
1080 1692 1326 1747 omnium
1385 1695 1750 1751 mutationum
1806 1712 1873 1752 ex

295 1778 482 1833 multis
511 1794 683 1848 pauca
714 1780 804 1835 hic
827 1781 1076 1851 exempla
1108 1781 1462 1852 proferimus.

365 1876 486 1931 Ain
510 1878 570 1931 A.
602 1874 778 1947 Hujus
792 1878 1114 1934 mutationis
1131 1879 1473 1949 perspicuum
1491 1879 1654 1934 habet
1679 1894 1869 1935 errem-
1900 1857 1948 1917 Β

188 1988 191 1991 ·
292 1966 443 2036 plum
470 1964 836 2039 Hieronymus
866 1967 1258 2024 Commentario
1277 1971 1331 2024 in
1347 1969 1543 2026 Jerem.
1574 1987 1694 2042 cap.
1722 1988 1871 2040 χχιιι,

292 2058 464 2130 ᾓ.17,
500 2058 594 2113 ubi
619 2074 810 2115 vocem
858 2067 1057 2124 DHW
1099 2060 1401 2117 Theodotio
1465 2065 1731 2137 σουαρεὶμ
1779 2081 1874 2121 ex-

293 2161 595 2219 presserat,
627 2150 823 2207 deinde
854 2167 987 2206 vero
1025 2152 1373 2208 librariorum
1413 2170 1600 2212 errore
1642 2158 1695 2211 in
1748 2174 1875 2212 σου-

291 2240 476 2312 δρεὶμ,
511 2250 722 2297 mutato
742 2242 862 2296 Ain
883 2244 921 2295 Δ
956 2258 1175 2299 versum
1206 2245 1420 2313 fuerat;
1446 2263 1554 2317 qua
1580 2247 1647 2303 de
1671 2265 1729 2304 re
1752 2248 1876 2306 Hie.-

290 2345 595 2403 ronymus:
636 2332 781 2398 Quas
814 2332 1099 2389 Theodotio
1122 2338 1495 2406 interpretatus
1524 2350 1624 2407 est,
1680 2339 1873 2397 Sudri-

291 2436 507 2478 nas.....
532 2439 654 2493 qua:
670 2423 930 2480 Hebraice
948 2427 1283 2496 appellantur
1304 2445 1522 2497 SUABIM,
1542 2433 1631 2485 sed
1653 2437 1876 2502 scripto-

294 2530 416 2568 rum
442 2517 570 2570 vitio
585 2533 680 2586 pro
699 2517 870 2571 media
890 2518 1120 2588 syllaba,
1138 2521 1245 2575 sive
1263 2520 1443 2575 littera
1461 2523 1617 2592 alpha
1635 2522 1876 2579 Graecum

291 2603 437 2660 delta
478 2606 709 2660 inolevit.
749 2603 1001 2662 Judicum
1032 2622 1151 2679 cap.
1180 2625 1254 2677 ιιι,
1284 2610 1373 2677 51,
1418 2611 1509 2665 ubi
1549 2610 1874 2668 chraicum

291 2695 456 2751 habet
483 2705 611 2761 mu,
642 2694 785 2749 LXX
807 2697 993 2767 Δινάχ,
1026 2698 1307 2768 mendose,
1328 2715 1429 2771 pro
1454 2702 1645 2771 Αἰνάθ,
1694 2714 1877 2759 muta-

291 2796 348 2843 to
375 2788 423 2841 Δ
450 2787 502 2841 in
524 2790 599 2855 A;
628 2789 769 2853 alius
788 2790 979 2855 Λινὰθ,
1014 2800 1222 2847 mutato
1241 2794 1288 2846 Δ
1317 2794 1371 2847 in
1401 2793 1445 2847 A
1468 2810 1482 2860 ;
1508 2794 1648 2850 alius
1690 2795 1873 2860 Ἀνάθ,

290 2881 510 2936 melius.
535 2879 602 2935 Et
629 2879 880 2936 Judicum
925 2898 965 2946 ι,
1021 2883 1110 2951 51,
1152 2885 1245 2940 ubi
1271 2885 1469 2957 legitur
1519 2871 1692 2954 :‘mx,
1732 2886 1873 2941 LXX

291 2971 458 3028 hodie
485 2973 687 3028 habent
719 2974 907 3044 Δαλάφ
933 2990 1035 3045 pro
1076 2976 1300 3043 Ἀαλά6,
1331 2986 1393 3032 ιιι
1424 2977 1515 3032 alii
1538 2978 1741 3048 legunt.

359 3066 406 3118 A
431 3066 486 3120 in
515 3066 581 3119 A.
600 3064 775 3136 Hujus
799 3068 1246 3124 commutationis
1279 3070 1590 3140 exemplum
1637 3072 1876 3129 vidimus

291 3173 457 3228 supra
490 3176 504 3212 :
535 3170 794 3228 praeterea
816 3175 944 3214 vero
972 3160 1168 3230 psalm.
1197 3176 1328 3228 xxx,
1362 3161 1450 3227 16,
1469 3163 1535 3217 ad
1549 3177 1737 3219 vocem
1768 3163 1876 3219 He-

289 3250 535 3305 braicam
569 3258 735 3316 mnu,
763 3249 907 3304 LXX
954 3251 1159 3306 habent
1193 3252 1245 3304 οἱ
1293 3252 1486 3323 κλῆροι
1523 3269 1649 3323 μου,
1705 3264 1872 3310 sortes

290 3358 441 3408 mea,
467 3351 678 3397 mutato
699 3344 745 3395 Α
776 3343 833 3398 in
862 3345 908 3396 A
936 3358 951 3395 :
989 3357 1117 3397 nam
1152 3342 1245 3397 illa
1273 3359 1377 3399 vox
1418 3344 1689 3414 signiﬁcat
1742 3363 1869 3400 και-

292 3436 377 3509 ροί
419 3452 544 3507 μου,
586 3445 820 3506 tempora
864 3452 1002 3500 mea,
1067 3444 1126 3490 ut
1180 3436 1377 3507 reliqui
1434 3436 1757 3507 interpretes
1819 3447 1875 3493 et

290 3523 654 3600 Hieronymus
697 3536 1004 3595 verterunt,
1044 3536 1101 3583 et
1149 3528 1285 3599 psal.
1334 3544 1498 3595 Lxxs,
1550 3527 1604 3596 5,
1640 3529 1706 3584 ad
1757 3529 1876 3585 haec

290 3621 457 3675 verba
482 3629 614 3686 Dm:
637 3630 780 3686 ‘11:),
827 3620 1190 3694 Symmachus
1236 3620 1401 3676 vertit
1443 3620 1613 3693 λύραν
1662 3620 1869 3692 ἡδεῖαν,

292 3713 466 3784 lyram
490 3714 717 3778 dulcem,
754 3713 844 3769 ubi
877 3714 1086 3784 aliquot
1109 3713 1464 3784 exemplaria,
1492 3720 1701 3768 mutato
1744 3714 1790 3767 A
1815 3713 1871 3768 in

290 3803 360 3870 Δ,
394 3799 591 3876 αὔραν,
624 3820 813 3857 auram
832 3803 1055 3859 habent.

388 3896 432 3951 Ε
463 3897 518 3952 in
552 3895 594 3952 C
632 3894 836 3953 Psalm.
871 3912 1092 3961 xxxvnt,
1143 3896 1197 3961 '5,
1223 3906 1227 3911 ‘
1249 3896 1303 3950 in
1350 3896 1602 3952 versione
1636 3894 1870 3966 Aquilae,

291 3991 463 4049 codex
498 4007 644 4047 unus
676 3988 839 4046 liabet
860 3993 1071 4062 σιωπῆς
1126 3989 1284 4061 σιγῆς
1341 3988 1451 4043 ἀπὸ
1508 3987 1738 4059 ἀγαθοῦ,
1771 4003 1873 4060 pro

293 4085 471 4155 σιωπῇ
495 4084 725 4155 ὲσῑγησα
748 4082 855 4135 ἀπὸ
876 4078 1082 4150 ἀγαθοῦ
1101 4120 1116 4146 ,
1148 4078 1264 4136 ἰιὴί
1322 4078 1586 4137 Hebraica
1642 4081 1725 4137 sic
1776 4082 1875 4136 ha-

290 4175 421 4231 bent
442 4193 459 4230 :
483 4185 646 4235 2mm
670 4183 887 4235 vnum-In
912 4182 1099 4235 muri.
1126 4172 1273 4229 Psal.
1312 4189 1498 4238 Lxxvi,
1526 4172 1579 4237 7,
1603 4171 1872 4231 Eusebius

291 4268 580 4325 lectionem
602 4265 917 4338 Symmachi
946 4265 1027 4320 sic
1046 4262 1199 4319 effert
1222 4283 1235 4318 :
1255 4263 1394 4336 ἀνὴρ
1418 4263 1592 4317 συνὼν
1613 4263 1674 4317 τὸ
1705 4263 1870 4318 πνεῦ-

296 4359 374 4432 μά
395 4377 520 4432 μου,
556 4374 657 4430 pro
676 4357 986 4430 ἀνηρεύνων
1007 4357 1068 4410 τὸ
1105 4353 1323 4426 πνεῦμά
1354 4371 1478 4424 μου,
1502 4354 1873 4424 perscrutabar

291 4451 541 4521 spiritum
563 4465 755 4516 meum,
781 4445 1153 4514 ubi_Hebraica
1176 4444 1258 4500 sic
1281 4443 1482 4499 habent
1497 4461 1510 4498 :
1525 4450 1648 4504 ’ΠΤ-ι
1671 4449 1867 4505 utan”.

1978 605 2333 673 adnotamus;
2382 608 2511 677 quia
2536 609 2787 665 videlicet
2813 610 2969 667 lectio
2988 611 3078 667 illa
3106 611 3296 667 vitiata
3321 612 3547 682 βασιλεῖ,

1976 698 2217 753 nondum
2282 699 2337 753 in
2373 701 2700 770 exemplaria
2757 702 2958 771 quibus
2986 719 3122 758 usus
3153 714 3237 759 est
3267 694 3549 777 Origenes,

1979 785 2474 842 manaveral.Psal.
2499 804 2680 853 cxxau,
2713 806 2761 842 ν.
2796 789 2883 855 15,
2915 806 3103 846 vocem
3125 801 3259 850 rm:
3279 803 3553 849 verterant

1974 875 2116 928 LXX
2152 878 2473 948 lnterpretes
2500 879 2696 951 θήραν,
2725 882 3068 943 venationem,
3098 892 3262 952 atque
3289 884 3363 939 ita
3423 885 3554 956 legit

1973 969 2327 1033 Athanasius,
2362 968 2729 1042 Hieronymus
2749 985 2967 1042 quoque
2993 966 3319 1028 uenationem
3342 977 3516 1047 ;Aqui
3535 1007 3548 1017 -

1975 1060 2047 1121 la,
2108 1060 2478 1132 ἐπισιτισμὸν,
2514 1062 2720 1127 cibum;
2770 1061 3094 1129 Theodotio,
3153 1063 3346 1135 θήραν,
3406 1078 3462 1121 ιιι
3495 1075 3551 1122 et

1975 1150 2153 1219 LXX;
2187 1168 2308 1223 quae
2330 1153 2491 1208 lcctio
2521 1154 2822 1209 secundum
2845 1155 2961 1211 haec
2995 1171 3061 1210 ex
3084 1156 3439 1213 similitudine
3465 1174 3551 1213 so-

1973 1246 2028 1297 ni
2057 1255 2262 1300 mutata
2290 1256 2373 1302 est
2406 1247 2459 1301 in
2480 1248 2676 1318 χήραν,
2707 1248 2940 1313 viduam,
2968 1257 3023 1303 et
3059 1249 3324 1306 hactenus
3357 1252 3439 1308 sic
3468 1254 3547 1309 le-

1973 1335 2117 1405 gitur
2149 1336 2204 1390 in
2237 1337 2470 1408 vulgatis
2491 1338 2914 1407 exemplaribus.
2948 1338 3078 1395 Item
3115 1339 3274 1397 Hesai
3317 1359 3428 1409 xiv,
3457 1345 3548 1410 21,

1975 1426 2067 1481 ubi
2096 1427 2147 1481 in
2175 1426 2402 1483 Hebraeo
2422 1429 2616 1497 legitur
2635 1435 2796 1495 ειν-ην,
2817 1430 2983 1499 LXX,
3007 1432 3232 1498 πόλεων,
3264 1444 3323 1489 ιιι
3344 1436 3549 1505 liquet:

1973 1527 2266 1588 posteaque
2282 1520 2488 1573 πόλεων
2507 1521 2558 1574 in
2581 1520 3113 1591 πολέμωνηιιιιιιιιιιιι
3131 1535 3232 1582 est.
3251 1526 3373 1583 Alia
3394 1529 3553 1599 longe

1971 1608 2130 1679 plura
2156 1608 2245 1663 his
2281 1608 2481 1663 addere
2520 1626 2826 1680 possemus,
2877 1628 3066 1667 verum
3121 1615 3236 1671 haec
3282 1628 3442 1674 erunt
3481 1620 3551 1673 ad

1970 1714 2211 1770 praesens
2234 1699 2538 1755 institutum
2565 1702 2716 1758 satis.

1978 1809 2110 1866 Vill.
2142 1811 2219 1867 De
2250 1813 2612 1896 distinctione.
2636 1817 2869 1886 capitum
2901 1828 2948 1872 et
2987 1821 3367 1877 uersiculorum
3408 1826 3551 1880 anti-

2521 1897 2700 1954 quitus
2734 1899 3014 1958 usurpata.

2044 1972 2334 2029 Distinctio
2358 1974 2596 2044 capitum
2623 1975 2751 2030 olim
2784 1994 2885 2033 nec
2910 1979 3182 2036 hodiernae
3211 1982 3428 2043 similis.
3451 1999 3554 2041 nec

1975 2080 2085 2120 una
2112 2063 2232 2119 fuit.
2264 2064 2454 2135 Capita
2483 2066 2644 2136 longe
2674 2071 2887 2125 minora
2929 2070 3207 2129 hodiernis
3236 2084 3423 2143 erant;
3449 2091 3520 2133 cu

1970 2155 2062 2226 jus
2092 2157 2168 2210 rei
2213 2156 2523 2227 exemplum
2553 2158 2720 2215 habes
2747 2159 2891 2215 infra
2930 2159 3294 2219 Numerorum
3347 2181 3424 2234 IV,
3453 2166 3551 2235 ‘25,

1976 2248 2032 2302 in
2063 2257 2214 2315 nota,
2247 2263 2313 2303 ex
2361 2249 2617 2305 omnibus
2663 2251 2869 2307 catenis
2914 2267 3048 2309 mss.
3079 2253 3387 2325 desumpta,
3430 2272 3555 2327 quae

1976 2340 2056 2395 sic
2086 2340 2281 2396 habet:
2301 2341 2375 2394 Τὸ
2396 2341 2817 2414 Σαμαρειτικδν,
2842 2344 3391 2415 ἑπίσπαστρονμαὶ
3422 2348 3556 2418 δέρ-

1970 2449 2131 2501 ματα
2165 2432 2481 2489 ὑακίνθινα
2505 2451 2519 2464 ·
2557 2435 2715 2489 ἅτινα.
2739 2435 2895 2489 καλεῖ
2921 2435 2982 2489 τὸ
3005 2436 3047 2504 ξ’
3073 2437 3369 2508 κεφάλαιον
3402 2439 3555 2505 Ἐξό-

1975 2523 2063 2576 δου
2097 2522 2398 2593 διφθέρας.
2432 2521 2813 2580 Samariticum
2839 2526 3337 2595 habet,'tentorium
3365 2537 3421 2584 et
3445 2531 3558 2593 pel-

1977 2616 2056 2671 les
2103 2616 2524 2688 hyacinthinas:
2572 2633 2690 2688 qua:
2739 2618 2907 2686 capite
2955 2634 3023 2672 ιιι
3072 2616 3251 2673 Exodi
3298 2632 3555 2674 uocantur

1977 2708 2297 2779 diphtherae.
2327 2707 2387 2764 ln
2419 2708 2603 2766 Exodo
2629 2710 2990 2781 quadraginta
3036 2711 3213 2766 solum
3243 2711 3423 2781 capita
3454 2712 3556 2766 ha-

1980 2799 2201 2867 bentur,
2229 2799 2492 2872 locusque
2518 2800 2607 2856 hic
2641 2801 2840 2856 citatus
2872 2809 3052 2857 exstat
3082 2802 3139 2857 in
3178 2804 3355 2873 capite
3385 2819 3555 2858 xxxix

1978 2891 2263 2947 hodierno.
2306 2890 2365 2946 ln
2408 2893 2596 2949 codice
2637 2892 2731 2947 illo
2774 2892 3113 2950 Coisliniano
3158 2894 3554 2961 vetustissimo,

1978 2984 2180 3040 unciali
2211 2985 2525 3041 charactere
2549 2984 2843 3056 descripto,
2876 2986 2966 3041 ubi
3000 2983 3366 3042 Octateuchus
3397 2995 3451 3042 et
3482 2986 3555 3043 li-

1977 3075 2063 3130 bri
2108 3074 2318 3148 Regum
2347 3078 2720 3141 continentur,
2771 3078 2894 3132 duae
2934 3076 3165 3147 singulis
3214 3079 3270 3133 in
3309 3077 3467 3135 libris
3497 3079 3554 3135 in

1900 3194 1947 3257 ρ
1976 3165 2154 3235 capita
2173 3165 2470 3223 divisiones
2491 3166 2544 3220 in
2573 3165 2819 3237 margine
2845 3175 3127 3232 notantur,
3159 3183 3392 3238 quarum
3417 3184 3555 3226 una-

1976 3271 2209 3327 quaeque
2239 3256 2401 3328 longe
2432 3256 2592 3326 plura
2634 3255 2812 3326 capita
2864 3255 3028 3310 habet
3060 3271 3224 3325 quam
3264 3256 3551 3314 hodierna.

1976 3347 2307 3405 Discrimina
2341 3349 2534 3419 paucis
2564 3347 2772 3418 accipe.

2044 3439 2103 3494 lu
2126 3438 2324 3495 Genesi
2351 3438 2530 3510 prima
2554 3438 2751 3494 divisio
2779 3438 2835 3494 in
2866 3439 3054 3496 codice
3081 3439 3418 3496 Coisliniano
3450 3440 3557 3496 106

1976 3531 2154 3601 capita
2183 3530 2436 3598 exhibet;
2469 3529 2711 3587 secunda
2755 3530 2812 3585 in
2850 3532 3044 3587 eodem
3084 3533 3272 3589 codice
3319 3531 3410 3603 99,
3453 3535 3557 3589 ho-

1974 3622 2162 3678 dierna
2190 3623 2281 3679 50.

2044 3710 2103 3767 In
2133 3711 2321 3767 Exodo
2356 3711 2767 3784 prima'divisio
2795 3713 2852 3769 in
2895 3711 3121 3769 Coislin.
3147 3714 3216 3770 84
3255 3717 3431 3787 capita
3453 3718 3556 3775 ha-

1972 3805 2064 3861 bet
2086 3822 2102 3872 ;
2127 3805 2363 3860 secunda
2386 3804 2441 3859 in
2476 3806 2667 3862 eodem
2691 3806 2879 3862 codice
2906 3805 3030 3871 110,
3062 3807 3326 3863 hodierna
3352 3809 3447 3869 40,.

2043 3896 2103 3952 ln
2136 3896 2379 3953 Levitico
2410 3897 2587 3968 prima
2620 3898 2675 3953 in
2721 3898 2951 3955 Coislin.
3000 3899 3070 3953 54
3122 3900 3304 3970 capita
3350 3901 3556 3971 habet;

1972 3987 2212 4044 secunda
2238 3987 2295 4042 in
2326 3987 2447 4043 eod.
2478 3988 2668 4044 codice
2688 3988 2779 4056 61,
2811 3989 3074 4045 hodierna
3100 3986 3190 4043 27.

2052 4080 2114 4139 In
2141 4076 2397 4135 Numeris
2427 4079 2605 4149 prima
2633 4079 2685 4133 in
2707 4078 2936 4136 Coislin.
2981 4079 3052 4136 50
3077 4080 3287 4152 capita;
3318 4082 3557 4139 secunda

1973 4173 2028 4225 in
2052 4168 2280 4226 Coislin.
2313 4169 2404 4237 51,
2430 4169 2694 4226 hodierna
2727 4169 2815 4225 '56.

2044 4257 2104 4314 In
2148 4257 2570 4314 Deuteronomio
2614 4258 2791 4329 prima
2830 4258 2885 4313 in
2928 4255 3098 4313 Coisl.
3125 4256 3196 4313 68
3221 4257 3433 4329 capita;
3462 4273 3553 4314 se-

1971 4350 2152 4407 cunda
2178 4351 2235 4406 in
2266 4349 2499 4407 Coislin.
2535 4349 2625 4417 91,
2655 4348 2918 4405 hodierna
2942 4349 3032 4404 54.

2042 4441 2104 4498 In
2134 4442 2278 4498 libro
2302 4440 2471 4499 Josue
2504 4456 2613 4496 una
2638 4440 2876 4511 capitum
2909 4438 3109 4496 divisio
3138 4439 3466 4495 observatur
3497 4440 3553 4495 in

360 4541 403 4595 E
434 4541 489 4597 in
511 4540 577 4595 Θ.
606 4538 824 4610 Aquila,
857 4538 1093 4610 Symm.,
1125 4535 1426 4592 Theodotio
1449 4543 1504 4590 et
1529 4533 1792 4607 Septima,
1813 4534 1868 4590 in
1903 4534 1950 4595 υ
1977 4532 2339 4601 Coisliniano,
2370 4543 2427 4590 et
2455 4534 2580 4603 quia
2600 4531 2748 4601 liber
2776 4530 2869 4586 hic
2892 4545 3088 4602 magna
3123 4530 3212 4588 sui
3238 4540 3392 4601 parte
3431 4545 3556 4585 mu-

293 4649 408 4691 mss
428 4635 632 4691 habent
659 4630 1077 4705 Βηθσα6ὲο,ι)ι·ο
1103 4626 1403 4701 Βηθσαϐἑε,
1437 4626 1530 4683 ubi
1556 4628 1614 4683 in
1642 4626 1871 4684 Hebrai-

296 4741 365 4782 co
394 4727 589 4798 legitur
614 4735 880 4791 nam,
916 4723 1056 4794 psal.
1091 4739 1146 4786 ι,
1176 4723 1228 4778 1.

359 4821 416 4874 Μ
439 4835 537 4890 pro
553 4821 625 4876 N.
643 4818 786 4873 LXX
809 4818 1133 4887 lnterpretes
1152 4828 1345 4889 quater
1364 4818 1569 4875 habent
1585 4806 1750 4889 dijle
1768 4829 1870 4885 pro

294 4912 454 4978 ὄνων,
486 4914 727 4967 humeros
778 4925 879 4981 pro
928 4910 1118 4975 asinis,
1165 4907 1332 4966 Josue
1369 4924 1447 4974 ix,
1475 4909 1531 4974 4,
1561 4916 1616 4964 et
1654 4923 1744 4973 xv,
1778 4907 1868 4976 18,

292 5002 388 5059 ubi
427 5002 483 5056 in
516 5000 787 5057 Hebraico
816 4999 1014 5071 legitur
1040 5007 1234 5060 ν’·ιιιει-ι.

363 5094 568 5151 Praeter
592 5094 715 5150 illas
748 5100 929 5148 autem
951 5092 1320 5148 mutationum
1350 5104 1572 5157 causas,
1604 5088 1725 5144 alia:
1752 5102 1865 5143 non

293 5202 483 5258 pauca
509 5185 828 5242 acciderunt
850 5192 1069 5254 propter
1108 5182 1522 5238 similitudinem
1573 5179 1870 5236 verborum

294 5278 381 5335 vel
400 5278 540 5334 soni.
584 5275 677 5332 Sic
705 5275 826 5331 Job.
877 5290 1071 5341 xxxix,
1116 5268 1225 5335 21(
1264 5274 1320 5328 in
1355 5269 1624 5326 Hebraico
1675 5270 1870 5341 legitur

289 5353 664 5455 pmmmph,
685 5369 744 5421 in
772 5381 1048 5421 occursum
1072 5372 1381 5428 armatum,
1410 5360 1753 5455 Vulgata,gin
1779 5377 1870 5455 oc-

294 5478 508 5518 cursum
535 5452 795 5523 armatis;
823 5459 914 5524 A.,
946 5457 1076 5522 Th.,
1109 5459 1191 5520 εἰς
1234 5455 1555 5529 συνάντησιν
1601 5452 1787 5519 ὅπλου,
1812 5454 1871 5508 in

293 5568 572 5609 occursum
595 5550 719 5615 teli;
764 5549 938 5622 Sym.,
961 5551 1042 5613 εἰς
1085 5550 1392 5619 ἀπάντησιν
1443 5546 1868 5617 καταφράκτων,

293 5647 352 5699 in
380 5657 659 5699 occursum
686 5641 1200 5710 Catapltractorum;
1235 5639 1329 5695 ubi
1351 5637 1496 5694 LXX
1520 5638 1719 5694 habent
1745 5655 1871 5692 συν-

292 5736 469 5791 αντῶν
490 5732 721 5807 βασιλεῖ,
771 5747 1049 5787 occurrens
1093 5732 1225 5803 regi,
1250 5731 1531 5794 mendose,
1567 5743 1669 5800 pro
1703 5728 1867 5799 βέλει,

296 5828 422 5897 toto,
464 5842 534 5883 ex
565 5824 921 5883 similitudine
954 5822 1075 5881 soni
1103 5820 1597 5879 etterminationis.
1650 5817 1718 5876 Et
1736 5835 1869 5880 sane

1981 4625 2111 4683 tilus
2136 4634 2243 4693 est,
2274 4625 2350 4681 ibi
2392 4624 2461 4680 ad
2500 4630 2666 4693 caput
2693 4621 2967 4677 decimum
3001 4630 3260 4691 quartum
3289 4622 3556 4678 duntaxat

1974 4719 2312 4789 pervenitur,
2351 4716 2499 4788 quod
2535 4728 2662 4771 cum
2707 4727 2857 4769 nono
2900 4712 3078 4784 capite
3119 4713 3384 4771 hodierno
3413 4728 3553 4807 con-

1974 4819 2282 4955 clli-:‘iltlibro
2308 4897 2563 4953 Judicum
2589 4896 2742 4952 nulla
2772 4895 3014 4966 capitum
3044 4894 3327 4951 distinctio
3351 4909 3547 4951 occur-

1972 4993 2045 5048 rit
2073 4992 2130 5045 in
2160 4989 2514 5067 Coisliniano.
2531 4988 2654 5059 ,Sed
2679 4988 2895 5061 quoties
2923 4986 3181 5043 Israelita:
3206 4985 3278 5041 ob
3301 4987 3571 5056 praevarim

1972 5081 2246 5138 cationem
2272 5080 2328 5135 in
2355 5080 2673 5138 servitutem
2706 5079 3050 5151 rediguntur,
3083 5077 3140 5133 in
3168 5077 3414 5148 margine
3449 5091 3550 5148 po-

1972 5174 2160 5229 nitur:
2188 5171 2402 5227 δουλεία
2421 5179 2493 5239 α’,
2515 5171 2732 5228 δουλεία
2753 5171 2824 5236 6',
2848 5179 2955 5226 etc.
2982 5166 3245 5223 Similiter
3269 5168 3338 5224 ad
3364 5168 3550 5241 singu.

1974 5266 2059 5324 los
2099 5265 2312 5337 iudices
2339 5264 2435 5337 qui
2465 5265 2895 5330 constituuntur,
2924 5261 3214 5318 adnotatur
3239 5260 3450 5335 Κριτὴς
3472 5267 3546 5329 α’,

1973 5355 2164 5420 κριτὴς
2194 5354 2260 5409 6’.

2015 5355 2240 5505 911::
2245 5396 2431 5520 primo
2457 5446 2667 5519 Regum
2698 5444 2875 5516 prima
2895 5441 3091 5499 divisio
3118 5442 3175 5496 in
3206 5436 3435 5500 Coislin'.
3463 5449 3550 5499 est

1974 5543 2044 5597 53
2071 5542 2349 5612 capitum;
2378 5538 2618 5595 secunda
2648 5538 2736 5602 73,
2766 5536 3027 5591 hodierna
3066 5534 3155 5589 51.

2014 5676 2017 5681 λ
2043 5633 2210 5690 Libro
2236 5631 2480 5688 secundo
2494 5629 2628 5700 Reg.
2661 5629 2913 5699 primalin
2935 5626 3162 5682 Coislin.
3187 5633 3272 5683 est
3300 5624 3371 5681 50
3390 5623 3550 5697 capi-

1973 5737 2089 5785 tum
2115 5745 2131 5794 ;
2161 5724 2398 5782 secunda
2429 5721 2521 5787 55,
2554 5720 2818 5776 hodierna
2861 5718 2954 5777 24.

2048 5817 2107 5873 1η
2152 5817 2294 5873 libro
2324 5811 2486 5870 tertio
2519 5809 2729 5884 Regum
2754 5810 2951 5868 divisio
2978 5810 3034 5866 in
3059 5809 3258 5881 capita,
3292 5805 3549 5879 perpleM
