4122 6420
294 355 361 412 81
1527 350 1593 405 1N
1634 347 1961 405 HEXAPLA
1998 342 2341 400 ORIGENIS.

3479 339 3550 396 8!

287 470 721 541 uniuscujusque
762 480 974 541 tempus
1008 470 1306 525 adnotavit.
1340 469 1478 524 Hinc
1508 477 1688 524 autem
1726 469 1861 522 hau-
1895 470 1942 528 Α
1975 465 2081 517 lam
2106 473 2212 529 ms,
2241 470 2426 515 notam
2451 457 2741 515 accusativi
2772 473 2953 521 casus,
2988 455 3317 528 praeteriisse
3339 454 3550 510 videre—

286 562 431 617 sisse
459 563 732 630 putandus
773 572 857 617 est
899 560 1238 631 Epiphanius
1273 562 1323 615 id
1358 561 1503 630 quod
1539 562 1646 627 ait,
1693 561 1863 629 Aqui-

288 651 396 707 lam
446 669 641 723 nempe
679 655 780 709 sub
820 654 1061 709 Adriano
1094 655 1422 722 imperatore
1458 653 1862 722 interpretatio-

288 760 414 798 nem
449 747 744 801 adornasse
794 762 950 801 suam
993 764 1006 800 :
1041 747 1183 815 quod
1216 747 1378 801 etiam
1414 746 1727 800 conlirmari
1760 760 1862 814 po-

291 844 398 892 test
440 852 504 892 ex
546 835 749 893 Justini
778 839 1129 901 testimonio,
1160 838 1253 907 qui
1284 838 1360 891 ait
1402 837 1454 889 in
1492 836 1714 906 Dialogo
1745 853 1863 889 cum

292 926 567 999 Trypltone
597 944 615 981 :
657 929 813 982 Ἐπεὶ
847 929 905 981 δὲ
943 929 1101 999 ὑμεῖς
1129 927 1223 981 καὶ
1258 931 1308 981 oi
1356 928 1667 982 διδάσκαλοι
1707 927 1864 999 ὑμῶν

286 1018 522 1089 τολμᾶτε
560 1019 737 1087 λέγειν
762 1020 896 1089 μηδὲ
938 1021 1187 1091 εἰρῆσθαι
1219 1022 1276 1073 ὲν
1307 1022 1372 1091 τῇ
1417 1020 1721 1091 προφητείᾳ
1770 1019 1861 1073 τοῦ

190 1110 194 1119 ’
301 1106 522 1161 Ἡσαΐου
542 1124 556 1139 ο
597 1107 744 1161 Ἰδοὺ
776 1109 816 1176 ἡ
846 1107 1136 1176 παρθένος
1159 1110 1223 1162 ἐν
1254 1109 1466 1179 γαστρὶ
1491 1108 1614 1173 ἕξει
1651 1109 1751 1162 καὶ
1772 1107 1865 1161 τέ-

292 1196 454 1262 ξεται
480 1198 635 1261 υἱὸν,
663 1198 777 1252 ἀλλ’
806 1200 952 1253 Ἰδοὺ
978 1201 1016 1268 ἠ
1044 1200 1249 1265 νεανὶς
1273 1201 1343 1253 ἐν
1367 1201 1579 1269 γαστρὶ
1604 1199 1864 1269 λήψεται

291 1290 391 1346 καὶ
416 1289 651 1354 τέξεται
678 1292 831 1345 υἱόν.
870 1289 922 1343 ld
954 1299 1034 1344 est
1065 1309 1081 1346 :
1116 1289 1553 1362 Quandoquidem
1577 1308 1663 1349 vos
1692 1302 1741 1345 et
1768 1292 1865 1346 do-

290 1392 462 1437 ctores
506 1382 666 1435 vestri
698 1383 869 1434 dicere
901 1381 1112 1435 audetis
1139 1398 1243 1436 non
1284 1384 1486 1436 dictant
1519 1400 1629 1437 esse
1658 1384 1710 1437 in
1742 1400 1866 1452 pro-

292 1473 471 1543 phetia
504 1470 716 1526 Hesaite
741 1487 761 1524 :
792 1470 929 1525 Ecce
960 1473 1111 1541 virgo
1144 1472 1199 1525 in
1227 1482 1379 1527 utero
1407 1473 1655 1536 habebit,
1693 1483 1740 1528 et
1769 1490 1867 1544 pa-

294 1565 401 1619 riet
428 1564 637 1630 tilium;
671 1562 790 1629 sed,
820 1562 958 1619 Ecce
990 1563 1394 1619 adulescentula
1438 1567 1490 1618 in
1524 1575 1678 1620 utero
1718 1566 1862 1622 acci-

293 1654 436 1725 piet,
490 1664 545 1709 et
590 1656 762 1724 pariet
802 1655 995 1709 lilium.
1052 1653 1156 1709 Ubi
1200 1656 1352 1721 illud,
1406 1657 1599 1726 ἰδοὺρὴ
1637 1659 1861 1725 νεανίς,

291 1756 422 1810 etc.,
451 1762 516 1800 ex
546 1747 754 1815 Aquilae
782 1746 1225 1815 interpretatione
1258 1759 1527 1818 sumptum
1556 1759 1642 1804 est
1672 1769 1685 1803 :
1721 1751 1864 1805 unde

1971 565 2077 618 tur,
2113 568 2212 622 pro
2242 552 2331 605 illa
2360 552 2455 603 σὺν
2489 550 2703 619 posuit,
2732 548 2861 619 quia
2886 560 2968 609 nn
2997 549 3053 602 in
3083 547 3362 602 nonnullis
3386 545 3546 611 locis,

1968 648 2064 700 σὺν
2090 645 2174 699 vel
2210 643 2347 714 μετά
2372 683 2388 707 ,
2422 642 2475 697 id
2505 651 2587 697 est
2609 658 2727 695 cum
2750 682 2765 707 ,
2798 641 3084 711 signiﬁcat.
3124 638 3289 708 ldque
3313 652 3547 695 sexcen-

1965 739 2067 791 ties
2111 734 2348 805 repetiit,
2383 735 2530 803 quod
2575 748 2706 789 sane
2754 747 3005 803 magnam
3057 732 3109 785 in
3154 731 3274 801 ejus
3310 731 3548 785 transla-

1964 828 2109 882 tione
2152 825 2498 894 κακοφωνίαν
2542 824 2744 878 intulit.
2787 821 2892 877 Sed
2937 824 3239 877 audiendus
3271 822 3539 892 Hierony-

1964 934 2088 974 mus
2129 919 2198 973 ad
2230 916 2645 972 Pammachium
2686 915 2762 968 De
2805 925 2913 984 opt.
2958 932 3072 985 gen.
3104 914 3489 983 interpretandi
3524 928 3543 968 :

1966 1009 2159 1079 Aquila
2203 1018 2379 1063 autem
2426 1006 2720 1077 proselytus
2770 1015 2819 1059 et
2860 1006 3212 1059 contentiosus
3260 1006 3538 1073 interpres,

1965 1103 2054 1172 qui
2083 1118 2184 1155 non
2213 1100 2386 1155 solum
2411 1099 2586 1158 verba.
2613 1098 2703 1152 sed
2735 1098 3078 1169 etymologias
3111 1113 3311 1167 quoque
3349 1097 3536 1149 verba.

1965 1210 2083 1248 runt
2131 1194 2420 1264 transferre
2460 1201 2678 1246 conatus
2710 1201 2786 1245 est
2807 1233 2821 1256 ,
2838 1191 2963 1260 jure
3004 1189 3283 1260 projicitur
3310 1206 3344 1241 a
3372 1186 3538 1241 nobis.

1966 1290 2097 1357 Quis
2136 1291 2274 1344 enim
2305 1304 2400 1358 pro
2429 1289 2693 1357 frumento
2734 1295 2783 1339 et
2806 1285 2923 1338 vino
2950 1293 2999 1338 et
3026 1283 3138 1337 oleo
3164 1284 3327 1352 possit
3365 1283 3443 1335 vel
3467 1282 3544 1336 le-

1964 1398 2081 1453 gere
2124 1379 2202 1434 vel
2232 1378 2543 1448 intelligere,
2593 1374 2775 1446 χεῦμα
2813 1373 3128 1445 ὀπωρισμὸν
3161 1371 3540 1442 στιλπνότητα,

1963 1470 2103 1542 quod
2147 1483 2240 1521 nos
2282 1480 2561 1536 possumus
2592 1464 2766 1517 dicere
2803 1461 3073 1516 fusionem
3095 1501 3111 1527 ,
3147 1460 3543 1530 pomationem-

1965 1577 2070 1632 que
2118 1570 2172 1615 et
2219 1556 2636 1628 splendentiam.
2700 1557 2805 1608 Aut
2835 1555 2960 1623 quia
2998 1552 3207 1607 Hebraei
3240 1567 3343 1604 non
3369 1552 3541 1604 solum

1965 1654 2155 1707 habent
2201 1648 2409 1721 ἄρθρα,
2450 1646 2539 1702 sed
2564 1656 2614 1701 et
2645 1644 2930 1717 πρόαρθρα
2951 1684 2967 1709 ,
3014 1643 3107 1697 ille
3149 1641 3464 1714 κακοζήλοις
3489 1650 3539 1695 et

1965 1745 2196 1817 syllabas
2241 1744 2622 1803 interpretatur
2670 1748 2719 1792 et
2770 1738 2999 1802 litteras,
3050 1736 3282 1805 dicitque
3311 1737 3407 1788 σὺν
3446 1734 3540 1789 τὸν

291 1835 495 1892 inieras
550 1845 792 1906 tempore
843 1835 1042 1891 Justini
1090 1838 1344 1909 martyris
1389 1839 1503 1908 jam
1558 1841 1859 1911 evulgatam

1965 1837 2193 1910 οὐρανὸν
2226 1834 2321 1888 καὶ
2346 1833 2442 1886 σὺν
2474 1832 2575 1903 τὴν
2593 1831 2719 1902 γῆν,
2755 1830 2892 1900 quod
2920 1827 3105 1882 erca
3135 1836 3186 1881 et
3213 1825 3411 1880 Latina
3433 1826 3540 1879 lin-

290 1924 461 1983 luisse
485 1928 695 1998 Aquilae
729 1930 1022 1984 editionem
1044 1971 1058 1994 ,
1091 1940 1252 2000 atque
1273 1932 1408 1985 adeo
1436 1942 1596 1987 antea
1636 1932 1857 1998 factam,

289 2020 542 2075 videlicet
581 2020 824 2075 Adriano
862 2021 1134 2090 principe,
1171 2030 1229 2076 ut
1276 2022 1351 2076 ait
1390 2021 1761 2092 Epiphanius,
1792 2040 1859 2081 ex

286 2110 541 2180 Origene,
570 2120 631 2166 ut
658 2114 917 2179 creditur,
945 2122 1241 2167 mutuatus.

357 2205 562 2261 Caetera
592 2215 773 2261 autem
805 2222 925 2276 qua:
954 2207 1152 2274 adjecit
1186 2206 1520 2277 Epiphanius
1546 2208 1613 2263 de
1638 2207 1855 2280 Aquila,

284 2312 395 2351 non
449 2314 515 2352 cx
553 2298 742 2351 eodem
777 2298 923 2353 fonte
962 2298 1213 2354 hausisse
1249 2300 1523 2369 putandus
1565 2308 1648 2356 est
1683 2321 1697 2355 :
1731 2317 1858 2357 nam

283 2389 433 2460 quod
476 2401 661 2445 narrat
689 2405 813 2445 cum
855 2391 925 2446 ab
949 2390 1189 2446 Adriano
1220 2393 1591 2448 restaurandte
1619 2395 1739 2448 urbi
1766 2393 1855 2451 Je-

284 2480 687 2551 rosolymorum
721 2481 1068 2551 prmpositum
1105 2482 1296 2548 fuisse,
1318 2484 1539 2553 perinde
1559 2485 1854 2553 suspicioni

280 2567 581 2624 obnoxium
613 2570 820 2623 videtur
845 2577 1007 2639 atque
1034 2570 1088 2625 id
1115 2572 1259 2639 quod
1285 2581 1411 2627 ante
1425 2573 1654 2636 dixerat,
1677 2574 1853 2642 ipsum

281 2657 508 2712 Adriani
564 2674 809 2714 socerum
864 2658 1051 2715 fuisse.
1110 2659 1336 2731 Reliqua
1381 2662 1448 2716 de
1491 2663 1855 2732 apotelesma-

282 2750 423 2815 tice,
479 2749 592 2805 sive
625 2750 691 2804 de
712 2749 1141 2820 genethlialogiae
1174 2768 1298 2818 usu,
1343 2753 1410 2806 de
1453 2752 1752 2822 baptismo,
1787 2755 1855 2811 de

282 2839 496 2907 ejuralo
530 2847 720 2909 postea
765 2838 1221 2909 Christianismo,
1253 2843 1322 2897 de
1347 2842 1583 2899 admissa
1616 2846 1853 2899 circnm-

283 2929 514 2996 cisione,
549 2932 720 3000 deque
741 2933 935 3002 adepta
960 2934 1176 2988 demum
1214 2932 1489 2989 [lein-uicae
1522 2936 1718 3007 lingute
1740 2952 1856 3005 per-

1962 1947 2066 2001 gua
2099 1928 2311 1982 omnino
2341 1941 2443 1978 non
2470 1926 2676 1993 recipit.
2719 1921 2884 1991 Cujus
2916 1921 2992 1974 rei
3025 1921 3316 1988 exemplum
3349 1933 3414 1972 ea:
3442 1933 3539 1971 no-

1961 2030 2071 2074 stro
2100 2031 2338 2072 sermone
2387 2026 2601 2084 captare
2634 2027 2932 2078 possumus.
2974 2004 3188 2075 Quanti:
3232 2008 3368 2062 enim
3396 2007 3536 2070 apud

1962 2109 2171 2166 Grmcos
2217 2108 2339 2162 bene
2367 2107 2618 2160 dicuntur
2640 2145 2652 2168 ,
2681 2119 2798 2175 qua:
2824 2104 2872 2157 si
2899 2101 2968 2157 ad
3001 2101 3212 2156 verbum
3245 2099 3538 2169 transfera-

1961 2220 2098 2269 mus,
2125 2203 2182 2256 in
2208 2199 2404 2253 Latino
2431 2214 2533 2251 non
2558 2204 2803 2251 resonant
2824 2212 2843 2249 :
2868 2204 2917 2249 et
2947 2211 2973 2248 e
3003 2195 3227 2264 regione,
3250 2208 3367 2263 qua:
3394 2192 3536 2262 apud

1960 2310 2051 2348 nos
2084 2294 2324 2363 placent,
2359 2291 2405 2344 si
2433 2296 2703 2344 vertantur
2749 2286 2911 2355 juxta
2941 2288 3179 2338 ordinem
3200 2325 3215 2350 ,
3246 2284 3387 2352 apud
3412 2281 3536 2337 illos

1958 2384 2327 2456 displicebant.
2370 2382 2503 2436 Illud
2533 2394 2663 2435 vero
2685 2378 2884 2449 χεῦμα,
2920 2375 3256 2448 ὀπωρισμὸν,
3290 2373 3536 2429 στιλπνό-

1957 2496 2129 2551 τητα,
2179 2476 2322 2547 quod
2359 2474 2632 2529 undenam
2687 2481 2963 2540 sumptum
2993 2481 3139 2524 esset
3169 2479 3294 2522 ante
3317 2466 3537 2537 ignora-

1958 2570 2152 2634 batur,
2193 2582 2261 2622 ex
2306 2565 2462 2620 Deut.
2494 2580 2568 2618 vn
2590 2606 2604 2630 ,
2638 2562 2704 2617 15
2724 2602 2738 2625 ,
2769 2576 2915 2616 nunc
2935 2562 3112 2630 primo
3137 2559 3318 2630 prodit
3346 2559 3400 2613 in
3424 2557 3535 2629 Ap-

1957 2661 2185 2731 pendice
2217 2674 2282 2714 ex
2319 2658 2509 2713 codice
2533 2654 2893 2711 Coisliniano.

2025 2752 2333 2823 Aliquando
2378 2750 2543 2812 item,
2578 2748 2725 2802 nulla
2773 2747 2955 2801 habita
3002 2758 3259 2817 generum
3302 2752 3531 2809 ratione,

1957 2852 2017 2899 ut
2044 2842 2396 2899 Hebraismos
2448 2840 2812 2910 exprimeret,
2858 2837 3136 2911 singulare
3179 2852 3301 2892 cum
3336 2836 3534 2907 plurali

1955 2935 2250 3006 copulavit,
2270 2940 2327 2987 υι
2356 2931 2492 2990 Gen.
2527 2946 2558 2985 v
2578 2973 2593 2999 ,
2618 2930 2672 2997 5,
2702 2931 2797 2983 uati.
2822 2926 3016 3000 ἔζησεν
3051 2929 3221 3000 Ἀδὰμ
3240 2928 3535 3000 τριάκοντα

283 3023 424 3077 tecta
455 3024 679 3086 notitia,
717 3026 980 3093 majorem
1028 3041 1159 3080 sane
1181 3027 1520 3095 postularent
1560 3030 1854 3084 auctorita-

1962 3025 2092 3089 ἔτος,
2128 3025 2222 3078 καὶ
2251 3022 2540 3078 ἐννακόσια
2568 3019 2719 3084 ἔτος,
2750 3027 2804 3073 et
2832 3019 2964 3073 vixit
2990 3018 3162 3073 Adam
3186 3020 3407 3089 triginta
3435 3035 3533 3072 an-

285 3123 418 3179 tem,
442 3129 619 3183 exque
648 3112 910 3170 fabulosis
946 3114 1256 3169 Judteorum
1298 3117 1703 3175 narrationibus
1734 3135 1854 3174 ma-

1956 3128 2081 3168 num
2105 3122 2152 3166 et
2180 3121 2463 3182 nongentos
2486 3125 2702 3174 annum,
2733 3108 2859 3178 quia
2879 3123 3069 3176 nempe
3090 3123 3193 3162 vox
3208 3117 3326 3168 nam
3340 3109 3530 3180 singu-

283 3220 416 3260 nare
446 3178 763 3275 potuerunt.
790 3204 1070 3275 Siquidem
1101 3204 1271 3259 Judaai
1299 3205 1505 3275 Aquilae
1529 3209 1851 3276 editionem,
1881 3178 1923 3236 ο
1954 3204 2087 3260 laris
2117 3178 2348 3258 forman
2380 3201 2560 3265 habet,
2587 3200 2712 3254 licet
2739 3199 2828 3253 hic
2851 3199 2959 3252 vim
2985 3198 3211 3267 pluralis
3238 3178 3453 3262 habeat,
3475 3207 3535 3253 ut

281 3312 404 3354 eam
451 3297 701 3353 videlicet
746 3313 869 3367 qua:
921 3296 1066 3351 κατά
1117 3297 1402 3369 ἀκρίϐειαν
1462 3299 1603 3356 facta
1658 3302 1854 3369 fuerat,

283 3388 467 3456 magni
508 3386 802 3454 iaciebant,
847 3395 1234 3457 auctoremque
1261 3389 1405 3444 illius
1434 3390 1687 3447 laudibus
1716 3408 1856 3462 prae-

283 3478 559 3535 dicabant.
625 3476 761 3532 llinc
813 3477 1078 3546 Origenes
1108 3480 1175 3533 ad
1205 3477 1523 3535 Africanum
1552 3502 1567 3537 :
1598 3479 1688 3547 Sic
1719 3485 1858 3539 enim

282 3566 503 3638 Aquiia,
535 3566 815 3622 Hebraicw
839 3566 1055 3622 lectioni
1084 3570 1311 3623 serviens
1338 3569 1503 3623 edidit
1534 3586 1553 3623 :
1581 3585 1732 3642 quem
1757 3571 1859 3626 Ju-

286 3661 395 3713 dtvi
438 3659 835 3713 accuratissime
885 3659 1119 3713 omnium
1189 3660 1407 3715 credunt
1459 3661 1858 3732 interpretatum

285 3767 397 3806 esse
412 3748 743 3820 Scripturam
766 3766 784 3805 :
810 3767 912 3821 quo
944 3753 1172 3806 maxime
1201 3752 1278 3806 uti
1307 3752 1476 3806 solent
1508 3757 1599 3825 qui
1628 3754 1859 3809 Hebrai-

285 3856 407 3897 cam
443 3842 726 3896 dialectum
787 3843 1065 3912 ignorant,
1107 3852 1283 3910 utpote
1326 3845 1417 3914 qui
1462 3851 1697 3901 omnium
1744 3863 1860 3901 ntu-

284 3936 428 3990 xirnc
453 3950 661 3990 sensum
694 3948 960 3989 assecutus
991 3952 1103 3991 esse
1134 3946 1367 4006 putetur.

484 4028 552 4081 ll.
600 4026 790 4097 Aquila
815 4025 950 4081 duas
979 4029 1439 4098 interpretationes
1465 4032 1650 4087 edidit.

360 4114 507 4173 Duas
534 4128 713 4173 autem
743 4119 1124 4174 translationes
1149 4120 1383 4177 edidisse
1410 4122 1658 4193 Aquilam
1677 4125 1863 4195 explo-

287 4216 468 4264 ratum
495 4219 579 4262 est
605 4227 618 4262 :
651 4210 901 4277 primam,
928 4210 1259 4279 liberiorem,
1296 4212 1388 4266 ubi
1419 4214 1522 4269 etsi
1550 4215 1716 4270 verba
1745 4216 1861 4269 sin-

288 4299 413 4369 gula
446 4297 708 4354 Hebraica
738 4298 920 4354 Graece
961 4301 1264 4369 exprimere
1295 4311 1600 4374 satageret,
1637 4319 1859 4360 sensum

290 4398 470 4446 tamen
503 4398 628 4460 apte
651 4391 876 4447 reddere
907 4392 1153 4458 curabat,
1185 4408 1360 4462 neque
1392 4403 1500 4448 tam
1542 4396 1864 4465 scrupulose

1956 3311 2117 3352 nemo
2146 3310 2251 3348 non
2281 3293 2446 3349 videt.
2481 3290 2602 3346 Pari
2628 3290 2838 3344 ratione
2860 3303 3250 3358 nonnunquam
3276 3289 3530 3360 pluralia,

1956 3403 2077 3457 quae
2108 3386 2216 3440 vim
2246 3382 2543 3453 singularis
2568 3381 2787 3444 habent,
2816 3379 2907 3435 ille
2931 3380 3211 3450 pluraliter
3232 3381 3529 3450 expressit;

1956 3479 2039 3533 sic
2086 3475 2222 3532 Gen.
2275 3491 2351 3542 vt,
2395 3474 2452 3538 2,
2504 3457 2888 3535 ambarum
2963 3471 3013 3524 oi
3059 3470 3164 3525 υἱοὶ
3218 3469 3325 3525 τῶν
3359 3469 3531 3535 Θεῶν,

1957 3571 2085 3641 quia
2128 3567 2382 3622 nimirum
2425 3549 2604 3626 ambs:
2645 3566 2806 3621 habet
2864 3563 3090 3634 pluralis
3141 3559 3407 3627 turmam,
3445 3563 3535 3619 ille

1958 3661 2239 3731 pluraliter
2279 3660 2367 3715 hic
2410 3658 2570 3714 vertit
2617 3676 2631 3712 :
2680 3657 2773 3712 ubi
2800 3655 3066 3727 Vulgata,
3134 3655 3376 3711 Videntes
3431 3654 3533 3726 ﬁlii

1959 3754 2059 3809 Dei
2112 3752 2257 3823 ﬁlias
2315 3752 2606 3805 hominum.
2645 3749 2728 3804 Ad
2778 3750 2893 3805 hate
2936 3749 3294 3821 etymologias
3350 3749 3533 3801 nomi-

1959 3863 2090 3901 num
2124 3844 2521 3913 verborumque
2557 3842 2630 3897 ita
2660 3850 3028 3906 consectatur,
3063 3850 3146 3905 ut,
3176 3841 3322 3896 nulla
3349 3840 3535 3896 habita

1960 3938 2122 3995 serici
2151 3937 2382 4003 ratione,
2417 3934 2663 3989 eamdem
2707 3946 2898 3988 vocem
2928 3930 3247 3988 liebraicam
3279 3938 3340 3986 ut
3365 3929 3537 4000 pluri-

1960 4046 2112 4086 mum
2155 4030 2343 4085 eadem
2387 4026 2575 4084 Graeca
2621 4026 2928 4097 exprimat,
2978 4041 3086 4080 non
3115 4025 3360 4096 cogitans
3390 4022 3532 4077 idem

1960 4122 2209 4188 verbum,
2238 4122 2284 4176 si
2309 4121 2431 4176 aliis
2462 4118 2804 4192 diversisque
2822 4118 3083 4190 jungatur
3109 4117 3357 4179 vocibus,
3386 4114 3535 4170 aliud

1962 4212 2293 4285 signiﬁcare.

2033 4303 2122 4359 lll.
2167 4301 2298 4358 Utra
2328 4318 2392 4357 ea:
2423 4301 2626 4356 duabus
2657 4302 2713 4355 in
2741 4299 2998 4370 Hexaplis
3035 4298 3209 4368 posita
3242 4295 3425 4366 fuerit.

2034 4393 2113 4449 Ex
2146 4395 2238 4449 illa
2267 4408 2431 4464 porro
2476 4393 2680 4464 duplici
2723 4392 2935 4462 Aquilae
2980 4391 3251 4451 versione,
3303 4385 3534 4457 quaestio

288 4481 511 4536 voculas
536 4495 727 4535 omnes
752 4483 1083 4547 sectabatur,
1118 4499 1180 4539 ac
1208 4500 1330 4540 cum
1356 4487 1552 4541 seriem
1594 4486 1854 4541 intertur-
1891 4513 1935 4571 ο
1965 4486 2163 4541 exoriri
2194 4493 2403 4555 potest;
2430 4491 2551 4538 utra
2585 4482 2831 4538 videlicet
2852 4497 2916 4536 ex
2949 4471 3162 4536 duabus
3197 4479 3250 4532 in
3277 4475 3533 4547 Hexaplis

289 4569 513 4628 baturus
537 4586 657 4626 esse
686 4571 1042 4641 prospiceret,
1080 4583 1467 4643 repraesentare
1502 4576 1806 4646 negligebat
1842 4594 1856 4630 :

290 4664 434 4733 quod
464 4679 653 4718 verum
698 4672 817 4718 erat
852 4664 1162 4734 interpretis
1196 4665 1451 4721 oﬂicium.
1491 4667 1730 4722 Alteram
1764 4668 1861 4723 de-

290 4755 416 4811 inde
458 4754 762 4811 versionem
812 4756 1051 4826 paravit,
1100 4774 1223 4827 quae
1266 4758 1409 4812 κατά
1440 4759 1724 4830 ἀκρίϐειαν
1767 4775 1863 4815 vo-

290 4845 581 4911 citabatur,
616 4846 669 4901 id
694 4856 796 4912 est,
832 4848 1131 4903 secundum
1154 4858 1400 4904 exactam
1428 4851 1670 4905 vertendi
1694 4852 1863 4906 ratio-

289 4952 445 5002 nem,
489 4938 555 4991 de
590 4953 693 5007 qua
725 4936 1088 5010 Hieronymus
1114 4942 1166 4994 in
1198 4939 1525 4995 Ezecliielem
1553 4958 1674 5012 pag.
1708 4942 1810 4997 7l6
1846 4962 1861 4998 :

284 5029 498 5100 Aquila:
544 5028 773 5085 secunda
808 5030 991 5093 editio,
1039 5048 1197 5102 quam
1246 5031 1460 5089 Hebraei
1512 5033 1651 5088 κατά
1706 5036 1864 5108 ἀκρί-

286 5122 441 5178 ϐειαν
466 5126 782 5187 nominant;
814 5124 906 5178 ubi
935 5134 1084 5178 tanta
1114 5127 1462 5181 accuratione
1484 5128 1650 5181 verba
1684 5137 1738 5182 et
1768 5141 1863 5182 vo-

286 5216 441 5272 culas
492 5214 740 5283 singulas
785 5213 1084 5269 Hebraicas
1130 5214 1354 5271 reddere
1394 5217 1639 5282 curabat,
1692 5224 1753 5270 ut
1797 5218 1864 5273 de

287 5307 412 5378 styli
440 5306 693 5361 barbarie
726 5306 863 5360 nihil
892 5307 1173 5376 cogitaret.
1216 5305 1495 5375 Ejusmodi
1537 5322 1668 5363 vero
1696 5324 1864 5362 κακο-

286 5398 482 5472 ζηλίας
525 5399 771 5470 exempla
815 5401 984 5454 multa
1016 5399 1260 5469 proferre
1288 5414 1612 5471 possemus;
1644 5401 1737 5457 sed
1757 5443 1772 5467 ,
1803 5411 1865 5455 ut

287 5502 485 5545 cetera
516 5499 749 5555 taceam,
801 5489 926 5557 quis
970 5506 1077 5544 non
1126 5505 1267 5559 aegre
1293 5488 1432 5544 {erat
1459 5488 1572 5544 haec
1597 5488 1862 5546 Hebraica

288 5582 474 5645 verba,
505 5589 672 5666 vam
698 5590 803 5640 nm
828 5590 1034 5641 crinem
1055 5592 1137 5640 nn
1161 5565 1339 5640 nvn‘m
1365 5592 1487 5641 n1:
1504 5589 1761 5647 niueas,
1784 5582 1864 5637 sic

288 5688 547 5743 expressa
576 5673 778 5737 videre,
827 5674 885 5726 ὲν
908 5673 1187 5744 κεφαλαίῳ
1215 5673 1425 5728 ἔκτισεν
1451 5677 1480 5729 ὁ
1500 5674 1632 5738 Θεὸς
1658 5676 1754 5729 σὺν
1774 5675 1865 5728 τὸν

288 5765 517 5838 οὐρανὸν
551 5764 646 5820 καὶ
680 5766 777 5820 σὺν
806 5764 902 5837 τὴν
943 5765 1047 5836 γῆν
1073 5782 1086 5796 ·
1125 5767 1380 5822 nimirum
1414 5766 1505 5823 ille
1533 5782 1600 5823 ne
1625 5766 1863 5839 particu-

1963 4578 2032 4634 ab
2056 4576 2287 4648 Origene
2310 4576 2487 4647 posita
2512 4573 2693 4638 fuerit,
2717 4589 2786 4629 an
2812 4573 3010 4644 prima,
3036 4588 3106 4627 an
3134 4571 3391 4635 secunda,
3412 4585 3535 4641 quae

1963 4671 2083 4724 κατ’
2130 4668 2416 4741 ἀκρίϐειαν
2465 4667 2762 4722 vocabatur
2794 4687 2805 4720 :
2836 4675 2890 4721 et
2917 4675 3097 4719 utrum
3135 4679 3346 4735 semper
3378 4679 3533 4719 eam-

1963 4763 2085 4817 dem
2135 4760 2444 4816 adhibuerit
2488 4756 2752 4829 Origenes
2799 4757 2853 4811 in
2899 4755 3157 4814 omnibus
3203 4765 3258 4810 et
3302 4755 3532 4826 singulis

1966 4852 2261 4922 Scriptura:
2294 4850 2485 4917 libris;
2511 4864 2579 4903 an
2601 4848 2764 4903 modo
2796 4862 2983 4913 unam,
3015 4848 3178 4902 modo
3202 4846 3425 4900 alteram
3446 4860 3537 4915 ap-

1964 4942 2229 5015 posuerit.
2288 4939 2407 4995 Non
2442 4941 2634 4995 dubito
2662 4953 2779 4993 eam
2814 4938 2867 4992 in
2914 4937 3166 5007 Hexaplis
3208 4937 3370 4991 tertio
3414 4936 3534 4991 loco

1963 5035 2235 5107 posuisse,
2276 5048 2395 5102 qua:
2434 5031 2560 5102 quia
2602 5029 2769 5084 nimia
2815 5029 3163 5084 accuratione
3208 5027 3534 5083 concinnata

1963 5134 2101 5191 erat,
2128 5125 2244 5177 κατ’
2278 5121 2563 5193 ἀκρίϐειαν
2595 5120 2739 5176 facta
2767 5120 3081 5186 dicebatur;
3110 5132 3304 5188 nempe
3333 5131 3531 5172 secun-

1965 5217 2110 5271 dam.
2168 5214 2221 5269 ld
2258 5228 2387 5269 vero
2430 5213 2623 5268 suadet
2653 5210 2918 5283 particula
2965 5211 3061 5264 σὺν
3095 5223 3237 5277 saepe
3267 5207 3443 5277 posita
3474 5207 3533 5261 in

1967 5305 2035 5360 iis
2077 5320 2199 5375 quae
2247 5310 2541 5373 supersunt
2569 5301 2828 5358 editionis
2860 5299 3071 5369 Aquilae
3098 5297 3448 5370 fragmentis,
3480 5306 3536 5350 et

1966 5400 2071 5454 alia
2100 5400 2282 5454 nimiae
2313 5397 2592 5467 religionis
2618 5396 2866 5465 vestigia.
2927 5393 3008 5448 Ex
3038 5392 3227 5448 eadem
3250 5391 3413 5447 etiam
3438 5390 3536 5445 de-

1966 5501 2167 5562 cerpta:
2196 5491 2344 5545 fuere
2373 5490 2634 5545 lectiones
2661 5487 2890 5557 Aquilae,
2919 5500 3041 5554 quas
3075 5485 3128 5538 in
3157 5483 3396 5538 editione
3425 5481 3536 5536 τῶν

1967 5582 2023 5637 0'
2060 5581 2337 5651 liexaplari
2362 5596 2485 5635 cum
2531 5577 2805 5633 asteriscis
2828 5576 2896 5630 ab
2919 5574 3148 5645 Origene
3169 5574 3359 5644 positae
3384 5581 3533 5628 sunt.

1966 5673 2168 5730 Verum
2197 5674 2323 5745 quia
2350 5673 2404 5727 in
2436 5671 2575 5725 locis
2602 5669 2831 5740 Aquila,
2858 5683 2979 5737 qua:
3006 5667 3316 5736 frequenter
3345 5666 3401 5718 in
3431 5664 3536 5718 hac

1968 5765 2332 5843 Hexapjorum
2360 5762 2678 5820 collectione
2707 5770 3025 5824 occurrunt,
3078 5762 3193 5815 haec
3236 5767 3344 5814 tam
3375 5770 3533 5813 scru-
