4122 6416
558 337 635 404 ω
1941 325 2464 388 ριιιειιιιΝΑιιιΑ
3759 333 3832 390 ει

561 461 759 536 pulosa
800 459 1044 517 vertendi
1091 458 1233 516 ratio
1261 473 1371 515 non
1407 458 1612 532 ubique
1635 457 1963 515 observatur
1979 498 1995 523 ,
2020 453 2152 510 hinc
2177 454 2227 514 Δ
2252 466 2376 523 quae
2403 467 2435 507 a
2459 451 2718 508 Patribus
2744 460 2800 508 ut
2829 451 3161 509 Christiana:
3189 450 3315 509 ﬁdei
3341 450 3702 526 repugnantia
3743 469 3830 510 re-

562 554 797 610 fortasse
821 551 1094 624 quispiam
1123 550 1455 624 suspicetur,
1485 565 1550 606 ea
1572 565 1696 622 quae
1717 547 2020 621 elegantius
2048 562 2145 602 ex-

561 644 875 716 primuntur
893 685 909 710 ,
937 659 1039 700 nec
1069 652 1276 699 tantam
1307 641 1605 715 praeierunt
1636 639 1951 712 interpretis
1985 637 2148 710 ἀκρί-

562 738 735 803 ϐειαν,
769 751 837 792 ex
871 736 1048 808 prima
1086 737 1207 806 ejus
1231 736 1505 801 versione,
1539 751 1662 806 qua:
1685 733 1942 790 liberiore
1971 733 2144 788 inter-

561 827 810 900 pretandi
857 843 1056 900 genere
1084 828 1347 884 adornata
1393 827 1592 893 fuerat,
1635 827 1920 897 desumpta
1947 825 2142 881 fuisse.

561 916 768 976 Verum
795 920 980 991 potuit
1014 919 1212 990 Aquila
1234 958 1248 981 ,
1280 919 1445 974 etiam
1482 920 1537 974 in
1569 917 1661 974 illa
1693 917 1814 972 κατ’
1857 915 2146 989 ἀκρίϐειαν

559 1013 1034 1085 interpretatione,
1058 1027 1168 1068 non
1201 1028 1418 1085 semper
1430 1013 1620 1070 eadem
1644 1011 1905 1084 religione
1935 1011 1990 1066 in
2018 1024 2145 1065 ver-

558 1103 728 1161 tendo
759 1102 844 1158 uti
890 1121 906 1157 :
957 1117 1059 1159 nec
1085 1103 1368 1159 insolitum
1411 1113 1496 1160 est
1522 1104 1846 1174 interpretes
1871 1100 2148 1172 quoslibet

560 1195 728 1252 modo
773 1195 968 1252 litteris
1008 1197 1248 1262 haerere,
1297 1195 1461 1253 modo
1511 1195 1842 1268 elegantiore
1877 1194 2146 1265 interpre-

561 1289 715 1345 tandi
745 1304 945 1362 genere
975 1289 1292 1360 procedere.
1335 1290 1556 1345 Certum
1583 1289 1750 1360 igitur
1779 1287 1990 1354 habeo,
2017 1285 2143 1342 Ori-

561 1395 753 1452 genem
776 1382 831 1437 in
855 1381 1014 1437 tertia
1048 1381 1415 1453 Hexaplorum
1445 1380 1701 1438 columna
1734 1377 1946 1450 Aquila:
1975 1377 2144 1433 inter-

559 1474 921 1545 pretationem
950 1475 1099 1530 illam
1127 1476 1378 1546 posuisse
1399 1517 1415 1541 ,
1454 1489 1577 1544 qua:
1625 1475 1745 1528 κατ’
1777 1472 2064 1546 ἀκρίϐειαν
2090 1480 2146 1528 et

559 1567 800 1622 secunda
841 1567 1140 1624 vecabatur
1161 1609 1175 1632 ,
1207 1578 1262 1623 et
1307 1567 1565 1623 lectiones
1611 1565 1822 1636 Aquilae
1850 1565 1973 1620 illas
2004 1580 2145 1636 quas

559 1657 863 1728 praemissis
914 1658 1196 1714 asteriscis
1242 1657 1298 1713 in
1343 1656 1622 1728 hexaplari
1666 1655 1772 1710 τῶν
1805 1657 1862 1709 0'
1905 1655 2146 1712 editione

559 1749 764 1818 posuit,
797 1766 866 1806 ex
893 1764 958 1806 ea
989 1752 1288 1822 accepisse.

561 1859 654 1918 IV.
687 1862 771 1918 An
800 1862 866 1920 de
893 1864 1162 1936 industria
1193 1865 1386 1936 Aquila
1423 1865 1667 1936 quredam
1702 1863 1999 1934 Scriptum
2025 1865 2144 1918 loca

939 1937 995 2004 in
1028 1935 1198 1990 alium
1227 1935 1442 1990 sensum
1466 1936 1764 1989 detorserit.

632 2023 755 2083 Una
801 2026 906 2083 fuit
955 2037 1274 2084 sanctorum
1328 2027 1551 2083 Patrum
1598 2035 1955 2098 veterumque
2008 2043 2145 2098 pene

561 2117 806 2172 omnium
849 2132 1006 2174 mens
1053 2127 1108 2174 et
1150 2117 1359 2188 opinio,
1394 2117 1645 2188 Aquilam
1694 2120 1769 2174 ob
1800 2119 2003 2174 illatam
2037 2119 2144 2174 sibi

560 2207 632 2263 ab
665 2206 925 2266 Ecclesiae
957 2207 1251 2280 praefectis,
1291 2225 1457 2280 quam
1495 2225 1661 2280 supra
1690 2211 2143 2275 memoravimus,

557 2300 948 2356 contumeliam
985 2301 1135 2371 (nam
1167 2302 1312 2372 quod
1343 2302 1418 2357 illi
1456 2318 1524 2357 ex
1555 2317 1686 2358 vero
1711 2302 1993 2374 religionis
2031 2304 2146 2372 pie-

557 2389 800 2460 tatisque
833 2391 1014 2447 studio
1045 2392 1401 2457 admiserant,
1449 2393 1665 2464 injuria:
1695 2394 1821 2450 loco
1863 2395 2142 2466 habebat),

560 2478 836 2537 infensum
862 2490 1047 2552 postea
1069 2481 1399 2539 Christiana:
1427 2484 1675 2554 religioni
1703 2483 1902 2551 fuisse;
1933 2499 2000 2540 ac
2023 2483 2143 2539 loca

558 2566 772 2626 Veteris
798 2571 1156 2638 Testamenti,
1192 2589 1314 2644 qua:
1339 2571 1584 2628 futurum
1610 2575 1816 2631 Christi
1850 2576 2141 2633 adventum

559 2664 1024 2732 praenuntiabant,
1072 2665 1141 2721 de
1193 2666 1462 2722 industria
1523 2667 1578 2722 itt
1633 2669 1990 2724 translatione
2041 2685 2142 2725 sua

559 2753 910 2824 depravasse,
952 2765 1008 2811 et
1049 2757 1105 2810 in
1148 2757 1317 2813 alium
1372 2773 1596 2814 sensum
1640 2759 1958 2816 detorsisse.
1991 2759 2145 2816 Licet

560 2853 744 2898 autem
777 2859 841 2899 ea
874 2860 998 2916 quae
1029 2846 1096 2902 de
1131 2847 1552 2905 Christianismo
1589 2850 1659 2906 ab
1703 2851 1899 2924 Aquila
1928 2853 2143 2924 ejurato

559 2935 902 3006 Epiphanius
929 2939 1154 2997 tradidit
1181 2956 1291 2996 non
1321 2943 1636 3012 suspicione
1661 2955 1876 3011 vacent,
1893 2954 1952 3000 ut
1975 2963 2141 3017 supra

558 3027 822 3096 diximus,
857 3040 1096 3087 attamen
1132 3033 1249 3088 sive
1284 3049 1315 3088 a
1353 3035 1681 3092 Christianis
1707 3037 1776 3093 ad
1803 3036 2022 3096 Judaaos
2049 3040 2143 3095 de-

559 3119 770 3189 fecerit,
817 3124 932 3180 sive
958 3123 1180 3182 Judaeus
1207 3125 1277 3180 ah
1307 3137 1501 3184 exortu
1547 3128 1732 3196 fuerit,
1765 3131 1838 3186 ob
1881 3131 2145 3189 Christia-

557 3213 722 3269 niemi
773 3215 962 3272 odium
990 3219 1172 3290 aliqua
1222 3221 1519 3292 Scriptura:
1569 3223 1688 3279 loca
1712 3224 2012 3282 detorsisse
2038 3242 2141 3298 pu-

553 3307 796 3366 tabatur.
837 3308 929 3367 Sic
987 3313 1260 3380 irenreus,
1321 3315 1623 3382 Eusebius,
1669 3315 2038 3389 Epiphanius,
2085 3331 2141 3378 et

555 3402 853 3474 aliquando
880 3403 1280 3480 Hieronymus;
1315 3409 1394 3466 sic
1421 3411 1586 3466 etiam
1612 3409 1962 3481 Philastrius,
1994 3415 2140 3470 Ana-

555 3495 762 3578 stasius
793 3495 1026 3564 Sinaita,
1052 3499 1256 3570 aliique
1287 3512 1597 3559 senserunt.
1635 3501 1831 3559 Verum
1864 3503 2137 3578 Hierony-

556 3575 704 3655 mus,
733 3588 829 3658 qui
860 3604 1049 3659 parem
1072 3591 1140 3647 de
1165 3591 1364 3663 Aquila
1394 3595 1721 3650 sententiam
1753 3596 1885 3652 alibi
1915 3575 2134 3663 tulerat,

556 3678 612 3733 in
636 3680 866 3750 epistola
897 3683 1133 3752 quadam
1165 3684 1231 3738 ad
1267 3681 1565 3742 Damasum
1597 3686 1696 3755 ait,
1720 3703 1848 3744 eum
1873 3705 1983 3744 non
2013 3707 2140 3744 con-

557 3771 800 3834 tentiase,
828 3783 888 3828 ut
935 3773 1031 3828 alii
1075 3775 1504 3844 arbitrabantur,
1542 3780 1637 3835 sed
1685 3782 1920 3836 studiose
1965 3783 2137 3838 inter-

555 3869 832 3931 pretatum
862 3879 1005 3921 esse.
1047 3864 1163 3920 lmo
1197 3865 1604 3925 Commentariis
1640 3872 1693 3924 in
1735 3870 1992 3927 Habaeuc
2021 3874 2141 3929 lau-

555 3955 652 4010 dat
685 3955 862 4023 illum,
893 3958 1038 4028 quod
1071 3959 1204 4026 haec;
1222 3960 1411 4027 verba,
1453 3959 1710 4033 Egressus
1745 3981 1798 4019 es
1832 3966 1888 4019 in
1915 3965 2139 4020 salutent

554 4047 741 4116 populi
783 4049 880 4114 tui,
929 4050 986 4103 in
1028 4050 1255 4106 salutem
1298 4068 1418 4106 cum
1445 4053 1656 4109 Chrile
1690 4064 1803 4126 tuo,
1835 4059 2139 4114 secundum

554 4135 993 4198 Christianorum
1047 4153 1288 4200 mentem
1339 4147 1717 4216 transtulerit;
1766 4163 1895 4206 cum
1948 4161 2140 4207 contra

557 4231 922 4306 Symmachus
943 4245 998 4292 et
1025 4234 1350 4304 Theodotio,
1379 4238 1679 4297 Christiani
1709 4243 1856 4307 licet,
1883 4243 1939 4298 in
1970 4243 2138 4299 alium

554 4341 780 4382 sensum
811 4326 1159 4385 declinarint.
1194 4328 1261 4385 Et
1298 4332 1429 4388 alibi
1459 4349 1682 4405 quoque
1710 4333 1831 4406 ejus
1863 4335 2140 4394 defensio-

555 4431 680 4472 nem
720 4419 1001 4490 suscipere
1045 4421 1282 4477 videtur.
1311 4421 1494 4490 Quare
1526 4426 1830 4495 putaverim
1864 4423 2135 4501 Hierony-

2249 543 2682 615 prehenduntur,
2724 544 2814 601 hic
2848 543 3131 613 proferre;
3162 554 3224 600 ut
3254 545 3580 616 exquiratur
3611 560 3743 600 nun:
3768 560 3831 602 re

2246 651 2375 690 vera
2405 635 2602 706 Aquila
2629 636 2696 691 de
2725 635 2997 695 industria
3024 638 3141 694 haec
3168 640 3236 694 ad
3266 637 3429 693 aliam
3463 645 3700 692 mentem
3731 637 3830 693 de-

2244 727 2490 783 terserit.
2515 725 2618 794 Qui
2643 730 2796 798 prior
2815 728 3068 800 Aquilam
3099 729 3374 800 simulque
3395 727 3828 784 Theodotionem

2245 819 2591 887 criminatur,
2617 829 2702 876 est
2742 819 2979 878 [retia-us
3021 821 3117 877 lib.
3151 836 3237 888 nt,
3267 835 3390 892 cap.
3440 819 3533 884 24,
3561 820 3656 875 ubi
3700 820 3777 876 ait
3810 840 3825 875 :

2249 911 2373 967 Non
2415 930 2536 968 sera
2575 923 2653 968 est
2698 915 3086 986 interpretatio,
3134 929 3262 970 ecce
3307 913 3736 980 adolescentula,
3769 921 3828 966 ut

2249 1002 2573 1058 Theodotion
2609 1003 2866 1075 Ephesius
2889 1015 2938 1060 et
2965 1004 3163 1076 Aquila
3206 1003 3462 1060 Ponticus
3492 1012 3614 1059 sunt
3657 1003 3830 1058 inter-

2243 1096 2462 1164 pretati.
2495 1094 2638 1150 Hinc
2673 1095 2917 1152 Ebionci
2941 1111 3008 1152 ea:
3047 1095 3244 1166 Ioseph
3274 1106 3459 1150 natum
3495 1096 3669 1150 aiunt.
3697 1094 3830 1166 Agi-

2243 1195 2334 1243 tur
2371 1186 2462 1242 hic
2509 1187 2578 1243 de
2621 1186 2834 1244 Hesaiaa
2867 1189 2991 1244 loco
3020 1205 3122 1257 vn,
3154 1187 3224 1244 ιι
3255 1207 3270 1244 :
3301 1187 3436 1243 Ecce
3463 1192 3609 1260 virgo
3652 1188 3830 1242 conci-

2240 1279 2346 1348 piet
2367 1286 2418 1334 et
2441 1279 2612 1349 pariet
2631 1278 2831 1348 filium.
2861 1279 2946 1336 An
2971 1291 3153 1337 autem
3183 1289 3244 1336 ut
3266 1280 3446 1336 locum
3479 1279 3829 1350 detorqueret

2241 1370 2463 1441 Aquila,
2493 1371 2576 1429 sic
2609 1372 2920 1430 versionem
2957 1389 3116 1430 suam
3152 1373 3588 1438 concinnaverit,
3616 1371 3824 1429 nescio.

2245 1461 2553 1520 Verisimile
2579 1473 2763 1522 tamen
2787 1475 2873 1522 est
2898 1481 3025 1522 eum
3049 1481 3081 1521 a
3111 1481 3248 1522 voce
3275 1465 3548 1537 παρθένος
3574 1463 3829 1520 consulto

2243 1555 2570 1626 declinasse,
2613 1559 2745 1630 quia
2793 1559 2897 1616 hac
2943 1558 3181 1614 maxime
3208 1557 3494 1630 prophetia
3533 1557 3828 1613 utebantur

2243 1647 2542 1705 Christiani
2567 1663 2668 1721 pro
2689 1666 2791 1707 sua
2821 1650 3023 1708 tuenda
3053 1651 3176 1706 fide.
3204 1652 3323 1706 lmo
3347 1665 3447 1706 nec
3477 1664 3667 1705 vocem
3690 1647 3830 1703 ἀπό-

2248 1759 2479 1814 κρυφος,
2509 1745 2844 1809 abscondita,
2878 1759 3045 1816 quam
3079 1744 3207 1799 alibi
3238 1759 3340 1815 pro
3373 1741 3641 1798 Hebraica
3667 1724 3831 1806 δέη

2245 1835 2599 1903 exprimenda
2659 1835 2902 1901 adhibet,
2951 1837 3043 1893 hic
3101 1850 3372 1905 usurpare
3426 1833 3635 1899 voluit;
3685 1833 3820 1902 quia

2246 1923 2390 1979 forte
2451 1925 2568 1980 haec
2622 1927 3002 1998 interpretatio
3049 1927 3285 2000 puellam
3316 1966 3332 1991 ,
3393 1940 3519 1997 qua:
3576 1925 3826 1980 virorum

2246 2019 2491 2087 aspectui
2548 2019 2765 2075 occulta
2815 2029 3123 2088 manserat,
3171 2029 3336 2090 atque
3387 2019 3510 2074 ideo
3557 2018 3828 2090 virginem

2245 2109 2604 2180 exprimebat.

2316 2200 2587 2258 Eusebius
2632 2201 2992 2260 Caesariensis
3039 2202 3338 2258 Comment.
3387 2203 3442 2257 in
3491 2202 3684 2274 psalm.
3735 2218 3828 2270 xc,

2247 2296 2299 2364 Ῡ.
2331 2295 2389 2362 9,
2425 2295 2679 2365 Aquilam
2711 2303 2768 2351 et
2794 2296 3184 2368 Symmachum
3216 2295 3416 2365 carpit,
3445 2295 3592 2366 quod
3623 2295 3831 2351 doctri-

2245 2403 2375 2444 nam
2406 2387 2474 2444 de
2502 2388 2788 2445 Altissimo
2829 2396 2885 2446 et
2914 2389 2984 2444 de
3007 2387 3262 2454 Domino,
3295 2389 3346 2443 id
3371 2399 3456 2444 est
3483 2387 3552 2445 de
3578 2387 3742 2445 Patre
3771 2397 3832 2446 et

2246 2480 2404 2548 Filio,
2424 2493 2738 2554 suspectam
2764 2483 3052 2550 habentes,
3071 2481 3511 2555 ιουδαῖκὼτερον,
3526 2483 3642 2539 sive
3661 2483 3830 2540 modo

2245 2573 2313 2630 ad
2352 2573 2636 2629 Judaicatn
2684 2574 3012 2630 sententiam
3065 2575 3358 2630 accedente
3402 2577 3517 2628 haec
3559 2572 3826 2629 Hebraica

2243 2665 2409 2720 verba
2429 2674 2610 2746 1mm
2639 2674 2786 2724 nm
2806 2648 2942 2749 ἶν’-η
2971 2673 3122 2724 tum
3144 2673 3263 2723 ητις
3294 2673 3506 2724 την-θ»
3538 2664 3618 2720 sic
3643 2671 3827 2735 trans-

2246 2757 2491 2822 tulerint,
2553 2758 2750 2828 Aquila
2777 2773 2993 2829 nempe,
3024 2759 3146 2812 Ὀτι
3171 2758 3258 2824 σὺ,
3288 2758 3484 2830 Κύριε,
3519 2757 3674 2822 ἐλπίς
3698 2773 3825 2830 μου,

2246 2851 2468 2922 ὕψιστον
2500 2849 2672 2923 ἔθηκα
2700 2850 3122 2922 κατοικητήριόν
3157 2867 3251 2904 σου
3270 2866 3286 2882 ο
3311 2847 3579 2915 Quoniam
3612 2858 3690 2916 tu,
3715 2847 3829 2903 Dor

2246 2944 2406 3008 mine,
2427 2959 2541 3012 spes
2563 2959 2700 3011 mea,
2727 2943 3050 2997 altissimum
3079 2943 3232 3013 posui
3258 2942 3625 2996 habitaculum
3651 2951 3826 3007 tuum;

2249 3035 2612 3107 Symmachus
2636 3051 2788 3102 vero,
2814 3036 2886 3090 Σὺ
2910 3035 3041 3108 γὰρ,
3065 3035 3187 3101 ess,
3211 3034 3415 3103 ἀφασία
3443 3051 3569 3105 μου,
3591 3033 3826 3104 ὑψίστην

2246 3123 2370 3177 ἔθου
2421 3123 2522 3194 τὴν
2559 3122 2880 3196 κατοίκησιν
2929 3140 3056 3177 σουο
3105 3123 3184 3178 Tu
3230 3125 3394 3192 enim,
3437 3123 3599 3189 Deus,
3627 3123 3827 3194 fiducia

2244 3229 2381 3280 mea,
2422 3214 2745 3270 altissimam
2777 3215 3006 3284 posuisti
3045 3215 3428 3271 habitationem
3477 3224 3644 3272 tuam.
3681 3214 3825 3283 Quid

2239 3305 2568 3363 Christianis
2615 3308 2856 3364 olliciant
2907 3307 3223 3380 hujusmodi
3276 3308 3684 3373 translationes,
3715 3323 3826 3363 non

2239 3400 2376 3456 satis
2404 3401 2696 3472 perspicio.
2733 3401 2804 3456 At
2837 3399 3110 3456 Eusebius
3155 3401 3273 3457 vult
3299 3401 3414 3457 haec
3440 3401 3603 3456 verba
3635 3420 3649 3456 :
3681 3401 3827 3467 Quo-

2239 3494 2382 3546 niam
2417 3504 2497 3558 tu,
2534 3495 2779 3560 Domine,
2810 3511 2927 3564 spes
2953 3511 3091 3559 mea,
3123 3493 3445 3549 altissimum
3481 3497 3712 3566 posuisti
3744 3513 3824 3550 re-

2240 3587 2446 3656 fugium
2478 3599 2650 3653 tuum,
2683 3597 2743 3643 ut
2775 3589 2830 3642 in
2873 3585 3015 3640 LXX
3049 3588 3324 3657 leguntur,
3359 3589 3438 3643 sic
3479 3587 3828 3656 intelligenda

2241 3693 2383 3746 esse,
2417 3689 2476 3733 ut
2521 3679 2674 3746 illud,
2711 3679 2954 3745 Domine,
2987 3679 3259 3750 signiﬁcet
3301 3678 3533 3746 Filium;
3573 3687 3628 3734 et
3668 3679 3825 3747 illud,

2242 3771 2602 3837 altissimum,
2650 3787 2814 3842 quem
2865 3787 2967 3843 pro
3014 3771 3226 3844 refugio
3267 3788 3371 3828 suo
3419 3774 3592 3844 ponit'
3623 3771 3822 3837 Filius,

2242 3865 2511 3934 signiﬁcet
2545 3863 2760 3920 Patrem
2800 3883 2813 3918 :
2848 3881 2955 3935 qua
3000 3867 3124 3922 data
3167 3865 3612 3935 interpretatione
3649 3863 3827 3936 magis

2241 3955 2556 4011 Arianismo
2601 3955 2783 4011 favere
2827 3957 3041 4012 videtur
3083 3955 3376 4022 Eusebius,
3419 3956 3578 4027 cujus
3624 3970 3827 4027 scopus

2241 4055 2325 4101 est
2360 4047 2527 4101 Deum
2569 4046 2767 4104 Filium
2819 4049 2980 4120 longe
3031 4048 3302 4103 minorem
3353 4045 3466 4102 Deo
3507 4045 3669 4103 Patre
3711 4056 3827 4106 sta-

2245 4148 2418 4203 tuere,
2446 4157 2609 4210 quam
2639 4141 2834 4212 Aquila
2871 4151 2926 4198 et
2957 4141 3323 4214 Symmachus
3348 4139 3656 4197 Judaismo.

2315 4228 2678 4302 Hieronymus
2724 4231 2778 4285 in
2825 4231 3076 4286 Hesaiam
3132 4245 3253 4300 cap.
3305 4244 3454 4295 xux,
3504 4229 3559 4296 5,
3609 4229 3662 4282 iu
3708 4227 3827 4284 haec

2241 4321 2407 4376 verba
2437 4328 2578 4404 non?
2605 4304 2679 4380 κί’)
2704 4304 2936 4388 Samnii,
2967 4321 3060 4375 ubi
3102 4320 3298 4391 Aquila
3329 4320 3509 4386 vertit,
3543 4319 3611 4375 Et
3651 4319 3826 4374 Israel

2241 4417 2290 4472 ei
2311 4415 2737 4487 congregabltur,
2769 4415 2884 4470 hare
2911 4416 3155 4470 adnotat.
3190 4413 3268 4467 De
3293 4413 3488 4484 Aquila
3515 4421 3692 4468 autem
3719 4429 3826 4467 non

555 4522 733 4575 mum,
777 4510 833 4565 in
868 4512 992 4568 aliis
1025 4513 1161 4570 locis
1194 4514 1289 4570 ubi
1318 4515 1571 4586 Aquilam
1602 4519 1762 4588 quasi
1806 4518 2137 4578 Christianis
2167 4531 2214 4588 υ
2243 4511 2428 4576 miror,
2459 4510 2598 4579 quod
2627 4510 2780 4562 homo
2813 4508 3207 4562 eruditissimus
3245 4506 3442 4577 lingua:
3469 4505 3742 4560 Ilebratca:
3768 4507 3826 4558 in

555 4597 833 4655 infensum
889 4617 1116 4674 carpere
1145 4606 1380 4671 videtur,
1415 4623 1484 4662 ex
1533 4610 1740 4681 vulgari
1774 4611 2007 4666 aliorum
2041 4614 2136 4683 qui

554 4703 952 4762 praecesserant
1007 4696 1276 4754 sententia
1335 4700 1578 4757 locutum
1636 4719 1791 4772 esse;
1844 4706 2140 4777 ipsumque

557 4791 761 4852 tamen,
790 4786 886 4856 qui
913 4786 1037 4856 plus
1070 4804 1236 4858 quam
1272 4793 1452 4848 caeteri
1478 4809 1673 4850 omnes
1698 4795 1910 4867 Aquila:
1940 4799 2141 4853 versio-

556 4892 683 4932 nem
729 4887 1080 4946 tractaverat,
1111 4883 1218 4938 alia
1261 4885 1518 4956 opinione
1566 4886 1759 4943 fuisse.
1805 4889 2022 4960 Aquila,
2056 4892 2139 4945 in-

555 4970 678 5040 quit
705 4969 757 5025 in
787 4971 1019 5042 epistola
1048 4973 1115 5029 ad
1145 4973 1468 5046 Damasum,
1489 4982 1580 5051 qui
1605 4997 1709 5036 non
1733 4985 2136 5050 contentiosius,

555 5071 615 5114 ut
645 5063 863 5133 quidam
894 5075 1107 5136 putant,
1136 5067 1227 5122 sed
1259 5070 1549 5126 studiosius
1579 5073 1786 5128 verbum
1820 5075 2138 5145 interpreta-

560 5161 648 5206 tur
670 5156 739 5210 ad
775 5155 1008 5212 uerbum.
1048 5155 1114 5214 Et
1137 5159 1191 5214 in
1233 5161 1465 5232 epistola
1494 5164 1563 5218 ad
1597 5163 1908 5221 Marcellam
1959 5186 1972 5221 :
2010 5165 2140 5220 lant

557 5247 760 5316 pridem
773 5265 892 5304 cum
908 5248 1260 5306 voluminibus
1276 5251 1622 5310 Hebraeorum
1635 5257 1921 5314 editionem
1931 5261 2141 5330 Aquila:

556 5337 792 5408 confero,
837 5358 902 5396 ne
948 5343 1080 5413 quid
1119 5355 1334 5415 propter
1375 5347 1560 5402 odium
1604 5348 1808 5405 Christi
1856 5351 2142 5424 Synagoga

555 5432 880 5496 mutaverit;
908 5443 980 5499 et,
1010 5445 1070 5488 ut
1101 5437 1290 5491 amice
1321 5439 1482 5492 menti
1523 5439 1721 5509 fatear,
1764 5459 1882 5512 qum
1923 5444 1992 5497 ad
2045 5462 2143 5498 no-

554 5535 722 5575 stram
745 5523 904 5594 ﬁdem
923 5529 1218 5596 pertineant
1259 5530 1611 5586 roborandam
1634 5532 1790 5602 plura
1814 5538 2033 5606 reperio.

557 5609 622 5667 ν.
661 5613 1050 5698 {impenduntur
1095 5621 1330 5698 loea‘ubi
1360 5624 1578 5694 Aquila,
1601 5629 1758 5698 quasi
1784 5629 1847 5682 ob
1877 5629 2141 5687 Christia-

630 5687 790 5741 nismi
805 5688 1004 5743 oodium
1037 5691 1176 5746 male
1206 5687 1627 5765 interpretatus;
1644 5700 2065 5768 reprehenditur.

628 5775 670 5831 Ε
695 5793 752 5834 re
776 5789 958 5836 autem
983 5781 1282 5841 fueritloca
1301 5785 1392 5843 illa
1415 5787 1888 5861 interpretationis
1903 5791 2136 5866 Aquilae,

2245 4605 2342 4657 hoc
2363 4603 2478 4656 loco
2509 4612 2602 4655 aut
2624 4601 2896 4656 sintularit
2926 4601 3275 4670 imperitiam,
3304 4610 3398 4653 aut
3423 4598 3824 4654 Pharisteorunt

2241 4711 2484 4766 perversa
2511 4692 2944 4762 interpretatione
2972 4691 3216 4760 deceptus
3245 4699 3336 4754 stt,
3362 4692 3452 4761 qui
3483 4690 3824 4760 interpretari

2241 4787 2430 4851 voluit,
2454 4794 2508 4840 et
2540 4783 2706 4839 Israel
2733 4785 2783 4839 ei
2811 4783 3252 4854 congregabitur,
3283 4781 3380 4835 hoc
3403 4790 3504 4846 est,
3533 4781 3638 4835 Deo
3661 4796 3680 4836 :
3702 4795 3821 4834 eum

2241 4880 2453 4935 uerbum
2487 4877 2811 4932 Ilebraicum
2843 4890 2931 4939 ιο,
2957 4874 3013 4927 in
3045 4873 3142 4927 hoc
3171 4873 3285 4926 loco
3317 4889 3420 4925 non
3442 4872 3708 4926 scribatur
3729 4885 3824 4941 per

2242 4987 2417 5027 unt-zu
2449 4982 2496 5024 et
2538 4984 2664 5035 vsa,
2696 4967 2835 5039 quod
2877 4967 2923 5022 si
2961 4975 3116 5032 esset,
3144 4965 3472 5035 signiﬁcaret
3514 4965 3563 5019 ei
3593 4963 3672 5018 vel
3702 4963 3821 5032 illi;

2243 5065 2333 5120 sed
2370 5079 2461 5134 per
2484 5076 2659 5116 ωηο
2695 5073 2888 5126 suum,
2918 5065 3056 5130 quod
3096 5057 3306 5128 proprie
3337 5064 3491 5110 sonat
3521 5071 3652 5110 non.
3695 5051 3826 5109 Haec

2241 5166 2409 5224 porro
2437 5149 2674 5205 varietas
2703 5147 3217 5218 interpretationum
3253 5161 3317 5201 es
3349 5147 3612 5200 varietate
3633 5144 3824 5199 lectio-

2241 5261 2372 5301 num
2401 5243 2547 5300 haud
2577 5241 2739 5298 dubie
2759 5240 3003 5312 profecta
3037 5249 3123 5296 est
3148 5259 3162 5295 :
3193 5255 3320 5294 nam
3355 5240 3459 5294 alia
3488 5238 3819 5309 exemplaria

2242 5319 2334 5402 κι),
2357 5343 2411 5390 et
2439 5335 2544 5389 alia
2584 5315 2638 5393 π’)
2671 5332 2962 5396 habebant,
2999 5331 3269 5399 hodieque
3303 5328 3358 5383 in
3385 5327 3574 5384 Bibliis
3610 5328 3823 5383 Masso-

2243 5425 2429 5482 reticis
2462 5425 2657 5496 legitur
2674 5407 2750 5482 RL)
2768 5431 2822 5478 et
2843 5422 2897 5476 in
2925 5422 3170 5493 margine
3194 5426 3296 5508 91p
3309 5403 3382 5480 ᾖ.
3405 5418 3516 5475 Nec
3539 5419 3823 5491 quidpiam

2244 5517 2372 5572 hinc
2401 5517 2454 5571 in
2480 5515 2710 5588 gratiam
2739 5511 3055 5570 Judaorum
3089 5513 3271 5584 colligi
3307 5521 3504 5584 potest,
3535 5512 3682 5582 quod
3708 5527 3821 5567 non

2243 5608 2300 5664 in
2341 5609 2466 5664 aliis
2492 5608 2792 5678 Scriptum
2823 5607 2958 5664 locis
2985 5606 3190 5664 centies
3217 5607 3502 5662 habeatur.

2313 5700 2645 5758 Philastrius
2680 5700 2983 5756 Brixiensis
3020 5700 3096 5754 De
3127 5698 3437 5763 hwresibus,
3467 5696 3723 5768 Aquilam
3763 5694 3826 5753 in

2243 5794 2451 5852 crimen
2492 5801 2670 5864 vocat,
2698 5793 2843 5864 quod
2885 5793 3098 5864 psalmo
3127 5809 3186 5860 It,
3215 5809 3268 5850 v.
3303 5791 3359 5860 2‘,
3399 5790 3494 5847 ubi
3525 5788 3668 5846 LXX
3699 5802 3826 5847 veo-
