4122 6424
349 338 424 395 85
1580 338 1647 393 IN
1685 338 1820 393 HEX
1831 338 2010 395 APLA
2050 339 2395 397 ORlGENlS.
3529 342 3596 399 86

353 458 559 514 terunt,
602 451 852 506 adversus
908 450 1209 517 Dominum,
1252 461 1301 505 et
1351 452 1599 506 adversus
1648 451 1920 507 Christum
1949 463 1991 517 Α
2022 456 2226 525 passim
2267 462 2649 526 permutantur
2688 464 2741 512 et
2771 455 3214 521 confunduntur;
3242 473 3411 526 quare
3442 473 3598 525 pror-

352 545 489 613 ejus,
518 542 636 612 ipse
661 541 1023 609 transtulerit,
1055 542 1304 596 adversus
1345 542 1632 596 Dominum
1662 553 1713 597 et
1744 544 1929 598 aduer—

353 650 445 689 sus
488 643 706 688 unctum
733 633 866 703 ejus.
903 631 1104 687 Verum
1147 632 1343 704 Aquila
1374 650 1483 689 non
1527 634 1632 688 hoc
1660 634 1782 689 loco
1810 642 1930 689 tan-

357 734 496 793 tum,
529 725 624 780 sed
653 724 816 780 etiam
844 724 974 779 alibi
1005 740 1192 779 vocem
1218 733 1404 789 nam,
1432 724 1777 796 ἡλειμμένον,
1814 726 1931 782 sive

356 826 574 871 unctum
611 818 1000 887 interpretatus
1047 826 1170 884 est;
1225 818 1353 886 quia
1391 817 1650 873 nimirum
1703 819 1931 888 putabat

357 910 588 980 Χριστὸς
617 921 671 964 et
701 909 1032 981 ὴλειμμένος
1062 909 1302 978 idipsum
1334 911 1662 982 signiﬁcare.
1696 910 1802 966 Sed
1849 920 1931 966 ta-

356 1015 485 1063 men
510 1016 621 1056 non
645 1001 860 1056 videtur
891 1016 922 1054 a
949 1016 1081 1056 voce
1106 1001 1342 1072 Χριστὸς
1369 1002 1435 1057 de
1462 1002 1731 1058 industria
1758 1003 1934 1057 absti-

359 1091 547 1148 nuisse
586 1113 600 1148 :
644 1108 771 1148 nam
820 1093 984 1148 modo
1024 1109 1155 1158 una,
1198 1094 1361 1148 modo
1411 1094 1515 1149 alia
1559 1108 1694 1150 voce
1741 1095 1930 1159 utitur,

357 1183 520 1238 etiam
571 1183 662 1237 ubi
709 1184 778 1237 de
819 1183 1039 1237 Christo
1083 1183 1285 1254 agitur.
1336 1183 1427 1239 Sic
1470 1183 1617 1239 Psal.
1667 1201 1931 1252 ωιιχνιιι,

357 1291 413 1329 v.
463 1275 554 1338 52,
579 1270 640 1330 οὗ
691 1274 972 1329 ὠνείδισαν
1004 1276 1073 1330 τὰ
1121 1275 1243 1347 ἴχνη
1288 1275 1382 1331 τοῦ
1435 1276 1671 1347 Χριστοῦ
1719 1293 1851 1330 σου·
1879 1287 1935 1333 et

358 1365 616 1421 Habacuc
642 1382 726 1429 ιιι,
760 1382 812 1420 v.
842 1366 931 1431 15,
960 1368 1015 1419 in
1039 1367 1266 1441 salutem
1291 1383 1409 1420 cum
1438 1366 1654 1422 Christo
1675 1376 1786 1421 tuo.
1815 1367 1932 1424 Non

360 1458 718 1527 improbabile
750 1468 930 1513 tamen
954 1460 1168 1513 videtur
1190 1461 1446 1530 Aquilam
1474 1460 1529 1514 in
1555 1461 1743 1515 odium
1775 1461 1935 1516 Chri-

361 1551 652 1617 stianismi,
702 1551 1030 1623 ὴλειμμένον
1079 1552 1193 1608 fere
1241 1567 1458 1621 semper
1515 1552 1789 1622 posuisse,
1844 1554 1934 1608 ubi

2031 562 2127 602 sus
2163 547 2486 602 crediderim
2511 547 2653 602 idem
2697 562 2819 604 esse
2851 562 3049 601 nomen
3079 546 3336 613 Onkelos,
3375 547 3601 606 velAn-

2029 638 2204 705 kelas,
2236 645 2291 692 et
2330 638 2579 701 Ἀκύλας.
2615 637 2671 692 ld
2701 654 2830 693 vero
2856 639 3144 693 conﬁrmat
3178 637 3447 694 Tlialmud
3475 638 3602 693 llic-

2031 726 2502 797 rosolymitannm,
2534 727 2624 781 ubi
2653 727 2848 797 Aquila
2877 744 3020 798 saepe
3066 729 3169 783 hac
3209 729 3321 784 fere
3364 729 3601 784 nominis

2031 816 2209 872 forma
2262 826 2620 873 memoratur.
2673 819 2792 873 Alia
2845 820 3074 875 subinde
3132 822 3360 890 quaestio
3402 821 3607 885 oritur,

2031 925 2164 964 num
2193 910 2389 980 Aquila
2417 911 2683 980 interpres
2725 910 2815 966 ille
2841 911 3065 966 Graecus
3102 911 3242 965 idem
3273 912 3343 965 sit
3367 912 3457 981 qui
3488 908 3602 965 On-

2030 1001 2202 1068 kelos,
2230 1002 2389 1073 cujus
2420 1017 2642 1067 nomen,
2668 1012 2728 1058 ut
2757 1003 3017 1069 diximus,
3054 1003 3196 1057 idem
3225 1004 3437 1058 videtur
3477 1017 3601 1058 esse

2033 1094 2178 1163 quod
2210 1092 2443 1164 Aquila;
2480 1111 2548 1149 an
2576 1110 2704 1149 vero
2731 1094 2843 1148 duo
2872 1094 3080 1164 Aquila:
3113 1094 3332 1160 fuerint,
3367 1102 3602 1164 quorum

2035 1185 2172 1241 alius
2195 1182 2470 1256 Thargum
2501 1186 2553 1239 in
2586 1185 3036 1257 Pentateuchum,
3066 1186 3206 1241 alius
3227 1186 3432 1240 scilicet
3465 1187 3510 1240 is
3534 1186 3601 1240 de

2033 1292 2143 1347 quo
2164 1291 2309 1331 nunc
2336 1276 2536 1348 agitur,
2563 1277 2868 1332 versionem
2905 1276 3147 1332 Graecam
3179 1292 3299 1346 quae
3334 1275 3387 1329 in
3420 1274 3602 1331 Hexa-

2034 1366 2138 1435 plis
2162 1364 2456 1433 ferebatur,
2480 1367 2670 1422 edidit.
2707 1366 2782 1421 Ex
2809 1367 3051 1423 rabbinis
3074 1367 3294 1437 quidam
3336 1364 3600 1421 Onkelum

2034 1457 2118 1512 vel
2146 1458 2398 1526 Aquilam
2426 1458 2776 1527 paraphrasis
2795 1456 3102 1513 Chaldaicze
3124 1468 3420 1523 auctorem,
3445 1457 3604 1528 longe

2036 1547 2397 1617 antiquiorem
2426 1556 2616 1617 putant
2639 1548 2833 1618 Aquila
2868 1550 2960 1603 illo
2994 1549 3088 1618 qui
3122 1548 3424 1603 versionem
3454 1547 3602 1604 Grae-

357 1649 528 1701 mm:
566 1643 952 1711 reperiebatur,
992 1652 1055 1699 ut
1089 1659 1120 1699 a
1148 1660 1279 1700 voce
1320 1643 1575 1714 Χριστὸς,
1607 1642 1937 1698 Christianis
2037 1654 2158 1694 cam
2210 1638 2436 1693 Adriani
2472 1648 2712 1710 tempore
2761 1640 2964 1708 edidit;
3012 1656 3124 1710 qua
3172 1640 3238 1695 de
3282 1656 3341 1695 re
3389 1641 3603 1697 videndi

362 1733 637 1801 familiari,
678 1751 784 1805 qua
832 1735 1032 1790 Filium
1082 1735 1178 1791 Dei
1221 1736 1641 1807 complanabant,
1684 1735 1937 1791 consulto
2038 1727 2271 1784 Brianus
2298 1728 2607 1795 Waltonus,
2637 1738 2691 1784 et
2712 1726 2969 1784 Nicolaus
3011 1727 3263 1784 Serarius
3299 1727 3598 1798 Prolegom.

361 1826 674 1881 declinaret.
1963 1811 2006 1866 Β
2032 1837 2151 1891 cap.
2182 1821 2270 1886 14,
2301 1822 2699 1892 quaestiuncula
2736 1823 2790 1876 4.
2822 1821 2935 1874 Alii
2968 1820 3218 1874 eumdem
3248 1835 3367 1875 esse
3411 1828 3608 1889 putant

430 1919 753 1973 Anastasius
803 1933 971 1973 serm.
1029 1918 1063 1973 9
1114 1919 1171 1972 in
1220 1917 1604 1984 Hexaemeron,
1639 1918 1932 1989 impietatis

362 2009 613 2078 Aquilam
648 2021 893 2074 accusat,
930 2010 1077 2077 quod
1122 2008 1253 2064 illud
1281 2008 1414 2065 Gen.
1455 2026 1517 2071 tr,
1561 2010 1649 2076 l8,
1677 1993 1936 2073 frma

358 2108 503 2161 mn:
522 2109 628 2164 Ἶῖν
647 2100 889 2165 verterit,
915 2101 1237 2171 Ποιήσωμεν
1256 2100 1403 2171 αὐτῷ
1435 2100 1624 2172 βοηθὸν
1650 2102 1934 2156 κατέναντι

362 2193 565 2247 αὐτοῦ’
619 2194 671 2247 id
719 2202 839 2258 est,
885 2192 1172 2247 Faciamus
1213 2194 1265 2248 ei
1307 2195 1606 2264 adjutorem
1661 2211 1689 2249 e
1729 2198 1936 2265 regione

365 2285 555 2354 ipsius,
595 2286 680 2339 vel
713 2302 891 2338 coram
917 2301 994 2339 eo.
1024 2286 1163 2340 Illud
1205 2286 1407 2356 quippe
1434 2286 1722 2340 κατέναντι
1749 2286 1933 2352 αὑτοῦ,

362 2373 445 2429 sic
492 2372 716 2443 intelligi
763 2373 877 2427 vult
924 2373 1276 2439 Anastasius,
1318 2373 1590 2427 ἀντίδικον
1637 2373 1732 2427 καὶ⁵
1775 2372 1936 2426 πολέ-

364 2482 507 2536 μιον,
556 2466 918 2520 adversarium
969 2477 1016 2520 et
1070 2466 1364 2527 inimicum,
1411 2466 1572 2535 quasi
1619 2466 1825 2520 scilicet
1868 2480 1936 2520 ex

362 2559 572 2627 Aquilae
604 2558 967 2627 mente,Deus
1003 2558 1204 2613 homini
1236 2558 1521 2612 mulierem
1555 2557 1714 2628 quasi
1743 2556 1936 2612 adver--

364 2648 570 2704 sarium
625 2657 680 2702 et
725 2649 1005 2703 inimicum
1054 2649 1281 2703 dederit.
1342 2647 1565 2713 Verum,
1616 2657 1677 2704 ut
1735 2658 1939 2704 norunt

363 2753 555 2793 omnes
583 2737 769 2793 Graece
799 2738 980 2807 periti,
1014 2739 1299 2792 κατέναντι
1329 2737 1495 2791 αὐτοῦ
1544 2740 1634 2793 hic
1666 2738 1938 2809 signiﬁcat

362 2847 393 2884 e
427 2831 631 2899 regione
662 2830 850 2899 ipsius,
882 2829 996 2884 sive
1029 2839 1087 2882 ut
1130 2828 1211 2882 illi
1240 2838 1438 2882 astaret
1469 2844 1486 2883 :
1538 2829 1779 2899 alioquin
1830 2845 1938 2884 vos

368 2918 583 2991 βοηθὸς,
614 2922 850 2990 adjutor,
881 2935 1002 2989 quae
1040 2921 1316 2989 praecedit,
1356 2920 1632 2976 Anastasii
1669 2921 1938 2990 interpre-

366 3013 627 3067 tationem
654 3027 884 3082 prorsus
912 3011 1125 3066 rel'cllit.
1157 3011 1292 3078 Quis
1329 3013 1476 3067 enim
1508 3022 1657 3083 putet
1684 3013 1936 3083 Aquilam

368 3103 448 3157 sic
472 3102 813 3170 interpretari
835 3102 1095 3169 voluisse,
1117 3101 1400 3158 Faciamus
1433 3105 1482 3158 ei
1510 3104 1810 3176 adjutorem
1839 3105 1937 3159 ad-

368 3194 660 3246 versarium
680 3193 706 3245 ?

368 3302 459 3357 Ν.
497 3304 772 3367 Ωιιωνὶνιιν
802 3314 977 3356 utrum
1007 3302 1199 3373 Aquila
1228 3306 1367 3359 idem
1397 3309 1465 3360 sit
1495 3308 1583 3373 qui
1614 3306 1862 3369 Onkelus,
1891 3316 1940 3361 et

447 3345 459 3357 .
497 3325 772 3367 uuwrvur
802 3325 977 3356 utrum
1007 3325 1199 3373 nquua
1228 3325 1367 3359 mem
1397 3325 1465 3360 su
1530 3325 1583 3358 ui
1614 3325 1862 3369 «limatus,
1891 3325 1940 3361 et

442 3384 621 3427 utrum
658 3373 925 3445 Thargum
955 3372 1139 3428 Onkeli
1184 3375 1388 3445 aliquid
1430 3325 1702 3445 affinitatis
1753 3378 1941 3431 habeat

440 3460 559 3497 cum
595 3444 1029 3513 interpretatione
1059 3445 1284 3515 Aquilw.

440 3557 717 3626 Multiplex
746 3559 978 3627 quaestio
1010 3570 1261 3616 movetur
1282 3560 1349 3614 de
1372 3559 1615 3626 Onkelo;
1645 3576 1708 3613 ac
1732 3560 1798 3611 de
1825 3560 1943 3628 ipso

373 3652 555 3704 statim
609 3651 827 3705 nomine
860 3652 1142 3720 quaeritur,
1187 3668 1255 3705 an
1299 3649 1535 3707 Onkelos
1575 3653 1658 3705 vel
1703 3651 1943 3706 Onkelus

372 3741 514 3795 idem
546 3742 619 3796 sit
657 3742 805 3811 quod
848 3742 1063 3812 Aquila.
1112 3743 1255 3797 Sane
1305 3742 1542 3798 Onkelos
1575 3760 1679 3797 vox
1714 3753 1797 3798 est
1841 3742 1946 3796 He-

372 3832 535 3888 braeis
581 3842 862 3898 extranea,
890 3844 944 3888 et
977 3836 1275 3905 peregrinae
1308 3836 1503 3905 gentis,
1535 3852 1655 3906 quae
1687 3852 1812 3890 cum
1840 3834 1946 3889 lle-

374 3922 560 3977 braice
610 3923 773 3977 scribi
815 3932 991 3994 coepta
1030 3935 1134 3989 est,
1164 3926 1404 3995 aliquam
1452 3926 1805 3981 mutationem
1841 3940 1943 3980 no-

373 4029 608 4084 vamque
638 4015 1073 4071 terminationem
1098 4018 1326 4087 accepit.
1349 4015 1405 4071 ld
1434 4017 1620 4087 negari
1648 4030 1755 4070 non
1786 4028 1947 4083 posse

376 4106 611 4160 videtur.
646 4104 804 4159 Nulla
851 4116 1030 4161 autem
1077 4124 1181 4162 vox
1216 4107 1570 4178 propinquior
1604 4106 1682 4176 τῷ
1711 4104 1947 4160 Onkelos

376 4205 647 4268 estquam
692 4197 943 4266 Ἀκύλας,
965 4198 1186 4268 Aquilus
1218 4199 1302 4253 vel
1326 4198 1540 4269 Aquila.
1567 4197 1612 4252 Ο
1643 4198 1788 4252 enim
1818 4204 1871 4250 et
1902 4194 1948 4247 A

2035 1911 2387 1968 Chaldaicum
2427 1912 2820 1983 paraphrasten
2860 1920 2913 1967 et
2945 1910 3191 1966 Graecum
3233 1912 3601 1980 interpretem.

2040 2002 2109 2057 Ut
2137 2012 2199 2057 ut
2236 2019 2364 2058 vero
2388 2006 2480 2069 sit,
2515 2011 2723 2059 certum
2769 2013 2851 2059 est
2873 2003 3228 2074 paraphrasin
3264 2002 3409 2055 illam
3439 2000 3605 2055 Chal-

2035 2094 2253 2151 daicam
2295 2095 2433 2149 nihil
2477 2096 2678 2150 habere
2723 2111 2847 2150 cum
2881 2096 3126 2151 versione
3168 2093 3354 2163 Graeca
3398 2092 3607 2163 Aquilae

2037 2184 2335 2239 aﬁinitatis.
2364 2183 2520 2252 Nam,
2547 2196 2605 2238 ut
2633 2194 2827 2239 caetera
2855 2194 3085 2247 taceam,
3110 2185 3162 2238 in
3189 2183 3388 2253 quibus
3415 2195 3607 2238 omnes

2037 2275 2361 2345 interpretes
2387 2276 2758 2342 consentiunt,
2810 2289 2994 2330 vocem
3024 2282 3260 2335 rinam:
3291 2273 3426 2328 Gen.
3468 2288 3507 2336 1,
3551 2273 3603 2338 l,

2037 2365 2232 2437 Aquila
2280 2369 2462 2432 vertit,
2507 2368 2566 2419 ὲν
2614 2366 2916 2437 κεφαλαίῳ,
2968 2368 3023 2420 in
3071 2365 3322 2435 capitulo,
3373 2362 3608 2418 Onkelos

2037 2466 2217 2513 autem
2239 2466 2467 2546 3W3,
2489 2460 2543 2511 in
2563 2459 2854 2527 principio;
2871 2472 3101 2527 moxque
3124 2466 3244 2546 frtri
3389 2454 3604 2525 Aquila,

2039 2544 2262 2619 κένωμα
2306 2544 2400 2602 καὶ
2434 2549 2607 2611 οὐδὲν,
2651 2548 2887 2601 inanitas
2919 2556 2969 2601 et
2998 2545 3155 2611 nihil,
3183 2544 3434 2609 Onkelos,
3474 2551 3608 2603 ιυτί

2037 2620 2281 2727 κηρῒἾΊ,
2312 2639 2520 2694 deserta
2549 2649 2598 2693 et
2630 2656 2816 2693 vacua.
2852 2639 2905 2707 ᾖ.
2938 2637 2994 2691 2.
3033 2645 3242 2698 nam
3273 2633 3522 2705 Vulgata,
3557 2643 3607 2687 et

2039 2730 2273 2803 Spiritus
2291 2732 2387 2787 Dei
2415 2732 2712 2800 ferebatur;
2740 2729 2959 2801 Aquila,
2988 2727 3401 2800 ἐπιφερόμενον,
3426 2741 3610 2795 δαρει-

2039 2823 2336 2893 ferebatur;
2389 2821 2644 2890 Onkelos,
2703 2832 2929 2885 unum,
2988 2818 3315 2889 insumabat.
3378 2816 3608 2873 Genesis

2038 2931 2157 2985 cap.
2216 2932 2275 2979 ιι,
2323 2915 2374 2969 6.
2424 2925 2518 2975 Tm
2549 2914 2799 2985 Vulgata,
2833 2926 2881 2968 et
2915 2913 3054 2983 fons,
3099 2912 3313 2981 Aquila,
3358 2912 3454 2965 καὶ
3486 2911 3610 2962 ἐπι-

2039 3006 2299 3079 ϐλυσμδς,
2344 3019 2394 3061 et
2425 3006 2667 3060 scatebra
2701 3007 2785 3060 vel
2810 3006 3079 3074 scaturigo
3097 3020 3121 3081 ,'_
3153 3002 3407 3068 Onkelos,
3435 3008 3607 3066 sum,

2040 3106 2090 3151 et
2119 3099 2277 3152 nubes
2333 3102 2384 3168 ᾗ.
2414 3099 2463 3150 7.
2506 3105 2656 3159 ﬁrm
2684 3099 2898 3168 Aquila,
2926 3099 3020 3152 καὶ
3057 3096 3280 3162 ἔπλασε,
3323 3105 3372 3150 et
3404 3097 3609 3164 [orma-

1967 3164 2009 3220 θ
2042 3191 2147 3254 vit;
2187 3164 2424 3245 Onkelos
2452 3198 2609 3256 mat,
2642 3199 2690 3243 et
2721 3164 2931 3244 creavit.
2970 3188 3104 3244 Gen.
3142 3205 3224 3253 ιιι,
3259 3188 3345 3243 16.
3375 3196 3613 3274 ΤιΡπυΠ

2046 3284 2263 3354 Aquila,
2318 3285 2351 3353 ἡ
2407 3282 2672 3352 συνάφειὰ
2724 3299 2838 3347 σου,
2901 3283 3124 3336 societas
3173 3291 3306 3345 tua;
3352 3274 3627 3345 Onkelos,’

2045 3382 2337 3459 anm’n,
2385 3375 2704 3429 desiderium
2750 3384 2914 3426 tuum.
2963 3371 3097 3427 Gen.
3140 3389 3214 3437 Iv,
3268 3372 3322 3436 8,
3372 3371 3447 3425 ait
3487 3369 3612 3424 Ori-

2048 3482 2212 3536 genes
2241 3466 2491 3535 Aquilam
2521 3466 2856 3535 expressisse
2885 3465 3017 3519 illud
3051 3463 3206 3518 Caini
3228 3462 3457 3528 dictum,
3480 3460 3612 3514 διέλ-

2049 3559 2230 3628 θωμεν
2282 3561 2360 3621 εἰς
2393 3558 2455 3611 τὸ
2501 3558 2701 3623 πεδίον,
2754 3556 3085 3628 egrediantur
3129 3557 3184 3609 in
3224 3570 3486 3623 campum,
3529 3555 3613 3608 vel

2045 3650 2378 3720 egrediamur
2420 3650 2588 3720 foras,
2634 3649 2777 3719 quod
2819 3659 2996 3703 tamen
3046 3664 3152 3702 non
3194 3648 3391 3718 legitur
3423 3648 3477 3700 in
3503 3644 3614 3700 0n-

2045 3740 2187 3794 kelo.
2219 3738 2286 3792 Et
2306 3739 2440 3794 Gen.
2476 3755 2596 3810 cap.
2618 3755 2691 3802 vr,
2728 3740 2782 3792 2.
2819 3722 3159 3809 ψώθια-ἐπ.
3196 3735 3412 3806 Aquila,
3436 3738 3483 3789 οἱ
3507 3736 3615 3788 υἱοὶ

2046 3830 2153 3883 τῶν
2187 3831 2345 3896 θεῶν,
2387 3832 2490 3901 ﬁlii
2527 3833 2742 3885 deorum
2764 3846 2784 3897 ;
2814 3828 3071 3898 Onkelus,
3110 3836 3470 3893 mauu-ua,
3513 3826 3616 3897 βιίί

2045 3920 2341 3990 principum
2368 3921 2451 3976 vcl
2481 3929 2806 3991 magnatum.
2853 3919 3139 3975 lnnumera
3172 3933 3464 3989 congerere
3486 3933 3615 3987 pos-

2051 4026 2190 4077 sem,
2233 4012 2375 4067 unde
2406 4013 2673 4083 liquidum
2723 4013 2864 4068 foret
2902 4014 3038 4068 nihil
3064 4028 3187 4068 esse
3229 4012 3370 4066 inter
3406 4009 3616 4080 Aquilae

2051 4104 2358 4159 versionem
2393 4104 2636 4162 Graecam
2664 4113 2717 4160 et
2738 4106 3085 4161 Chaldaicam
3121 4102 3477 4175 paraphrasin
3502 4099 3616 4155 alli-

2054 4194 2262 4251 nitatis.
2296 4195 2401 4252 Sed
2426 4197 2562 4263 haec,
2599 4196 2654 4252 ni
2681 4196 2860 4265 fallor,
2886 4198 3020 4252 satis
3050 4203 3229 4252 erunt.

1487 4440 1870 4531 CAPUT
1941 4440 2428 4531 SEXTUM

1453 4590 1545 4650 De
1599 4586 1964 4666 Symmachi
1995 4587 2547 4666 interpretatione.

390 4821 428 4870 ι·
458 4819 953 4894 κυιιίρὶίεὶιετ.εττξι
975 4822 1283 4894 Epiphanes.
1297 4830 1350 4894 εξ
1372 4823 1636 4894 Pugnantia
1655 4823 1889 4893 loquitur.»
1913 4788 2034 4894 ἀὶιπι
2048 4827 2211 4894 amt
2234 4819 2581 4894 inﬁmam!
2597 4810 3617 4894 ἔπειξὲιὲῐξῑτξ-.ξεεὲεεὲᾳέξξιΡ-Ἱέξὲεὲεὲίὲῖ

454 4868 584 4931 ses;
601 4868 670 4949 1:;
693 4868 877 4949 sum
900 4868 2209 4949 magarsasnsna’amsgessissemus;
2248 4868 2336 4930 ιιι.
2351 4942 2364 4949 _
2380 4877 2648 4949 Chronicqn
2680 4868 3069 4949 Ilextaidrinwn
3113 4886 3333 4949 errorem
3352 4870 3615 4949 μέριριιριείξ

451 4941 752 5008 emendavit,
778 4950 832 5008 u_t
865 4941 1164 5008 e_tAdo'._lV.
1191 4941 1264 4994 An
1286 4941 1409 4994 duas
1430 4941 2105 5008 interpretationes‘ediderit
2129 4942 2461 5004 Symmachus.
2474 4941 2545 5008 _V.

2595 4941 2701 4999 Quo
2740 4939 2962 5000 vertendi
2999 4948 3188 5000 genere
3209 4930 3414 5000 usus__sit
3437 4930 3530 5000 :'a_c
3550 4930 3616 4979 de

445 5007 591 5054 annis
614 4994 975 5075 chronologicis
998 5006 1168 5116 primae
1195 5013 1246 5054 et
1269 5007 1499 5055 secundae
1521 4994 1775 5078 sitatishut
1797 5021 1824 5054 a
1856 4994 2671 5067 Symmachoﬁeprmsentabantur.
2697 4999 2781 5050 VI.
2805 5001 2921 5062 Ejus
2949 4994 3103 5049 editio
3120 5011 3149 5047 a
3175 4994 3428 5045 veteribus
3449 4997 3616 5043 admo-

447 5065 564 5115 dum
595 5066 804 5116 landata.
826 5066 933 5117 VII.
959 5068 997 5117 'l‘
1037 5068 1218 5117 eodoro
1238 5067 1549 5117 Heracleotaa
1582 5082 1679 5117 non
1699 5075 1767 5117 ita
1794 5068 2026 5117 probatur

447 5065 564 5115 dum
595 5066 804 5116 laudata.
826 5065 933 5117 VII.

1037 5068 1218 5117 eodoro
1238 5067 1549 5117 Heracleotaa
1582 5082 1679 5117 non
1699 5069 1767 5117 ita
1794 5068 2026 5129 probatur

382 5169 425 5224 Ι.
464 5168 837 5249 Hultipliciter
850 5179 1002 5249 errat
1012 5148 1341 5249 Epiphanius
1378 5180 1429 5249 et
1456 5172 1747 5249 pugnantia
1780 5170 1950 5249 loqui-
1979 5177 2029 5236 υ
2056 5170 2434 5227 concinnasse.
2470 5167 2595 5224 Ideo
2626 5167 2715 5222 ille
2748 5164 3139 5229 narrationem,
3172 5177 3335 5232 quam
3366 5175 3435 5216 ex
3465 5170 3618 5217 vete-

457 5250 564 5305 tur,
589 5241 714 5310 dum
750 5249 937 5292 narrat
965 5240 1341 5309 Symmachum
1372 5240 1704 5310 Scripturam
1737 5242 1951 5295 vertisse

457 5319 578 5363 ante
619 5309 1044 5364 Tlteodotionem.

457 5442 814 5514 Epiphanius,
857 5451 1149 5511 conspecto
1196 5442 1562 5513 llexaplorum
1610 5444 1820 5509 ordine,
1858 5443 1951 5498 ubi

386 5534 749 5605 Symmachus
771 5540 895 5587 ante
925 5533 1351 5588 Theodotionem
1386 5533 1617 5605 positus,
1648 5535 1947 5588 secundum

384 5625 567 5679 locum
624 5624 677 5677 in
733 5621 937 5677 Graecis
991 5623 1322 5678 editionibus
1369 5624 1691 5692 occupabat,
1745 5625 1952 5693 putavit

388 5715 779 5789 Symmachum
826 5714 977 5785 prius
1022 5712 1394 5773 Theodotione
1448 5713 1738 5771 editionem
1794 5730 1948 5770 suam

2052 5260 2225 5327 ribus,
2272 5266 2436 5327 atque
2474 5259 2671 5328 partim
2722 5267 2783 5312 ut
2827 5255 3040 5310 videtur
3078 5268 3145 5308 ex
3189 5252 3323 5323 ipsis
3367 5252 3617 5323 Origenis

2051 5349 2269 5420 scriptis
2321 5357 2627 5419 acceperat,
2679 5346 2816 5401 mire
2868 5341 3202 5414 perturbavit
3251 5349 3306 5396 et
3344 5338 3619 5394 ἀσύστατα

2052 5442 2211 5498 dixit.
2262 5441 2350 5495 Ait
2402 5440 2567 5510 igitur
2619 5437 2806 5492 Severi
2849 5435 3185 5505 temporibus
3233 5434 3618 5506 Symmachum

2056 5532 2460 5588 Samaritanum
2511 5529 2649 5583 inter
2679 5527 2951 5597 sapientes
2984 5525 3160 5596 gentis
3204 5541 3318 5580 sua:
3348 5523 3618 5591 ﬂoruisse,

2038 5632 2219 5692 atque
2263 5622 2560 5676 ambitione
2603 5627 2658 5673 et
2703 5616 3021 5671 dominandi
3071 5616 3324 5686 cupidine
3373 5617 3619 5680 ductum,

2058 5730 2181 5770 cum
2208 5711 2352 5782 apud
2381 5710 2713 5766 contribules
2737 5708 2847 5764 voti
2878 5722 3102 5776 compos
3126 5723 3247 5763 esse
3276 5722 3384 5762 non
3412 5714 3617 5773 posset.
