4122 6422
517 276 591 337 87

1873 295 2152 355 PRASLIM
2164 301 2396 356 INARIA

3693 312 3768 370 88

517 399 589 456 ad
623 400 843 460 Iudaeos
883 405 1199 472 descivisse,
1239 411 1575 486 reductoque
1615 421 1916 476 secundum
1947 424 2092 481 illitis
2127 440 2166 494 Α
2199 427 2339 480 tione
2370 428 2629 482 narravit.
2682 425 2834 482 lianc
2865 445 3182 493 germanam
3234 445 3531 490 veramque
3567 439 3774 502 tempo—

518 495 782 564 temporis
811 512 967 551 usum
1001 503 1288 570 praeputio,
1317 515 1370 559 et
1397 521 1616 578 accepta
1645 511 1828 566 denuo
1857 515 2093 569 circum-

517 585 749 654 cisione,
781 589 922 644 inter
953 589 1174 650 Judzeos
1200 610 1654 656 conuulneratum
1691 603 1876 660 tuisse.
1907 605 2096 661 "acle-

516 693 620 733 nus
646 681 828 734 omnia
876 685 1166 753 quadram.
1208 687 1264 742 In
1293 691 1394 744 hoc
1431 701 1610 747 tamen
1646 696 1824 750 diti‘ert
1871 700 1942 751 ab
1981 698 2096 752 Eu-

516 769 668 824 sebio
713 782 768 825 et
825 772 1178 850 Hieronymo,
1226 787 1370 851 quod
1421 785 1473 838 hi
1520 785 1860 854 Ebionazum,
1893 791 1946 844 id
1985 802 2090 860 est,

514 860 1046 920 semi-Christianum
1087 876 1144 923 et
1183 870 1613 941 semi-Judmum,
1665 877 1868 934 factum
1918 881 2092 939 fuisse

511 951 734 1020 dicant;
763 953 1101 1026 Epiphanius
1133 977 1263 1016 vero
1304 962 1372 1018 ad
1427 962 1643 1022 Iudaeos
1681 970 1998 1038 descivisse,
2035 985 2092 1030 et

510 1043 654 1099 inter
707 1043 926 1104 Iudaeos
990 1050 1160 1107 fuisse
1209 1069 1663 1115 connumeratum
1721 1075 1926 1119 narret.
1981 1066 2086 1122 Sed

510 1133 735 1193 Eusebii
763 1148 816 1194 et
849 1139 1164 1216 Hieronymi
1199 1150 1527 1208 testimoniis
1560 1155 1813 1210 standum
1846 1173 1970 1213 esse
2003 1161 2084 1213 vi-

510 1226 669 1282 detur
703 1247 717 1282 :
749 1231 950 1302 quippe
990 1235 1082 1304 qui
1123 1235 1324 1293 librum
1359 1239 1669 1318 Symmachi
1703 1247 1958 1314 viderint,
1993 1251 2086 1305 ubi

511 1334 578 1374 ex
611 1319 902 1393 Evangelio
936 1324 1167 1383 Mattbiei
1209 1329 1588 1390 Ebinnitarum
1615 1337 1810 1408 dogma
1837 1356 2088 1397 asserere

509 1411 803 1470 nitebatur.
847 1414 1003 1482 Quod
1051 1435 1184 1475 sane
1230 1425 1448 1479 nonnisi
1492 1427 1758 1483 Ebionitae
1790 1433 2086 1488 convenire

507 1513 701 1571 potest.
742 1505 865 1562 Mox
911 1519 1091 1564 autem
1128 1511 1466 1583 Epiphanius
1498 1519 1667 1587 probe
1702 1524 1934 1591 positam
1969 1540 2001 1578 a
2024 1541 2084 1580 se

507 1596 876 1669 chronologize
920 1613 1104 1659 notam
1151 1609 1366 1672 evertit,
1411 1626 1535 1664 cum
1587 1613 1713 1667 ait:
1750 1613 1878 1670 Post
1922 1617 2083 1684 hunc,

509 1688 722 1743 tantillo
763 1692 939 1763 elapso
983 1706 1232 1767 tempore.
1272 1701 1367 1754 hoc
1391 1713 1467 1756 est
1501 1705 1790 1760 Commodo
1830 1711 2080 1776 secundo,

2199 530 2322 568 rum
2354 517 2616 569 rationem
2639 518 2707 569 ab
2731 515 3035 586 Epiphanio
3060 535 3118 574 se
3147 520 3422 588 accepisse
3450 521 3772 576 testiﬁcatur

2197 606 2285 660 ille
2324 624 2337 660 ε
2387 608 2530 660 unde
2577 608 2808 663 fortasse
2854 612 3098 679 suspicio
3133 612 3366 673 oriatur,
3401 609 3770 682 Epiphaniam

2195 700 2266 753 ab
2319 699 2572 767 imperito
2623 704 2860 771 quodam
2917 704 3137 758 homine
3183 704 3430 758 vitiatum
3485 704 3656 760 luisse
3713 708 3768 760 in

2193 795 2600 862 exemplaribus
2623 814 2742 865 quae
2769 798 2834 850 ad
2868 815 2968 851 nos
2998 798 3354 863 devenerunt,
3383 809 3772 869 auctoremque

2193 884 2439 940 Chronici
2491 887 2844 942 Alexandrini
2893 889 3052 958 longe
3101 889 3318 943 diverso
3365 891 3658 959 exemplari
3714 897 3771 946 et

2191 978 2408 1046 quidem
2454 981 2826 1035 emendatiore
2876 998 3034 1034 usqu
3086 996 3226 1034 esse.
3277 981 3382 1036 Sed
3419 982 3551 1036 huic
3585 983 3770 1052 suspi-

2190 1071 2334 1124 cioni
2367 1072 2670 1128 reclamare
2707 1075 2919 1128 videtur
2951 1074 3118 1128 editio
3155 1074 3442 1142 Epiphanii
3481 1075 3764 1140 hodierna,

2189 1162 2349 1232 cujus
2381 1164 2542 1217 verba
2583 1163 2773 1220 Latine
2811 1177 3020 1221 tantum
3065 1167 3346 1220 brevitatis
3376 1181 3543 1221 causa
3579 1166 3764 1236 profe-

2189 1255 2362 1308 rimus
2397 1273 2410 1309 :

2256 1345 2390 1400 Post
2443 1347 2695 1416 Aquilam
2749 1351 2886 1403 hunc
2935 1365 2984 1404 et
3037 1351 3184 1404 illius
3240 1351 3764 1420 interpretationem,

2189 1438 2430 1492 Adriano
2455 1440 2764 1508 imperatori
2807 1444 3039 1497 succedit

2257 1531 2554 1586 Antoninus
2576 1535 2879 1602 cognomine
2904 1532 3115 1602 l’ius,et
3140 1540 3360 1606 imperat
3387 1553 3554 1591 annos
3578 1536 3767 1607 uiginti

2185 1623 2340 1677 duos.

2260 1713 2416 1768 llunc
2461 1717 2654 1786 excipit
2693 1717 3035 1783 Caracullus,
3064 1720 3153 1789 qui
3197 1729 3246 1772 et
3285 1718 3442 1787 Cela,
3470 1729 3519 1772 et
3547 1717 3760 1773 Marcus

504 1779 600 1833 τοῦ
633 1781 910 1854 δευτέρου,
944 1789 1252 1858 imperante,
1277 1795 1368 1862 qui
1401 1808 1516 1864 post
1549 1795 1774 1852 Lucium
1807 1802 2082 1857 Aurelium
2115 1790 2159 1844 Β
2183 1807 2437 1861 Aurelius
2479 1806 2640 1861 Verus
2671 1809 2972 1871 dicebatur,
3002 1811 3158 1863 annis
3189 1822 3406 1878 srptem.

503 1869 869 1942 Commodum,
896 1882 1140 1934 tredecim
1157 1886 1311 1938 annis
1338 1887 1634 1956 imperarit,
1671 1889 1954 1946 Theodotio
1969 1895 2084 1963 qui-

500 1962 645 2028 dam,
681 1983 863 2034 genere
893 1967 1168 2039 Ponticus,
1195 1992 1260 2028 ex
1295 1976 1584 2034 Marcionis
1613 1981 1980 2039 [iteresiarcliw
2003 1986 2083 2055 [a-

501 2055 694 2122 ctione,
711 2074 830 2112 cum
853 2061 1042 2118 Iiwresi
1063 2082 1173 2121 sua:
1193 2081 1538 2138 succenseret,
1552 2074 1621 2128 ad
1631 2072 1850 2131 Judceos
1865 2079 2077 2147 defecit.

501 2143 623 2212 Quo
651 2151 834 2218 posito
867 2153 1100 2222 calculo,
1135 2159 1514 2231 interpretatio
1546 2165 1650 2220 sub
1683 2166 1884 2222 Severo
1911 2143 2076 2235 facta,

498 2245 658 2294 aetate
685 2246 1024 2310 praecesserit
1057 2263 1177 2304 eam
1209 2267 1332 2322 qua:
1372 2256 1478 2310 sub
1513 2253 1818 2316 Commodo
1849 2263 2076 2316 concin-

498 2337 626 2422 nata
670 2342 773 2398 est,
805 2352 928 2406 quae
970 2350 1099 2395 sunt
1143 2345 1560 2416 ἀπροσδιόνυσα.
1596 2350 1736 2405 Cum
1772 2356 2074 2422 praesertim

498 2421 588 2477 ille
632 2423 992 2485 Commodum
1045 2433 1294 2506 designet
1336 2454 1461 2494 eum
1498 2443 1594 2511 qui
1622 2421 1881 2501 tredecim
1915 2450 2076 2505 annis

495 2511 799 2606 imperavit,
821 2520 908 2574 cui
933 2534 1056 2591 post
1084 2523 1423 2584 Pertinacem
1445 2541 1499 2587 et
1529 2531 1746 2590 Didium
1771 2535 2070 2606 lulianum,

493 2605 590 2691 qui
617 2610 804 2676 paucis
841 2614 1127 2672 mensibus
1157 2632 1476 2691 regnarunt,
1513 2629 1780 2683 successit
1814 2627 2070 2688 Severus.

491 2690 648 2752 Hane
701 2715 830 2754 vero
871 2690 1240 2778 ehronologize
1287 2714 1552 2770 rationem
1603 2718 1710 2772 alio
1761 2734 2072 2778 commento

493 2801 742 2884 asserere
773 2792 965 2850 nititur
997 2810 1190 2855 auctor
1222 2802 1500 2875 Epitomes
1523 2809 1648 2866 libri
1682 2809 1740 2866 S.
1780 2813 2070 2884 Epiphanii

490 2875 572 2932 De
604 2885 882 2949 mensuris,
913 2903 1076 2955 quam
1103 2892 1242 2948 intra
1271 2897 1522 2962 edemus,
1547 2917 1673 2956 eum
1697 2903 1794 2971 ait,
1824 2875 2072 2976 Symma-

492 2970 656 3026 chum
700 2980 1006 3036 versionem
1042 3001 1195 3040 suam
1229 2989 1466 3047 edidisse
1495 2995 1599 3048 sub
1626 2997 1928 3054 Commodo
1966 3000 2065 3055 Se-

486 3077 646 3128 vero;
679 3065 1106 3132 Theodotionem
1139 3094 1267 3136 vero
1306 3085 1410 3138 sub
1435 3085 1740 3144 Commodo
1777 3095 2018 3149 secundo
2048 3114 2062 3151 :

2256 1898 2434 1968 Hujus
2462 1909 2691 1968 tempore
2727 1902 2998 1970 imperarit
3028 1912 3077 1954 et
3109 1900 3304 1956 Lucius
3331 1901 3576 1956 Aurelius
3606 1902 3756 1958 Catu-

2181 1995 2389 2056 modus,
2419 1995 2572 2046 annis
2602 1995 2816 2063 perinde
2842 2006 3056 2064 septem.

2251 2086 2514 2141 Pertinaa:
2539 2087 2808 2141 mensibus
2839 2103 2950 2140 sex.

2252 2179 2474 2235 Severus
2513 2182 2668 2234 annis
2697 2181 3006 2233 octodecim.

2252 2270 2427 2341 Hujus
2457 2289 2616 2341 porro
2646 2270 2824 2326 Set-eri
2869 2271 3212 2339 temporibus,
3243 2270 3590 2342 Symmachus
3637 2275 3759 2342 qui-

2176 2362 2302 2414 dam
2352 2361 2729 2417 Samaritanus
2780 2364 3008 2426 exstitit,
3037 2379 3102 2416 ea:
3155 2379 3334 2417 eorum
3387 2381 3623 2430 numero,
3666 2383 3759 2438 qut

2175 2453 2318 2520 apud
2345 2453 2465 2507 illos
2495 2456 2754 2522 sapientes
2777 2453 3058 2516 habentur,
3090 2463 3294 2520 etc.,ut
3322 2471 3487 2524 supra
3513 2457 3756 2511 narravi-

2176 2559 2320 2598 mus.
2357 2544 2655 2614 l‘ostquam
2692 2561 2823 2600 vero
2872 2545 3187 2616 Symmachi
3237 2549 3523 2620 historiam
3559 2550 3756 2615 texuit,

2174 2635 2246 2690 ita
2274 2635 2446 2705 pergit
2472 2655 2486 2690 :

2243 2726 2374 2781 Post
2421 2727 2559 2781 hunc
2588 2745 2616 2782 e
2661 2728 2879 2797 vestigio
2908 2727 3244 2797 subsequenti
3285 2741 3536 2795 tempore,
3568 2729 3624 2784 id
3650 2739 3755 2796 est,

2171 2821 2316 2874 circa
2349 2821 2632 2888 imperium
2685 2819 2964 2875 Commodi
3009 2823 3247 2884 secitndi,
3279 2823 3371 2891 qui
3399 2833 3515 2890 post
3555 2824 3756 2891 pradi-

2169 2921 2313 2964 ctum
2337 2909 2558 2964 Lucium
2591 2911 2870 2964 Aurelium
2898 2910 3244 2966 Commodum
3269 2913 3548 2981 imperarit
3575 2915 3753 2969 tredeo

2169 3003 2272 3056 cim
2321 3005 2498 3067 annis,
2535 3002 2821 3057 Theodotio
2867 3005 3088 3074 quidam
3131 3002 3410 3064 Ponticus.
3441 3021 3507 3059 ea:
3543 3021 3755 3060 succes-

2168 3096 2312 3149 sione
2340 3094 2631 3149 Harcionis
2653 3095 3017 3149 Iueresiarelia'
3036 3093 3362 3165 Sinopensis,
3394 3106 3498 3150 etc.
3525 3107 3586 3151 ut
3612 3095 3747 3152 Tam

485 3172 610 3227 qua:
641 3175 776 3215 sane
806 3175 975 3220 ruunt
1007 3179 1061 3224 et
1095 3174 1398 3230 consistere
1429 3195 1536 3234 non
1567 3191 1797 3249 possunt
1833 3203 1848 3238 :
1881 3187 2064 3242 nullus
2093 3155 2134 3213 ο
2168 3187 2464 3241 immanem
2494 3196 2657 3242 recta:
2687 3187 3054 3257 chronologize
3079 3189 3448 3255 eversionem,
3476 3198 3586 3243 tam
3612 3205 3747 3260 pra:-

484 3249 627 3303 enim
680 3252 1011 3314 Commodus
1062 3262 1298 3321 Severus
1338 3269 1638 3337 imperator
1689 3273 1824 3343 fuit,
1877 3279 2062 3334 nullus

483 3350 603 3408 post
627 3358 751 3398 eum
787 3345 1126 3407 Commodus
1149 3359 1422 3416 secundus
1455 3366 1687 3420 exstitit.

480 3474 543 3530 ll.
573 3477 773 3534 Auctor
806 3477 1097 3555 Synopseos
1143 3489 1427 3561 Epiphanii
1454 3514 1685 3554 errorem
1725 3505 1949 3560 sensisse
1980 3509 2058 3562 vi-

1173 3563 1340 3618 detur.

549 3666 757 3722 Auctor
805 3684 935 3725 vero
976 3670 1305 3743 Synopseos,
1350 3695 1513 3748 quam
1561 3679 1698 3737 falso
1757 3688 2054 3757 ascriptam

479 3759 782 3816 Athanasio
820 3775 1098 3834 putamus,
1123 3783 1187 3822 ex
1225 3768 1528 3840 Epiphanio
1553 3775 1772 3844 quidem
1805 3779 2056 3838 hausisse

477 3851 715 3917 videtur,
769 3864 829 3909 ut
879 3872 944 3910 ex
997 3859 1284 3914 verborum
1339 3863 1698 3922 similitudine
1748 3872 2052 3939 probatur;

477 3943 571 3997 sed
605 3945 719 3999 sive
757 3945 1046 4016 Epiphami
1081 3965 1325 4006 errorem
1361 3959 1616 4019 senserit,
1654 3957 1768 4012 sive
1793 3963 2055 4016 emenda-

476 4033 617 4088 tiore
645 4034 756 4087 alio
804 4038 1100 4108 exemplari
1131 4041 1206 4094 sit
1255 4057 1407 4106 usus,
1439 4043 1492 4097 in
1543 4045 1687 4100 notis
1729 4057 1784 4102 et
1831 4051 2054 4107 calculis

475 4124 590 4179 suis
609 4141 638 4178 a
667 4141 792 4179 vera
815 4129 1186 4202 chronologiae
1201 4133 1413 4188 ratione
1441 4135 1624 4192 minus
1657 4139 1861 4194 recedit
1883 4157 2050 4211 quam

473 4212 810 4285 Epiphanius
863 4221 992 4274 :ait
1031 4221 1178 4276 enim
1231 4222 1620 4294 Symmachum
1674 4230 1778 4286 sub
1824 4231 2050 4305 Seuero,

473 4305 903 4367 Theodotionem
951 4314 1056 4370 sub
1096 4316 1400 4373 Commodo
1447 4319 1860 4391 interpretatum
1902 4341 2048 4391 esse,

468 4402 529 4456 ὲν
559 4403 708 4474 αὐτῷ
738 4404 818 4476 τῷ
846 4405 1047 4480 χρόνῳ,
1073 4409 1253 4462 eodem
1285 4422 1548 4479 tempore;
1583 4413 1678 4482 qui
1711 4430 1837 4469 vera
1865 4415 2048 4472 dicere

2165 3287 2440 3348 posteram
2497 3279 2890 3348 imperatorum
2945 3279 3323 3335 Romanorum
3378 3282 3750 3338 enumeratio-

2163 3388 2310 3439 nem,
2341 3373 2425 3428 vel
2469 3389 2502 3428 a
2550 3374 2812 3437 librariis,
2850 3373 2989 3428 vela
3020 3374 3315 3428 temerario
3344 3375 3603 3444 quopiam
3642 3374 3742 3430 ho-

2159 3465 2327 3528 mine,
2375 3465 2430 3518 iu
2488 3474 2695 3518 textum
2752 3462 3040 3533 Epiphanii
3088 3464 3368 3520 inductam
3429 3463 3600 3519 fuisse
3645 3464 3738 3519 vix

2159 3558 2459 3612 crederem.
2503 3555 2742 3626 Verique
2779 3556 3017 3610 similius
3054 3571 3178 3611 esse
3215 3556 3470 3622 arbitror,
3508 3555 3744 3626 Epipha-

2156 3647 2724 3717 nium,indiligcntem
2753 3662 2886 3702 sane
2911 3647 3332 3716 chronologum,
3367 3663 3492 3702 cum
3527 3655 3746 3717 putaret

2159 3735 2474 3806 Symmachi
2505 3738 2825 3802 editionem,
2871 3737 3003 3808 quia
3042 3747 3167 3794 ante
3187 3738 3578 3795 Theodotionis
3622 3755 3746 3794 ver-

2156 3829 2368 3882 sionem
2411 3828 2466 3882 iu
2509 3825 2767 3898 llexaplis
2804 3830 3126 3899 ponebatur,
3156 3846 3281 3887 esse
3309 3832 3414 3886 hae
3463 3831 3744 3902 antiquio-

2155 3930 2307 3982 rem,
2363 3926 2424 3971 ut
2474 3917 2602 3972 huic
2655 3917 2902 3988 opinioni
2961 3919 3234 3975 calculum
3293 3923 3738 3978 accommodaret

2154 4024 2337 4074 suum,
2357 4009 2494 4062 hanc
2516 4009 2676 4065 rebus
2696 4020 2751 4064 et
2772 4013 3104 4080 temporibus
3123 4013 3581 4082 perturbationem
3601 4024 3740 4070 attu-

2154 4101 2323 4156 lisse:
2355 4115 2479 4154 nam
2516 4101 2606 4154 ubi
2640 4112 2848 4171 postea,
2879 4121 2988 4158 non
3018 4105 3207 4160 multis
3233 4105 3572 4176 interpositis
3607 4123 3732 4161 ver-

2154 4193 2258 4260 bis,
2289 4192 2680 4255 imprratorum
2711 4197 2906 4251 seriem
2959 4198 3174 4266 repetit,
3207 4214 3303 4253 eos
3333 4213 3434 4255 suo
3475 4215 3613 4270 pene
3639 4215 3734 4254 or-

2150 4286 2262 4340 dini
2292 4285 2550 4350 restituit,
2576 4288 2706 4356 quia
2733 4289 2882 4342 nulla
2913 4289 3054 4344 facta
3088 4290 3402 4360 Symmachi
3426 4291 3727 4356 mentione,

2149 4377 2544 4447 nihilopinieui
2576 4393 2690 4432 suie
2713 4395 3022 4450 repugnans
3050 4382 3413 4447 olle-rebatur;
3441 4383 3521 4438 sic
3547 4394 3726 4438 autem

468 4499 818 4565 comperitur,
847 4468 895 4554 si
921 4500 1088 4554 addas
1118 4501 1346 4554 circiter.
1383 4501 1495 4556 lmo
1525 4505 1690 4558 etiam
1717 4507 1834 4560 sine
1856 4507 2040 4563 addito
2072 4503 2118 4560 D
2149 4468 2312 4565 mimi
2337 4469 2518 4565 :_p0“
2545 4470 2871 4565 δίηίοηυέυηε
2893 4471 3067 4565 3"”
3102 4485 3336 4543 regnum
3372 4474 3587 4529 Nam“
3613 4477 3730 4530 Au-

465 4597 631 4658 atque
653 4599 1080 4659 temperamento
1099 4595 1205 4650 dici
1238 4595 1378 4650 forte
1403 4606 1578 4665 potest
1611 4598 2039 4655 'l‘heodotionem

463 4689 518 4734 et
544 4679 936 4752 Symmachum
959 4685 1150 4741 eodem
1181 4695 1429 4759 tempore
1449 4692 1722 4746 vertenda:
1749 4690 2042 4762 Scriptum

463 4787 635 4829 sacrae
665 4774 978 4842 insudasse,
1009 4780 1104 4833 sed
1136 4779 1209 4835 ita
1247 4791 1308 4835 ut
1341 4779 1649 4837 Theodotio
1677 4784 1852 4854 prius,
1887 4784 2041 4856 Sym-

460 4869 690 4922 machus
723 4879 904 4922 autem
935 4871 1151 4925 medico
1179 4883 1305 4942 post
1339 4883 1583 4952 tempore
1628 4875 2036 4947 interpretatio-

461 4971 584 5012 nem
611 4975 768 5014 suam
798 4959 852 5014 in
884 4959 1058 5016 lucem
1088 4964 1392 5019 emiserint.

457 5089 547 5148 Ill.
607 5092 900 5149 Chronicon
966 5099 1386 5176 Alerandrinum
1448 5121 1678 5158 errorem
1746 5104 2034 5176 Epiphanii

913 5172 1230 5235 emendavit,
1276 5184 1331 5226 ut
1369 5183 1420 5226 et
1467 5176 1606 5230 Ado.

527 5274 731 5331 Anetor
783 5296 914 5334 vero
967 5281 1213 5336 Chronici
1279 5285 1671 5353 Alexandrini,
1740 5299 2029 5360 postquam

455 5361 846 5427 Theodotionis
875 5373 1166 5431 editionem
1193 5379 1244 5430 in
1271 5393 1473 5433 annum
1498 5380 1783 5437 Commodi
1814 5396 2028 5439 sextum

453 5461 793 5528 contulerat;
823 5475 876 5519 et
929 5475 1136 5536 postea.
1175 5473 1369 5527 ordine
1401 5476 1663 5544 temporis
1703 5479 2024 5544 procedens,

455 5552 768 5624 Symmachi
809 5558 1305 5630 interpretationem
1349 5580 1492 5621 anno
1539 5567 1720 5620 Severi
1767 5584 1912 5623 nouo
1943 5567 2014 5622 fa-

450 5655 595 5698 ctam
634 5647 864 5708 dixerat,
893 5650 962 5702 sit
996 5651 1237 5708 claudit:
1276 5653 1402 5708 ch
1432 5656 1762 5724 bpiphunius
1797 5656 2024 5728 Cyprius

445 5736 512 5790 de
542 5737 710 5792 tribus
736 5739 1105 5809 interpretibus
1133 5746 1349 5815 Aquila,
1379 5748 1694 5817 Symmacho
1718 5760 1766 5804 et
1790 5750 2022 5807 Theodo-

2148 4562 2312 4616 relius
2339 4562 2660 4626 Antoninus,
2686 4564 2776 4631 qui
2799 4573 2846 4616 et
2892 4562 3070 4631 Verus,
3097 4568 3251 4619 annis
3279 4568 3650 4625 norcmdecim.

2220 4652 2352 4708 Post
2383 4653 2520 4708 hunc
2547 4652 2868 4707 Commodus
2895 4659 3032 4709 alius
3064 4657 3286 4725 imperat
3307 4659 3461 4712 annis
3483 4674 3604 4724 xm,
3631 4675 3724 4712 cu-

2132 4744 2227 4814 jus
2266 4753 2495 4814 tempore
2539 4746 2786 4813 ﬂoruisse
2836 4747 3068 4802 diximus
3123 4748 3530 4806 Tlteodotionem
3558 4792 3575 4817 ,
3630 4754 3722 4822 qui

2139 4846 2388 4906 quartam
2410 4839 2890 4906 interpretationem
2923 4841 3109 4894 edidit.

2211 4928 2558 4983 Commodum
2581 4932 2720 4986 [tunc
2748 4935 2940 5002 excipit
2962 4933 3242 4998 Pertinax,
3259 4945 3308 4987 ct
3332 4936 3554 5004 imperat
3575 4953 3721 4992 men-

2137 5037 2217 5076 δεδ
2244 5037 2355 5075 δεῖ.

2212 5111 2354 5165 Hinc
2389 5111 2606 5168 Severus
2639 5133 2756 5169 cum
2785 5118 3050 5171 Antonino
3067 5119 3206 5189 ﬁlio,
3225 5123 3378 5175 annis
3403 5139 3552 5177 xvttt.
3579 5121 3717 5176 Mor-

2137 5216 2226 5258 tuo
2251 5201 2438 5259 Severo
2465 5211 2695 5262 succedit
2721 5211 3036 5265 Antoninus.

2205 5293 2262 5348 lu
2295 5297 2394 5350 hac
2428 5308 2698 5367 postrema
2727 5301 3043 5356 recensione
3072 5299 3432 5359 Comumdum
3461 5321 3566 5360 non
3593 5306 3713 5360 loco

2131 5403 2234 5443 suo
2265 5390 2471 5454 movit,
2516 5393 2642 5462 quia
2681 5407 2801 5446 eum
2844 5393 2991 5446 nulla
3022 5395 3124 5448 sub
3159 5393 3362 5448 Severo
3395 5398 3710 5468 Symmachi

2132 5482 2336 5536 mentio
2368 5482 2554 5548 ﬁeret,
2599 5482 2735 5535 nihil
2765 5494 3152 5554 praeconceptie
3187 5501 3218 5539 a
3247 5503 3304 5540 se
3335 5489 3580 5556 opinioni
3619 5507 3706 5543 re-

2129 5571 2434 5642 pugnabat;
2464 5587 2586 5642 qua:
2613 5571 2800 5640 opinio
2825 5582 2932 5626 tam
2979 5575 3084 5629 alte
3135 5576 3319 5630 animo
3352 5578 3472 5646 ejus
3525 5579 3702 5634 delira

2125 5673 2262 5731 erat,
2290 5675 2349 5719 ut
2378 5665 2505 5720 licet
2541 5674 2784 5719 veterum
2811 5677 2862 5720 et
2895 5665 3031 5723 forte
3061 5665 3312 5738 Origcnis
3345 5669 3516 5740 ipsius
3548 5671 3704 5725 testi-

2126 5759 2310 5814 monio
2335 5759 2619 5827 edisceret,
2653 5757 3046 5815 Theodotiouis
3081 5758 3374 5816 editionem
3412 5763 3514 5818 sub
3540 5762 3706 5819 Com-
