4122 6490
369 351 439 405 89
1581 344 1651 401 ΙΝ
1689 344 2015 401 HEXAPLA
2055 344 2400 401 ORIGENIS.
3552 350 3623 403 υο

369 468 551 535 modo,
595 466 909 540 Symmachi
939 466 1042 521 sub
1074 463 1277 519 Severo
1294 462 1586 534 prodiisse,
1620 464 1803 518 mallet
1826 463 1944 531 ipse
1972 469 2020 525 Α
2048 462 2488 535 quandoquidem
2522 477 2624 517 nec
2649 463 2714 517 de
2735 462 2936 533 duplici
2971 462 3183 534 Aquila:
3217 464 3478 531 editione,
3502 482 3626 535 qua:

365 552 627 611 Severum
674 563 799 610 ante
848 552 1212 607 Commodum
1254 552 1456 612 locare,
1490 566 1656 620 quam
1687 548 1941 604 Theodo—

367 650 532 705 tionis
562 649 854 703 editionem
905 644 1223 717 Symmachi
1266 644 1523 699 versione
1573 643 1938 713 antiquiorem

367 742 550 796 fateri.
578 741 947 808 Quamobrem
971 738 1062 793 ubi
1092 738 1255 807 paulo
1291 746 1480 806 postea
1509 735 1770 790 lectorem
1819 751 1939 789 mo-

363 841 476 898 net,
500 841 686 887 caveat
719 848 808 894 ne,
837 832 964 901 quia
996 828 1136 884 LXX
1166 831 1491 899 Interpretes
1535 836 1659 898 post
1686 829 1939 899 Aquilam

365 936 419 979 et
435 923 816 995 Symmachum
840 924 892 977 in
913 922 1163 992 Hexaplis
1181 922 1453 984 locantur,
1475 921 1747 974 existimet
1772 921 1944 989 Aqui-

365 1014 471 1069 lam
501 1024 554 1069 et
584 1012 972 1085 Symmachum
1014 1026 1136 1066 esse
1177 1008 1318 1063 LXX
1353 1008 1744 1079 Interpretibus
1799 1008 1943 1062 ansi-

364 1108 607 1175 quiores,
634 1105 950 1175 neutiquam
971 1112 1175 1169 monet,
1196 1118 1263 1157 ne
1287 1102 1674 1174 Symmachum
1704 1100 1939 1169 priorem

366 1196 739 1252 Theodotionc
768 1197 886 1265 pari
930 1196 996 1249 de
1029 1209 1193 1250 causa
1245 1200 1414 1262 putet.
1470 1192 1720 1247 Chronici
1779 1191 1944 1260 igitur

364 1286 720 1341 Alexandrini
761 1294 972 1352 auctor,
1005 1285 1060 1338 in
1089 1283 1313 1337 calculis
1344 1282 1569 1351 peritior
1613 1280 1940 1349 Epiphanio,

364 1393 428 1433 ex
480 1378 692 1434 duabus
747 1392 911 1447 supra
961 1374 1275 1430 memoratis
1308 1374 1701 1444 imperatorum
1750 1384 1941 1426 recen-

364 1473 634 1538 sionibus,
668 1470 737 1526 ab
772 1470 1121 1540 Ephiphanio
1168 1469 1332 1524 editis
1356 1507 1371 1532 ,
1432 1483 1616 1521 veram
1659 1467 1944 1535 utriusque

366 1564 681 1633 interpretis
712 1571 950 1627 mtatem,
980 1560 1139 1631 quasi
1177 1560 1248 1614 ab
1296 1557 1601 1628 Epiphanio
1640 1566 1939 1620 mutuatus,

364 1655 665 1723 assignavit
696 1672 708 1706 :
744 1668 844 1708 nec
872 1653 1016 1707 enim
1045 1653 1298 1722 ignorare
1324 1650 1501 1721 potuit
1524 1665 1666 1714 eam,
1694 1665 1815 1720 quze
1842 1649 1944 1704 sub

364 1746 669 1802 Commodo
703 1747 925 1817 prodiit,
956 1746 1248 1801 editionem
1275 1786 1290 1809 ,
1322 1744 1674 1798 vetustiorem
1723 1759 1785 1797 ea
1818 1759 1942 1798 esse

360 1855 487 1910 quae
525 1838 626 1895 sub
661 1837 882 1893 Severo.
924 1836 1042 1892 Ado
1089 1837 1219 1891 item
1254 1837 1307 1890 in
1340 1835 1600 1891 Chronico
1632 1850 1817 1890 veram
1851 1836 1937 1889 in-

360 1939 662 2001 terpretum
715 1941 930 1985 aetatem
996 1929 1329 1998 descripsit;
1400 1943 1526 1982 nam
1578 1928 1645 1981 de
1696 1936 1937 1997 tempore

360 2023 585 2077 Adriani
612 2024 841 2092 loquens
875 2022 952 2077 ait
988 2042 1000 2076 :
1040 2020 1148 2074 Per
1176 2021 1311 2074 idem
1339 2030 1538 2090 tempus
1568 2017 1761 2088 Aquila
1789 2018 1903 2071 Pon
1924 2049 1935 2057 ν

362 2113 501 2168 ticus
533 2114 811 2181 interpres,
835 2111 1093 2166 secundus
1125 2118 1243 2179 post
1264 2107 1413 2162 LXX
1435 2150 1449 2175 ,
1489 2110 1680 2162 oritur.
1718 2105 1784 2160 Et
1833 2107 1937 2162 sub

359 2205 681 2269 Commodo,
715 2203 1033 2258 Theodotion
1067 2202 1322 2273 Ephesius
1354 2203 1611 2271 interpres
1629 2202 1816 2255 tertius
1837 2216 1935 2270 ap-

356 2297 561 2365 paruit.
628 2297 768 2351 Idem
810 2297 912 2351 sub
958 2295 1160 2350 Severo
1195 2336 1210 2360 ,
1272 2293 1623 2365 Symmachus
1677 2294 1934 2363 interpres

356 2397 579 2456 quartus
610 2388 935 2457 agnoscitur.
970 2386 1402 2453 Theodotionem
1436 2385 1601 2454 igitur
1627 2394 1753 2439 ante
1777 2383 1936 2456 Sym-

356 2476 613 2527 machum
647 2474 942 2529 editionem
978 2475 1233 2531 emisisse
1263 2490 1442 2540 suam,
1477 2490 1544 2529 ex
1575 2476 1642 2530 iis
1676 2492 1797 2545 quae
1838 2490 1932 2530 su-

353 2578 450 2634 pra
472 2565 617 2619 dicta
656 2575 806 2630 sunt;
862 2567 1130 2632 liquidum
1175 2576 1279 2622 est.
1336 2566 1579 2637 Idipsum
1639 2568 1937 2624 credidisse

354 2656 568 2711 videtur
601 2657 989 2730 Hieronymus,
1021 2661 1115 2729 qui
1147 2661 1225 2713 ait
1248 2658 1615 2713 Comment.in
1652 2658 1933 2723 Ilesaiam,

352 2760 475 2816 cap.
508 2762 640 2801 Lvnt
675 2790 690 2814 ,
726 2764 778 2803 ν.
817 2748 851 2802 6
883 2767 897 2804 :
955 2749 1065 2803 Pro
1099 2758 1286 2803 catena
1327 2747 1481 2821 ιΧΧ
1517 2748 1847 2820 σύνδεσμον,
1882 2748 1939 2803 id

350 2846 431 2893 est
448 2839 989 2910 colligationem,‘sive
1004 2840 1280 2908 vinculum
1300 2842 1682 2895 transtulerunt
1701 2857 1720 2906 ;
1739 2840 1937 2912 Aquila

351 2931 490 2985 sicut
513 2946 675 2993 supra
705 2947 947 2987 errorem
975 2935 1352 3002 interpretatus
1383 2943 1460 2988 est
1484 2951 1504 2999 ,'
1541 2931 1890 3005 Symmachus
1916 2977 1933 3002 ,

349 3018 405 3072 in
444 3015 816 3074 Theodotionis
848 3025 986 3076 scita
1001 3024 1303 3088 concedens,
1327 3032 1571 3095 torquem
1595 3028 1792 3094 posuit.
1814 3025 1936 3092 Quo

351 3110 559 3167 indicat.
589 3108 980 3179 Symmachum
1034 3114 1087 3167 in
1133 3116 1373 3170 editione
1404 3132 1501 3171 sua
1538 3126 1785 3172 secutum
1813 3133 1935 3174 esse

350 3203 857 3276 interpretationem
885 3203 1305 3271 Theodotionis,
1338 3215 1525 3275 utpote
1565 3207 1931 3278 antiquioris;

350 3297 709 3351 conllrmatur
730 3296 892 3350 etiam
928 3297 1118 3351 lrenaei
1147 3296 1288 3360 loco,
1315 3297 1407 3351 ubi
1437 3300 1614 3368 carpit
1643 3299 1733 3353 ille
1760 3300 1932 3370 Aqui-

350 3389 457 3445 lam
486 3397 540 3443 et
588 3389 1018 3443 Theodotionem
1071 3396 1304 3453 tantum,
1363 3391 1509 3459 quod
1543 3406 1664 3461 cap.
1700 3408 1775 3446 vn
1827 3392 1934 3447 lle-

351 3483 482 3538 saiae
509 3498 699 3537 vocem
733 3464 893 3545 τινών
926 3481 1189 3535 verterint
1237 3480 1419 3545 vsav‘t;
1444 3520 1460 3545 ,
1494 3481 1890 3537 adolescentulo
1914 3526 1932 3552 ,

353 3590 462 3628 non
492 3573 781 3646 παρθένος,
819 3575 984 3643 virgo,
1023 3583 1083 3627 ut
1110 3571 1251 3625 LXX
1280 3573 1622 3644 interpretes.
1662 3573 1717 3628 Si
1746 3585 1930 3631 autem

354 3664 718 3738 Symmachus
739 3669 852 3736 jam
893 3666 1189 3720 editionem
1209 3680 1365 3719 suam
1387 3666 1662 3735 publicam
1690 3666 1930 3734 fecisset,

346 3773 474 3815 cum
510 3770 563 3813 et
594 3760 707 3829 ipse
753 3757 931 3821 veavlg
966 3756 1338 3822 transtulerit,
1387 3772 1456 3811 an
1502 3758 1929 3826 praetermitten-

348 3850 453 3906 dus
485 3859 601 3905 erat
632 3851 701 3905 ab
730 3851 938 3903 Irenaeo
959 3848 983 3901 ?
1008 3847 1079 3902 At
1116 3864 1241 3903 eum
1279 3863 1347 3903 ex
1395 3847 1656 3904 Chronico
1691 3850 1928 3906 Alexan-

348 3943 527 4009 drino,
560 3957 706 3996 anno
738 3940 922 3997 Severi
952 3955 1100 3995 nono
1128 3939 1493 4013 Symmachus
1524 3942 1928 4014 interpretatio—

349 4051 475 4090 nem
503 4050 659 4089 suam
686 4034 1118 4097 concinnaverit,
1149 4048 1258 4087 non
1292 4035 1471 4103 potuit
1518 4037 1588 4091 ab
1613 4036 1814 4093 Irenaeo
1844 4055 1930 4094 re-

348 4128 631 4199 prehendi,
659 4128 750 4197 qui
783 4142 929 4181 anno
958 4127 1175 4181 circiter
1203 4127 1445 4182 secundo
1478 4128 1723 4198 ejusdem
1757 4131 1930 4202 impe-

347 4221 552 4275 ratoris
584 4220 906 4291 martyrium
941 4233 1136 4287 passus
1176 4234 1299 4272 esse
1335 4228 1577 4289 putatur.
1614 4220 1755 4278 Hinc
1798 4239 1928 4279 vero

347 4312 594 4380 corrigas
627 4312 789 4366 velim
820 4319 1062 4366 nostram
1097 4310 1162 4365 ad
1193 4308 1478 4380 Synopsim
1515 4312 1808 4382 Scriptum
1833 4334 1926 4370 sa-

347 4420 453 4461 cra:
474 4414 680 4469 notam,
726 4406 816 4460 ubi
841 4414 964 4474 post
1001 4402 1319 4476 Dionysium
1353 4404 1635 4461 Petavium
1663 4409 1922 4474 diximus,

2042 555 2291 624 pluribus
2315 556 2642 611 testimoniis
2669 558 2956 619 asseritur,
2988 559 3211 611 verbum
3243 556 3392 611 lecit.
3426 556 3624 612 Hiero-

2043 662 2243 715 nymus
2279 663 2407 701 vero
2438 649 2576 703 duas
2607 648 2769 701 etiam
2819 646 3207 718 Symmachum
3239 649 3494 703 emisisse
3543 658 3626 703 te-

2043 737 2309 791 stiﬁcatur
2349 738 2641 792 Comment.
2696 739 2752 790 in
2795 737 3044 801 Nahum,
3095 752 3214 805 cap.
3255 752 3352 801 Ill,
3403 739 3473 800 1,
3531 738 3624 794 ubi

2044 831 2119 882 ait
2151 849 2165 883 :
2195 828 2263 883 In
2301 828 2523 884 Hebra’o
2548 829 2790 893 habetur,
2832 844 3033 883 PHEREC
3068 844 3265 894 IAM-1A,
3293 832 3431 900 quod
3460 833 3626 885 inter-

2042 929 2281 989 pretatus
2310 932 2386 975 est
2415 920 2634 990 Aquila,
2665 919 3057 990 ὲξαυχενισμοῦ
3088 921 3303 993 πλήρης
3327 963 3341 985 ,
3393 923 3449 974 id
3506 934 3620 988 est,

2042 1014 2477 1069 excervicatione
2500 1014 2686 1083 plena;
2714 1011 3061 1082 Symmachus
3092 1025 3290 1077 autem,
3321 1014 3623 1086 ἀποτομίας

2045 1106 2282 1178 πλήρης,
2317 1106 2456 1176 quod
2478 1120 2755 1175 possumus
2779 1105 2975 1169 dicere,
3006 1105 3327 1159 credulitate
3361 1106 3438 1159 rel
3463 1122 3620 1160 seve-

2044 1198 2206 1251 ritate
2228 1198 2406 1266 plena.
2435 1194 2502 1249 In
2519 1196 2689 1249 altera
2705 1194 2816 1265 ejus
2837 1195 3065 1248 editione
3082 1196 3273 1263 reperi,
3295 1195 3623 1264 μελοκοπίας

2046 1287 2280 1359 πλήρης,
2310 1287 2363 1340 ill
2385 1297 2483 1352 est,
2518 1286 2854 1341 sectionibus
2879 1286 3125 1339 carnium
3154 1325 3169 1350 ,
3227 1297 3281 1342 et
3309 1286 3499 1341 frustis
3529 1304 3623 1357 per

2045 1382 2290 1435 membra
2332 1380 2570 1435 concisis
2603 1380 2779 1450 plena.
2825 1378 2955 1433 Duae
2983 1380 3146 1433 etiam
3180 1395 3367 1450 ezeque
3396 1381 3625 1436 diversa:

2048 1470 2361 1543 Symmachi
2391 1472 2652 1525 lectiones
2689 1471 2990 1525 ali'eruntur
3014 1470 3172 1525 llesai
3200 1487 3364 1536 xu'n,
3391 1472 3459 1537 2;
3484 1469 3625 1527 Osee

2046 1579 2145 1626 χιι,
2174 1563 2235 1616 ll
2260 1581 2274 1628 ;
2302 1562 2443 1617 Psal.
2472 1577 2593 1628 crx,
2626 1564 2677 1616 l.
2713 1560 2779 1616 Et
2805 1562 2857 1614 in
2882 1562 3188 1631 Appendice
3223 1560 3396 1615 Exod.
3428 1577 3620 1627 χςνιιι,

2048 1656 2135 1710 14.
2164 1654 2221 1709 In
2251 1656 2406 1711 libris
2435 1656 2564 1710 item
2601 1654 2619 1708 Ι
2649 1666 2704 1709 et
2743 1654 2787 1707 ll
2814 1654 3023 1722 Regum
3057 1655 3199 1711 binae
3227 1668 3622 1725 nonnunquam

2050 1748 2359 1820 Symmachi
2390 1748 2864 1818 interpretationes
2887 1747 3209 1803 afferuntur.
3248 1746 3383 1802 Vide
3408 1748 3572 1803 etiam
3601 1788 3620 1814 ,

2041 1842 2219 1904 sodes,
2242 1839 2491 1895 Jeremiae
2516 1856 2606 1906 xx,
2638 1841 2690 1905 5,
2713 1850 2767 1895 et
2788 1837 2898 1895 Jer.
2929 1857 3059 1906 xxx,
3094 1841 3187 1904 '52,
3235 1843 3289 1894 in
3318 1851 3468 1896 nota.
3507 1840 3617 1897 Sed

2039 1931 2168 2000 quia
2199 1930 2469 2000 ejusmodi
2495 1932 2742 2000 exempla
2766 1947 2874 1986 non
2900 1931 2973 1984 ita
2998 1931 3298 2000 frequentia
3327 1941 3627 1996 sunt,con-

2033 2023 2278 2093 jectandi
2317 2023 2474 2078 locus
2505 2033 2590 2079 est
2633 2024 3021 2095 Symmachum
3065 2040 3172 2079 non
3206 2026 3344 2081 duas
3394 2028 3624 2082 omnino

2037 2110 2283 2168 diversas
2307 2112 2576 2179 editiones
2593 2113 2881 2181 emisisse;
2912 2116 3008 2169 sed
3039 2130 3202 2184 quam
3222 2117 3458 2182 priorem
3485 2117 3624 2170 emi-
3713 2110 3725 2123 “

2040 2210 2187 2257 serat
2215 2203 2429 2272 aliquot
2458 2203 2512 2257 in
2535 2203 2669 2259 locis
2686 2204 3027 2268 emendasse,
3050 2206 3322 2275 verbaque
3339 2207 3445 2259 alia
3476 2206 3623 2261 iden-

2042 2295 2207 2350 tidem
2243 2295 2590 2351 substituisse
2617 2310 2716 2365 pro
2742 2294 2887 2349 aliis.
2914 2296 3170 2365 Alioquin
3201 2298 3246 2351 si
3278 2298 3437 2363 duas,
3483 2313 3622 2369 per-

2039 2386 2165 2441 inde
2204 2396 2367 2457 atque
2429 2388 2623 2457 Aquila
2650 2429 2665 2454 ,
2715 2404 3050 2457 prorsusque
3078 2390 3260 2446 varias
3293 2392 3621 2459 interpreta-

2037 2478 2215 2533 tiones
2241 2480 2650 2547 concinnasset,
2683 2481 2812 2550 quid
2841 2496 3022 2537 causae
3047 2490 3131 2536 est
3159 2497 3257 2536 cur
3287 2498 3413 2537 cum
3458 2482 3624 2554 longe

2041 2570 2349 2640 elegantior
2378 2581 2432 2626 et
2466 2572 2660 2626 melior
2684 2574 2955 2642 interpres
2982 2588 3011 2628 a
3038 2575 3224 2628 multis
3279 2576 3500 2630 habitus
3548 2576 3621 2635 sit

2037 2676 2200 2730 quam
2232 2662 2451 2732 Aquila,
2471 2672 2583 2718 tam
2618 2680 2802 2733 paucae
2834 2677 3015 2729 tamen
3052 2681 3117 2722 ex
3145 2667 3314 2721 altera
3344 2667 3466 2736 ejus
3505 2668 3621 2723 edi-

2041 2755 2188 2810 tione
2223 2754 2486 2811 lectiones
2515 2756 2835 2823 atierantur,
2872 2760 3091 2828 quando
3139 2768 3219 2813 tot
3267 2768 3527 2830 tantaque
3550 2776 3618 2816 ex

2038 2847 2280 2901 secunda
2332 2846 2543 2918 Aquilae
2592 2849 2833 2903 editione
2883 2851 3222 2919 supersunt?
3252 2848 3382 2906 Hanc
3429 2851 3620 2922 conje-

2037 2939 2236 2993 ctando
2266 2940 2442 2994 solum
2478 2939 2622 2995 dicta
2648 2943 2799 2996 sint:
2846 2958 2933 2998 res
2960 2944 3104 2997 enim
3155 2959 3266 2998 non
3320 2944 3395 3000 ita
3433 2948 3620 3017 exple-

2039 3040 2155 3086 rata
2186 3040 2270 3088 est
2289 3072 2307 3100 ,
2337 3042 2399 3087 ut
2426 3042 2548 3089 tuto
2570 3035 2847 3104 possimus
2877 3037 3202 3092 sententiam
3232 3036 3395 3093 ferre.

1960 3153 2005 3211 ο
2037 3141 2102 3197 γ.
2121 3143 2257 3217 Quo
2292 3146 2524 3200 vertendi
2550 3162 2736 3217 genere
2769 3165 2897 3201 usus
2924 3151 3026 3202 sit:
3054 3160 3102 3202 et
3129 3149 3192 3202 de
3214 3150 3369 3203 annis
3398 3150 3619 3205 chrono-

2110 3215 2297 3284 logicis
2325 3219 2514 3290 prima:
2552 3215 2618 3271 ac
2657 3219 2904 3273 secunde
2941 3220 3116 3274 atatis
3144 3227 3203 3272 ut
3232 3236 3267 3274 a
3302 3218 3618 3290 Symmacho

2107 3285 2543 3340 numerabantur.

2104 3398 2481 3469 lnterpretatio
2512 3398 2828 3470 Symmachi
2853 3400 3162 3457 clarissima
3222 3409 3276 3457 et
3330 3402 3620 3474 elegantis-

2035 3492 2175 3548 sima
2202 3490 2447 3546 omnium
2476 3501 2585 3546 est.
2618 3490 2726 3547 Res
2757 3491 2845 3545 ille
2877 3502 2936 3545 ut
2957 3492 3252 3562 plurimum
3291 3502 3416 3562 apte
3447 3509 3511 3549 ac
3531 3494 3619 3549 di-

2033 3580 2211 3636 lucide
2243 3580 2500 3650 exprimit
2532 3599 2545 3635 :
2584 3595 2692 3634 non
2723 3580 2884 3634 verba
2915 3581 3130 3649 singula
3167 3583 3488 3651 scrupulose
3530 3598 3616 3638 re-

2035 3673 2176 3729 ferre
2198 3674 2380 3730 studet
2405 3683 2466 3726 ut
2500 3673 2696 3743 Aquila
2723 3689 2738 3737 ;
2768 3687 2877 3726 non
2908 3671 3050 3725 LXX
3084 3673 3410 3744 Interpretes
3427 3691 3618 3744 presso

2031 3763 2263 3832 vestigio
2291 3762 2541 3833 sequitur
2571 3771 2631 3816 ut
2663 3761 2970 3817 Theodotio
2993 3780 3008 3829 ;
3035 3764 3129 3818 sed
3164 3764 3248 3818 vel
3275 3765 3344 3834 .in
3366 3765 3617 3822 dillicilli-

2032 3853 2138 3907 mis
2161 3852 2298 3907 locis
2330 3866 2553 3907 sensum
2583 3851 2658 3904 ita
2690 3850 2890 3921 legenti
2928 3850 3183 3916 exhibet,
3226 3861 3284 3906 ut
3312 3853 3497 3907 statim
3527 3852 3615 3908 in-

2030 3944 2321 4014 telligatur.
2352 3940 2708 3997 Hebraismos
2738 3955 2866 3995 raro
2911 3949 3175 3997 sectatur.
3230 3940 3615 4015 Summopere-

2031 4050 2137 4104 que
2166 4049 2390 4089 curasse
2422 4032 2661 4098 videtur,
2690 4047 2757 4087 ne
2802 4033 3081 4102 quidpiam
3137 4033 3192 4085 in
3225 4031 3410 4088 Graeca
3469 4034 3613 4089 serie

2030 4136 2276 4197 poneret,
2306 4127 2452 4197 quod
2480 4125 2727 4181 Griecum
2772 4124 3031 4181 lectorem
3063 4125 3324 4180 Hebraice
3358 4126 3613 4195 ignarum

2028 4219 2301 4279 oll‘cndere
2334 4229 2558 4288 posset:
2604 4233 2667 4273 ea
2710 4227 2891 4274 tamen
2915 4220 3148 4283 cautela,
3179 4229 3237 4275 ut
3281 4218 3610 4275 Hebraicum

2026 4312 2305 4380 exemplar
2343 4313 2564 4368 unicum
2597 4315 2934 4383 sequendum
2976 4313 3079 4368 sibi
3113 4321 3456 4382 proponeret,
3506 4327 3609 4367 nec

2027 4404 2304 4473 quidpiam
2328 4418 2394 4457 ex
2424 4403 2664 4460 editione
2693 4405 2801 4459 τῶν
2837 4407 2913 4468 0',
2945 4404 3036 4457 ubi
3058 4418 3182 4458 cum
3208 4402 3473 4457 Hebraico
3499 4418 3607 4458 non

348 4496 741 4569 Symmachum
774 4499 1067 4553 editionem
1100 4513 1257 4553 suam
1290 4501 1545 4556 emisisse
1589 4511 1716 4557 ante
1747 4501 1924 4556 Theo-
1956 4495 2000 4549 D
2030 4496 2352 4565 quadrahat,
2391 4495 2445 4553 in
2500 4496 2996 4570 interpretationem
3057 4510 3211 4550 suam
3268 4494 3603 4550 refunderet.

346 4589 643 4644 dotionem.

377 4677 466 4735 IV.
502 4682 586 4735 An
610 4683 742 4736 duas
776 4682 1234 4751 interpretationes
1276 4682 1491 4736 ediderit
1516 4680 1884 4752 Symmachus.

416 4772 534 4840 Qua
565 4787 694 4829 vero
724 4782 1002 4843 permotus
1028 4786 1194 4825 causa
1225 4771 1291 4825 ad
1343 4769 1682 4841 Scriptorum
1738 4772 1924 4829 Graece

349 4865 805 4936 interpretandant
846 4864 1090 4918 animum
1115 4863 1383 4933 appulerit
1407 4864 1792 4935 Symmachus,
1825 4867 1924 4921 do—

348 4969 432 5017 cet
469 4960 611 5016 idem
655 4956 992 5029 Epiphanius
1026 4975 1039 5010 :
1085 4958 1213 5027 quia
1245 4957 1506 5011 nimirum
1564 4956 1923 5014 Samaritanis

345 5052 759 5116 infensus'erat,
791 5049 1200 5104 translationem
1231 5063 1430 5102 novam
1463 5063 1755 5118 aggressus
1795 5058 1883 5103 est
1904 5088 1920 5113 ,

344 5157 405 5201 ut
461 5142 934 5200 Samaritanorum
987 5141 1461 5209 interpretationes
1517 5149 1807 5196 everteret.
1861 5143 1922 5195 In

343 5234 592 5306 Epitome
638 5231 926 5302 Epiphanii
981 5230 1055 5285 De
1100 5231 1415 5300 ponderibus
1451 5245 1573 5285 mox
1614 5231 1821 5286 edenda
1847 5233 1925 5287 le-

343 5329 510 5399 gitur,
536 5326 616 5390 εῑς
652 5324 980 5396 διαστροφὴν
1011 5322 1120 5377 τῶν
1150 5321 1303 5395 παρὰ
1340 5323 1708 5396 Σαμαρείταις
1743 5325 1920 5397 ἑρμη-

343 5418 566 5482 νευτῶν,
597 5418 665 5471 ad
694 5418 1009 5472 eversionem
1032 5417 1376 5485 interpretum
1410 5414 1875 5471 Samaritanorum
1900 5433 1920 5471 :

252 5518 258 5529 '
345 5514 508 5567 hasce
564 5524 728 5578 porro
784 5508 1267 5578 interpretationes
1321 5506 1538 5562 (ἔκερσεν
1594 5507 1800 5573 fuisse,
1853 5524 1920 5564 ex

342 5602 676 5673 conjecturis
704 5600 996 5654 admodum
1021 5600 1398 5670 probabilibus
1424 5614 1589 5669 supra
1605 5601 1918 5656 statuimus.

344 5692 489 5747 Duas
517 5691 908 5763 Symmachum
932 5692 1198 5747 editiones
1234 5692 1487 5748 emisisse
1516 5701 1727 5746 eertum
1766 5693 1920 5748 vide-

343 5793 467 5855 tur;
502 5799 600 5840 nec
634 5784 834 5839 mirum
883 5790 968 5839 est
1013 5780 1372 5854 Epiphanium
1432 5782 1486 5838 id
1539 5782 1867 5853 prateriisse
1899 5824 1915 5850 ,

2026 4586 2392 4654 Quamobrem
2425 4589 2477 4642 in
2502 4588 2663 4643 annis
2693 4586 3094 4658 cbronologicis
3112 4587 3180 4641 ab
3205 4586 3414 4641 Adamo
3432 4602 3608 4658 usque

2025 4680 2090 4735 ad
2108 4681 2500 4745 Abrahamum,
2525 4680 2689 4734 missa
2718 4678 3072 4750 Septuaginta
3094 4676 3453 4748 lnterpretum
3473 4694 3601 4749 sup-

2023 4771 2324 4842 putatione,
2352 4770 2597 4825 llebraici
2623 4785 2838 4839 semper
2893 4778 3073 4824 textus
3107 4784 3283 4825 annos
3326 4771 3601 4840 exprime-

2023 4862 2135 4929 bat,
2164 4872 2224 4917 ut
2251 4862 2572 4917 testiﬁcatur
2604 4859 2870 4919 Eusebius
2899 4860 3186 4917 Emisenus
3211 4863 3263 4915 in
3299 4862 3417 4916 loco
3433 4879 3599 4933 quem

2022 4970 2087 5009 ex
2116 4954 2512 5023 manuscriptis
2542 4960 2857 5021 excerptum
2886 4954 3171 5009 retulimus
3202 4954 3257 5007 in
3290 4954 3434 5009 notis
3462 4953 3597 5009 Gen.

2024 5059 2077 5108 v,
2108 5044 2162 5098 5.
2192 5043 2472 5108 Hebra’us,
2506 5044 2684 5113 inquit
2716 5044 2840 5111 ille,
2874 5056 2922 5098 et
2950 5042 3117 5114 Syrus
3159 5055 3209 5099 et
3250 5045 3600 5114 Symmachus

2022 5138 2078 5190 in
2113 5136 2430 5207 genealogiis
2480 5145 2689 5189 centum
2716 5153 2882 5191 annos
2926 5138 3101 5190 minus
3129 5152 3332 5205 semper
3357 5147 3599 5206 ponunt;

2020 5229 2243 5298 exempli
2273 5243 2437 5282 causa
2461 5231 2712 5298 scriptum
2749 5237 2826 5282 est
2859 5229 2914 5281 in
2945 5226 3096 5279 LXX
3120 5228 3259 5297 quod
3275 5227 3444 5281 Adam
3461 5245 3600 5283 anno

2021 5324 2141 5376 vita:
2168 5337 2344 5377 ccxxx
2372 5323 2608 5392 genuerit
2638 5319 2764 5375 Seth
2788 5336 2807 5385 ;
2845 5320 2920 5373 ibi
2965 5319 3219 5373 Hebrwus
3247 5335 3388 5373 cxxx
3419 5319 3596 5375 habet.

2024 5415 2156 5469 Illos
2186 5423 2363 5468 autem
2385 5424 2595 5468 centum
2626 5427 2791 5465 annos
2833 5409 3047 5479 reliquis
3072 5411 3266 5464 Adami
3289 5413 3409 5466 uiue
3444 5414 3598 5469 anuis

2023 5505 2287 5574 adiungit.
2311 5503 2507 5558 Mirum
2529 5510 2709 5557 autem
2738 5501 2790 5554 in
2815 5501 3133 5556 recensione
3161 5516 3348 5557 eorum
3372 5506 3464 5576 qui
3492 5504 3600 5562 He-

2024 5596 2268 5654 braicum
2300 5604 2506 5650 textum
2547 5595 2600 5648 in
2630 5607 2903 5647 annorum
2963 5594 3171 5651 calculo
3213 5602 3384 5651 secuti
3427 5607 3598 5667 sunt,

2022 5690 2330 5757 Hebraeum,
2361 5688 2560 5761 Syrum
2594 5697 2649 5744 et
2675 5686 3062 5759 Symmachum
3094 5689 3405 5749 memorari,
3428 5689 3598 5759 Aqui-

2023 5784 2129 5838 lam
2163 5794 2293 5837 vero
2330 5783 2423 5834 τὸν
2450 5777 2764 5834 δουλεύοντα
2794 5781 2860 5851 τῇ
2909 5777 3169 5851 Ἑόραῖκῇ
3193 5777 3334 5849 λέξει
3365 5788 3561 5850 praeter
