4122 6418
533 277 601 337 οἳ
1908 295 2432 358 PRELIIINARIA
3736 303 3808 360 93

536 396 703 495 mitti,
729 400 825 469 qui
857 401 1064 473 utique,
1097 415 1159 460 ut
1191 404 1524 466 Hebraicum
1572 429 1787 486 semper
1832 420 2122 488 scrupuln-
2148 425 2198 482 Α
2223 433 2281 477 et
2311 423 2569 495 loquendi
2619 423 2862 480 rationes
2895 421 3190 495 deligeret,
3221 437 3344 493 qua
3385 421 3650 494 majorem
3681 425 3799 494 qui-

535 488 655 545 sius
681 505 848 561 quam
876 496 1055 550 caeteri
1098 509 1322 557 secutus
1350 513 1458 569 est,
1488 504 1544 560 in
1574 521 1848 564 annorum
1894 511 2122 568 calculis

533 578 716 650 ipsum
740 597 852 638 non
884 582 1198 646 deseruisse
1229 593 1508 660 putandus
1533 603 1634 651 est.
1679 594 1786 652 Sed
1812 598 1896 654 vel
1923 601 2121 671 Aquila

533 671 590 726 in
620 675 943 732 recensione
969 677 1062 734 illa
1093 679 1315 738 Eusebii
1343 682 1586 741 Emiseni
1605 687 1954 746 librariorum
1988 693 2122 748 vitio

528 763 813 856 exciderit,
833 769 916 824 vel
935 771 1064 840 quia
1083 770 1367 830 Hebraeum
1391 792 1606 848 semper
1625 783 1876 850 sequitur
1896 784 2118 856 Aquila,

528 854 710 925 ipsum
738 873 849 916 non
891 865 1312 922 memorandum
1351 883 1476 925 esse
1506 875 1802 941 censuerit,
1831 854 1980 946 quod
2010 894 2115 949 pu-

525 958 670 1004 taret
705 951 845 1007 satis
871 967 998 1010 esse
1045 954 1334 1016 Hebraeum
1368 963 1666 1032 nominari,
1703 976 1762 1023 ut
1799 970 1984 1026 statim
2023 987 2116 1028 se—

521 1049 790 1135 queretur
810 1043 1066 1115 Aquilam
1089 1051 1281 1106 eodem
1324 1054 1490 1110 modo
1521 1058 1772 1126 vertisse,
1801 1072 1992 1132 utpote
2016 1065 2115 1135 qui

527 1130 740 1190 Hebraei
775 1151 992 1209 semper
1023 1143 1268 1214 vestigiis
1310 1146 1535 1204 luereat.
1580 1149 1847 1208 Praeterea
1865 1130 1991 1211 tuon
2029 1130 2116 1211 in-

523 1225 713 1282 solens
744 1237 828 1284 est
856 1240 1070 1290 veteres
1099 1235 1244 1304 illos,
1271 1238 1438 1294 etiam
1491 1242 1585 1297 ubi
1611 1243 1722 1300 duo
1770 1247 1856 1300 vel
1890 1256 2002 1303 tres
2027 1249 2112 1303 in-

522 1323 786 1387 terpretes
818 1324 1065 1380 eamdem
1093 1327 1268 1397 ipsam
1298 1330 1582 1389 lectionem
1601 1336 1914 1405 praeferunt,
1937 1356 2108 1395 unum

522 1417 738 1464 tantum
777 1429 846 1468 ex
874 1415 982 1471 illis
1011 1433 1444 1478 commemorare
1467 1464 1483 1490 ,
1511 1435 1571 1480 ut
1597 1430 1900 1485 sexcenties
1934 1432 1987 1486 in
2015 1433 2109 1488 de-

517 1515 686 1557 cursu
717 1503 884 1576 hujus
908 1511 1090 1580 operis
1125 1514 1546 1574 animadvertes.
1585 1518 1741 1587 Quod
1763 1524 1829 1578 ad
1855 1523 2108 1580 Theodo-

519 1592 744 1690 tionem
773 1613 905 1653 vero
938 1613 1174 1674 spectat;
1208 1608 1506 1666 verisimile
1553 1622 1640 1668 est
1678 1615 1858 1685 ipsum
1911 1618 1965 1672 in
2008 1636 2104 1690 ge-

515 1684 799 1780 nealogiis,
844 1698 904 1744 ut
932 1701 987 1747 et
1009 1695 1140 1750 alibi
1173 1695 1636 1770 frequentissime,
1656 1684 1796 1760 LXX
1831 1684 2103 1780 lnterpi-e-

2223 513 2346 568 dem
2382 515 2825 585 perspicuitatem
2861 515 3214 586 praeferrent,
3249 514 3344 569 sed
3377 515 3443 568 ad
3475 511 3804 570 Hebraicum

2222 621 2334 661 non
2361 607 2436 662 ita
2467 609 2820 678 quadrarent.
2867 606 2949 661 Ad
2979 607 3095 662 hac
3121 615 3302 662 autem
3325 644 3344 670 ,
3389 606 3801 673 similitudines,

2219 696 2424 765 quibus
2456 697 2700 752 abundat
2742 695 3005 750 llebraica
3037 695 3244 766 lingua,
3273 693 3636 766 Symmachus
3659 711 3806 766 saepe

2221 787 2278 841 in
2303 788 2556 843 versione
2581 803 2681 843 sua
2715 803 2824 844 non
2854 786 3160 858 expressit;
3185 787 3373 858 sicque
3397 787 3667 842 dictorum
3689 786 3798 842 vim

2217 887 2273 934 et
2292 879 2598 949 emphasim
2638 879 2939 946 enervavit,
2977 889 3037 936 ut
3067 894 3192 935 cum
3215 920 3232 946 ,
3264 878 3412 936 verbi
3440 893 3631 948 causa,
3666 878 3799 935 illud

2216 971 2415 1041 psalm.
2467 987 2648 1038 urit,
2699 972 2793 1039 5i,
2826 979 3040 1032 must
3074 980 3225 1036 rm,
3273 986 3305 1026 a
3336 969 3476 1026 LXX
3524 968 3797 1042 Interpre-

2215 1064 2363 1120 tibns
2406 1065 2486 1119 sic
2537 1080 2892 1134 expressum,
2942 1066 2976 1136 ὴ
3028 1064 3318 1134 συναγωγὴ
3383 1063 3493 1117 τῶν
3549 1062 3788 1134 ταύρων,

2213 1157 2546 1227 congregatio
2578 1167 2877 1219 taurorum,
2907 1155 3294 1228 Symmachus,
3327 1155 3529 1226 συνόδῳ
3561 1171 3788 1226 παμμε-

2211 1249 2422 1319 γεθῶν,
2455 1252 2850 1322 congregationi
2879 1251 3275 1321 prcgrandinm
3300 1289 3316 1316 ,
3359 1249 3551 1315 vertit,
3585 1259 3644 1304 ut
3672 1250 3790 1304 cla-

2209 1343 2328 1397 rius
2377 1358 2490 1398 rem
2534 1343 2913 1412 exprimeret:
2968 1353 3023 1398 et
3063 1342 3142 1397 sic
3185 1341 3604 1398 similitudinem
3639 1341 3790 1398 illam

2209 1434 2473 1498 abstulit,
2521 1449 2644 1505 quae
2689 1449 2816 1489 cum
2866 1434 3164 1506 quamdam
3222 1434 3504 1506 ἐνέργειαν
3553 1435 3791 1490 orationi

2209 1527 2452 1593 inderet,
2501 1526 2637 1580 nihil
2679 1534 2860 1581 tamen
2893 1527 3082 1580 sensui
3116 1523 3402 1578 oliiciebat.
3451 1522 3579 1578 Haec
3611 1521 3791 1578 Theo-

2205 1619 2377 1676 dorus
2419 1618 2803 1686 Heracleotes,
2833 1620 2936 1689 qui.
2963 1619 3110 1674 aliud
3144 1618 3432 1687 simileque
3475 1618 3788 1688 exemplum

2205 1725 2269 1764 es
2301 1710 2490 1764 eodem
2519 1713 2731 1781 psalmo
2753 1751 2771 1776 ,
2805 1713 2857 1780 ᾗ.
2887 1711 2957 1765 54
2976 1751 2992 1776 ,
3027 1709 3120 1764 ubi
3153 1709 3242 1763 illa
3270 1708 3436 1762 verba
3463 1714 3623 1767 tm:
3645 1689 3792 1768 13-15

510 1782 630 1832 tum
661 1777 954 1840 lectionem
983 1796 1232 1845 secutum
1265 1807 1425 1859 esse;
1477 1809 1605 1849 nam
1639 1795 1764 1852 ideo
1807 1810 1931 1868 post
1957 1771 2091 1858 EXX

2204 1811 2488 1889 στρ-ηπ
2519 1771 2677 1856 ἰχχ
2728 1771 2989 1870 vitam;
3038 1803 3118 1874 τῷ
3151 1801 3508 1873 ιπιδεοηκότι
3549 1801 3643 1854 ἐπὶ
3695 1799 3788 1854 τὸν

508 1878 565 1924 et
589 1873 748 1940 quasi
782 1875 851 1930 ab
873 1878 1069 1949 Aquila
1097 1891 1151 1937 et
1176 1883 1506 1955 Symmacho
1536 1900 1874 1960 segregatus,
1904 1895 1958 1948 in
1991 1893 2098 1952 lle-

509 1962 688 2032 saplis
705 1964 888 2022 locum
913 1969 1183 2040 habebat;
1211 1975 1337 2045 quia
1355 1977 1430 2031 illi
1457 1976 1808 2047 Hebraicum,
1831 1983 1922 2040 hic
1955 1984 2096 2041 LXX

507 2050 836 2124 interpretes
875 2062 1031 2132 sequi
1082 2065 1314 2121 solebat.
1347 2069 1712 2140 Symmachus
1756 2073 1942 2145 itaque
1989 2077 2098 2134 He-

507 2145 712 2201 breum
747 2151 967 2219 quidem
997 2157 1246 2225 sequitur
1283 2170 1343 2214 ut
1373 2160 1572 2231 Aquila
1619 2177 1633 2215 :
1676 2165 1770 2220 sed
1819 2167 1894 2221 ita
1923 2178 1980 2224 ut
2007 2171 2100 2226 hic

504 2235 747 2293 litteram
777 2241 946 2297 nimia
979 2259 1124 2315 stupe
1173 2248 1436 2320 religione
1480 2253 1788 2324 exprimere
1843 2257 2094 2328 studeat;

503 2327 596 2382 ilie
627 2344 756 2386 vero
782 2332 856 2387 ita
887 2333 1170 2393 Hebraicis
1199 2339 1423 2404 haereat,
1467 2353 1526 2398 ut
1564 2345 1850 2416 elegantia:
1888 2359 1943 2405 et
1965 2327 2094 2420 per?

501 2419 810 2488 spicuitatis
838 2426 1108 2483 rationem
1138 2429 1339 2488 habere
1361 2433 1629 2492 videatur.

592 2511 681 2567 Vl.
721 2515 858 2587 Ejus
886 2519 1050 2574 editio
1077 2540 1112 2577 a
1142 2526 1399 2582 ueteribus
1429 2530 1720 2586 admodum
1749 2534 1998 2594 laudata.

578 2599 729 2696 Hanc
760 2609 885 2679 styli
925 2611 1250 2683 elegantiam
1281 2627 1336 2672 et
1364 2620 1671 2679 claritatem
1706 2627 1925 2696 ,‘passim
1968 2632 2058 2686 ian
2079 2662 2091 2670 -

499 2691 636 2792 dant
661 2693 1054 2792 ilieronymus,
1089 2703 1360 2766 Eusebius
1392 2712 1628 2783 aliique;
1657 2691 1893 2786 quorum
1941 2724 2092 2792 prior

499 2781 625 2851 ejus
661 2784 1142 2855 interpretationes
1191 2781 1837 2867 frequenter—admiratur
1867 2781 2088 2866 et-lau-

501 2871 668 2967 dibus
700 2879 942 2944 extollit,
996 2891 1057 2937 ut
1087 2886 1382 2942 Comment.
1410 2892 1466 2944 in
1514 2895 1710 2963 psatm.
1755 2914 1872 2965 ut,
1907 2917 1964 2956 v.
1995 2904 2088 2967 5i,

500 2965 834 3060 σαφέστερον
866 2971 895 3022 ὁ
929 2973 1226 3048 Σύμμαχος
1250 3018 1264 3041 ,
1295 2983 1492 3038 clarius
1526 2985 1877 3057 Symmachus
1900 3035 1915 3060 ,
1948 3004 2009 3050 ut
2035 2965 2089 3052 et

497 3070 642 3184 ἔρρε
669 3059 800 3114 alibi
825 3079 839 3127 ;
868 3072 1112 3184 etdverslu
1144 3075 1428 3140 sequenti,
1460 3079 1668 3151 σφόδρα
1699 3081 2030 3156 Θαυμαστῶς
2057 3093 2087 3144 ὁ
2111 3125 2155 3184 c

495 3143 825 3242 Σύμμαχος,
889 3153 1178 3211 admodum
1229 3143 1548 3221 mirabiliter
1597 3143 2086 3242 ngmdclmH-et

496 3237 688 3338 psalm.
743 3255 903 3338 XLvt,
963 3245 1064 3338 10,
1119 3249 1296 3317 οὕτως
1339 3237 1660 3329 ήρμήνευσέ
1693 3237 2024 3338 (ianuam-ti);
2053 3275 2084 3326 ὁ

493 3324 824 3430 Eappa-loc,
861 3335 941 3388 ita
972 3337 1294 3396 mirabiliter
1317 3324 1696 3418 interpretatus
1728 3324 1814 3412 est.
1839 3324 2085 3430 Symma-

491 3419 638 3474 citus.
673 3421 1038 3497 Hieronymus
1067 3448 1199 3489 vero
1225 3437 1293 3490 de
1321 3437 1651 3510 Symmacho
1682 3419 1912 3520 loquens
1969 3454 2078 3511 fre-

491 3523 724 3584 quenter
759 3519 927 3588 dicit,
973 3539 1100 3579 eum
1148 3531 1393 3598 apertius
1437 3544 1492 3590 et
1531 3519 1874 3602 manifestius
1909 3547 2078 3605 inter-

491 3613 760 3705 pretatum
789 3625 932 3668 esse.
964 3614 1032 3670 Et
1061 3617 1454 3678 Commentario
1485 3627 1539 3680 in
1569 3629 1728 3686 Amos
1763 3650 1847 3700 ιιι,
1881 3637 1970 3705 ll,
1999 3641 2076 3696 ait

493 3695 882 3766 Symmachum
921 3722 1027 3762 non
1061 3711 1236 3768 solere
1263 3716 1557 3774 verborum
1583 3695 2074 3798 κακοζηλίαν,’δθίι

489 3790 863 3862 intelligentiae
888 3800 1136 3855 ordinem
1169 3806 1348 3874 sequi.

618 3881 728 3938 νη.
776 3885 1048 3944 Theodoro
1079 3892 1407 3953 Heracleam
1434 3917 1537 3955 non
1565 3904 1644 3956 ita
1673 3905 1949 3974 probatur.

559 3969 762 4030 Verum
787 4019 802 4044 ,
857 3991 918 4034 ut
959 3984 1176 4040 variant
1206 3989 1514 4058 opiniones,
1551 3969 1870 4053 Theodorus
1905 3997 2072 4055 Hera-

481 4061 688 4126 cientes
711 4109 726 4136 ,
763 4070 847 4127 vir
873 4071 1075 4146 ingenii
1105 4079 1520 4148 perspicacitate
1555 4100 1719 4154 quam
1771 4087 1892 4144 ﬁdei
1931 4091 2070 4147 inte-

481 4163 679 4230 gritate
713 4165 982 4233 nobilior,
1021 4167 1076 4224 in
1108 4167 1414 4242 fragmento
1461 4177 1606 4246 quod
1641 4179 1781 4235 infra
1814 4181 2066 4251 edemus,

481 4251 904 4320 animadvertit,
932 4256 1347 4326 Symmachum,
1376 4263 1505 4318 dum
1539 4267 1722 4324 nimia:
1755 4272 2066 4342 perspicui-

479 4344 578 4398 tati
604 4346 806 4408 studet,
833 4363 864 4403 a
891 4365 1022 4406 vero
1051 4349 1301 4410 Hebraici
1337 4373 1504 4414 sensu
1539 4375 1646 4415 non
1681 4360 2062 4434 infrequenter

2201 1893 2430 1964 οὐρανὸν
2476 1893 2570 1948 τοῦ
2611 1893 2845 1965 οὐρανοῦ
2898 1894 3040 1948 κατὰ
3071 1893 3372 1957 ἀνατολὰς,
3415 1894 3504 1962 qui
3549 1891 3787 1945 ascendit

2199 2003 2356 2056 super
2400 1989 2588 2042 emtum
2631 1990 2751 2042 cwli
2785 1989 2855 2042 ad
2902 1989 3191 2050 orientem;
3227 1985 3590 2058 Symmachus
3633 2000 3784 2050 vero,

2199 2079 2276 2150 τῷ
2327 2082 2678 2152 ὲποχουμένῳ
2726 2083 2819 2135 ἐπὶ
2871 2081 2961 2135 τὸν
3008 2081 3238 2155 οὐρανὸν
3291 2080 3388 2133 τοῦ
3432 2079 3663 2149 οὐρανοῦ
3717 2083 3786 2134 ὲκ

2199 2172 2422 2244 πρώτης
2440 2212 2454 2234 ,
2485 2175 2575 2242 qui
2608 2175 2818 2227 vehitur
2840 2189 2999 2242 super
3025 2172 3214 2226 ctutum
3248 2172 3364 2226 curti
3387 2187 3451 2226 ex
3477 2172 3671 2241 prima.

2268 2266 2425 2333 Quod
2459 2269 2526 2321 ad
2573 2269 2812 2336 primum
2847 2277 3032 2322 autem
3067 2267 3376 2335 exemplum
3409 2266 3635 2329 attinet,
3674 2279 3782 2320 non

2195 2360 2385 2415 dubito
2435 2362 2638 2414 multos
2685 2359 2806 2413 fore
2852 2359 2948 2429 qui
2998 2357 3315 2429 Symmachi
3367 2366 3552 2427 partes
3601 2357 3782 2411 susci-

2195 2452 2345 2520 piant
2374 2469 2388 2505 :
2419 2467 2543 2506 nam
2578 2460 2719 2510 ’Ἶίκ
2753 2465 2898 2521 sape
2939 2451 3158 2521 ἰσχυρὸς
3201 2451 3357 2518 {ortis
3388 2449 3472 2502 vel
3513 2448 3780 2518 δυνάστης

2193 2553 2374 2613 potens
2404 2545 2568 2598 etiam
2599 2560 2628 2598 a
2660 2542 2802 2598 LXX
2846 2542 3239 2612 Interpretibus
3266 2542 3529 2605 vertitur;
3574 2541 3775 2606 rarius,

2192 2636 2428 2706 ταῦρος,
2467 2647 2654 2692 taurus
2682 2653 2700 2690 :
2732 2639 2837 2692 hoc
2883 2645 3064 2690 autem
3109 2635 3231 2689 loco
3267 2632 3631 2704 Hieronymus
3665 2636 3780 2703 [or-

2194 2730 2328 2782 tium
2363 2730 2773 2800 interpretatur,
2803 2729 3056 2798 Aquilam
3096 2727 3234 2781 forte
3268 2736 3491 2783 secutus
3517 2767 3532 2792 ,
3566 2728 3645 2780 uti
3679 2742 3772 2781 so.

2193 2820 2268 2873 let
2295 2821 2348 2873 in
2377 2819 2631 2876 Psalmis.
2664 2820 2819 2886 Quod
2855 2821 2921 2874 ad
2950 2819 3252 2874 secundum
3278 2833 3407 2871 vero
3435 2818 3770 2888 exemplum,

2193 2908 2368 2964 fateor
2401 2911 2532 2963 mihi
2566 2912 2728 2964 etiam
2751 2951 2766 2972 ,
2797 2912 3025 2980 perinde
3056 2922 3219 2979 atque
3250 2909 3538 2964 Theodoro
3561 2951 3578 2976 ,
3606 2924 3772 2964 accu-

2191 3002 2448 3056 ratiorem
2477 3003 2648 3057 videri
2678 3003 2786 3054 τῶν
2819 3005 2895 3066 0’,
2931 3017 3097 3071 quam
3134 3002 3469 3073 Symmachi,
3496 3002 3767 3072 interpreo

2189 3092 2469 3149 tationem.
2507 3093 2708 3149 Verum
2745 3110 2853 3148 non
2888 3096 3089 3149 desunt
3119 3096 3225 3149 alia
3257 3095 3504 3163 exempla
3538 3110 3606 3148 ex
3635 3095 3762 3164 qui-

2195 3184 2297 3239 bus
2334 3195 2594 3258 arguatur
2637 3185 3063 3256 Symmachum,
3109 3186 3240 3241 dum
3295 3185 3668 3256 perspicuitati
3712 3192 3771 3240 et

2186 3274 2468 3346 elegantiae
2490 3276 2691 3342 studet,
2712 3291 2742 3330 a
2770 3291 2899 3332 vero
2927 3277 3227 3345 Scriptura:
3256 3293 3423 3347 scopo
3455 3278 3765 3332 aberrasse.

2253 3368 2511 3423 Attamen
2573 3384 2697 3424 vere
2745 3370 2852 3424 dici
2905 3378 3084 3440 potest
3139 3369 3528 3442 Symmachum
3575 3368 3767 3441 optimi

2180 3458 2490 3530 interpretis
2522 3475 2748 3516 munere
2795 3460 3042 3516 functum
3088 3478 3248 3517 esse:
3281 3462 3385 3517 etsi
3417 3462 3561 3516 enim
3583 3501 3599 3526 ,
3633 3461 3764 3515 dunt

2179 3551 2384 3606 claram
2411 3553 2721 3622 exprimere
2759 3553 3089 3607 sententiam
3119 3553 3329 3618 nititur,
3363 3569 3395 3608 a
3435 3569 3565 3608 vero
3594 3568 3760 3608 sensu

2179 3658 2574 3714 nonnunquam
2605 3644 2878 3706 deﬂectat,
2909 3645 3039 3714 quid
3077 3647 3276 3699 mirum
3298 3687 3313 3712 ,
3347 3649 3400 3699 in
3431 3661 3490 3700 re
3525 3646 3762 3700 maxime

2175 3741 2285 3788 tam
2319 3735 2526 3788 ardua?
2555 3733 2695 3800 Quis
2723 3735 2862 3788 adeo
2891 3736 3114 3806 lynceus
3135 3777 3150 3801 ,
3185 3737 3238 3790 in
3277 3747 3424 3792 tanta
3468 3737 3629 3792 seriei
3662 3751 3760 3806 pe-

2174 3824 2523 3894 regrinitate,
2571 3832 2721 3878 tanta
2752 3824 3088 3880 obscuritate
3124 3826 3414 3881 verborum
3439 3866 3455 3891 ,
3495 3836 3759 3896 quantam

2172 3914 2480 3970 innumeris
2527 3915 2583 3968 in
2635 3915 2770 3970 locis
2817 3914 3036 3984 praefert
3083 3915 3384 3973 llebraicus
3431 3927 3648 3982 textus,
3699 3928 3760 3973 ut

2173 4003 2360 4057 omnia
2390 4018 2608 4073 semper
2639 4014 2892 4059 accurate
2916 4015 2971 4060 et
2997 4007 3116 4061 sine
3141 4008 3446 4077 sphalmate
3475 4008 3648 4077 possit
3673 4007 3758 4062 in-

2170 4095 2457 4164 terpretari
2480 4095 2503 4148 ?
2530 4095 2584 4150 Id
2617 4106 2766 4152 certe
2797 4099 3052 4153 humana:
3085 4113 3194 4154 non
3226 4114 3348 4154 esse
3379 4096 3657 4154 facultatis
3681 4099 3756 4153 vi-

2168 4186 2346 4241 detur.
2381 4189 2650 4243 Caeterum
2681 4188 3046 4260 Symmachus
3092 4190 3215 4245 ideo
3258 4191 3491 4248 fortasse
3534 4191 3756 4247 liberio-

2167 4294 2283 4333 rem
2309 4280 2806 4354 elegantioremque
2838 4285 3236 4355 interpretandi
3270 4301 3477 4340 morem
3512 4293 3755 4343 sectatus

2166 4381 2271 4440 est,
2289 4375 2418 4444 quia
2442 4375 2657 4431 videbat
2680 4377 2955 4447 Aquilam,
2973 4388 3192 4449 propter
3222 4377 3448 4434 nimiam
3467 4379 3754 4451 ἀκρίϐειαν

479 4435 787 4542 aberrasse.
809 4440 942 4497 Nam
975 4460 1101 4500 cum
1131 4450 1338 4516 omnia,
1361 4453 1523 4508 etiam
1553 4454 1891 4525 diﬂicillima,
1919 4459 2066 4515 clare
2097 4482 2142 4537 ο
2169 4474 2224 4519 et
2253 4466 2568 4537 religionem
2597 4509 2614 4535 ,
2651 4435 2771 4540 ipso
2797 4435 3258 4526 lichtaicoltextu
3285 4485 3428 4542 saepe
3463 4435 3750 4530 obscurio-

475 4527 702 4586 reddere
731 4540 1004 4606 satageret
1027 4576 1043 4604 ,
1090 4539 1414 4614 plerumque
1441 4548 1621 4604 evenit
1647 4559 1711 4606 ut
1746 4566 1842 4608 eas
1889 4568 2056 4611 voces

2169 4573 2282 4612 rem
2314 4573 2459 4614 esse.

1529 4785 1915 4882 CAPUT
1984 4792 2666 4887 SEPTIMUM.

1625 4963 1720 5026 De
1751 4965 2218 5032 Theod'otionis
2270 4932 2576 5034 editione:

535 5131 574 5184 Ι.
597 5132 717 5194 Quis
739 5129 889 5186 fuerit
909 5135 1207 5192 Theodotio.
1233 5142 1296 5196 ll.
1317 5144 1393 5196 De
1421 5151 1614 5201 ratione
1639 5154 2004 5221 interpretandi
2031 5177 2128 5226 qua
2162 5177 2282 5215 usus
2308 5169 2404 5212 est.
2433 5161 2522 5212 lll.
2547 5159 2754 5211 Czeteris
2779 5160 3142 5223 interpretibus
3164 5160 3409 5212 indoctior
3432 5162 3662 5214 habetur.

869 5249 910 5305 Ι.
953 5251 1084 5318 Quis
1111 5256 1272 5325 fuerit
1311 5262 1609 5324 Theodotio.

539 5335 868 5407 Theodotio,
899 5343 1102 5416 Sinope
1127 5348 1179 5402 in
1211 5348 1387 5408 Ponto
1416 5357 1705 5429 oriundus,
1724 5361 2046 5425 Marcionita

463 5439 608 5530 erat,
636 5433 795 5530 lli-aii
827 5433 1196 5504 Epiphanius;
1226 5443 1321 5497 sed
1349 5462 1471 5501 cum
1500 5449 1692 5508 haeresi
1722 5472 1836 5513 sute
1861 5459 2045 5530 ignota

465 5519 626 5621 nobis
672 5520 740 5576 de
772 5537 937 5579 causa
971 5542 1348 5605 succenseret.
1404 5538 1472 5593 ad
1499 5539 1721 5602 Judaeos
1763 5519 2043 5622 confingit,

465 5610 935 5684 circnmcisusque
959 5627 1062 5672 est.
1092 5619 1389 5694 Postquam
1430 5646 1548 5688 :ero
1575 5633 1900 5697 iiehraicam
1933 5610 2043 5699 lin;

463 5725 626 5780 gnam
656 5711 988 5783 edidicisset,
1018 5716 1518 5794 interpretationem
1547 5739 1598 5786 et
1623 5730 1739 5802 ipse
1761 5749 1918 5791 suam
1945 5751 2040 5809 ag-

2155 5295 2376 5352 gressus
2405 5287 2510 5334 est.
2547 5276 2670 5333 Ilaec
2698 5275 3059 5348 Epiphanius.
3091 5277 3200 5331 Alii
3234 5293 3385 5344 vero,
3415 5296 3611 5352 nempe
3638 5279 3740 5339 Eu—

2155 5373 2338 5428 sebius
2367 5381 2421 5425 et
2453 5369 2840 5440 Hieronymus,
2875 5371 3030 5424 aiunt
3051 5369 3358 5426 Ehionitam
3391 5372 3594 5441 fuisse;
3623 5376 3739 5432 sive

2151 5481 2218 5520 ex
2245 5463 2448 5519 iudicis
2475 5464 2542 5516 ad
2577 5461 2860 5516 Ebionitas
2887 5462 3216 5534 confugerit,
3247 5465 3384 5532 sive,
3407 5467 3536 5537 quia
3571 5466 3736 5523 Ebio-

2149 5557 2277 5612 nitae
2309 5571 2408 5626 pro
2439 5553 2645 5622 Judgeis
2693 5554 3039 5609 habebantur
3084 5565 3139 5611 et
3172 5557 3731 5627 circnmcidebantnr,

2149 5645 2219 5700 ad
2247 5644 2466 5700 Judteos
2498 5643 2815 5714 confugisse
2858 5645 3150 5703 crediderit
3181 5646 3552 5720 Epiphanius,
3600 5651 3731 5721 quia

2148 5738 2218 5794 ad
2252 5737 2537 5794 Ebionitas
2579 5752 2637 5794 se
2663 5749 2963 5809 receperat.
2994 5736 3358 5812 llicronymus
3387 5752 3602 5812 tamen,
3631 5744 3726 5813 qui
