  <div class='ocr_page' id='page_1' title='image "/cluster/home/n/w/nwhite01/storage/ocr_20150623/15:no.5/coo.31924054872936/062.png"; bbox 0 0 2061 3225; ppageno 0'>
   <div class='ocr_carea' id='block_1_1' title="bbox 217 184 1850 216">
    <p class='ocr_par' dir='ltr' id='par_1_1' title="bbox 217 184 1850 216">
     <span class='ocr_line' id='line_1_1' title="bbox 217 184 1850 216; baseline 0.002 -3"><span class='ocrx_word' id='word_1_1' title='bbox 217 185 253 213; x_wconf 77' lang='lat'><strong>95</strong></span> <span class='ocrx_word' id='word_1_2' title='bbox 818 184 852 212; x_wconf 83' lang='lat' dir='ltr'><strong>IN</strong></span> <span class='ocrx_word' id='word_1_3' title='bbox 872 184 1036 214; x_wconf 75' lang='lat' dir='ltr'><strong>HEXAPLA</strong></span> <span class='ocrx_word' id='word_1_4' title='bbox 1054 187 1228 216; x_wconf 81' lang='lat' dir='ltr'><strong>ORIGENIS.</strong></span> <span class='ocrx_word' id='word_1_5' title='bbox 1814 185 1850 212; x_wconf 69' lang='grc' dir='ltr'><strong>Μ</strong></span> 
     </span>
    </p>
   </div>
   <div class='ocr_carea' id='block_1_2' title="bbox 219 241 1849 281">
    <p class='ocr_par' dir='ltr' id='par_1_2' title="bbox 219 241 1849 281">
     <span class='ocr_line' id='line_1_2' title="bbox 219 241 1849 281; baseline -0.001 -10"><span class='ocrx_word' id='word_1_6' title='bbox 219 251 281 271; x_wconf 83' lang='lat' dir='ltr'><strong>eum</strong></span> <span class='ocrx_word' id='word_1_7' title='bbox 299 242 362 270; x_wconf 85' lang='lat' dir='ltr'><strong>alibi</strong></span> <span class='ocrx_word' id='word_1_8' title='bbox 376 241 529 270; x_wconf 88' lang='lat' dir='ltr'><strong>Ebionitam</strong></span> <span class='ocrx_word' id='word_1_9' title='bbox 545 242 673 278; x_wconf 88' lang='lat' dir='ltr'><strong>appellat,</strong></span> <span class='ocrx_word' id='word_1_10' title='bbox 694 242 857 271; x_wconf 70' lang='lat' dir='ltr'><strong>Prtefatione</strong></span> <span class='ocrx_word' id='word_1_11' title='bbox 884 245 910 271; x_wconf 92' lang='lat' dir='ltr'><strong>in</strong></span> <span class='ocrx_word' id='word_1_12' title='bbox 929 245 1004 271; x_wconf 70' lang='lat' dir='ltr'><strong>Com~</strong></span> <span class='ocrx_word' id='word_1_13' title='bbox 1023 248 1046 276; x_wconf 82' lang='grc' dir='ltr'><strong>Α</strong></span> <span class='ocrx_word' id='word_1_14' title='bbox 1060 245 1247 281; x_wconf 85' lang='lat' dir='ltr'><strong>infrequenter</strong></span> <span class='ocrx_word' id='word_1_15' title='bbox 1263 250 1353 273; x_wconf 84' lang='lat' dir='ltr'><strong>tamen</strong></span> <span class='ocrx_word' id='word_1_16' title='bbox 1377 253 1410 273; x_wconf 81' lang='lat' dir='ltr'><strong>ex</strong></span> <span class='ocrx_word' id='word_1_17' title='bbox 1425 245 1523 280; x_wconf 81' lang='lat' dir='ltr'><strong>Aquila</strong></span> <span class='ocrx_word' id='word_1_18' title='bbox 1534 265 1542 278; x_wconf 93' lang='lat'><strong>,</strong></span> <span class='ocrx_word' id='word_1_19' title='bbox 1568 245 1658 271; x_wconf 88' lang='lat' dir='ltr'><strong>rarius</strong></span> <span class='ocrx_word' id='word_1_20' title='bbox 1673 251 1706 271; x_wconf 79' lang='lat' dir='ltr'><strong>ex</strong></span> <span class='ocrx_word' id='word_1_21' title='bbox 1723 243 1849 279; x_wconf 85' lang='lat' dir='ltr'><strong>Symma-</strong></span> 
     </span>
    </p>
   </div>
   <div class='ocr_carea' id='block_1_3' title="bbox 219 288 1006 324">
    <p class='ocr_par' dir='ltr' id='par_1_3' title="bbox 219 288 1006 324">
     <span class='ocr_line' id='line_1_3' title="bbox 219 288 1006 324; baseline 0.003 -8"><span class='ocrx_word' id='word_1_22' title='bbox 219 293 301 318; x_wconf 65' lang='grc' dir='ltr'><strong>ηκτοι.</strong></span> <span class='ocrx_word' id='word_1_23' title='bbox 309 288 436 320; x_wconf 81' lang='lat' dir='ltr'><strong>Danielis,</strong></span> <span class='ocrx_word' id='word_1_24' title='bbox 450 296 505 316; x_wconf 90' lang='lat' dir='ltr'><strong>rem</strong></span> <span class='ocrx_word' id='word_1_25' title='bbox 518 289 544 316; x_wconf 93' lang='lat' dir='ltr'><strong>in</strong></span> <span class='ocrx_word' id='word_1_26' title='bbox 559 288 642 316; x_wconf 91' lang='lat' dir='ltr'><strong>dubio</strong></span> <span class='ocrx_word' id='word_1_27' title='bbox 651 289 806 324; x_wconf 82' lang='lat' dir='ltr'><strong>relinquere</strong></span> <span class='ocrx_word' id='word_1_28' title='bbox 818 291 934 323; x_wconf 88' lang='lat' dir='ltr'><strong>videtur,</strong></span> <span class='ocrx_word' id='word_1_29' title='bbox 944 299 1006 318; x_wconf 89' lang='lat' dir='ltr'><strong>cum</strong></span> 
     </span>
    </p>
   </div>
   <div class='ocr_carea' id='block_1_4' title="bbox 219 333 1008 371">
    <p class='ocr_par' dir='ltr' id='par_1_4' title="bbox 219 333 1008 371">
     <span class='ocr_line' id='line_1_4' title="bbox 219 333 1008 371; baseline 0 -8"><span class='ocrx_word' id='word_1_30' title='bbox 219 334 259 363; x_wconf 84' lang='lat' dir='ltr'><strong>ait</strong></span> <span class='ocrx_word' id='word_1_31' title='bbox 276 343 283 361; x_wconf 92' lang='lat'>:</span> <span class='ocrx_word' id='word_1_32' title='bbox 304 333 355 362; x_wconf 78' lang='lat' dir='ltr'><strong>Sed</strong></span> <span class='ocrx_word' id='word_1_33' title='bbox 365 336 446 370; x_wconf 69' lang='lat' dir='ltr'><strong>juxta</strong></span> <span class='ocrx_word' id='word_1_34' title='bbox 463 334 668 362; x_wconf 86' lang='lat' dir='ltr'><strong>Theodotionem</strong></span> <span class='ocrx_word' id='word_1_35' title='bbox 690 335 827 363; x_wconf 85' lang='lat' dir='ltr'><strong>Ecclesias</strong></span> <span class='ocrx_word' id='word_1_36' title='bbox 848 337 946 371; x_wconf 80' lang='lat' dir='ltr'><strong>legere,</strong></span> <span class='ocrx_word' id='word_1_37' title='bbox 963 337 1008 371; x_wconf 87' lang='lat' dir='ltr'><strong>qui</strong></span> 
     </span>
    </p>
   </div>
   <div class='ocr_carea' id='block_1_5' title="bbox 220 380 1009 417">
    <p class='ocr_par' dir='ltr' id='par_1_5' title="bbox 220 380 1009 417">
     <span class='ocr_line' id='line_1_5' title="bbox 220 380 1009 417; baseline 0.001 -9"><span class='ocrx_word' id='word_1_38' title='bbox 220 381 309 417; x_wconf 78' lang='lat' dir='ltr'><strong>utique</strong></span> <span class='ocrx_word' id='word_1_39' title='bbox 328 386 386 416; x_wconf 87' lang='lat' dir='ltr'><strong>post</strong></span> <span class='ocrx_word' id='word_1_40' title='bbox 406 381 549 408; x_wconf 71' lang='lat' dir='ltr'><strong>adventum</strong></span> <span class='ocrx_word' id='word_1_41' title='bbox 569 380 669 408; x_wconf 87' lang='lat' dir='ltr'><strong>Christi</strong></span> <span class='ocrx_word' id='word_1_42' title='bbox 691 382 843 409; x_wconf 80' lang='lat' dir='ltr'><strong>incredulus</strong></span> <span class='ocrx_word' id='word_1_43' title='bbox 859 383 927 417; x_wconf 80' lang='lat' dir='ltr'><strong>fuit,</strong></span> <span class='ocrx_word' id='word_1_44' title='bbox 948 383 1009 409; x_wconf 82' lang='lat' dir='ltr'><strong>licet</strong></span> 
     </span>
    </p>
   </div>
   <div class='ocr_carea' id='block_1_6' title="bbox 220 427 1011 463">
    <p class='ocr_par' dir='ltr' id='par_1_6' title="bbox 220 427 1011 463">
     <span class='ocr_line' id='line_1_6' title="bbox 220 427 1011 463; baseline 0.003 -10"><span class='ocrx_word' id='word_1_45' title='bbox 220 435 278 454; x_wconf 83' lang='lat' dir='ltr'><strong>eum</strong></span> <span class='ocrx_word' id='word_1_46' title='bbox 293 427 402 462; x_wconf 77' lang='lat' dir='ltr'><strong>quidam</strong></span> <span class='ocrx_word' id='word_1_47' title='bbox 415 427 506 454; x_wconf 80' lang='lat' dir='ltr'><strong>dicant</strong></span> <span class='ocrx_word' id='word_1_48' title='bbox 520 427 685 461; x_wconf 81' lang='lat' dir='ltr'><strong>Ebionitam,</strong></span> <span class='ocrx_word' id='word_1_49' title='bbox 700 428 746 463; x_wconf 85' lang='lat' dir='ltr'><strong>qui</strong></span> <span class='ocrx_word' id='word_1_50' title='bbox 760 428 843 455; x_wconf 90' lang='lat' dir='ltr'><strong>altero</strong></span> <span class='ocrx_word' id='word_1_51' title='bbox 859 437 950 463; x_wconf 72' lang='lat' dir='ltr'><strong>genere</strong></span> <span class='ocrx_word' id='word_1_52' title='bbox 963 428 1011 455; x_wconf 82' lang='lat' dir='ltr'><strong>Ju-</strong></span> 
     </span>
    </p>
   </div>
   <div class='ocr_carea' id='block_1_7' title="bbox 221 473 1010 509">
    <p class='ocr_par' dir='ltr' id='par_1_7' title="bbox 221 473 1010 509">
     <span class='ocr_line' id='line_1_7' title="bbox 221 473 1010 509; baseline 0.003 -10"><span class='ocrx_word' id='word_1_53' title='bbox 221 473 294 499; x_wconf 71' lang='lat' dir='ltr'><strong>daus</strong></span> <span class='ocrx_word' id='word_1_54' title='bbox 308 477 357 499; x_wconf 81' lang='lat' dir='ltr'><strong>est.</strong></span> <span class='ocrx_word' id='word_1_55' title='bbox 371 473 418 500; x_wconf 87' lang='lat' dir='ltr'><strong>ille</strong></span> <span class='ocrx_word' id='word_1_56' title='bbox 432 481 496 500; x_wconf 87' lang='lat' dir='ltr'><strong>vero</strong></span> <span class='ocrx_word' id='word_1_57' title='bbox 509 481 562 500; x_wconf 91' lang='lat' dir='ltr'><strong>non</strong></span> <span class='ocrx_word' id='word_1_58' title='bbox 575 473 658 500; x_wconf 84' lang='lat' dir='ltr'><strong>semel</strong></span> <span class='ocrx_word' id='word_1_59' title='bbox 676 481 690 500; x_wconf 90' lang='lat' dir='ltr'><strong>a</strong></span> <span class='ocrx_word' id='word_1_60' title='bbox 705 473 817 505; x_wconf 69' lang='lat' dir='ltr'><strong>Grarcis,</strong></span> <span class='ocrx_word' id='word_1_61' title='bbox 828 474 875 509; x_wconf 88' lang='lat' dir='ltr'><strong>qui</strong></span> <span class='ocrx_word' id='word_1_62' title='bbox 891 474 917 501; x_wconf 93' lang='lat' dir='ltr'><strong>in</strong></span> <span class='ocrx_word' id='word_1_63' title='bbox 933 475 1010 502; x_wconf 84' lang='lat' dir='ltr'><strong>Scri-</strong></span> 
     </span>
    </p>
   </div>
   <div class='ocr_carea' id='block_1_8' title="bbox 220 518 1011 553">
    <p class='ocr_par' dir='ltr' id='par_1_8' title="bbox 220 518 1011 553">
     <span class='ocr_line' id='line_1_8' title="bbox 220 518 1011 553; baseline 0.001 -8"><span class='ocrx_word' id='word_1_64' title='bbox 220 523 327 553; x_wconf 88' lang='lat' dir='ltr'><strong>pturam</strong></span> <span class='ocrx_word' id='word_1_65' title='bbox 344 519 540 545; x_wconf 87' lang='lat' dir='ltr'><strong>commentaria</strong></span> <span class='ocrx_word' id='word_1_66' title='bbox 556 518 714 550; x_wconf 87' lang='lat' dir='ltr'><strong>ediderunt,</strong></span> <span class='ocrx_word' id='word_1_67' title='bbox 728 519 856 551; x_wconf 80' lang='grc' dir='ltr'><strong>Θεόδοτος</strong></span> <span class='ocrx_word' id='word_1_68' title='bbox 867 540 875 552; x_wconf 93' lang='grc'><strong>,</strong></span> <span class='ocrx_word' id='word_1_69' title='bbox 892 520 1011 547; x_wconf 75' lang='lat' dir='ltr'><strong>Theodo-</strong></span> 
     </span>
    </p>
   </div>
   <div class='ocr_carea' id='block_1_9' title="bbox 221 564 1012 599">
    <p class='ocr_par' dir='ltr' id='par_1_9' title="bbox 221 564 1012 599">
     <span class='ocr_line' id='line_1_9' title="bbox 221 564 1012 599; baseline 0.004 -9"><span class='ocrx_word' id='word_1_70' title='bbox 221 569 264 591; x_wconf 79' lang='lat' dir='ltr'><strong>tus</strong></span> <span class='ocrx_word' id='word_1_71' title='bbox 279 564 360 590; x_wconf 83' lang='lat' dir='ltr'><strong>etiam</strong></span> <span class='ocrx_word' id='word_1_72' title='bbox 376 569 499 595; x_wconf 83' lang='lat' dir='ltr'><strong>vocatur,</strong></span> <span class='ocrx_word' id='word_1_73' title='bbox 517 569 546 591; x_wconf 92' lang='lat' dir='ltr'><strong>ut</strong></span> <span class='ocrx_word' id='word_1_74' title='bbox 561 564 653 592; x_wconf 88' lang='lat' dir='ltr'><strong>videas</strong></span> <span class='ocrx_word' id='word_1_75' title='bbox 671 564 741 599; x_wconf 87' lang='lat' dir='ltr'><strong>psal.</strong></span> <span class='ocrx_word' id='word_1_76' title='bbox 756 573 824 592; x_wconf 84' lang='lat' dir='ltr'><strong>ant</strong></span> <span class='ocrx_word' id='word_1_77' title='bbox 843 566 870 592; x_wconf 92' lang='lat' dir='ltr'><strong>in</strong></span> <span class='ocrx_word' id='word_1_78' title='bbox 887 566 969 598; x_wconf 84' lang='lat' dir='ltr'><strong>notis,</strong></span> <span class='ocrx_word' id='word_1_79' title='bbox 985 570 1012 593; x_wconf 88' lang='lat' dir='ltr'><strong>et</strong></span> 
     </span>
    </p>
   </div>
   <div class='ocr_carea' id='block_1_10' title="bbox 222 609 1012 644">
    <p class='ocr_par' dir='ltr' id='par_1_10' title="bbox 222 609 1012 644">
     <span class='ocr_line' id='line_1_10' title="bbox 222 609 1012 644; baseline 0.003 -8"><span class='ocrx_word' id='word_1_80' title='bbox 222 610 291 644; x_wconf 86' lang='lat' dir='ltr'><strong>psal.</strong></span> <span class='ocrx_word' id='word_1_81' title='bbox 306 618 373 643; x_wconf 78' lang='lat' dir='ltr'><strong>va,</strong></span> <span class='ocrx_word' id='word_1_82' title='bbox 401 610 458 637; x_wconf 86' lang='lat' dir='ltr'><strong>sive</strong></span> <span class='ocrx_word' id='word_1_83' title='bbox 481 610 505 636; x_wconf 90' lang='lat' dir='ltr'><strong>id</strong></span> <span class='ocrx_word' id='word_1_84' title='bbox 532 609 637 637; x_wconf 79' lang='lat' dir='ltr'><strong>librarii</strong></span> <span class='ocrx_word' id='word_1_85' title='bbox 662 610 760 638; x_wconf 88' lang='lat' dir='ltr'><strong>mendo</strong></span> <span class='ocrx_word' id='word_1_86' title='bbox 780 610 929 641; x_wconf 89' lang='lat' dir='ltr'><strong>acciderit,</strong></span> <span class='ocrx_word' id='word_1_87' title='bbox 955 610 1012 638; x_wconf 85' lang='lat' dir='ltr'><strong>sive</strong></span> 
     </span>
    </p>
   </div>
   <div class='ocr_carea' id='block_1_11' title="bbox 221 655 1011 690">
    <p class='ocr_par' dir='ltr' id='par_1_11' title="bbox 221 655 1011 690">
     <span class='ocr_line' id='line_1_11' title="bbox 221 655 1011 690; baseline 0.003 -9"><span class='ocrx_word' id='word_1_88' title='bbox 221 660 339 690; x_wconf 84' lang='lat' dir='ltr'><strong>utraque</strong></span> <span class='ocrx_word' id='word_1_89' title='bbox 364 655 520 682; x_wconf 89' lang='lat' dir='ltr'><strong>terminatio</strong></span> <span class='ocrx_word' id='word_1_90' title='bbox 537 655 564 682; x_wconf 93' lang='lat' dir='ltr'><strong>in</strong></span> <span class='ocrx_word' id='word_1_91' title='bbox 578 655 639 690; x_wconf 83' lang='lat' dir='ltr'><strong>ejus</strong></span> <span class='ocrx_word' id='word_1_92' title='bbox 655 656 766 683; x_wconf 89' lang='lat' dir='ltr'><strong>nomine</strong></span> <span class='ocrx_word' id='word_1_93' title='bbox 781 656 901 683; x_wconf 89' lang='lat' dir='ltr'><strong>admissa</strong></span> <span class='ocrx_word' id='word_1_94' title='bbox 918 655 1011 689; x_wconf 87' lang='lat' dir='ltr'><strong>fuerit,</strong></span> 
     </span>
    </p>
   </div>
   <div class='ocr_carea' id='block_1_12' title="bbox 222 700 1013 735">
    <p class='ocr_par' dir='ltr' id='par_1_12' title="bbox 222 700 1013 735">
     <span class='ocr_line' id='line_1_12' title="bbox 222 700 1013 735; baseline 0.001 -8"><span class='ocrx_word' id='word_1_95' title='bbox 222 700 259 727; x_wconf 89' lang='lat' dir='ltr'><strong>ita</strong></span> <span class='ocrx_word' id='word_1_96' title='bbox 274 705 304 727; x_wconf 95' lang='lat' dir='ltr'><strong>ut</strong></span> <span class='ocrx_word' id='word_1_97' title='bbox 318 700 399 727; x_wconf 88' lang='lat' dir='ltr'><strong>modo</strong></span> <span class='ocrx_word' id='word_1_98' title='bbox 410 700 545 732; x_wconf 78' lang='grc' dir='ltr'><strong>Θεόδοτος,</strong></span> <span class='ocrx_word' id='word_1_99' title='bbox 558 701 638 728; x_wconf 91' lang='lat' dir='ltr'><strong>modo</strong></span> <span class='ocrx_word' id='word_1_100' title='bbox 651 700 798 728; x_wconf 80' lang='grc' dir='ltr'>Θεοόοτίων</span> <span class='ocrx_word' id='word_1_101' title='bbox 813 707 966 735; x_wconf 78' lang='lat' dir='ltr'><strong>vocaretur;</strong></span> <span class='ocrx_word' id='word_1_102' title='bbox 984 707 1013 729; x_wconf 91' lang='lat' dir='ltr'><strong>ut</strong></span> 
     </span>
    </p>
   </div>
   <div class='ocr_carea' id='block_1_13' title="bbox 228 746 1012 784">
    <p class='ocr_par' dir='ltr' id='par_1_13' title="bbox 228 746 1012 784">
     <span class='ocr_line' id='line_1_13' title="bbox 228 746 1012 784; baseline 0.001 -11"><span class='ocrx_word' id='word_1_103' title='bbox 228 746 385 782; x_wconf 69' lang='grc' dir='ltr'><strong>Ἀσκλήπας</strong></span> <span class='ocrx_word' id='word_1_104' title='bbox 411 747 492 774; x_wconf 84' lang='lat' dir='ltr'><strong>etiam</strong></span> <span class='ocrx_word' id='word_1_105' title='bbox 511 747 675 782; x_wconf 69' lang='grc' dir='ltr'><strong>Ἀσκληπιὸς</strong></span> <span class='ocrx_word' id='word_1_106' title='bbox 688 767 695 779; x_wconf 86' lang='grc'><strong><em>,</em></strong></span> <span class='ocrx_word' id='word_1_107' title='bbox 719 747 860 783; x_wconf 82' lang='grc' dir='ltr'><strong>Ἰσχύρας,</strong></span> <span class='ocrx_word' id='word_1_108' title='bbox 881 749 1012 784; x_wconf 79' lang='grc' dir='ltr'><strong>ἰσχύριος</strong></span> 
     </span>
    </p>
   </div>
   <div class='ocr_carea' id='block_1_14' title="bbox 224 792 1012 827">
    <p class='ocr_par' dir='ltr' id='par_1_14' title="bbox 224 792 1012 827">
     <span class='ocr_line' id='line_1_14' title="bbox 224 792 1012 827; baseline 0.005 -10"><span class='ocrx_word' id='word_1_109' title='bbox 224 795 252 818; x_wconf 83' lang='lat' dir='ltr'><strong>et</strong></span> <span class='ocrx_word' id='word_1_110' title='bbox 267 792 406 827; x_wconf 80' lang='grc' dir='ltr'>Ἰσχυρίων</span> <span class='ocrx_word' id='word_1_111' title='bbox 419 792 635 826; x_wconf 72' lang='lat' dir='ltr'><strong>appellabantur.</strong></span> <span class='ocrx_word' id='word_1_112' title='bbox 647 792 726 820; x_wconf 93' lang='lat' dir='ltr'><strong>lllum</strong></span> <span class='ocrx_word' id='word_1_113' title='bbox 736 798 826 820; x_wconf 88' lang='lat' dir='ltr'><strong>autem</strong></span> <span class='ocrx_word' id='word_1_114' title='bbox 839 794 1012 821; x_wconf 87' lang='lat' dir='ltr'><strong>iucredulum</strong></span> 
     </span>
    </p>
   </div>
   <div class='ocr_carea' id='block_1_15' title="bbox 224 836 1014 873">
    <p class='ocr_par' dir='ltr' id='par_1_15' title="bbox 224 836 1014 873">
     <span class='ocr_line' id='line_1_15' title="bbox 224 836 1014 873; baseline 0.005 -9"><span class='ocrx_word' id='word_1_115' title='bbox 224 836 320 870; x_wconf 86' lang='lat' dir='ltr'><strong>fuisse,</strong></span> <span class='ocrx_word' id='word_1_116' title='bbox 336 845 389 865; x_wconf 89' lang='lat' dir='ltr'><strong>non</strong></span> <span class='ocrx_word' id='word_1_117' title='bbox 403 843 494 866; x_wconf 88' lang='lat' dir='ltr'><strong>autem</strong></span> <span class='ocrx_word' id='word_1_118' title='bbox 507 839 696 870; x_wconf 61' lang='lat' dir='ltr'><strong>ﬁttristianuni</strong></span> <span class='ocrx_word' id='word_1_119' title='bbox 710 839 865 867; x_wconf 87' lang='lat' dir='ltr'><strong>Ebionitam</strong></span> <span class='ocrx_word' id='word_1_120' title='bbox 875 861 881 873; x_wconf 96' lang='lat'><strong>,</strong></span> <span class='ocrx_word' id='word_1_121' title='bbox 898 841 1014 869; x_wconf 81' lang='lat' dir='ltr'><strong>suadere</strong></span> 
     </span>
    </p>
   </div>
   <div class='ocr_carea' id='block_1_16' title="bbox 225 884 1014 922">
    <p class='ocr_par' dir='ltr' id='par_1_16' title="bbox 225 884 1014 922">
     <span class='ocr_line' id='line_1_16' title="bbox 225 884 1014 922; baseline 0.005 -12"><span class='ocrx_word' id='word_1_122' title='bbox 225 884 333 911; x_wconf 88' lang='lat' dir='ltr'><strong>videtur</strong></span> <span class='ocrx_word' id='word_1_123' title='bbox 353 884 539 919; x_wconf 84' lang='lat' dir='ltr'><strong>interpretatio</strong></span> <span class='ocrx_word' id='word_1_124' title='bbox 562 885 615 912; x_wconf 88' lang='lat' dir='ltr'><strong>loci</strong></span> <span class='ocrx_word' id='word_1_125' title='bbox 632 885 707 922; x_wconf 92' lang='lat' dir='ltr'><strong>illius_</strong></span> <span class='ocrx_word' id='word_1_126' title='bbox 721 886 891 914; x_wconf 83' lang='lat' dir='ltr'><strong>celeberrimi</strong></span> <span class='ocrx_word' id='word_1_127' title='bbox 916 888 942 914; x_wconf 93' lang='lat' dir='ltr'><strong>in</strong></span> <span class='ocrx_word' id='word_1_128' title='bbox 959 888 1014 914; x_wconf 87' lang='lat' dir='ltr'><strong>Da-</strong></span> 
     </span>
    </p>
   </div>
   <div class='ocr_carea' id='block_1_17' title="bbox 224 930 1014 965">
    <p class='ocr_par' dir='ltr' id='par_1_17' title="bbox 224 930 1014 965">
     <span class='ocr_line' id='line_1_17' title="bbox 224 930 1014 965; baseline 0.006 -9"><span class='ocrx_word' id='word_1_129' title='bbox 224 930 311 963; x_wconf 88' lang='lat' dir='ltr'><strong>niele,</strong></span> <span class='ocrx_word' id='word_1_130' title='bbox 345 938 405 965; x_wconf 87' lang='lat' dir='ltr'><strong>cap.</strong></span> <span class='ocrx_word' id='word_1_131' title='bbox 434 938 478 964; x_wconf 73' lang='grc' dir='ltr'>ιι,</span> <span class='ocrx_word' id='word_1_132' title='bbox 509 930 562 963; x_wconf 73' lang='grc'><strong>26,</strong></span> <span class='ocrx_word' id='word_1_133' title='bbox 595 931 642 958; x_wconf 89' lang='lat' dir='ltr'><strong>ubi</strong></span> <span class='ocrx_word' id='word_1_134' title='bbox 674 931 804 959; x_wconf 84' lang='lat' dir='ltr'><strong>Hebraica</strong></span> <span class='ocrx_word' id='word_1_135' title='bbox 839 933 920 960; x_wconf 89' lang='lat' dir='ltr'><strong>verba</strong></span> <span class='ocrx_word' id='word_1_136' title='bbox 951 939 1014 961; x_wconf 90' lang='lat' dir='ltr'><strong>sunt</strong></span> 
     </span>
    </p>
   </div>
   <div class='ocr_carea' id='block_1_18' title="bbox 224 980 1013 1014">
    <p class='ocr_par' dir='ltr' id='par_1_18' title="bbox 224 980 1013 1014">
     <span class='ocr_line' id='line_1_18' title="bbox 224 980 1013 1014; baseline 0.005 -9"><span class='ocrx_word' id='word_1_137' title='bbox 224 980 308 1006; x_wconf 68' lang='lat' dir='ltr'><strong>WWD</strong></span> <span class='ocrx_word' id='word_1_138' title='bbox 320 980 388 1006; x_wconf 69' lang='grc' dir='ltr'><strong><em>ΠὋΊ</em></strong></span> <span class='ocrx_word' id='word_1_139' title='bbox 402 981 487 1006; x_wconf 61' lang='grc' dir='ltr'><strong>επωπ</strong></span> <span class='ocrx_word' id='word_1_140' title='bbox 507 981 593 1006; x_wconf 74' lang='grc' dir='ltr'><strong>ειηυω</strong></span> <span class='ocrx_word' id='word_1_141' title='bbox 602 982 718 1009; x_wconf 58' lang='lat' dir='ltr'><strong>atram</strong></span> <span class='ocrx_word' id='word_1_142' title='bbox 732 982 824 1011; x_wconf 67' lang='grc' dir='ltr'><strong>ΊἽΠΝἾ,</strong></span> <span class='ocrx_word' id='word_1_143' title='bbox 839 980 936 1014; x_wconf 88' lang='lat' dir='ltr'><strong>Aquila</strong></span> <span class='ocrx_word' id='word_1_144' title='bbox 949 989 1013 1009; x_wconf 89' lang='lat' dir='ltr'><strong>vero</strong></span> 
     </span>
    </p>
   </div>
   <div class='ocr_carea' id='block_1_19' title="bbox 225 1022 1014 1061">
    <p class='ocr_par' dir='ltr' id='par_1_19' title="bbox 225 1022 1014 1061">
     <span class='ocr_line' id='line_1_19' title="bbox 225 1022 1014 1061; baseline 0.006 -12"><span class='ocrx_word' id='word_1_145' title='bbox 225 1022 266 1049; x_wconf 87' lang='lat' dir='ltr'><strong>sic</strong></span> <span class='ocrx_word' id='word_1_146' title='bbox 284 1023 488 1056; x_wconf 88' lang='lat' dir='ltr'><strong>interpretatur,</strong></span> <span class='ocrx_word' id='word_1_147' title='bbox 504 1023 551 1049; x_wconf 74' lang='grc' dir='ltr'><strong>καὶ</strong></span> <span class='ocrx_word' id='word_1_148' title='bbox 564 1023 634 1058; x_wconf 78' lang='grc' dir='ltr'><strong>μετὰ</strong></span> <span class='ocrx_word' id='word_1_149' title='bbox 646 1023 695 1055; x_wconf 85' lang='grc' dir='ltr'><strong>τὰς</strong></span> <span class='ocrx_word' id='word_1_150' title='bbox 710 1025 779 1051; x_wconf 78' lang='grc' dir='ltr'><strong>ἑπτὰ</strong></span> <span class='ocrx_word' id='word_1_151' title='bbox 791 1026 954 1061; x_wconf 73' lang='grc' dir='ltr'>ἑϐδομάδας,</span> <span class='ocrx_word' id='word_1_152' title='bbox 966 1028 1014 1054; x_wconf 79' lang='grc' dir='ltr'><strong>καὶ</strong></span> 
     </span>
    </p>
   </div>
   <div class='ocr_carea' id='block_1_20' title="bbox 228 1068 1014 1107">
    <p class='ocr_par' dir='ltr' id='par_1_20' title="bbox 228 1068 1014 1107">
     <span class='ocr_line' id='line_1_20' title="bbox 228 1068 1014 1107; baseline 0.009 -14"><span class='ocrx_word' id='word_1_153' title='bbox 228 1068 361 1102; x_wconf 73' lang='grc' dir='ltr'><strong>ἐξήκοντα</strong></span> <span class='ocrx_word' id='word_1_154' title='bbox 376 1068 432 1101; x_wconf 80' lang='grc' dir='ltr'>δύο,</span> <span class='ocrx_word' id='word_1_155' title='bbox 446 1068 704 1104; x_wconf 73' lang='grc' dir='ltr'><strong>ὲξολοθρευθήσεται</strong></span> <span class='ocrx_word' id='word_1_156' title='bbox 721 1070 904 1107; x_wconf 79' lang='grc' dir='ltr'><strong>εἱλειμμὲνος,</strong></span> <span class='ocrx_word' id='word_1_157' title='bbox 917 1079 939 1099; x_wconf 83' lang='grc' dir='ltr'>ει</span> <span class='ocrx_word' id='word_1_158' title='bbox 956 1078 1014 1107; x_wconf 82' lang='lat' dir='ltr'><strong>post</strong></span> 
     </span>
    </p>
   </div>
   <div class='ocr_carea' id='block_1_21' title="bbox 225 1115 1013 1151">
    <p class='ocr_par' dir='ltr' id='par_1_21' title="bbox 225 1115 1013 1151">
     <span class='ocr_line' id='line_1_21' title="bbox 225 1115 1013 1151; baseline 0.009 -11"><span class='ocrx_word' id='word_1_159' title='bbox 225 1119 323 1148; x_wconf 80' lang='lat' dir='ltr'><strong>septem</strong></span> <span class='ocrx_word' id='word_1_160' title='bbox 338 1115 513 1142; x_wconf 76' lang='lat' dir='ltr'><strong>hebdomadas</strong></span> <span class='ocrx_word' id='word_1_161' title='bbox 528 1121 551 1142; x_wconf 83' lang='lat' dir='ltr'><strong>et</strong></span> <span class='ocrx_word' id='word_1_162' title='bbox 572 1117 710 1151; x_wconf 70' lang='lat' dir='ltr'><strong>sexaginta</strong></span> <span class='ocrx_word' id='word_1_163' title='bbox 728 1117 806 1151; x_wconf 80' lang='lat' dir='ltr'><strong>duas,</strong></span> <span class='ocrx_word' id='word_1_164' title='bbox 824 1120 1013 1147; x_wconf 70' lang='lat' dir='ltr'><strong>exterminabi-</strong></span> 
     </span>
    </p>
   </div>
   <div class='ocr_carea' id='block_1_22' title="bbox 226 1160 1015 1199">
    <p class='ocr_par' dir='ltr' id='par_1_22' title="bbox 226 1160 1015 1199">
     <span class='ocr_line' id='line_1_22' title="bbox 226 1160 1015 1199; baseline 0.009 -13"><span class='ocrx_word' id='word_1_165' title='bbox 226 1165 270 1186; x_wconf 96' lang='lat' dir='ltr'><strong>tur</strong></span> <span class='ocrx_word' id='word_1_166' title='bbox 284 1165 388 1187; x_wconf 79' lang='lat' dir='ltr'><strong>unctus.</strong></span> <span class='ocrx_word' id='word_1_167' title='bbox 407 1160 599 1196; x_wconf 81' lang='lat' dir='ltr'><strong>Symmachus,</strong></span> <span class='ocrx_word' id='word_1_168' title='bbox 619 1162 747 1189; x_wconf 87' lang='lat' dir='ltr'><strong>Ebionita</strong></span> <span class='ocrx_word' id='word_1_169' title='bbox 767 1163 951 1199; x_wconf 86' lang='lat' dir='ltr'><strong>Christianus,</strong></span> <span class='ocrx_word' id='word_1_170' title='bbox 968 1167 1015 1193; x_wconf 75' lang='grc' dir='ltr'><strong>καὶ</strong></span> 
     </span>
    </p>
   </div>
   <div class='ocr_carea' id='block_1_23' title="bbox 226 1205 1016 1245">
    <p class='ocr_par' dir='ltr' id='par_1_23' title="bbox 226 1205 1016 1245">
     <span class='ocr_line' id='line_1_23' title="bbox 226 1205 1016 1245; baseline 0.009 -14"><span class='ocrx_word' id='word_1_171' title='bbox 226 1205 297 1241; x_wconf 84' lang='grc' dir='ltr'><strong>μετὰ</strong></span> <span class='ocrx_word' id='word_1_172' title='bbox 313 1205 362 1237; x_wconf 84' lang='grc' dir='ltr'><strong>τὰς</strong></span> <span class='ocrx_word' id='word_1_173' title='bbox 385 1206 535 1242; x_wconf 74' lang='grc' dir='ltr'>ἑϐδομάδας</span> <span class='ocrx_word' id='word_1_174' title='bbox 553 1207 623 1234; x_wconf 76' lang='grc' dir='ltr'><strong>ἑπτὰ</strong></span> <span class='ocrx_word' id='word_1_175' title='bbox 643 1208 690 1234; x_wconf 50' lang='grc' dir='ltr'><strong>και⁹</strong></span> <span class='ocrx_word' id='word_1_176' title='bbox 710 1208 840 1245; x_wconf 79' lang='grc' dir='ltr'><strong>ἐξήκοντα</strong></span> <span class='ocrx_word' id='word_1_177' title='bbox 855 1210 918 1243; x_wconf 86' lang='grc' dir='ltr'>δύο,</span> <span class='ocrx_word' id='word_1_178' title='bbox 937 1211 1016 1238; x_wconf 82' lang='grc' dir='ltr'>ἐκκο-</span> 
     </span>
    </p>
   </div>
   <div class='ocr_carea' id='block_1_24' title="bbox 226 1252 1016 1291">
    <p class='ocr_par' dir='ltr' id='par_1_24' title="bbox 226 1252 1016 1291">
     <span class='ocr_line' id='line_1_24' title="bbox 226 1252 1016 1291; baseline 0.009 -14"><span class='ocrx_word' id='word_1_179' title='bbox 226 1252 346 1287; x_wconf 76' lang='grc' dir='ltr'><strong>πήσεται</strong></span> <span class='ocrx_word' id='word_1_180' title='bbox 371 1252 503 1288; x_wconf 82' lang='grc' dir='ltr'><strong>Χριστός,</strong></span> <span class='ocrx_word' id='word_1_181' title='bbox 529 1257 554 1279; x_wconf 85' lang='lat' dir='ltr'><strong>et</strong></span> <span class='ocrx_word' id='word_1_182' title='bbox 579 1258 637 1287; x_wconf 84' lang='lat' dir='ltr'><strong>post</strong></span> <span class='ocrx_word' id='word_1_183' title='bbox 661 1254 837 1282; x_wconf 80' lang='lat' dir='ltr'><strong>hebdomadas</strong></span> <span class='ocrx_word' id='word_1_184' title='bbox 867 1261 964 1291; x_wconf 82' lang='lat' dir='ltr'><strong>septem</strong></span> <span class='ocrx_word' id='word_1_185' title='bbox 990 1262 1016 1284; x_wconf 84' lang='lat' dir='ltr'><strong>et</strong></span> 
     </span>
    </p>
   </div>
   <div class='ocr_carea' id='block_1_25' title="bbox 225 1299 1015 1333">
    <p class='ocr_par' dir='ltr' id='par_1_25' title="bbox 225 1299 1015 1333">
     <span class='ocr_line' id='line_1_25' title="bbox 225 1299 1015 1333; baseline 0.008 -9"><span class='ocrx_word' id='word_1_186' title='bbox 225 1299 363 1333; x_wconf 70' lang='lat' dir='ltr'><strong>sexaginta</strong></span> <span class='ocrx_word' id='word_1_187' title='bbox 384 1299 451 1325; x_wconf 85' lang='lat' dir='ltr'><strong>duas</strong></span> <span class='ocrx_word' id='word_1_188' title='bbox 473 1300 642 1326; x_wconf 65' lang='lat' dir='ltr'><strong>exscindetur</strong></span> <span class='ocrx_word' id='word_1_189' title='bbox 658 1300 790 1328; x_wconf 75' lang='lat' dir='ltr'><strong>Christus.</strong></span> <span class='ocrx_word' id='word_1_190' title='bbox 815 1303 850 1329; x_wconf 83' lang='lat' dir='ltr'><strong>At</strong></span> <span class='ocrx_word' id='word_1_191' title='bbox 867 1302 1015 1330; x_wconf 88' lang='lat' dir='ltr'><strong>Theodotio</strong></span> 
     </span>
    </p>
   </div>
   <div class='ocr_carea' id='block_1_26' title="bbox 226 1344 1015 1383">
    <p class='ocr_par' dir='ltr' id='par_1_26' title="bbox 226 1344 1015 1383">
     <span class='ocr_line' id='line_1_26' title="bbox 226 1344 1015 1383; baseline 0.008 -13"><span class='ocrx_word' id='word_1_192' title='bbox 226 1344 360 1379; x_wconf 80' lang='lat' dir='ltr'><strong>insignem</strong></span> <span class='ocrx_word' id='word_1_193' title='bbox 385 1345 457 1372; x_wconf 84' lang='lat' dir='ltr'><strong>illam</strong></span> <span class='ocrx_word' id='word_1_194' title='bbox 475 1345 508 1372; x_wconf 89' lang='lat' dir='ltr'><strong>de</strong></span> <span class='ocrx_word' id='word_1_195' title='bbox 530 1345 641 1373; x_wconf 88' lang='lat' dir='ltr'><strong>Christo</strong></span> <span class='ocrx_word' id='word_1_196' title='bbox 659 1348 829 1382; x_wconf 81' lang='lat' dir='ltr'><strong>prophetiam</strong></span> <span class='ocrx_word' id='word_1_197' title='bbox 854 1349 1015 1383; x_wconf 87' lang='lat' dir='ltr'><strong>interpreta-</strong></span> 
     </span>
    </p>
   </div>
   <div class='ocr_carea' id='block_1_27' title="bbox 226 1391 1013 1428">
    <p class='ocr_par' dir='ltr' id='par_1_27' title="bbox 226 1391 1013 1428">
     <span class='ocr_line' id='line_1_27' title="bbox 226 1391 1013 1428; baseline 0.008 -11"><span class='ocrx_word' id='word_1_198' title='bbox 226 1391 299 1418; x_wconf 85' lang='lat' dir='ltr'><strong>tione</strong></span> <span class='ocrx_word' id='word_1_199' title='bbox 310 1399 359 1418; x_wconf 84' lang='lat' dir='ltr'><strong>sua</strong></span> <span class='ocrx_word' id='word_1_200' title='bbox 374 1397 506 1426; x_wconf 86' lang='lat' dir='ltr'><strong>quantum</strong></span> <span class='ocrx_word' id='word_1_201' title='bbox 525 1392 611 1426; x_wconf 89' lang='lat' dir='ltr'><strong>potuit</strong></span> <span class='ocrx_word' id='word_1_202' title='bbox 624 1393 810 1428; x_wconf 89' lang='lat' dir='ltr'><strong>labefactavit,</strong></span> <span class='ocrx_word' id='word_1_203' title='bbox 821 1399 848 1422; x_wconf 87' lang='lat' dir='ltr'><strong>et</strong></span> <span class='ocrx_word' id='word_1_204' title='bbox 858 1394 1013 1423; x_wconf 76' lang='lat' dir='ltr'><strong>Judzeorum</strong></span> 
     </span>
    </p>
   </div>
   <div class='ocr_carea' id='block_1_28' title="bbox 227 1438 1016 1476">
    <p class='ocr_par' dir='ltr' id='par_1_28' title="bbox 227 1438 1016 1476">
     <span class='ocr_line' id='line_1_28' title="bbox 227 1438 1016 1476; baseline 0.006 -13"><span class='ocrx_word' id='word_1_205' title='bbox 227 1444 302 1463; x_wconf 87' lang='lat' dir='ltr'><strong>more</strong></span> <span class='ocrx_word' id='word_1_206' title='bbox 328 1438 523 1472; x_wconf 83' lang='lat' dir='ltr'><strong>interpretatus</strong></span> <span class='ocrx_word' id='word_1_207' title='bbox 543 1442 585 1465; x_wconf 88' lang='lat' dir='ltr'><strong>est</strong></span> <span class='ocrx_word' id='word_1_208' title='bbox 609 1439 652 1466; x_wconf 91' lang='lat' dir='ltr'><strong>his</strong></span> <span class='ocrx_word' id='word_1_209' title='bbox 674 1440 783 1471; x_wconf 83' lang='lat' dir='ltr'><strong>verbis,</strong></span> <span class='ocrx_word' id='word_1_210' title='bbox 810 1441 856 1467; x_wconf 74' lang='grc' dir='ltr'><strong>καὶ</strong></span> <span class='ocrx_word' id='word_1_211' title='bbox 882 1442 950 1476; x_wconf 75' lang='grc' dir='ltr'>μετὰ</span> <span class='ocrx_word' id='word_1_212' title='bbox 967 1443 1016 1474; x_wconf 81' lang='grc' dir='ltr'><strong>τὰς</strong></span> 
     </span>
    </p>
   </div>
   <div class='ocr_carea' id='block_1_29' title="bbox 227 1483 1017 1523">
    <p class='ocr_par' dir='ltr' id='par_1_29' title="bbox 227 1483 1017 1523">
     <span class='ocr_line' id='line_1_29' title="bbox 227 1483 1017 1523; baseline 0.008 -15"><span class='ocrx_word' id='word_1_213' title='bbox 227 1483 377 1518; x_wconf 76' lang='grc' dir='ltr'><strong>ἑϐδομάδας</strong></span> <span class='ocrx_word' id='word_1_214' title='bbox 408 1483 459 1515; x_wconf 86' lang='grc' dir='ltr'><strong>τὰς</strong></span> <span class='ocrx_word' id='word_1_215' title='bbox 495 1484 629 1520; x_wconf 75' lang='grc' dir='ltr'><strong>ἑξήκοντα</strong></span> <span class='ocrx_word' id='word_1_216' title='bbox 662 1485 725 1517; x_wconf 81' lang='grc' dir='ltr'>δύο,</span> <span class='ocrx_word' id='word_1_217' title='bbox 763 1486 1017 1523; x_wconf 75' lang='grc' dir='ltr'><strong>ἐξολοθρευῡήσεται</strong></span> 
     </span>
    </p>
   </div>
   <div class='ocr_carea' id='block_1_30' title="bbox 226 1529 1015 1566">
    <p class='ocr_par' dir='ltr' id='par_1_30' title="bbox 226 1529 1015 1566">
     <span class='ocr_line' id='line_1_30' title="bbox 226 1529 1015 1566; baseline 0.009 -13"><span class='ocrx_word' id='word_1_218' title='bbox 226 1529 345 1563; x_wconf 76' lang='grc' dir='ltr'><strong>χρίσμα,</strong></span> <span class='ocrx_word' id='word_1_219' title='bbox 371 1533 395 1554; x_wconf 90' lang='lat' dir='ltr'><strong>et</strong></span> <span class='ocrx_word' id='word_1_220' title='bbox 414 1534 471 1563; x_wconf 82' lang='lat' dir='ltr'><strong>p0st</strong></span> <span class='ocrx_word' id='word_1_221' title='bbox 493 1530 670 1557; x_wconf 80' lang='lat' dir='ltr'><strong>hebdomadas</strong></span> <span class='ocrx_word' id='word_1_222' title='bbox 691 1532 831 1566; x_wconf 71' lang='lat' dir='ltr'><strong>sexaginta</strong></span> <span class='ocrx_word' id='word_1_223' title='bbox 847 1533 915 1559; x_wconf 83' lang='lat' dir='ltr'><strong>duas</strong></span> <span class='ocrx_word' id='word_1_224' title='bbox 930 1539 1015 1560; x_wconf 63' lang='lat' dir='ltr'><strong>extet&quot;</strong></span> 
     </span>
    </p>
   </div>
   <div class='ocr_carea' id='block_1_31' title="bbox 227 1575 1016 1608">
    <p class='ocr_par' dir='ltr' id='par_1_31' title="bbox 227 1575 1016 1608">
     <span class='ocr_line' id='line_1_31' title="bbox 227 1575 1016 1608; baseline 0.009 -8"><span class='ocrx_word' id='word_1_225' title='bbox 227 1575 374 1601; x_wconf 87' lang='lat' dir='ltr'><strong>minabitur</strong></span> <span class='ocrx_word' id='word_1_226' title='bbox 397 1576 502 1606; x_wconf 85' lang='lat' dir='ltr'><strong>unctio,</strong></span> <span class='ocrx_word' id='word_1_227' title='bbox 527 1576 573 1602; x_wconf 88' lang='lat' dir='ltr'><strong>ubi</strong></span> <span class='ocrx_word' id='word_1_228' title='bbox 598 1576 700 1604; x_wconf 85' lang='lat' dir='ltr'><strong>Christi</strong></span> <span class='ocrx_word' id='word_1_229' title='bbox 725 1582 752 1604; x_wconf 92' lang='lat' dir='ltr'><strong>et</strong></span> <span class='ocrx_word' id='word_1_230' title='bbox 775 1579 850 1606; x_wconf 88' lang='lat' dir='ltr'><strong>uncti</strong></span> <span class='ocrx_word' id='word_1_231' title='bbox 867 1583 893 1606; x_wconf 89' lang='lat' dir='ltr'><strong>et</strong></span> <span class='ocrx_word' id='word_1_232' title='bbox 911 1579 1016 1608; x_wconf 74' lang='lat' dir='ltr'><strong>Messite</strong></span> 
     </span>
    </p>
   </div>
   <div class='ocr_carea' id='block_1_32' title="bbox 228 1619 1015 1653">
    <p class='ocr_par' dir='ltr' id='par_1_32' title="bbox 228 1619 1015 1653">
     <span class='ocr_line' id='line_1_32' title="bbox 228 1619 1015 1653; baseline 0.01 -8"><span class='ocrx_word' id='word_1_233' title='bbox 228 1619 394 1646; x_wconf 78' lang='lat' dir='ltr'><strong>mentionem</strong></span> <span class='ocrx_word' id='word_1_234' title='bbox 419 1621 550 1653; x_wconf 88' lang='lat' dir='ltr'><strong>sustulit,</strong></span> <span class='ocrx_word' id='word_1_235' title='bbox 567 1621 629 1648; x_wconf 90' lang='lat' dir='ltr'><strong>licet</strong></span> <span class='ocrx_word' id='word_1_236' title='bbox 645 1627 728 1652; x_wconf 56' lang='lat' dir='ltr'><strong>nium</strong></span> <span class='ocrx_word' id='word_1_237' title='bbox 741 1623 813 1650; x_wconf 79' lang='lat' dir='ltr'><strong>clare</strong></span> <span class='ocrx_word' id='word_1_238' title='bbox 836 1624 863 1650; x_wconf 91' lang='lat' dir='ltr'><strong>in</strong></span> <span class='ocrx_word' id='word_1_239' title='bbox 882 1623 1015 1652; x_wconf 77' lang='lat' dir='ltr'><strong>liebraico</strong></span> 
     </span>
    </p>
   </div>
   <div class='ocr_carea' id='block_1_33' title="bbox 226 1666 1017 1700">
    <p class='ocr_par' dir='ltr' id='par_1_33' title="bbox 226 1666 1017 1700">
     <span class='ocr_line' id='line_1_33' title="bbox 226 1666 1017 1700; baseline 0.005 -7"><span class='ocrx_word' id='word_1_240' title='bbox 226 1666 407 1700; x_wconf 75' lang='lat' dir='ltr'><strong>exprimalur.</strong></span> <span class='ocrx_word' id='word_1_241' title='bbox 426 1666 460 1692; x_wconf 85' lang='lat' dir='ltr'><strong>At</strong></span> <span class='ocrx_word' id='word_1_242' title='bbox 476 1666 617 1699; x_wconf 75' lang='lat' dir='ltr'><strong>Ebionitze,</strong></span> <span class='ocrx_word' id='word_1_243' title='bbox 633 1668 684 1694; x_wconf 86' lang='lat' dir='ltr'><strong>etsi</strong></span> <span class='ocrx_word' id='word_1_244' title='bbox 697 1667 790 1695; x_wconf 85' lang='lat' dir='ltr'><strong>.lesum</strong></span> <span class='ocrx_word' id='word_1_245' title='bbox 804 1677 858 1696; x_wconf 92' lang='lat' dir='ltr'><strong>non</strong></span> <span class='ocrx_word' id='word_1_246' title='bbox 875 1671 1017 1697; x_wconf 86' lang='lat' dir='ltr'><strong>crederent</strong></span> 
     </span>
    </p>
   </div>
   <div class='ocr_carea' id='block_1_34' title="bbox 227 1710 1016 1747">
    <p class='ocr_par' dir='ltr' id='par_1_34' title="bbox 227 1710 1016 1747">
     <span class='ocr_line' id='line_1_34' title="bbox 227 1710 1016 1747; baseline 0.004 -10"><span class='ocrx_word' id='word_1_247' title='bbox 227 1719 287 1738; x_wconf 82' lang='lat' dir='ltr'><strong>esse</strong></span> <span class='ocrx_word' id='word_1_248' title='bbox 301 1710 383 1737; x_wconf 54' lang='lat' dir='ltr'><strong>Deum</strong></span> <span class='ocrx_word' id='word_1_249' title='bbox 394 1732 401 1742; x_wconf 87' lang='lat'><strong>,</strong></span> <span class='ocrx_word' id='word_1_250' title='bbox 426 1711 514 1745; x_wconf 76' lang='lat' dir='ltr'><strong>ipsum</strong></span> <span class='ocrx_word' id='word_1_251' title='bbox 533 1716 621 1737; x_wconf 88' lang='lat' dir='ltr'><strong>tamen</strong></span> <span class='ocrx_word' id='word_1_252' title='bbox 636 1719 684 1746; x_wconf 88' lang='lat' dir='ltr'><strong>pro</strong></span> <span class='ocrx_word' id='word_1_253' title='bbox 696 1712 806 1739; x_wconf 84' lang='lat' dir='ltr'><strong>Christo</strong></span> <span class='ocrx_word' id='word_1_254' title='bbox 820 1717 901 1747; x_wconf 85' lang='lat' dir='ltr'><strong>atque</strong></span> <span class='ocrx_word' id='word_1_255' title='bbox 917 1713 1016 1740; x_wconf 81' lang='lat' dir='ltr'><strong>lllcssia</strong></span> 
     </span>
    </p>
   </div>
   <div class='ocr_carea' id='block_1_35' title="bbox 229 1757 1017 1792">
    <p class='ocr_par' dir='ltr' id='par_1_35' title="bbox 229 1757 1017 1792">
     <span class='ocr_line' id='line_1_35' title="bbox 229 1757 1017 1792; baseline 0.004 -9"><span class='ocrx_word' id='word_1_256' title='bbox 229 1757 364 1784; x_wconf 86' lang='lat' dir='ltr'><strong>habebant</strong></span> <span class='ocrx_word' id='word_1_257' title='bbox 378 1767 383 1784; x_wconf 89' lang='lat'><strong>:</strong></span> <span class='ocrx_word' id='word_1_258' title='bbox 398 1765 458 1791; x_wconf 79' lang='lat' dir='ltr'><strong>qme</strong></span> <span class='ocrx_word' id='word_1_259' title='bbox 474 1765 517 1784; x_wconf 89' lang='lat' dir='ltr'><strong>res</strong></span> <span class='ocrx_word' id='word_1_260' title='bbox 536 1758 721 1792; x_wconf 58' lang='lat' dir='ltr'><strong>suspicionem</strong></span> <span class='ocrx_word' id='word_1_261' title='bbox 750 1758 895 1786; x_wconf 81' lang='lat' dir='ltr'><strong>maximam</strong></span> <span class='ocrx_word' id='word_1_262' title='bbox 914 1760 1017 1787; x_wconf 90' lang='lat' dir='ltr'><strong>inducit</strong></span> 
     </span>
    </p>
   </div>
   <div class='ocr_carea' id='block_1_36' title="bbox 228 1803 1017 1838">
    <p class='ocr_par' dir='ltr' id='par_1_36' title="bbox 228 1803 1017 1838">
     <span class='ocr_line' id='line_1_36' title="bbox 228 1803 1017 1838; baseline 0.001 -8"><span class='ocrx_word' id='word_1_263' title='bbox 228 1803 316 1838; x_wconf 87' lang='lat' dir='ltr'><strong>ipsum</strong></span> <span class='ocrx_word' id='word_1_264' title='bbox 333 1811 387 1830; x_wconf 92' lang='lat' dir='ltr'><strong>non</strong></span> <span class='ocrx_word' id='word_1_265' title='bbox 404 1803 571 1835; x_wconf 78' lang='lat' dir='ltr'><strong>Ebionitam,</strong></span> <span class='ocrx_word' id='word_1_266' title='bbox 599 1804 646 1831; x_wconf 86' lang='lat' dir='ltr'><strong>scd</strong></span> <span class='ocrx_word' id='word_1_267' title='bbox 664 1811 727 1830; x_wconf 84' lang='lat' dir='ltr'><strong>vere</strong></span> <span class='ocrx_word' id='word_1_268' title='bbox 743 1803 912 1831; x_wconf 88' lang='lat' dir='ltr'><strong>incredulum</strong></span> <span class='ocrx_word' id='word_1_269' title='bbox 929 1807 956 1831; x_wconf 93' lang='lat' dir='ltr'><strong>ct</strong></span> <span class='ocrx_word' id='word_1_270' title='bbox 969 1803 1017 1830; x_wconf 88' lang='lat' dir='ltr'><strong>Ju-</strong></span> 
     </span>
    </p>
   </div>
   <div class='ocr_carea' id='block_1_37' title="bbox 228 1849 426 1876">
    <p class='ocr_par' dir='ltr' id='par_1_37' title="bbox 228 1849 426 1876">
     <span class='ocr_line' id='line_1_37' title="bbox 228 1849 426 1876; baseline 0 0"><span class='ocrx_word' id='word_1_271' title='bbox 228 1849 315 1876; x_wconf 68' lang='lat' dir='ltr'><strong>daeum</strong></span> <span class='ocrx_word' id='word_1_272' title='bbox 332 1849 426 1876; x_wconf 83' lang='lat' dir='ltr'><strong>fuisse.</strong></span> 
     </span>
    </p>
   </div>
   <div class='ocr_carea' id='block_1_38' title="bbox 308 1894 938 1931">
    <p class='ocr_par' dir='ltr' id='par_1_38' title="bbox 308 1894 938 1931">
     <span class='ocr_line' id='line_1_38' title="bbox 308 1894 938 1931; baseline 0.002 -9"><span class='ocrx_word' id='word_1_273' title='bbox 308 1894 340 1922; x_wconf 89' lang='lat' dir='ltr'><strong>ll.</strong></span> <span class='ocrx_word' id='word_1_274' title='bbox 363 1895 400 1922; x_wconf 88' lang='lat' dir='ltr'><strong>De</strong></span> <span class='ocrx_word' id='word_1_275' title='bbox 415 1896 517 1922; x_wconf 81' lang='lat' dir='ltr'><strong>ratione</strong></span> <span class='ocrx_word' id='word_1_276' title='bbox 533 1896 726 1930; x_wconf 82' lang='lat' dir='ltr'><strong>interpretandi</strong></span> <span class='ocrx_word' id='word_1_277' title='bbox 743 1905 795 1931; x_wconf 85' lang='lat' dir='ltr'><strong>qua</strong></span> <span class='ocrx_word' id='word_1_278' title='bbox 811 1904 874 1923; x_wconf 80' lang='lat' dir='ltr'><strong>usus</strong></span> <span class='ocrx_word' id='word_1_279' title='bbox 890 1901 938 1923; x_wconf 78' lang='lat' dir='ltr'><strong>est.</strong></span> 
     </span>
    </p>
   </div>
   <div class='ocr_carea' id='block_1_39' title="bbox 263 1940 1017 1978">
    <p class='ocr_par' dir='ltr' id='par_1_39' title="bbox 263 1940 1017 1978">
     <span class='ocr_line' id='line_1_39' title="bbox 263 1940 1017 1978; baseline 0.003 -10"><span class='ocrx_word' id='word_1_280' title='bbox 263 1940 414 1969; x_wconf 89' lang='lat' dir='ltr'><strong>Theodotio</strong></span> <span class='ocrx_word' id='word_1_281' title='bbox 425 1963 432 1975; x_wconf 93' lang='lat'><strong>,</strong></span> <span class='ocrx_word' id='word_1_282' title='bbox 447 1947 477 1969; x_wconf 89' lang='lat' dir='ltr'><strong>ut</strong></span> <span class='ocrx_word' id='word_1_283' title='bbox 489 1942 545 1976; x_wconf 84' lang='lat' dir='ltr'><strong>jam</strong></span> <span class='ocrx_word' id='word_1_284' title='bbox 560 1943 736 1976; x_wconf 82' lang='lat' dir='ltr'><strong>probavimus</strong></span> <span class='ocrx_word' id='word_1_285' title='bbox 749 1963 756 1973; x_wconf 86' lang='lat'><strong>,</strong></span> <span class='ocrx_word' id='word_1_286' title='bbox 776 1947 836 1977; x_wconf 84' lang='lat' dir='ltr'><strong>post</strong></span> <span class='ocrx_word' id='word_1_287' title='bbox 853 1943 976 1978; x_wconf 83' lang='lat' dir='ltr'><strong>Aquilam</strong></span> <span class='ocrx_word' id='word_1_288' title='bbox 991 1948 1017 1970; x_wconf 89' lang='lat' dir='ltr'><strong>ct</strong></span> 
     </span>
    </p>
   </div>
   <div class='ocr_carea' id='block_1_40' title="bbox 228 1987 1016 2023">
    <p class='ocr_par' dir='ltr' id='par_1_40' title="bbox 228 1987 1016 2023">
     <span class='ocr_line' id='line_1_40' title="bbox 228 1987 1016 2023; baseline 0.001 -9"><span class='ocrx_word' id='word_1_289' title='bbox 228 1993 291 2015; x_wconf 85' lang='lat' dir='ltr'><strong>ante</strong></span> <span class='ocrx_word' id='word_1_290' title='bbox 316 1987 510 2023; x_wconf 88' lang='lat' dir='ltr'><strong>Symmachum</strong></span> <span class='ocrx_word' id='word_1_291' title='bbox 536 1989 787 2023; x_wconf 84' lang='lat' dir='ltr'><strong>interpretationem</strong></span> <span class='ocrx_word' id='word_1_292' title='bbox 813 1997 909 2019; x_wconf 85' lang='lat' dir='ltr'><strong>suam.</strong></span> <span class='ocrx_word' id='word_1_293' title='bbox 933 1989 1016 2023; x_wconf 84' lang='lat' dir='ltr'><strong>impc-</strong></span> 
     </span>
    </p>
   </div>
   <div class='ocr_carea' id='block_1_41' title="bbox 228 2033 1016 2067">
    <p class='ocr_par' dir='ltr' id='par_1_41' title="bbox 228 2033 1016 2067">
     <span class='ocr_line' id='line_1_41' title="bbox 228 2033 1016 2067; baseline 0.001 -5"><span class='ocrx_word' id='word_1_294' title='bbox 228 2038 307 2062; x_wconf 86' lang='lat' dir='ltr'><strong>t&#39;anlc</strong></span> <span class='ocrx_word' id='word_1_295' title='bbox 318 2033 470 2061; x_wconf 88' lang='lat' dir='ltr'><strong>Commodo</strong></span> <span class='ocrx_word' id='word_1_296' title='bbox 483 2055 490 2067; x_wconf 91' lang='lat'><strong>,</strong></span> <span class='ocrx_word' id='word_1_297' title='bbox 508 2034 534 2061; x_wconf 91' lang='lat' dir='ltr'><strong>in</strong></span> <span class='ocrx_word' id='word_1_298' title='bbox 556 2035 643 2062; x_wconf 86' lang='lat' dir='ltr'><strong>lucem</strong></span> <span class='ocrx_word' id='word_1_299' title='bbox 668 2035 760 2063; x_wconf 85' lang='lat' dir='ltr'><strong>emisit</strong></span> <span class='ocrx_word' id='word_1_300' title='bbox 776 2043 782 2060; x_wconf 92' lang='lat'>:</span> <span class='ocrx_word' id='word_1_301' title='bbox 797 2039 824 2062; x_wconf 89' lang='lat' dir='ltr'><strong>et</strong></span> <span class='ocrx_word' id='word_1_302' title='bbox 847 2035 874 2061; x_wconf 93' lang='lat' dir='ltr'><strong>in</strong></span> <span class='ocrx_word' id='word_1_303' title='bbox 894 2036 1016 2063; x_wconf 83' lang='lat' dir='ltr'><strong>vertendi</strong></span> 
     </span>
    </p>
   </div>
   <div class='ocr_carea' id='block_1_42' title="bbox 230 2080 1017 2117">
    <p class='ocr_par' dir='ltr' id='par_1_42' title="bbox 230 2080 1017 2117">
     <span class='ocr_line' id='line_1_42' title="bbox 230 2080 1017 2117; baseline 0.001 -9"><span class='ocrx_word' id='word_1_304' title='bbox 230 2081 313 2109; x_wconf 91' lang='lat' dir='ltr'><strong>modo</strong></span> <span class='ocrx_word' id='word_1_305' title='bbox 334 2089 348 2108; x_wconf 84' lang='lat' dir='ltr'><strong>a</strong></span> <span class='ocrx_word' id='word_1_306' title='bbox 374 2080 443 2107; x_wconf 81' lang='lat' dir='ltr'><strong>LXX</strong></span> <span class='ocrx_word' id='word_1_307' title='bbox 468 2081 662 2116; x_wconf 86' lang='lat' dir='ltr'><strong>lnterpretihus</strong></span> <span class='ocrx_word' id='word_1_308' title='bbox 684 2083 776 2110; x_wconf 89' lang='lat' dir='ltr'><strong>minus</strong></span> <span class='ocrx_word' id='word_1_309' title='bbox 794 2090 876 2117; x_wconf 89' lang='lat' dir='ltr'><strong>quam</strong></span> <span class='ocrx_word' id='word_1_310' title='bbox 901 2083 946 2109; x_wconf 91' lang='lat' dir='ltr'><strong>alii</strong></span> <span class='ocrx_word' id='word_1_311' title='bbox 969 2083 1017 2109; x_wconf 89' lang='lat' dir='ltr'><strong>de-</strong></span> 
     </span>
    </p>
   </div>
   <div class='ocr_carea' id='block_1_43' title="bbox 227 2127 1014 2162">
    <p class='ocr_par' dir='ltr' id='par_1_43' title="bbox 227 2127 1014 2162">
     <span class='ocr_line' id='line_1_43' title="bbox 227 2127 1014 2162; baseline 0 -7"><span class='ocrx_word' id='word_1_312' title='bbox 227 2128 320 2161; x_wconf 82' lang='lat' dir='ltr'><strong>ﬂexit;</strong></span> <span class='ocrx_word' id='word_1_313' title='bbox 351 2128 407 2154; x_wconf 91' lang='lat' dir='ltr'><strong>imo</strong></span> <span class='ocrx_word' id='word_1_314' title='bbox 437 2128 519 2154; x_wconf 88' lang='lat' dir='ltr'><strong>etiam</strong></span> <span class='ocrx_word' id='word_1_315' title='bbox 546 2127 618 2154; x_wconf 86' lang='lat' dir='ltr'><strong>LXX</strong></span> <span class='ocrx_word' id='word_1_316' title='bbox 641 2128 792 2162; x_wconf 77' lang='lat' dir='ltr'><strong>szepissime</strong></span> <span class='ocrx_word' id='word_1_317' title='bbox 815 2133 926 2155; x_wconf 87' lang='lat' dir='ltr'><strong>secutus</strong></span> <span class='ocrx_word' id='word_1_318' title='bbox 952 2133 1014 2155; x_wconf 88' lang='lat' dir='ltr'><strong>est:</strong></span> 
     </span>
    </p>
   </div>
   <div class='ocr_carea' id='block_1_44' title="bbox 227 2173 1017 2209">
    <p class='ocr_par' dir='ltr' id='par_1_44' title="bbox 227 2173 1017 2209">
     <span class='ocr_line' id='line_1_44' title="bbox 227 2173 1017 2209; baseline 0.001 -9"><span class='ocrx_word' id='word_1_319' title='bbox 227 2182 289 2209; x_wconf 67' lang='lat' dir='ltr'><strong>qua:</strong></span> <span class='ocrx_word' id='word_1_320' title='bbox 303 2181 384 2201; x_wconf 87' lang='lat' dir='ltr'><strong>causa</strong></span> <span class='ocrx_word' id='word_1_321' title='bbox 402 2174 469 2207; x_wconf 85' lang='lat' dir='ltr'><strong>fuit,</strong></span> <span class='ocrx_word' id='word_1_322' title='bbox 485 2177 515 2200; x_wconf 93' lang='lat' dir='ltr'><strong>ut</strong></span> <span class='ocrx_word' id='word_1_323' title='bbox 529 2181 589 2200; x_wconf 93' lang='lat' dir='ltr'><strong>cum</strong></span> <span class='ocrx_word' id='word_1_324' title='bbox 605 2173 674 2200; x_wconf 80' lang='lat' dir='ltr'><strong>LXX</strong></span> <span class='ocrx_word' id='word_1_325' title='bbox 690 2174 851 2206; x_wconf 72' lang='lat' dir='ltr'><strong>deficerent,</strong></span> <span class='ocrx_word' id='word_1_326' title='bbox 867 2174 940 2208; x_wconf 89' lang='lat' dir='ltr'><strong>quod</strong></span> <span class='ocrx_word' id='word_1_327' title='bbox 963 2174 1017 2201; x_wconf 86' lang='lat' dir='ltr'><strong>fre-</strong></span> 
     </span>
    </p>
   </div>
   <div class='ocr_carea' id='block_1_45' title="bbox 228 2219 1017 2254">
    <p class='ocr_par' dir='ltr' id='par_1_45' title="bbox 228 2219 1017 2254">
     <span class='ocr_line' id='line_1_45' title="bbox 228 2219 1017 2254; baseline 0 -7"><span class='ocrx_word' id='word_1_328' title='bbox 228 2225 343 2254; x_wconf 87' lang='lat' dir='ltr'><strong>quenter</strong></span> <span class='ocrx_word' id='word_1_329' title='bbox 357 2220 472 2250; x_wconf 86' lang='lat' dir='ltr'><strong>accidit.</strong></span> <span class='ocrx_word' id='word_1_330' title='bbox 490 2220 641 2254; x_wconf 72' lang='lat' dir='ltr'><strong>praesertim</strong></span> <span class='ocrx_word' id='word_1_331' title='bbox 667 2220 693 2247; x_wconf 90' lang='lat' dir='ltr'><strong>in</strong></span> <span class='ocrx_word' id='word_1_332' title='bbox 721 2220 798 2247; x_wconf 86' lang='lat' dir='ltr'><strong>libris</strong></span> <span class='ocrx_word' id='word_1_333' title='bbox 818 2219 918 2253; x_wconf 83' lang='lat' dir='ltr'><strong>Josue,</strong></span> <span class='ocrx_word' id='word_1_334' title='bbox 941 2220 1017 2247; x_wconf 82' lang='lat' dir='ltr'><strong>Judi-</strong></span> 
     </span>
    </p>
   </div>
   <div class='ocr_carea' id='block_1_46' title="bbox 1059 291 1299 326">
    <p class='ocr_par' dir='ltr' id='par_1_46' title="bbox 1059 291 1299 326">
     <span class='ocr_line' id='line_1_46' title="bbox 1059 291 1299 326; baseline -0.008 -6"><span class='ocrx_word' id='word_1_335' title='bbox 1059 292 1122 325; x_wconf 84' lang='lat' dir='ltr'><strong>cbo,</strong></span> <span class='ocrx_word' id='word_1_336' title='bbox 1136 291 1299 326; x_wconf 85' lang='lat' dir='ltr'><strong>desumpsit.</strong></span> 
     </span>
    </p>
   </div>
   <div class='ocr_carea' id='block_1_47' title="bbox 1095 334 1851 371">
    <p class='ocr_par' dir='ltr' id='par_1_47' title="bbox 1095 334 1851 371">
     <span class='ocr_line' id='line_1_47' title="bbox 1095 334 1851 371; baseline -0.004 -7"><span class='ocrx_word' id='word_1_337' title='bbox 1095 338 1169 366; x_wconf 90' lang='lat' dir='ltr'><strong>Licet</strong></span> <span class='ocrx_word' id='word_1_338' title='bbox 1183 342 1273 365; x_wconf 86' lang='lat' dir='ltr'><strong>autem</strong></span> <span class='ocrx_word' id='word_1_339' title='bbox 1288 336 1437 364; x_wconf 88' lang='lat' dir='ltr'><strong>Theodotio</strong></span> <span class='ocrx_word' id='word_1_340' title='bbox 1453 335 1524 363; x_wconf 79' lang='lat' dir='ltr'><strong>LXX</strong></span> <span class='ocrx_word' id='word_1_341' title='bbox 1538 335 1718 371; x_wconf 87' lang='lat' dir='ltr'><strong>lntcrpretum</strong></span> <span class='ocrx_word' id='word_1_342' title='bbox 1735 334 1851 369; x_wconf 82' lang='lat' dir='ltr'><strong>vestigio</strong></span> 
     </span>
    </p>
   </div>
   <div class='ocr_carea' id='block_1_48' title="bbox 1060 381 1853 418">
    <p class='ocr_par' dir='ltr' id='par_1_48' title="bbox 1060 381 1853 418">
     <span class='ocr_line' id='line_1_48' title="bbox 1060 381 1853 418; baseline -0.005 -7"><span class='ocrx_word' id='word_1_343' title='bbox 1060 384 1116 411; x_wconf 81' lang='lat' dir='ltr'><strong>fere</strong></span> <span class='ocrx_word' id='word_1_344' title='bbox 1136 392 1242 418; x_wconf 89' lang='lat' dir='ltr'><strong>semper</strong></span> <span class='ocrx_word' id='word_1_345' title='bbox 1262 384 1370 414; x_wconf 65' lang='lat' dir='ltr'><strong>haereat,</strong></span> <span class='ocrx_word' id='word_1_346' title='bbox 1390 390 1445 409; x_wconf 94' lang='lat' dir='ltr'><strong>non</strong></span> <span class='ocrx_word' id='word_1_347' title='bbox 1471 390 1563 417; x_wconf 85' lang='lat' dir='ltr'><strong>parem</strong></span> <span class='ocrx_word' id='word_1_348' title='bbox 1587 388 1676 408; x_wconf 86' lang='lat' dir='ltr'><strong>tamen</strong></span> <span class='ocrx_word' id='word_1_349' title='bbox 1702 381 1802 415; x_wconf 69' lang='lat' dir='ltr'><strong>ubique</strong></span> <span class='ocrx_word' id='word_1_350' title='bbox 1823 385 1853 408; x_wconf 88' lang='lat' dir='ltr'><strong>et</strong></span> 
     </span>
    </p>
   </div>
   <div class='ocr_carea' id='block_1_49' title="bbox 1060 426 1849 463">
    <p class='ocr_par' dir='ltr' id='par_1_49' title="bbox 1060 426 1849 463">
     <span class='ocr_line' id='line_1_49' title="bbox 1060 426 1849 463; baseline -0.005 -7"><span class='ocrx_word' id='word_1_351' title='bbox 1060 429 1087 456; x_wconf 94' lang='lat' dir='ltr'><strong>in</strong></span> <span class='ocrx_word' id='word_1_352' title='bbox 1105 429 1232 456; x_wconf 87' lang='lat' dir='ltr'><strong>omnibus</strong></span> <span class='ocrx_word' id='word_1_353' title='bbox 1246 428 1394 463; x_wconf 77' lang='lat' dir='ltr'><strong>Scriptura:</strong></span> <span class='ocrx_word' id='word_1_354' title='bbox 1410 428 1488 454; x_wconf 91' lang='lat' dir='ltr'><strong>libris</strong></span> <span class='ocrx_word' id='word_1_355' title='bbox 1503 426 1699 461; x_wconf 87' lang='lat' dir='ltr'><strong>interpretandi</strong></span> <span class='ocrx_word' id='word_1_356' title='bbox 1716 426 1849 453; x_wconf 87' lang='lat' dir='ltr'><strong>rationem</strong></span> 
     </span>
    </p>
   </div>
   <div class='ocr_carea' id='block_1_50' title="bbox 1061 472 1850 508">
    <p class='ocr_par' dir='ltr' id='par_1_50' title="bbox 1061 472 1850 508">
     <span class='ocr_line' id='line_1_50' title="bbox 1061 472 1850 508; baseline -0.004 -7"><span class='ocrx_word' id='word_1_357' title='bbox 1061 478 1182 502; x_wconf 86' lang='lat' dir='ltr'><strong>sectatus</strong></span> <span class='ocrx_word' id='word_1_358' title='bbox 1200 478 1242 501; x_wconf 87' lang='lat' dir='ltr'><strong>est</strong></span> <span class='ocrx_word' id='word_1_359' title='bbox 1259 483 1265 500; x_wconf 90' lang='lat'>:</span> <span class='ocrx_word' id='word_1_360' title='bbox 1285 473 1390 508; x_wconf 67' lang='lat' dir='ltr'><strong>Aquila?</strong></span> <span class='ocrx_word' id='word_1_361' title='bbox 1404 474 1475 500; x_wconf 90' lang='lat' dir='ltr'><strong>enim</strong></span> <span class='ocrx_word' id='word_1_362' title='bbox 1498 480 1553 499; x_wconf 92' lang='lat' dir='ltr'><strong>non</strong></span> <span class='ocrx_word' id='word_1_363' title='bbox 1568 480 1630 499; x_wconf 89' lang='lat' dir='ltr'><strong>raro</strong></span> <span class='ocrx_word' id='word_1_364' title='bbox 1645 472 1850 507; x_wconf 78' lang='lat' dir='ltr'><strong>interpretatio—</strong></span> 
     </span>
    </p>
   </div>
   <div class='ocr_carea' id='block_1_51' title="bbox 1062 517 1850 554">
    <p class='ocr_par' dir='ltr' id='par_1_51' title="bbox 1062 517 1850 554">
     <span class='ocr_line' id='line_1_51' title="bbox 1062 517 1850 554; baseline -0.004 -8"><span class='ocrx_word' id='word_1_365' title='bbox 1062 527 1124 546; x_wconf 93' lang='lat' dir='ltr'><strong>nem</strong></span> <span class='ocrx_word' id='word_1_366' title='bbox 1141 520 1268 554; x_wconf 85' lang='lat' dir='ltr'><strong>adoptat,</strong></span> <span class='ocrx_word' id='word_1_367' title='bbox 1286 523 1317 546; x_wconf 91' lang='lat' dir='ltr'><strong>ut</strong></span> <span class='ocrx_word' id='word_1_368' title='bbox 1341 519 1368 546; x_wconf 92' lang='lat' dir='ltr'><strong>in</strong></span> <span class='ocrx_word' id='word_1_369' title='bbox 1384 519 1500 546; x_wconf 87' lang='lat' dir='ltr'><strong>decursu</strong></span> <span class='ocrx_word' id='word_1_370' title='bbox 1524 518 1605 552; x_wconf 89' lang='lat' dir='ltr'><strong>hujus</strong></span> <span class='ocrx_word' id='word_1_371' title='bbox 1623 518 1714 550; x_wconf 86' lang='lat' dir='ltr'><strong>operis</strong></span> <span class='ocrx_word' id='word_1_372' title='bbox 1734 517 1850 550; x_wconf 82' lang='lat' dir='ltr'><strong>videbis,</strong></span> 
     </span>
    </p>
   </div>
   <div class='ocr_carea' id='block_1_52' title="bbox 1062 562 1850 600">
    <p class='ocr_par' dir='ltr' id='par_1_52' title="bbox 1062 562 1850 600">
     <span class='ocr_line' id='line_1_52' title="bbox 1062 562 1850 600; baseline -0.005 -8"><span class='ocrx_word' id='word_1_373' title='bbox 1062 565 1171 600; x_wconf 91' lang='lat' dir='ltr'><strong>quando</strong></span> <span class='ocrx_word' id='word_1_374' title='bbox 1198 570 1309 592; x_wconf 87' lang='lat' dir='ltr'><strong>notatur</strong></span> <span class='ocrx_word' id='word_1_375' title='bbox 1325 565 1370 597; x_wconf 82' lang='lat' dir='ltr'><strong>A.,</strong></span> <span class='ocrx_word' id='word_1_376' title='bbox 1383 564 1426 596; x_wconf 83' lang='lat'><strong>8.,</strong></span> <span class='ocrx_word' id='word_1_377' title='bbox 1450 569 1532 598; x_wconf 86' lang='lat' dir='ltr'><strong>atque</strong></span> <span class='ocrx_word' id='word_1_378' title='bbox 1549 563 1630 590; x_wconf 88' lang='lat' dir='ltr'><strong>etiam</strong></span> <span class='ocrx_word' id='word_1_379' title='bbox 1647 563 1693 589; x_wconf 90' lang='lat' dir='ltr'><strong>ubi</strong></span> <span class='ocrx_word' id='word_1_380' title='bbox 1709 563 1753 594; x_wconf 80' lang='lat' dir='ltr'><strong>A.,</strong></span> <span class='ocrx_word' id='word_1_381' title='bbox 1766 563 1808 594; x_wconf 86' lang='grc' dir='ltr'><strong>Σ,,</strong></span> <span class='ocrx_word' id='word_1_382' title='bbox 1819 562 1850 588; x_wconf 89' lang='grc' dir='ltr'>Θ.</span> 
     </span>
    </p>
   </div>
   <div class='ocr_carea' id='block_1_53' title="bbox 1063 610 1851 647">
    <p class='ocr_par' dir='ltr' id='par_1_53' title="bbox 1063 610 1851 647">
     <span class='ocr_line' id='line_1_53' title="bbox 1063 610 1851 647; baseline -0.005 -8"><span class='ocrx_word' id='word_1_383' title='bbox 1063 613 1119 640; x_wconf 85' lang='lat' dir='ltr'><strong>Etsi</strong></span> <span class='ocrx_word' id='word_1_384' title='bbox 1136 612 1208 640; x_wconf 90' lang='lat' dir='ltr'><strong>enim</strong></span> <span class='ocrx_word' id='word_1_385' title='bbox 1223 611 1374 640; x_wconf 87' lang='lat' dir='ltr'><strong>Theodotio</strong></span> <span class='ocrx_word' id='word_1_386' title='bbox 1388 611 1584 647; x_wconf 76' lang='lat' dir='ltr'><strong>Symmachum</strong></span> <span class='ocrx_word' id='word_1_387' title='bbox 1604 614 1684 637; x_wconf 57' lang='lat' dir='ltr'><strong>aetate</strong></span> <span class='ocrx_word' id='word_1_388' title='bbox 1707 610 1851 644; x_wconf 61' lang='lat' dir='ltr'><strong>praecedat,</strong></span> 
     </span>
    </p>
   </div>
   <div class='ocr_carea' id='block_1_54' title="bbox 1062 656 1851 693">
    <p class='ocr_par' dir='ltr' id='par_1_54' title="bbox 1062 656 1851 693">
     <span class='ocr_line' id='line_1_54' title="bbox 1062 656 1851 693; baseline -0.005 -8"><span class='ocrx_word' id='word_1_389' title='bbox 1062 658 1197 693; x_wconf 84' lang='lat' dir='ltr'><strong>posterior</strong></span> <span class='ocrx_word' id='word_1_390' title='bbox 1214 662 1304 684; x_wconf 90' lang='lat' dir='ltr'><strong>tamen</strong></span> <span class='ocrx_word' id='word_1_391' title='bbox 1329 658 1365 684; x_wconf 91' lang='lat' dir='ltr'><strong>ob</strong></span> <span class='ocrx_word' id='word_1_392' title='bbox 1380 664 1492 684; x_wconf 83' lang='lat' dir='ltr'><strong>causam</strong></span> <span class='ocrx_word' id='word_1_393' title='bbox 1512 656 1591 683; x_wconf 90' lang='lat' dir='ltr'><strong>initio</strong></span> <span class='ocrx_word' id='word_1_394' title='bbox 1611 660 1791 682; x_wconf 85' lang='lat' dir='ltr'><strong>memoratam</strong></span> <span class='ocrx_word' id='word_1_395' title='bbox 1809 656 1851 681; x_wconf 88' lang='lat' dir='ltr'><strong>lo-</strong></span> 
     </span>
    </p>
   </div>
   <div class='ocr_carea' id='block_1_55' title="bbox 1063 701 1853 738">
    <p class='ocr_par' dir='ltr' id='par_1_55' title="bbox 1063 701 1853 738">
     <span class='ocr_line' id='line_1_55' title="bbox 1063 701 1853 738; baseline -0.005 -7"><span class='ocrx_word' id='word_1_396' title='bbox 1063 709 1151 731; x_wconf 90' lang='lat' dir='ltr'><strong>catur.</strong></span> <span class='ocrx_word' id='word_1_397' title='bbox 1175 703 1268 738; x_wconf 89' lang='lat' dir='ltr'><strong>ltaque</strong></span> <span class='ocrx_word' id='word_1_398' title='bbox 1287 703 1335 730; x_wconf 89' lang='lat' dir='ltr'><strong>ubi</strong></span> <span class='ocrx_word' id='word_1_399' title='bbox 1362 703 1407 735; x_wconf 83' lang='lat' dir='ltr'><strong>A.,</strong></span> <span class='ocrx_word' id='word_1_400' title='bbox 1425 703 1467 733; x_wconf 87' lang='grc' dir='ltr'><strong>Σ.,</strong></span> <span class='ocrx_word' id='word_1_401' title='bbox 1486 701 1529 734; x_wconf 88' lang='grc' dir='ltr'><strong>Θ.,</strong></span> <span class='ocrx_word' id='word_1_402' title='bbox 1545 701 1731 735; x_wconf 69' lang='lat' dir='ltr'><strong>praemittitur,</strong></span> <span class='ocrx_word' id='word_1_403' title='bbox 1752 701 1853 727; x_wconf 86' lang='lat' dir='ltr'><strong>intelli-</strong></span> 
     </span>
    </p>
   </div>
   <div class='ocr_carea' id='block_1_56' title="bbox 1063 746 1854 786">
    <p class='ocr_par' dir='ltr' id='par_1_56' title="bbox 1063 746 1854 786">
     <span class='ocr_line' id='line_1_56' title="bbox 1063 746 1854 786; baseline -0.006 -8"><span class='ocrx_word' id='word_1_404' title='bbox 1063 759 1112 786; x_wconf 84' lang='lat' dir='ltr'><strong>gas</strong></span> <span class='ocrx_word' id='word_1_405' title='bbox 1128 754 1237 785; x_wconf 78' lang='lat' dir='ltr'><strong>oportet</strong></span> <span class='ocrx_word' id='word_1_406' title='bbox 1254 748 1463 785; x_wconf 84' lang='lat' dir='ltr'><strong>Symmachum,</strong></span> <span class='ocrx_word' id='word_1_407' title='bbox 1480 748 1526 775; x_wconf 89' lang='lat' dir='ltr'><strong>ubi</strong></span> <span class='ocrx_word' id='word_1_408' title='bbox 1541 747 1667 782; x_wconf 87' lang='lat' dir='ltr'><strong>Aquilam</strong></span> <span class='ocrx_word' id='word_1_409' title='bbox 1692 752 1718 774; x_wconf 84' lang='lat' dir='ltr'><strong>et</strong></span> <span class='ocrx_word' id='word_1_410' title='bbox 1731 746 1854 774; x_wconf 85' lang='lat' dir='ltr'><strong>Theodo-</strong></span> 
     </span>
    </p>
   </div>
   <div class='ocr_carea' id='block_1_57' title="bbox 1064 793 1854 826">
    <p class='ocr_par' dir='ltr' id='par_1_57' title="bbox 1064 793 1854 826">
     <span class='ocr_line' id='line_1_57' title="bbox 1064 793 1854 826; baseline -0.005 -2"><span class='ocrx_word' id='word_1_411' title='bbox 1064 798 1165 824; x_wconf 91' lang='lat' dir='ltr'><strong>tionem</strong></span> <span class='ocrx_word' id='word_1_412' title='bbox 1183 797 1210 823; x_wconf 84' lang='lat' dir='ltr'><strong>in</strong></span> <span class='ocrx_word' id='word_1_413' title='bbox 1223 796 1353 824; x_wconf 84' lang='lat' dir='ltr'><strong>vertendo</strong></span> <span class='ocrx_word' id='word_1_414' title='bbox 1369 795 1515 823; x_wconf 87' lang='lat' dir='ltr'><strong>convenire</strong></span> <span class='ocrx_word' id='word_1_415' title='bbox 1530 793 1608 826; x_wconf 89' lang='lat' dir='ltr'><strong>vidit,</strong></span> <span class='ocrx_word' id='word_1_416' title='bbox 1624 794 1735 822; x_wconf 87' lang='lat' dir='ltr'><strong>eosdem</strong></span> <span class='ocrx_word' id='word_1_417' title='bbox 1751 794 1779 820; x_wconf 93' lang='lat' dir='ltr'><strong>in</strong></span> <span class='ocrx_word' id='word_1_418' title='bbox 1796 793 1854 820; x_wconf 87' lang='lat' dir='ltr'><strong>edi-</strong></span> 
     </span>
    </p>
   </div>
   <div class='ocr_carea' id='block_1_58' title="bbox 1065 843 1515 877">
    <p class='ocr_par' dir='ltr' id='par_1_58' title="bbox 1065 843 1515 877">
     <span class='ocr_line' id='line_1_58' title="bbox 1065 843 1515 877; baseline -0.007 -7"><span class='ocrx_word' id='word_1_419' title='bbox 1065 843 1138 870; x_wconf 88' lang='lat' dir='ltr'><strong>tione</strong></span> <span class='ocrx_word' id='word_1_420' title='bbox 1154 851 1204 870; x_wconf 87' lang='lat' dir='ltr'><strong>sua</strong></span> <span class='ocrx_word' id='word_1_421' title='bbox 1219 850 1289 877; x_wconf 64' lang='lat' dir='ltr'><strong>SEEPC</strong></span> <span class='ocrx_word' id='word_1_422' title='bbox 1304 846 1427 870; x_wconf 88' lang='lat' dir='ltr'><strong>secutum</strong></span> <span class='ocrx_word' id='word_1_423' title='bbox 1444 848 1515 868; x_wconf 90' lang='lat' dir='ltr'><strong>esse.</strong></span> 
     </span>
    </p>
   </div>
   <div class='ocr_carea' id='block_1_59' title="bbox 1118 885 1800 921">
    <p class='ocr_par' dir='ltr' id='par_1_59' title="bbox 1118 885 1800 921">
     <span class='ocr_line' id='line_1_59' title="bbox 1118 885 1800 921; baseline -0.006 -6"><span class='ocrx_word' id='word_1_424' title='bbox 1118 888 1162 915; x_wconf 97' lang='lat' dir='ltr'><strong>lll.</strong></span> <span class='ocrx_word' id='word_1_425' title='bbox 1187 888 1296 915; x_wconf 77' lang='lat' dir='ltr'><strong>theris</strong></span> <span class='ocrx_word' id='word_1_426' title='bbox 1317 887 1505 921; x_wconf 80' lang='lat' dir='ltr'><strong>interpretibus</strong></span> <span class='ocrx_word' id='word_1_427' title='bbox 1530 885 1662 912; x_wconf 83' lang='lat' dir='ltr'><strong>indoctior</strong></span> <span class='ocrx_word' id='word_1_428' title='bbox 1678 885 1800 912; x_wconf 84' lang='lat' dir='ltr'><strong>habetur.</strong></span> 
     </span>
    </p>
   </div>
   <div class='ocr_carea' id='block_1_60' title="bbox 1031 922 1854 969">
    <p class='ocr_par' dir='ltr' id='par_1_60' title="bbox 1031 922 1854 969">
     <span class='ocr_line' id='line_1_60' title="bbox 1031 922 1854 969; baseline -0.009 -6"><span class='ocrx_word' id='word_1_429' title='bbox 1031 922 1052 949; x_wconf 74' lang='grc' dir='ltr'><strong>Β</strong></span> <span class='ocrx_word' id='word_1_430' title='bbox 1099 934 1158 962; x_wconf 87' lang='lat' dir='ltr'><strong>Non</strong></span> <span class='ocrx_word' id='word_1_431' title='bbox 1187 935 1374 969; x_wconf 84' lang='lat' dir='ltr'><strong>infrequenter</strong></span> <span class='ocrx_word' id='word_1_432' title='bbox 1399 934 1481 961; x_wconf 87' lang='lat' dir='ltr'><strong>etiam</strong></span> <span class='ocrx_word' id='word_1_433' title='bbox 1505 932 1659 959; x_wconf 86' lang='lat' dir='ltr'><strong>Theodotio</strong></span> <span class='ocrx_word' id='word_1_434' title='bbox 1687 931 1854 965; x_wconf 85' lang='lat' dir='ltr'><strong>peculiarem</strong></span> 
     </span>
    </p>
   </div>
   <div class='ocr_carea' id='block_1_61' title="bbox 1065 977 1853 1015">
    <p class='ocr_par' dir='ltr' id='par_1_61' title="bbox 1065 977 1853 1015">
     <span class='ocr_line' id='line_1_61' title="bbox 1065 977 1853 1015; baseline -0.009 -7"><span class='ocrx_word' id='word_1_435' title='bbox 1065 981 1128 1013; x_wconf 88' lang='lat' dir='ltr'><strong>sibi,</strong></span> <span class='ocrx_word' id='word_1_436' title='bbox 1142 981 1175 1008; x_wconf 91' lang='lat' dir='ltr'><strong>ab</strong></span> <span class='ocrx_word' id='word_1_437' title='bbox 1187 981 1303 1015; x_wconf 84' lang='lat' dir='ltr'><strong>aliisque</strong></span> <span class='ocrx_word' id='word_1_438' title='bbox 1315 981 1442 1007; x_wconf 88' lang='lat' dir='ltr'><strong>omnibus</strong></span> <span class='ocrx_word' id='word_1_439' title='bbox 1453 980 1588 1007; x_wconf 84' lang='lat' dir='ltr'><strong>diversam</strong></span> <span class='ocrx_word' id='word_1_440' title='bbox 1601 977 1853 1012; x_wconf 83' lang='lat' dir='ltr'><strong>interpretationem</strong></span> 
     </span>
    </p>
   </div>
   <div class='ocr_carea' id='block_1_62' title="bbox 1065 1023 1854 1061">
    <p class='ocr_par' dir='ltr' id='par_1_62' title="bbox 1065 1023 1854 1061">
     <span class='ocr_line' id='line_1_62' title="bbox 1065 1023 1854 1061; baseline -0.008 -7"><span class='ocrx_word' id='word_1_441' title='bbox 1065 1028 1199 1054; x_wconf 87' lang='lat' dir='ltr'><strong>adornat:</strong></span> <span class='ocrx_word' id='word_1_442' title='bbox 1214 1028 1241 1053; x_wconf 91' lang='lat' dir='ltr'><strong>in</strong></span> <span class='ocrx_word' id='word_1_443' title='bbox 1260 1027 1347 1061; x_wconf 85' lang='lat' dir='ltr'><strong>iisque</strong></span> <span class='ocrx_word' id='word_1_444' title='bbox 1362 1027 1429 1053; x_wconf 83' lang='lat' dir='ltr'><strong>locis</strong></span> <span class='ocrx_word' id='word_1_445' title='bbox 1445 1027 1523 1060; x_wconf 76' lang='lat' dir='ltr'><strong>longe</strong></span> <span class='ocrx_word' id='word_1_446' title='bbox 1539 1025 1645 1052; x_wconf 85' lang='lat' dir='ltr'><strong>minore</strong></span> <span class='ocrx_word' id='word_1_447' title='bbox 1660 1031 1741 1059; x_wconf 87' lang='lat' dir='ltr'><strong>quam</strong></span> <span class='ocrx_word' id='word_1_448' title='bbox 1758 1023 1854 1057; x_wconf 86' lang='lat' dir='ltr'><strong>Aquila</strong></span> 
     </span>
    </p>
   </div>
   <div class='ocr_carea' id='block_1_63' title="bbox 1065 1070 1857 1109">
    <p class='ocr_par' dir='ltr' id='par_1_63' title="bbox 1065 1070 1857 1109">
     <span class='ocr_line' id='line_1_63' title="bbox 1065 1070 1857 1109; baseline -0.009 -8"><span class='ocrx_word' id='word_1_449' title='bbox 1065 1075 1107 1101; x_wconf 86' lang='lat' dir='ltr'><strong>vel</strong></span> <span class='ocrx_word' id='word_1_450' title='bbox 1120 1073 1312 1109; x_wconf 86' lang='lat' dir='ltr'><strong>Symmachus,</strong></span> <span class='ocrx_word' id='word_1_451' title='bbox 1326 1073 1465 1100; x_wconf 67' lang='lat' dir='ltr'><strong>llebraicm</strong></span> <span class='ocrx_word' id='word_1_452' title='bbox 1480 1073 1579 1106; x_wconf 55' lang='lat' dir='ltr'><strong>lingua</strong></span> <span class='ocrx_word' id='word_1_453' title='bbox 1594 1070 1690 1105; x_wconf 82' lang='lat' dir='ltr'><strong>peritia</strong></span> <span class='ocrx_word' id='word_1_454' title='bbox 1706 1070 1857 1096; x_wconf 86' lang='lat' dir='ltr'><strong>instructus</strong></span> 
     </span>
    </p>
   </div>
   <div class='ocr_carea' id='block_1_64' title="bbox 1065 1115 1854 1155">
    <p class='ocr_par' dir='ltr' id='par_1_64' title="bbox 1065 1115 1854 1155">
     <span class='ocr_line' id='line_1_64' title="bbox 1065 1115 1854 1155; baseline -0.009 -8"><span class='ocrx_word' id='word_1_455' title='bbox 1065 1120 1286 1155; x_wconf 86' lang='lat' dir='ltr'><strong>deprehenditur.</strong></span> <span class='ocrx_word' id='word_1_456' title='bbox 1304 1119 1371 1146; x_wconf 78' lang='lat' dir='ltr'><strong>Nam</strong></span> <span class='ocrx_word' id='word_1_457' title='bbox 1388 1123 1483 1154; x_wconf 58' lang='lat' dir='ltr'><strong>praeter</strong></span> <span class='ocrx_word' id='word_1_458' title='bbox 1505 1118 1558 1144; x_wconf 87' lang='lat' dir='ltr'><strong>alia</strong></span> <span class='ocrx_word' id='word_1_459' title='bbox 1576 1118 1667 1144; x_wconf 91' lang='lat' dir='ltr'><strong>minus</strong></span> <span class='ocrx_word' id='word_1_460' title='bbox 1681 1115 1754 1142; x_wconf 90' lang='lat' dir='ltr'><strong>docti</strong></span> <span class='ocrx_word' id='word_1_461' title='bbox 1770 1115 1854 1141; x_wconf 89' lang='lat' dir='ltr'><strong>inter-</strong></span> 
     </span>
    </p>
   </div>
   <div class='ocr_carea' id='block_1_65' title="bbox 1066 1160 1855 1201">
    <p class='ocr_par' dir='ltr' id='par_1_65' title="bbox 1066 1160 1855 1201">
     <span class='ocr_line' id='line_1_65' title="bbox 1066 1160 1855 1201; baseline -0.009 -8"><span class='ocrx_word' id='word_1_462' title='bbox 1066 1166 1151 1201; x_wconf 75' lang='lat' dir='ltr'><strong>pretis</strong></span> <span class='ocrx_word' id='word_1_463' title='bbox 1170 1166 1258 1201; x_wconf 78' lang='lat' dir='ltr'><strong>signa,</strong></span> <span class='ocrx_word' id='word_1_464' title='bbox 1274 1174 1335 1200; x_wconf 68' lang='lat' dir='ltr'><strong>qum</strong></span> <span class='ocrx_word' id='word_1_465' title='bbox 1348 1165 1455 1192; x_wconf 87' lang='lat' dir='ltr'><strong>erudito</strong></span> <span class='ocrx_word' id='word_1_466' title='bbox 1472 1164 1566 1191; x_wconf 81' lang='lat' dir='ltr'><strong>lectori</strong></span> <span class='ocrx_word' id='word_1_467' title='bbox 1581 1162 1745 1198; x_wconf 83' lang='lat' dir='ltr'><strong>exploranda</strong></span> <span class='ocrx_word' id='word_1_468' title='bbox 1760 1169 1781 1187; x_wconf 65' lang='lat' dir='ltr'><strong>rv</strong></span> <span class='ocrx_word' id='word_1_469' title='bbox 1791 1160 1855 1187; x_wconf 89' lang='lat' dir='ltr'><strong>mit-</strong></span> 
     </span>
    </p>
   </div>
   <div class='ocr_carea' id='block_1_66' title="bbox 1067 1207 1858 1246">
    <p class='ocr_par' dir='ltr' id='par_1_66' title="bbox 1067 1207 1858 1246">
     <span class='ocr_line' id='line_1_66' title="bbox 1067 1207 1858 1246; baseline -0.009 -7"><span class='ocrx_word' id='word_1_470' title='bbox 1067 1213 1161 1243; x_wconf 85' lang='lat' dir='ltr'><strong>timus,</strong></span> <span class='ocrx_word' id='word_1_471' title='bbox 1181 1219 1302 1246; x_wconf 55' lang='lat' dir='ltr'><strong>persaepe</strong></span> <span class='ocrx_word' id='word_1_472' title='bbox 1318 1212 1362 1238; x_wconf 85' lang='lat' dir='ltr'><strong>ille</strong></span> <span class='ocrx_word' id='word_1_473' title='bbox 1375 1211 1458 1238; x_wconf 78' lang='lat' dir='ltr'><strong>verba</strong></span> <span class='ocrx_word' id='word_1_474' title='bbox 1474 1209 1618 1241; x_wconf 88' lang='lat' dir='ltr'><strong>llehraiea,</strong></span> <span class='ocrx_word' id='word_1_475' title='bbox 1635 1215 1752 1243; x_wconf 89' lang='lat' dir='ltr'><strong>quorum</strong></span> <span class='ocrx_word' id='word_1_476' title='bbox 1773 1207 1858 1232; x_wconf 89' lang='lat' dir='ltr'><strong>inter-</strong></span> 
     </span>
    </p>
   </div>
   <div class='ocr_carea' id='block_1_67' title="bbox 1065 1252 1858 1293">
    <p class='ocr_par' dir='ltr' id='par_1_67' title="bbox 1065 1252 1858 1293">
     <span class='ocr_line' id='line_1_67' title="bbox 1065 1252 1858 1293; baseline -0.009 -8"><span class='ocrx_word' id='word_1_477' title='bbox 1065 1259 1182 1293; x_wconf 83' lang='lat' dir='ltr'><strong>pretatio</strong></span> <span class='ocrx_word' id='word_1_478' title='bbox 1205 1265 1259 1284; x_wconf 92' lang='lat' dir='ltr'><strong>non</strong></span> <span class='ocrx_word' id='word_1_479' title='bbox 1287 1258 1323 1284; x_wconf 90' lang='lat' dir='ltr'><strong>ita</strong></span> <span class='ocrx_word' id='word_1_480' title='bbox 1341 1257 1456 1284; x_wconf 83' lang='lat' dir='ltr'><strong>difﬁcilis</strong></span> <span class='ocrx_word' id='word_1_481' title='bbox 1479 1261 1548 1288; x_wconf 87' lang='lat' dir='ltr'><strong>erat,</strong></span> <span class='ocrx_word' id='word_1_482' title='bbox 1572 1259 1602 1282; x_wconf 90' lang='lat' dir='ltr'><strong>ut</strong></span> <span class='ocrx_word' id='word_1_483' title='bbox 1624 1253 1744 1281; x_wconf 87' lang='lat' dir='ltr'><strong>vertendi</strong></span> <span class='ocrx_word' id='word_1_484' title='bbox 1771 1252 1858 1279; x_wconf 86' lang='lat' dir='ltr'><strong>mole-</strong></span> 
     </span>
    </p>
   </div>
   <div class='ocr_carea' id='block_1_68' title="bbox 1067 1298 1857 1335">
    <p class='ocr_par' dir='ltr' id='par_1_68' title="bbox 1067 1298 1857 1335">
     <span class='ocr_line' id='line_1_68' title="bbox 1067 1298 1857 1335; baseline -0.008 -4"><span class='ocrx_word' id='word_1_485' title='bbox 1067 1305 1146 1332; x_wconf 86' lang='lat' dir='ltr'><strong>stiam</strong></span> <span class='ocrx_word' id='word_1_486' title='bbox 1164 1304 1321 1335; x_wconf 81' lang='lat' dir='ltr'><strong>declinaret,</strong></span> <span class='ocrx_word' id='word_1_487' title='bbox 1339 1303 1441 1330; x_wconf 74' lang='lat' dir='ltr'><strong>Gnecis</strong></span> <span class='ocrx_word' id='word_1_488' title='bbox 1462 1302 1560 1329; x_wconf 87' lang='lat' dir='ltr'><strong>litteris</strong></span> <span class='ocrx_word' id='word_1_489' title='bbox 1577 1300 1723 1335; x_wconf 78' lang='lat' dir='ltr'><strong>expressit,</strong></span> <span class='ocrx_word' id='word_1_490' title='bbox 1739 1298 1857 1332; x_wconf 87' lang='lat' dir='ltr'><strong>exempli</strong></span> 
     </span>
    </p>
   </div>
   <div class='ocr_carea' id='block_1_69' title="bbox 1067 1340 1857 1382">
    <p class='ocr_par' dir='ltr' id='par_1_69' title="bbox 1067 1340 1857 1382">
     <span class='ocr_line' id='line_1_69' title="bbox 1067 1340 1857 1382; baseline 0.004 -6"><span class='ocrx_word' id='word_1_491' title='bbox 1067 1358 1148 1377; x_wconf 80' lang='lat' dir='ltr'><strong>causa</strong></span> <span class='ocrx_word' id='word_1_492' title='bbox 1169 1350 1254 1377; x_wconf 88' lang='lat' dir='ltr'><strong>Levit.</strong></span> <span class='ocrx_word' id='word_1_493' title='bbox 1274 1357 1322 1381; x_wconf 85' lang='lat' dir='ltr'><strong>vn,</strong></span> <span class='ocrx_word' id='word_1_494' title='bbox 1343 1349 1386 1382; x_wconf 84' lang='grc'><strong>18,</strong></span> <span class='ocrx_word' id='word_1_495' title='bbox 1409 1353 1469 1378; x_wconf 72' lang='lat' dir='ltr'><strong>mm</strong></span> <span class='ocrx_word' id='word_1_496' title='bbox 1485 1340 1556 1379; x_wconf 55' lang='lat'><strong>51:5.</strong></span> <span class='ocrx_word' id='word_1_497' title='bbox 1572 1347 1629 1382; x_wconf 86' lang='lat' dir='ltr'><strong>ipse</strong></span> <span class='ocrx_word' id='word_1_498' title='bbox 1654 1346 1734 1373; x_wconf 85' lang='lat' dir='ltr'><strong>vertit</strong></span> <span class='ocrx_word' id='word_1_499' title='bbox 1747 1343 1857 1379; x_wconf 82' lang='grc' dir='ltr'>φεγγὼλ</span> 
     </span>
    </p>
   </div>
   <div class='ocr_carea' id='block_1_70' title="bbox 1067 1390 1855 1429">
    <p class='ocr_par' dir='ltr' id='par_1_70' title="bbox 1067 1390 1855 1429">
     <span class='ocr_line' id='line_1_70' title="bbox 1067 1390 1855 1429; baseline -0.003 -7"><span class='ocrx_word' id='word_1_500' title='bbox 1067 1396 1154 1429; x_wconf 78' lang='grc' dir='ltr'><strong>ἔσται,</strong></span> <span class='ocrx_word' id='word_1_501' title='bbox 1179 1396 1231 1426; x_wconf 90' lang='lat' dir='ltr'><strong>vel,</strong></span> <span class='ocrx_word' id='word_1_502' title='bbox 1254 1402 1283 1422; x_wconf 94' lang='lat' dir='ltr'><strong>ut</strong></span> <span class='ocrx_word' id='word_1_503' title='bbox 1305 1395 1376 1422; x_wconf 86' lang='lat' dir='ltr'><strong>alius</strong></span> <span class='ocrx_word' id='word_1_504' title='bbox 1398 1394 1482 1422; x_wconf 82' lang='lat' dir='ltr'><strong>codex</strong></span> <span class='ocrx_word' id='word_1_505' title='bbox 1508 1394 1598 1425; x_wconf 88' lang='lat' dir='ltr'><strong>habet,</strong></span> <span class='ocrx_word' id='word_1_506' title='bbox 1625 1391 1744 1427; x_wconf 69' lang='grc' dir='ltr'><strong>φεγγοὺ).</strong></span> <span class='ocrx_word' id='word_1_507' title='bbox 1768 1390 1855 1420; x_wconf 76' lang='grc' dir='ltr'><strong>ἔσται,</strong></span> 
     </span>
    </p>
   </div>
   <div class='ocr_carea' id='block_1_71' title="bbox 1066 1429 1858 1477">
    <p class='ocr_par' dir='ltr' id='par_1_71' title="bbox 1066 1429 1858 1477">
     <span class='ocr_line' id='line_1_71' title="bbox 1066 1429 1858 1477; baseline -0.01 -9"><span class='ocrx_word' id='word_1_508' title='bbox 1066 1442 1182 1477; x_wconf 79' lang='lat' dir='ltr'><strong>pliengul</strong></span> <span class='ocrx_word' id='word_1_509' title='bbox 1200 1442 1265 1474; x_wconf 85' lang='lat' dir='ltr'><strong>erit,</strong></span> <span class='ocrx_word' id='word_1_510' title='bbox 1285 1441 1329 1468; x_wconf 88' lang='lat' dir='ltr'><strong>ubi</strong></span> <span class='ocrx_word' id='word_1_511' title='bbox 1344 1441 1439 1476; x_wconf 84' lang='lat' dir='ltr'><strong>Aquila</strong></span> <span class='ocrx_word' id='word_1_512' title='bbox 1464 1444 1490 1466; x_wconf 83' lang='lat' dir='ltr'><strong>et</strong></span> <span class='ocrx_word' id='word_1_513' title='bbox 1503 1438 1695 1474; x_wconf 85' lang='lat' dir='ltr'><strong>Symmachus,</strong></span> <span class='ocrx_word' id='word_1_514' title='bbox 1711 1429 1772 1467; x_wconf 54' lang='grc' dir='ltr'><strong>πει</strong></span> <span class='ocrx_word' id='word_1_515' title='bbox 1789 1435 1858 1462; x_wconf 81' lang='grc' dir='ltr'><strong>ἀπό-</strong></span> 
     </span>
    </p>
   </div>
   <div class='ocr_carea' id='block_1_72' title="bbox 1067 1483 1855 1523">
    <p class='ocr_par' dir='ltr' id='par_1_72' title="bbox 1067 1483 1855 1523">
     <span class='ocr_line' id='line_1_72' title="bbox 1067 1483 1855 1523; baseline -0.008 -9"><span class='ocrx_word' id='word_1_516' title='bbox 1067 1487 1163 1523; x_wconf 74' lang='grc' dir='ltr'>ϐλητον</span> <span class='ocrx_word' id='word_1_517' title='bbox 1192 1488 1389 1522; x_wconf 81' lang='lat' dir='ltr'><strong>abjicicndnm,</strong></span> <span class='ocrx_word' id='word_1_518' title='bbox 1416 1485 1509 1518; x_wconf 71' lang='lat' dir='ltr'><strong>LXX,</strong></span> <span class='ocrx_word' id='word_1_519' title='bbox 1537 1485 1664 1521; x_wconf 68' lang='grc' dir='ltr'><strong>μίασμα,</strong></span> <span class='ocrx_word' id='word_1_520' title='bbox 1694 1483 1855 1518; x_wconf 77' lang='lat' dir='ltr'><strong>inquinatio,</strong></span> 
     </span>
    </p>
   </div>
   <div class='ocr_carea' id='block_1_73' title="bbox 1070 1528 1857 1569">
    <p class='ocr_par' dir='ltr' id='par_1_73' title="bbox 1070 1528 1857 1569">
     <span class='ocr_line' id='line_1_73' title="bbox 1070 1528 1857 1569; baseline -0.008 -9"><span class='ocrx_word' id='word_1_521' title='bbox 1070 1532 1252 1569; x_wconf 84' lang='lat' dir='ltr'><strong>Symmachus</strong></span> <span class='ocrx_word' id='word_1_522' title='bbox 1274 1533 1338 1560; x_wconf 88' lang='lat' dir='ltr'><strong>alibi</strong></span> <span class='ocrx_word' id='word_1_523' title='bbox 1366 1531 1461 1567; x_wconf 80' lang='grc' dir='ltr'><strong>ἀργὸν,</strong></span> <span class='ocrx_word' id='word_1_524' title='bbox 1479 1531 1584 1562; x_wconf 82' lang='lat' dir='ltr'><strong>inutile,</strong></span> <span class='ocrx_word' id='word_1_525' title='bbox 1603 1530 1660 1563; x_wconf 88' lang='lat' dir='ltr'><strong>alii,</strong></span> <span class='ocrx_word' id='word_1_526' title='bbox 1680 1529 1801 1564; x_wconf 78' lang='lat' dir='ltr'><strong>fetidum,</strong></span> <span class='ocrx_word' id='word_1_527' title='bbox 1815 1528 1857 1554; x_wconf 86' lang='lat' dir='ltr'><strong>vel</strong></span> 
     </span>
    </p>
   </div>
   <div class='ocr_carea' id='block_1_74' title="bbox 1045 1572 1856 1613">
    <p class='ocr_par' dir='ltr' id='par_1_74' title="bbox 1045 1572 1856 1613">
     <span class='ocr_line' id='line_1_74' title="bbox 1045 1572 1856 1613; baseline -0.009 -8"><span class='ocrx_word' id='word_1_528' title='bbox 1045 1603 1051 1611; x_wconf 83' lang='grc'>,</span> <span class='ocrx_word' id='word_1_529' title='bbox 1069 1583 1223 1613; x_wconf 81' lang='lat' dir='ltr'><strong>corruptum</strong></span> <span class='ocrx_word' id='word_1_530' title='bbox 1235 1578 1278 1605; x_wconf 89' lang='lat' dir='ltr'><strong>vel</strong></span> <span class='ocrx_word' id='word_1_531' title='bbox 1293 1577 1466 1609; x_wconf 87' lang='lat' dir='ltr'><strong>abominatio,</strong></span> <span class='ocrx_word' id='word_1_532' title='bbox 1482 1576 1707 1610; x_wconf 84' lang='lat' dir='ltr'><strong>interpretantur.</strong></span> <span class='ocrx_word' id='word_1_533' title='bbox 1723 1573 1756 1600; x_wconf 84' lang='lat' dir='ltr'><strong>Et</strong></span> <span class='ocrx_word' id='word_1_534' title='bbox 1770 1572 1856 1599; x_wconf 88' lang='lat' dir='ltr'><strong>Levit.</strong></span> 
     </span>
    </p>
   </div>
   <div class='ocr_carea' id='block_1_75' title="bbox 1068 1619 1856 1659">
    <p class='ocr_par' dir='ltr' id='par_1_75' title="bbox 1068 1619 1856 1659">
     <span class='ocr_line' id='line_1_75' title="bbox 1068 1619 1856 1659; baseline -0.009 -7"><span class='ocrx_word' id='word_1_535' title='bbox 1068 1633 1128 1657; x_wconf 86' lang='lat' dir='ltr'><strong>xm,</strong></span> <span class='ocrx_word' id='word_1_536' title='bbox 1153 1624 1186 1659; x_wconf 86' lang='lat'><strong>6,</strong></span> <span class='ocrx_word' id='word_1_537' title='bbox 1208 1629 1317 1655; x_wconf 65' lang='lat' dir='ltr'><strong>rinam:</strong></span> <span class='ocrx_word' id='word_1_538' title='bbox 1338 1623 1500 1655; x_wconf 88' lang='lat' dir='ltr'><strong>Theodotio,</strong></span> <span class='ocrx_word' id='word_1_539' title='bbox 1527 1621 1654 1658; x_wconf 76' lang='grc' dir='ltr'><strong>μασφᾱια,</strong></span> <span class='ocrx_word' id='word_1_540' title='bbox 1679 1620 1725 1647; x_wconf 90' lang='lat' dir='ltr'><strong>ubi</strong></span> <span class='ocrx_word' id='word_1_541' title='bbox 1747 1619 1856 1654; x_wconf 84' lang='lat' dir='ltr'><strong>Aquila,</strong></span> 
     </span>
    </p>
   </div>
   <div class='ocr_carea' id='block_1_76' title="bbox 1068 1662 1859 1704">
    <p class='ocr_par' dir='ltr' id='par_1_76' title="bbox 1068 1662 1859 1704">
     <span class='ocr_line' id='line_1_76' title="bbox 1068 1662 1859 1704; baseline -0.009 -7"><span class='ocrx_word' id='word_1_542' title='bbox 1068 1670 1237 1704; x_wconf 77' lang='grc' dir='ltr'><strong>ἐξανὰδοσις,</strong></span> <span class='ocrx_word' id='word_1_543' title='bbox 1251 1670 1365 1704; x_wconf 86' lang='lat' dir='ltr'><strong>eruptio,</strong></span> <span class='ocrx_word' id='word_1_544' title='bbox 1381 1662 1577 1704; x_wconf 68' lang='lat' dir='ltr'><strong>Symmachus,</strong></span> <span class='ocrx_word' id='word_1_545' title='bbox 1588 1667 1746 1702; x_wconf 74' lang='grc' dir='ltr'><strong>ἐκδρασμα,</strong></span> <span class='ocrx_word' id='word_1_546' title='bbox 1763 1665 1859 1692; x_wconf 84' lang='lat' dir='ltr'><strong>ebulli-</strong></span> 
     </span>
    </p>
   </div>
   <div class='ocr_carea' id='block_1_77' title="bbox 1069 1710 1856 1750">
    <p class='ocr_par' dir='ltr' id='par_1_77' title="bbox 1069 1710 1856 1750">
     <span class='ocr_line' id='line_1_77' title="bbox 1069 1710 1856 1750; baseline -0.009 -7"><span class='ocrx_word' id='word_1_547' title='bbox 1069 1717 1117 1749; x_wconf 88' lang='lat' dir='ltr'><strong>tio,</strong></span> <span class='ocrx_word' id='word_1_548' title='bbox 1132 1717 1174 1743; x_wconf 83' lang='lat' dir='ltr'><strong>vel</strong></span> <span class='ocrx_word' id='word_1_549' title='bbox 1194 1716 1414 1750; x_wconf 83' lang='lat' dir='ltr'><strong>ejectamentum;</strong></span> <span class='ocrx_word' id='word_1_550' title='bbox 1432 1714 1495 1741; x_wconf 88' lang='lat' dir='ltr'><strong>alibi</strong></span> <span class='ocrx_word' id='word_1_551' title='bbox 1511 1721 1576 1740; x_wconf 88' lang='lat' dir='ltr'><strong>vero</strong></span> <span class='ocrx_word' id='word_1_552' title='bbox 1591 1713 1712 1747; x_wconf 80' lang='grc' dir='ltr'>ἑκφυμα,</span> <span class='ocrx_word' id='word_1_553' title='bbox 1728 1710 1856 1745; x_wconf 81' lang='lat' dir='ltr'><strong>pustula;</strong></span> 
     </span>
    </p>
   </div>
   <div class='ocr_carea' id='block_1_78' title="bbox 1072 1757 1858 1796">
    <p class='ocr_par' dir='ltr' id='par_1_78' title="bbox 1072 1757 1858 1796">
     <span class='ocr_line' id='line_1_78' title="bbox 1072 1757 1858 1796; baseline -0.009 -7"><span class='ocrx_word' id='word_1_554' title='bbox 1072 1762 1196 1796; x_wconf 77' lang='lat' dir='ltr'><strong>Vulgata,</strong></span> <span class='ocrx_word' id='word_1_555' title='bbox 1218 1762 1319 1788; x_wconf 77' lang='lat' dir='ltr'><strong>scabies</strong></span> <span class='ocrx_word' id='word_1_556' title='bbox 1334 1768 1342 1787; x_wconf 89' lang='lat'><em>:</em></span> <span class='ocrx_word' id='word_1_557' title='bbox 1355 1760 1475 1795; x_wconf 82' lang='lat' dir='ltr'><strong>ejusdem</strong></span> <span class='ocrx_word' id='word_1_558' title='bbox 1494 1759 1576 1786; x_wconf 88' lang='lat' dir='ltr'><strong>etiam</strong></span> <span class='ocrx_word' id='word_1_559' title='bbox 1595 1763 1661 1793; x_wconf 83' lang='lat' dir='ltr'><strong>puto</strong></span> <span class='ocrx_word' id='word_1_560' title='bbox 1681 1765 1741 1784; x_wconf 87' lang='lat' dir='ltr'><strong>esse</strong></span> <span class='ocrx_word' id='word_1_561' title='bbox 1761 1757 1858 1783; x_wconf 88' lang='lat' dir='ltr'><strong>codem</strong></span> 
     </span>
    </p>
   </div>
   <div class='ocr_carea' id='block_1_79' title="bbox 1069 1802 1858 1843">
    <p class='ocr_par' dir='ltr' id='par_1_79' title="bbox 1069 1802 1858 1843">
     <span class='ocr_line' id='line_1_79' title="bbox 1069 1802 1858 1843; baseline -0.008 -9"><span class='ocrx_word' id='word_1_562' title='bbox 1069 1808 1173 1843; x_wconf 88' lang='lat' dir='ltr'><strong>capite,</strong></span> <span class='ocrx_word' id='word_1_563' title='bbox 1190 1807 1239 1843; x_wconf 69' lang='grc' dir='ltr'><strong>σὴί)</strong></span> <span class='ocrx_word' id='word_1_564' title='bbox 1257 1807 1375 1842; x_wconf 84' lang='lat' dir='ltr'><strong>positum</strong></span> <span class='ocrx_word' id='word_1_565' title='bbox 1394 1814 1443 1841; x_wconf 85' lang='lat' dir='ltr'><strong>pro</strong></span> <span class='ocrx_word' id='word_1_566' title='bbox 1456 1811 1533 1835; x_wconf 67' lang='lat' dir='ltr'><strong>nxw,</strong></span> <span class='ocrx_word' id='word_1_567' title='bbox 1550 1805 1622 1839; x_wconf 89' lang='lat' dir='ltr'><strong>quod</strong></span> <span class='ocrx_word' id='word_1_568' title='bbox 1638 1808 1697 1835; x_wconf 88' lang='lat' dir='ltr'><strong>est,</strong></span> <span class='ocrx_word' id='word_1_569' title='bbox 1713 1808 1800 1829; x_wconf 81' lang='lat' dir='ltr'><strong>Iunior</strong></span> <span class='ocrx_word' id='word_1_570' title='bbox 1815 1802 1858 1829; x_wconf 87' lang='lat' dir='ltr'><strong>vel</strong></span> 
     </span>
    </p>
   </div>
   <div class='ocr_carea' id='block_1_80' title="bbox 1069 1843 1856 1884">
    <p class='ocr_par' dir='ltr' id='par_1_80' title="bbox 1069 1843 1856 1884">
     <span class='ocr_line' id='line_1_80' title="bbox 1069 1843 1856 1884; baseline -0.009 -4"><span class='ocrx_word' id='word_1_571' title='bbox 1069 1854 1191 1880; x_wconf 69' lang='lat' dir='ltr'><strong>cicatrix.</strong></span> <span class='ocrx_word' id='word_1_572' title='bbox 1214 1854 1247 1880; x_wconf 83' lang='lat' dir='ltr'><strong>Et</strong></span> <span class='ocrx_word' id='word_1_573' title='bbox 1261 1852 1345 1879; x_wconf 83' lang='lat' dir='ltr'><strong>chit.</strong></span> <span class='ocrx_word' id='word_1_574' title='bbox 1363 1860 1441 1884; x_wconf 76' lang='lat' dir='ltr'><strong>xvnl,</strong></span> <span class='ocrx_word' id='word_1_575' title='bbox 1454 1852 1500 1884; x_wconf 72' lang='lat'><strong>25,</strong></span> <span class='ocrx_word' id='word_1_576' title='bbox 1522 1843 1578 1880; x_wconf 64' lang='lat' dir='ltr'><strong>5m</strong></span> <span class='ocrx_word' id='word_1_577' title='bbox 1592 1849 1745 1877; x_wconf 87' lang='lat' dir='ltr'><strong>Theodotio</strong></span> <span class='ocrx_word' id='word_1_578' title='bbox 1763 1847 1856 1879; x_wconf 57' lang='lat' dir='ltr'><strong>eses),</strong></span> 
     </span>
    </p>
   </div>
   <div class='ocr_carea' id='block_1_81' title="bbox 1071 1894 1857 1934">
    <p class='ocr_par' dir='ltr' id='par_1_81' title="bbox 1071 1894 1857 1934">
     <span class='ocr_line' id='line_1_81' title="bbox 1071 1894 1857 1934; baseline -0.009 -8"><span class='ocrx_word' id='word_1_579' title='bbox 1071 1900 1184 1933; x_wconf 84' lang='lat' dir='ltr'><strong>Thabel,</strong></span> <span class='ocrx_word' id='word_1_580' title='bbox 1218 1899 1316 1934; x_wconf 84' lang='lat' dir='ltr'><strong>Aquila</strong></span> <span class='ocrx_word' id='word_1_581' title='bbox 1348 1906 1422 1930; x_wconf 86' lang='lat' dir='ltr'><strong>vero,</strong></span> <span class='ocrx_word' id='word_1_582' title='bbox 1455 1897 1649 1932; x_wconf 73' lang='grc' dir='ltr'><strong>ἀπειρημένον,</strong></span> <span class='ocrx_word' id='word_1_583' title='bbox 1685 1894 1857 1930; x_wconf 81' lang='lat' dir='ltr'><strong>prohibitum,</strong></span> 
     </span>
    </p>
   </div>
   <div class='ocr_carea' id='block_1_82' title="bbox 1070 1941 1857 1982">
    <p class='ocr_par' dir='ltr' id='par_1_82' title="bbox 1070 1941 1857 1982">
     <span class='ocr_line' id='line_1_82' title="bbox 1070 1941 1857 1982; baseline -0.01 -8"><span class='ocrx_word' id='word_1_584' title='bbox 1070 1947 1251 1982; x_wconf 75' lang='lat' dir='ltr'><strong>Symmachus</strong></span> <span class='ocrx_word' id='word_1_585' title='bbox 1274 1946 1402 1981; x_wconf 74' lang='grc' dir='ltr'><strong>ἅρρητον,</strong></span> <span class='ocrx_word' id='word_1_586' title='bbox 1425 1945 1577 1978; x_wconf 81' lang='lat' dir='ltr'><strong>infandum,</strong></span> <span class='ocrx_word' id='word_1_587' title='bbox 1604 1942 1735 1977; x_wconf 73' lang='lat' dir='ltr'><strong>Vulgata,</strong></span> <span class='ocrx_word' id='word_1_588' title='bbox 1761 1941 1857 1968; x_wconf 79' lang='lat' dir='ltr'><strong>scelus.</strong></span> 
     </span>
    </p>
   </div>
   <div class='ocr_carea' id='block_1_83' title="bbox 1068 1983 1857 2025">
    <p class='ocr_par' dir='ltr' id='par_1_83' title="bbox 1068 1983 1857 2025">
     <span class='ocr_line' id='line_1_83' title="bbox 1068 1983 1857 2025; baseline -0.009 -6"><span class='ocrx_word' id='word_1_589' title='bbox 1068 1993 1102 2019; x_wconf 65' lang='lat' dir='ltr'><strong>lit</strong></span> <span class='ocrx_word' id='word_1_590' title='bbox 1117 1992 1194 2020; x_wconf 86' lang='lat' dir='ltr'><strong>Deut.</strong></span> <span class='ocrx_word' id='word_1_591' title='bbox 1214 2001 1289 2024; x_wconf 75' lang='lat' dir='ltr'><strong>xxu,</strong></span> <span class='ocrx_word' id='word_1_592' title='bbox 1307 1993 1333 2025; x_wconf 84' lang='lat'><strong>9,</strong></span> <span class='ocrx_word' id='word_1_593' title='bbox 1353 1983 1439 2021; x_wconf 46' lang='lat' dir='ltr'><strong>Diab:</strong></span> <span class='ocrx_word' id='word_1_594' title='bbox 1456 1990 1607 2017; x_wconf 86' lang='lat' dir='ltr'><strong>Theodotio</strong></span> <span class='ocrx_word' id='word_1_595' title='bbox 1629 1988 1710 2016; x_wconf 90' lang='lat' dir='ltr'><strong>vertit</strong></span> <span class='ocrx_word' id='word_1_596' title='bbox 1732 1987 1857 2022; x_wconf 76' lang='grc' dir='ltr'><strong>κώλυμα,</strong></span> 
     </span>
    </p>
   </div>
   <div class='ocr_carea' id='block_1_84' title="bbox 1068 2033 1858 2074">
    <p class='ocr_par' dir='ltr' id='par_1_84' title="bbox 1068 2033 1858 2074">
     <span class='ocr_line' id='line_1_84' title="bbox 1068 2033 1858 2074; baseline -0.008 -9"><span class='ocrx_word' id='word_1_597' title='bbox 1068 2040 1301 2074; x_wconf 73' lang='lat' dir='ltr'><strong>impedimentum,</strong></span> <span class='ocrx_word' id='word_1_598' title='bbox 1326 2038 1391 2073; x_wconf 89' lang='lat' dir='ltr'><strong>quia</strong></span> <span class='ocrx_word' id='word_1_599' title='bbox 1418 2038 1475 2064; x_wconf 78' lang='lat' dir='ltr'><strong>lucc</strong></span> <span class='ocrx_word' id='word_1_600' title='bbox 1498 2044 1550 2064; x_wconf 80' lang='lat' dir='ltr'><strong>vox</strong></span> <span class='ocrx_word' id='word_1_601' title='bbox 1576 2035 1669 2063; x_wconf 65' lang='lat' dir='ltr'><strong>Graeca</strong></span> <span class='ocrx_word' id='word_1_602' title='bbox 1696 2033 1858 2062; x_wconf 87' lang='lat' dir='ltr'><strong>Hebraicam</strong></span> 
     </span>
    </p>
   </div>
   <div class='ocr_carea' id='block_1_85' title="bbox 1067 2079 1859 2120">
    <p class='ocr_par' dir='ltr' id='par_1_85' title="bbox 1067 2079 1859 2120">
     <span class='ocr_line' id='line_1_85' title="bbox 1067 2079 1859 2120; baseline -0.008 -8"><span class='ocrx_word' id='word_1_603' title='bbox 1067 2093 1136 2120; x_wconf 83' lang='lat' dir='ltr'><strong>pelle</strong></span> <span class='ocrx_word' id='word_1_604' title='bbox 1154 2085 1297 2112; x_wconf 85' lang='lat' dir='ltr'><strong>lectionem</strong></span> <span class='ocrx_word' id='word_1_605' title='bbox 1313 2083 1405 2119; x_wconf 77' lang='lat' dir='ltr'><strong>refert,</strong></span> <span class='ocrx_word' id='word_1_606' title='bbox 1421 2082 1562 2117; x_wconf 84' lang='lat' dir='ltr'><strong>magisque</strong></span> <span class='ocrx_word' id='word_1_607' title='bbox 1578 2081 1733 2116; x_wconf 78' lang='lat' dir='ltr'><strong>respexisse</strong></span> <span class='ocrx_word' id='word_1_608' title='bbox 1752 2079 1859 2107; x_wconf 81' lang='lat' dir='ltr'><strong>videtur</strong></span> 
     </span>
    </p>
   </div>
   <div class='ocr_carea' id='block_1_86' title="bbox 1068 2124 1858 2161">
    <p class='ocr_par' dir='ltr' id='par_1_86' title="bbox 1068 2124 1858 2161">
     <span class='ocr_line' id='line_1_86' title="bbox 1068 2124 1858 2161; baseline -0.009 -4"><span class='ocrx_word' id='word_1_609' title='bbox 1068 2129 1220 2157; x_wconf 86' lang='lat' dir='ltr'><strong>Theodotio</strong></span> <span class='ocrx_word' id='word_1_610' title='bbox 1239 2130 1272 2156; x_wconf 88' lang='lat' dir='ltr'><strong>ad</strong></span> <span class='ocrx_word' id='word_1_611' title='bbox 1289 2129 1348 2156; x_wconf 90' lang='lat' dir='ltr'><strong>soni</strong></span> <span class='ocrx_word' id='word_1_612' title='bbox 1364 2127 1519 2155; x_wconf 73' lang='lat' dir='ltr'><strong>afﬁnitatem</strong></span> <span class='ocrx_word' id='word_1_613' title='bbox 1533 2134 1615 2161; x_wconf 84' lang='lat' dir='ltr'><strong>quam</strong></span> <span class='ocrx_word' id='word_1_614' title='bbox 1634 2126 1667 2152; x_wconf 89' lang='lat' dir='ltr'><strong>ad</strong></span> <span class='ocrx_word' id='word_1_615' title='bbox 1682 2124 1858 2160; x_wconf 79' lang='lat' dir='ltr'><strong>signiﬁcatio-</strong></span> 
     </span>
    </p>
   </div>
   <div class='ocr_carea' id='block_1_87' title="bbox 1068 2171 1860 2211">
    <p class='ocr_par' dir='ltr' id='par_1_87' title="bbox 1068 2171 1860 2211">
     <span class='ocr_line' id='line_1_87' title="bbox 1068 2171 1860 2211; baseline -0.01 -7"><span class='ocrx_word' id='word_1_616' title='bbox 1068 2185 1141 2210; x_wconf 87' lang='lat' dir='ltr'><strong>nem,</strong></span> <span class='ocrx_word' id='word_1_617' title='bbox 1155 2176 1254 2211; x_wconf 78' lang='lat' dir='ltr'><strong>Aquila</strong></span> <span class='ocrx_word' id='word_1_618' title='bbox 1270 2182 1335 2203; x_wconf 86' lang='lat' dir='ltr'><strong>vero</strong></span> <span class='ocrx_word' id='word_1_619' title='bbox 1351 2173 1552 2209; x_wconf 81' lang='grc' dir='ltr'>ἀνομοιογενὲς,</span> <span class='ocrx_word' id='word_1_620' title='bbox 1569 2172 1596 2199; x_wconf 88' lang='lat' dir='ltr'><strong>id</strong></span> <span class='ocrx_word' id='word_1_621' title='bbox 1608 2176 1651 2199; x_wconf 89' lang='lat' dir='ltr'><strong>est</strong></span> <span class='ocrx_word' id='word_1_622' title='bbox 1672 2179 1763 2206; x_wconf 81' lang='lat' dir='ltr'><strong>genere</strong></span> <span class='ocrx_word' id='word_1_623' title='bbox 1777 2171 1860 2198; x_wconf 83' lang='lat' dir='ltr'><strong>dissi-</strong></span> 
     </span>
    </p>
   </div>
   <div class='ocr_carea' id='block_1_88' title="bbox 1068 2217 1857 2254">
    <p class='ocr_par' dir='ltr' id='par_1_88' title="bbox 1068 2217 1857 2254">
     <span class='ocr_line' id='line_1_88' title="bbox 1068 2217 1857 2254; baseline -0.009 -4"><span class='ocrx_word' id='word_1_624' title='bbox 1068 2223 1146 2254; x_wconf 88' lang='lat' dir='ltr'><strong>mile;</strong></span> <span class='ocrx_word' id='word_1_625' title='bbox 1179 2222 1225 2249; x_wconf 88' lang='lat' dir='ltr'><strong>alii</strong></span> <span class='ocrx_word' id='word_1_626' title='bbox 1257 2222 1365 2248; x_wconf 83' lang='lat' dir='ltr'><strong>mistum</strong></span> <span class='ocrx_word' id='word_1_627' title='bbox 1392 2220 1435 2247; x_wconf 90' lang='lat' dir='ltr'><strong>vel</strong></span> <span class='ocrx_word' id='word_1_628' title='bbox 1465 2220 1606 2246; x_wconf 83' lang='lat' dir='ltr'><strong>misturam</strong></span> <span class='ocrx_word' id='word_1_629' title='bbox 1634 2217 1857 2251; x_wconf 87' lang='lat' dir='ltr'><strong>interpretantur.</strong></span> 
     </span>
    </p>
   </div>
   <div class='ocr_carea' id='block_1_89' title="bbox 227 2262 1857 2303">
    <p class='ocr_par' dir='ltr' id='par_1_89' title="bbox 227 2262 1857 2303">
     <span class='ocr_line' id='line_1_89' title="bbox 227 2262 1857 2303; baseline -0.004 -8"><span class='ocrx_word' id='word_1_630' title='bbox 227 2274 290 2295; x_wconf 88' lang='lat' dir='ltr'><strong>cum</strong></span> <span class='ocrx_word' id='word_1_631' title='bbox 300 2287 308 2299; x_wconf 89' lang='lat'><strong>,</strong></span> <span class='ocrx_word' id='word_1_632' title='bbox 324 2266 444 2301; x_wconf 81' lang='lat' dir='ltr'><strong>Regum,</strong></span> <span class='ocrx_word' id='word_1_633' title='bbox 460 2266 521 2300; x_wconf 85' lang='lat' dir='ltr'><strong>Job,</strong></span> <span class='ocrx_word' id='word_1_634' title='bbox 537 2266 661 2294; x_wconf 67' lang='lat' dir='ltr'><strong>Jeremiae</strong></span> <span class='ocrx_word' id='word_1_635' title='bbox 676 2271 703 2294; x_wconf 89' lang='lat' dir='ltr'><strong>et</strong></span> <span class='ocrx_word' id='word_1_636' title='bbox 716 2266 879 2298; x_wconf 80' lang='lat' dir='ltr'><strong>Ezechielis,</strong></span> <span class='ocrx_word' id='word_1_637' title='bbox 893 2265 1015 2294; x_wconf 84' lang='lat' dir='ltr'><strong>deiectus</strong></span> <span class='ocrx_word' id='word_1_638' title='bbox 1033 2276 1055 2303; x_wconf 75' lang='grc' dir='ltr'>ι)</span> <span class='ocrx_word' id='word_1_639' title='bbox 1069 2270 1102 2296; x_wconf 78' lang='lat' dir='ltr'><strong>Et</strong></span> <span class='ocrx_word' id='word_1_640' title='bbox 1122 2268 1227 2296; x_wconf 72' lang='lat' dir='ltr'><strong>Hesaize</strong></span> <span class='ocrx_word' id='word_1_641' title='bbox 1242 2275 1316 2300; x_wconf 71' lang='lat' dir='ltr'><strong>LXIV,</strong></span> <span class='ocrx_word' id='word_1_642' title='bbox 1331 2267 1358 2298; x_wconf 86' lang='lat'><strong>6,</strong></span> <span class='ocrx_word' id='word_1_643' title='bbox 1373 2270 1443 2297; x_wconf 64' lang='lat' dir='ltr'><strong>D7137</strong></span> <span class='ocrx_word' id='word_1_644' title='bbox 1459 2264 1610 2292; x_wconf 87' lang='lat' dir='ltr'><strong>Theodotio</strong></span> <span class='ocrx_word' id='word_1_645' title='bbox 1633 2264 1723 2295; x_wconf 88' lang='lat' dir='ltr'><strong>vertit,</strong></span> <span class='ocrx_word' id='word_1_646' title='bbox 1755 2262 1857 2298; x_wconf 84' lang='grc' dir='ltr'><strong>Ἐδδὶμ,</strong></span> 
     </span>
    </p>
   </div>
   <div class='ocr_carea' id='block_1_90' title="bbox 227 2312 1018 2348">
    <p class='ocr_par' dir='ltr' id='par_1_90' title="bbox 227 2312 1018 2348">
     <span class='ocr_line' id='line_1_90' title="bbox 227 2312 1018 2348; baseline 0 -8"><span class='ocrx_word' id='word_1_647' title='bbox 227 2313 385 2345; x_wconf 87' lang='lat' dir='ltr'><strong>huiusmodi</strong></span> <span class='ocrx_word' id='word_1_648' title='bbox 408 2320 441 2340; x_wconf 81' lang='lat' dir='ltr'><strong>ex</strong></span> <span class='ocrx_word' id='word_1_649' title='bbox 464 2312 670 2344; x_wconf 83' lang='lat' dir='ltr'><strong>Theodotione.</strong></span> <span class='ocrx_word' id='word_1_650' title='bbox 688 2313 735 2347; x_wconf 89' lang='lat' dir='ltr'><strong>qui</strong></span> <span class='ocrx_word' id='word_1_651' title='bbox 755 2313 816 2348; x_wconf 88' lang='lat' dir='ltr'><strong>styli</strong></span> <span class='ocrx_word' id='word_1_652' title='bbox 841 2318 869 2340; x_wconf 88' lang='lat' dir='ltr'><strong>et</strong></span> <span class='ocrx_word' id='word_1_653' title='bbox 885 2313 1018 2340; x_wconf 88' lang='lat' dir='ltr'><strong>orationis</strong></span> 
     </span>
    </p>
   </div>
   <div class='ocr_carea' id='block_1_91' title="bbox 228 2357 1017 2394">
    <p class='ocr_par' dir='ltr' id='par_1_91' title="bbox 228 2357 1017 2394">
     <span class='ocr_line' id='line_1_91' title="bbox 228 2357 1017 2394; baseline 0 -8"><span class='ocrx_word' id='word_1_654' title='bbox 228 2367 325 2394; x_wconf 84' lang='lat' dir='ltr'><strong>genere</strong></span> <span class='ocrx_word' id='word_1_655' title='bbox 339 2358 456 2385; x_wconf 80' lang='lat' dir='ltr'><strong>similior</strong></span> <span class='ocrx_word' id='word_1_656' title='bbox 471 2357 542 2384; x_wconf 81' lang='lat' dir='ltr'><strong>LXX</strong></span> <span class='ocrx_word' id='word_1_657' title='bbox 556 2358 752 2393; x_wconf 86' lang='lat' dir='ltr'><strong>lnterpretibus</strong></span> <span class='ocrx_word' id='word_1_658' title='bbox 769 2363 838 2391; x_wconf 92' lang='lat' dir='ltr'><strong>erat,</strong></span> <span class='ocrx_word' id='word_1_659' title='bbox 859 2359 1017 2394; x_wconf 89' lang='lat' dir='ltr'><strong>suppleren-</strong></span> 
     </span>
    </p>
   </div>
   <div class='ocr_carea' id='block_1_92' title="bbox 228 2404 1017 2440">
    <p class='ocr_par' dir='ltr' id='par_1_92' title="bbox 228 2404 1017 2440">
     <span class='ocr_line' id='line_1_92' title="bbox 228 2404 1017 2440; baseline 0 -8"><span class='ocrx_word' id='word_1_660' title='bbox 228 2409 284 2438; x_wconf 85' lang='lat' dir='ltr'><strong>tur,</strong></span> <span class='ocrx_word' id='word_1_661' title='bbox 299 2405 439 2432; x_wconf 88' lang='lat' dir='ltr'><strong>astcriscis</strong></span> <span class='ocrx_word' id='word_1_662' title='bbox 451 2404 529 2432; x_wconf 84' lang='lat' dir='ltr'><strong>initio</strong></span> <span class='ocrx_word' id='word_1_663' title='bbox 544 2412 652 2439; x_wconf 86' lang='lat' dir='ltr'><strong>semper</strong></span> <span class='ocrx_word' id='word_1_664' title='bbox 664 2413 679 2431; x_wconf 91' lang='lat' dir='ltr'><strong>a</strong></span> <span class='ocrx_word' id='word_1_665' title='bbox 694 2405 833 2440; x_wconf 74' lang='lat' dir='ltr'><strong>lateraque</strong></span> <span class='ocrx_word' id='word_1_666' title='bbox 848 2405 954 2440; x_wconf 89' lang='lat' dir='ltr'><strong>positis,</strong></span> <span class='ocrx_word' id='word_1_667' title='bbox 965 2405 1017 2432; x_wconf 91' lang='lat' dir='ltr'><strong>do-</strong></span> 
     </span>
    </p>
   </div>
   <div class='ocr_carea' id='block_1_93' title="bbox 228 2449 1016 2484">
    <p class='ocr_par' dir='ltr' id='par_1_93' title="bbox 228 2449 1016 2484">
     <span class='ocr_line' id='line_1_93' title="bbox 228 2449 1016 2484; baseline 0.001 -8"><span class='ocrx_word' id='word_1_668' title='bbox 228 2457 278 2477; x_wconf 86' lang='lat' dir='ltr'><strong>nec</strong></span> <span class='ocrx_word' id='word_1_669' title='bbox 299 2450 436 2484; x_wconf 82' lang='lat' dir='ltr'><strong>adjectitia</strong></span> <span class='ocrx_word' id='word_1_670' title='bbox 462 2449 507 2476; x_wconf 92' lang='lat' dir='ltr'><strong>illa</strong></span> <span class='ocrx_word' id='word_1_671' title='bbox 529 2450 747 2477; x_wconf 90' lang='lat' dir='ltr'><strong>absolverentur.</strong></span> <span class='ocrx_word' id='word_1_672' title='bbox 772 2449 800 2477; x_wconf 91' lang='lat' dir='ltr'><strong>In</strong></span> <span class='ocrx_word' id='word_1_673' title='bbox 831 2450 902 2478; x_wconf 88' lang='lat' dir='ltr'><strong>libro</strong></span> <span class='ocrx_word' id='word_1_674' title='bbox 926 2455 1016 2477; x_wconf 87' lang='lat' dir='ltr'><strong>autem</strong></span> 
     </span>
    </p>
   </div>
   <div class='ocr_carea' id='block_1_94' title="bbox 227 2495 1017 2531">
    <p class='ocr_par' dir='ltr' id='par_1_94' title="bbox 227 2495 1017 2531">
     <span class='ocr_line' id='line_1_94' title="bbox 227 2495 1017 2531; baseline 0 -8"><span class='ocrx_word' id='word_1_675' title='bbox 227 2495 369 2528; x_wconf 87' lang='lat' dir='ltr'><strong>Danielis,</strong></span> <span class='ocrx_word' id='word_1_676' title='bbox 395 2495 460 2531; x_wconf 87' lang='lat' dir='ltr'><strong>quia</strong></span> <span class='ocrx_word' id='word_1_677' title='bbox 484 2495 512 2523; x_wconf 91' lang='lat' dir='ltr'><strong>in</strong></span> <span class='ocrx_word' id='word_1_678' title='bbox 538 2495 610 2523; x_wconf 81' lang='lat' dir='ltr'><strong>LXX</strong></span> <span class='ocrx_word' id='word_1_679' title='bbox 635 2495 831 2531; x_wconf 85' lang='lat' dir='ltr'><strong>lnterpretihus</strong></span> <span class='ocrx_word' id='word_1_680' title='bbox 854 2500 910 2524; x_wconf 88' lang='lat' dir='ltr'><strong>tota</strong></span> <span class='ocrx_word' id='word_1_681' title='bbox 931 2496 1017 2524; x_wconf 89' lang='lat' dir='ltr'><strong>series</strong></span> 
     </span>
    </p>
   </div>
   <div class='ocr_carea' id='block_1_95' title="bbox 227 2542 1017 2578">
    <p class='ocr_par' dir='ltr' id='par_1_95' title="bbox 227 2542 1017 2578">
     <span class='ocr_line' id='line_1_95' title="bbox 227 2542 1017 2578; baseline 0 -8"><span class='ocrx_word' id='word_1_682' title='bbox 227 2547 394 2578; x_wconf 64' lang='lat' dir='ltr'><strong>praepostere</strong></span> <span class='ocrx_word' id='word_1_683' title='bbox 407 2543 495 2578; x_wconf 83' lang='lat' dir='ltr'><strong>posita</strong></span> <span class='ocrx_word' id='word_1_684' title='bbox 518 2547 590 2575; x_wconf 89' lang='lat' dir='ltr'><strong>erat,</strong></span> <span class='ocrx_word' id='word_1_685' title='bbox 605 2542 670 2570; x_wconf 89' lang='lat' dir='ltr'><strong>licet</strong></span> <span class='ocrx_word' id='word_1_686' title='bbox 680 2543 704 2570; x_wconf 92' lang='lat' dir='ltr'><strong>ei</strong></span> <span class='ocrx_word' id='word_1_687' title='bbox 721 2543 854 2570; x_wconf 90' lang='lat' dir='ltr'><strong>medicam</strong></span> <span class='ocrx_word' id='word_1_688' title='bbox 871 2542 1017 2570; x_wconf 87' lang='lat' dir='ltr'><strong>admovere</strong></span> 
     </span>
    </p>
   </div>
   <div class='ocr_carea' id='block_1_96' title="bbox 227 2587 1015 2623">
    <p class='ocr_par' dir='ltr' id='par_1_96' title="bbox 227 2587 1015 2623">
     <span class='ocr_line' id='line_1_96' title="bbox 227 2587 1015 2623; baseline -0.003 -7"><span class='ocrx_word' id='word_1_689' title='bbox 227 2596 340 2616; x_wconf 87' lang='lat' dir='ltr'><strong>manum</strong></span> <span class='ocrx_word' id='word_1_690' title='bbox 356 2589 503 2617; x_wconf 84' lang='lat' dir='ltr'><strong>tentaverit</strong></span> <span class='ocrx_word' id='word_1_691' title='bbox 514 2587 657 2623; x_wconf 80' lang='lat' dir='ltr'><strong>Origenes,</strong></span> <span class='ocrx_word' id='word_1_692' title='bbox 674 2588 720 2615; x_wconf 89' lang='lat' dir='ltr'><strong>illa</strong></span> <span class='ocrx_word' id='word_1_693' title='bbox 736 2592 826 2615; x_wconf 89' lang='lat' dir='ltr'><strong>tamen</strong></span> <span class='ocrx_word' id='word_1_694' title='bbox 842 2588 960 2615; x_wconf 88' lang='lat' dir='ltr'><strong>editione</strong></span> <span class='ocrx_word' id='word_1_695' title='bbox 971 2594 1015 2614; x_wconf 90' lang='lat' dir='ltr'><strong>re-</strong></span> 
     </span>
    </p>
   </div>
   <div class='ocr_carea' id='block_1_97' title="bbox 226 2634 1014 2670">
    <p class='ocr_par' dir='ltr' id='par_1_97' title="bbox 226 2634 1014 2670">
     <span class='ocr_line' id='line_1_97' title="bbox 226 2634 1014 2670; baseline -0.001 -8"><span class='ocrx_word' id='word_1_696' title='bbox 226 2640 312 2666; x_wconf 84' lang='lat' dir='ltr'><strong>mota,</strong></span> <span class='ocrx_word' id='word_1_697' title='bbox 328 2634 543 2663; x_wconf 86' lang='lat' dir='ltr'><strong>Theodotionem</strong></span> <span class='ocrx_word' id='word_1_698' title='bbox 559 2635 619 2670; x_wconf 89' lang='lat' dir='ltr'><strong>ejus</strong></span> <span class='ocrx_word' id='word_1_699' title='bbox 641 2635 702 2662; x_wconf 89' lang='lat' dir='ltr'><strong>loco</strong></span> <span class='ocrx_word' id='word_1_700' title='bbox 717 2634 858 2662; x_wconf 89' lang='lat' dir='ltr'><strong>substituit</strong></span> <span class='ocrx_word' id='word_1_701' title='bbox 870 2634 991 2662; x_wconf 88' lang='lat' dir='ltr'><strong>Ecclesia</strong></span> <span class='ocrx_word' id='word_1_702' title='bbox 1008 2643 1014 2661; x_wconf 93' lang='lat'>:</span> 
     </span>
    </p>
   </div>
   <div class='ocr_carea' id='block_1_98' title="bbox 226 2680 1015 2709">
    <p class='ocr_par' dir='ltr' id='par_1_98' title="bbox 226 2680 1015 2709">
     <span class='ocr_line' id='line_1_98' title="bbox 226 2680 1015 2709; baseline -0.001 -1"><span class='ocrx_word' id='word_1_703' title='bbox 226 2681 300 2709; x_wconf 88' lang='lat' dir='ltr'><strong>unde</strong></span> <span class='ocrx_word' id='word_1_704' title='bbox 314 2680 415 2709; x_wconf 87' lang='lat' dir='ltr'><strong>factum</strong></span> <span class='ocrx_word' id='word_1_705' title='bbox 427 2686 469 2709; x_wconf 86' lang='lat' dir='ltr'><strong>est</strong></span> <span class='ocrx_word' id='word_1_706' title='bbox 483 2685 513 2708; x_wconf 89' lang='lat' dir='ltr'><strong>ut</strong></span> <span class='ocrx_word' id='word_1_707' title='bbox 524 2680 721 2708; x_wconf 88' lang='lat' dir='ltr'><strong>Theodotionis</strong></span> <span class='ocrx_word' id='word_1_708' title='bbox 735 2680 819 2709; x_wconf 87' lang='lat' dir='ltr'><strong>editio</strong></span> <span class='ocrx_word' id='word_1_709' title='bbox 834 2680 861 2707; x_wconf 92' lang='lat' dir='ltr'><strong>in</strong></span> <span class='ocrx_word' id='word_1_710' title='bbox 877 2680 1015 2708; x_wconf 84' lang='lat' dir='ltr'><strong>Danielem</strong></span> 
     </span>
    </p>
   </div>
   <div class='ocr_carea' id='block_1_99' title="bbox 227 2726 1016 2762">
    <p class='ocr_par' dir='ltr' id='par_1_99' title="bbox 227 2726 1016 2762">
     <span class='ocr_line' id='line_1_99' title="bbox 227 2726 1016 2762; baseline -0.003 -7"><span class='ocrx_word' id='word_1_711' title='bbox 227 2727 363 2762; x_wconf 85' lang='lat' dir='ltr'><strong>hodieque</strong></span> <span class='ocrx_word' id='word_1_712' title='bbox 378 2727 436 2755; x_wconf 84' lang='lat' dir='ltr'><strong>sola</strong></span> <span class='ocrx_word' id='word_1_713' title='bbox 450 2727 478 2754; x_wconf 93' lang='lat' dir='ltr'><strong>in</strong></span> <span class='ocrx_word' id='word_1_714' title='bbox 500 2726 630 2755; x_wconf 85' lang='lat' dir='ltr'><strong>Ecelesiis</strong></span> <span class='ocrx_word' id='word_1_715' title='bbox 643 2726 745 2754; x_wconf 73' lang='lat' dir='ltr'><strong>Graecis</strong></span> <span class='ocrx_word' id='word_1_716' title='bbox 760 2727 876 2762; x_wconf 89' lang='lat' dir='ltr'><strong>legatur,</strong></span> <span class='ocrx_word' id='word_1_717' title='bbox 892 2731 919 2754; x_wconf 87' lang='lat' dir='ltr'><strong>et</strong></span> <span class='ocrx_word' id='word_1_718' title='bbox 932 2726 1016 2754; x_wconf 89' lang='lat' dir='ltr'><strong>editio</strong></span> 
     </span>
    </p>
   </div>
   <div class='ocr_carea' id='block_1_100' title="bbox 225 2773 1016 2809">
    <p class='ocr_par' dir='ltr' id='par_1_100' title="bbox 225 2773 1016 2809">
     <span class='ocr_line' id='line_1_100' title="bbox 225 2773 1016 2809; baseline 0 -9"><span class='ocrx_word' id='word_1_719' title='bbox 225 2773 281 2801; x_wconf 81' lang='grc' dir='ltr'>τῶν</span> <span class='ocrx_word' id='word_1_720' title='bbox 305 2774 332 2799; x_wconf 88' lang='lat'><strong>0&#39;</strong></span> <span class='ocrx_word' id='word_1_721' title='bbox 348 2774 479 2809; x_wconf 84' lang='lat' dir='ltr'><strong>paulatim</strong></span> <span class='ocrx_word' id='word_1_722' title='bbox 496 2774 640 2802; x_wconf 83' lang='lat' dir='ltr'><strong>interierit.</strong></span> <span class='ocrx_word' id='word_1_723' title='bbox 657 2774 715 2800; x_wconf 88' lang='lat' dir='ltr'><strong>Alia</strong></span> <span class='ocrx_word' id='word_1_724' title='bbox 729 2773 793 2801; x_wconf 87' lang='lat' dir='ltr'><strong>item</strong></span> <span class='ocrx_word' id='word_1_725' title='bbox 809 2774 916 2801; x_wconf 89' lang='lat' dir='ltr'><strong>minora</strong></span> <span class='ocrx_word' id='word_1_726' title='bbox 937 2773 1016 2800; x_wconf 82' lang='lat' dir='ltr'><strong>addi-</strong></span> 
     </span>
    </p>
   </div>
   <div class='ocr_carea' id='block_1_101' title="bbox 226 2820 1015 2856">
    <p class='ocr_par' dir='ltr' id='par_1_101' title="bbox 226 2820 1015 2856">
     <span class='ocr_line' id='line_1_101' title="bbox 226 2820 1015 2856; baseline -0.003 -8"><span class='ocrx_word' id='word_1_727' title='bbox 226 2824 359 2853; x_wconf 77' lang='lat' dir='ltr'><strong>tamenta,</strong></span> <span class='ocrx_word' id='word_1_728' title='bbox 373 2828 433 2856; x_wconf 65' lang='lat' dir='ltr'><strong>qua</strong></span> <span class='ocrx_word' id='word_1_729' title='bbox 445 2821 596 2856; x_wconf 61' lang='lat' dir='ltr'><strong>praemissis</strong></span> <span class='ocrx_word' id='word_1_730' title='bbox 612 2821 752 2848; x_wconf 85' lang='lat' dir='ltr'><strong>asteriseis</strong></span> <span class='ocrx_word' id='word_1_731' title='bbox 774 2820 888 2848; x_wconf 87' lang='lat' dir='ltr'><strong>editioni</strong></span> <span class='ocrx_word' id='word_1_732' title='bbox 905 2820 960 2847; x_wconf 83' lang='grc' dir='ltr'><strong>τῶν</strong></span> <span class='ocrx_word' id='word_1_733' title='bbox 987 2821 1015 2846; x_wconf 84' lang='lat'><strong>0&#39;</strong></span> 
     </span>
    </p>
   </div>
   <div class='ocr_carea' id='block_1_102' title="bbox 227 2865 1016 2903">
    <p class='ocr_par' dir='ltr' id='par_1_102' title="bbox 227 2865 1016 2903">
     <span class='ocr_line' id='line_1_102' title="bbox 227 2865 1016 2903; baseline 0.001 -10"><span class='ocrx_word' id='word_1_734' title='bbox 227 2866 345 2894; x_wconf 86' lang='lat' dir='ltr'><strong>inseruit</strong></span> <span class='ocrx_word' id='word_1_735' title='bbox 358 2865 500 2902; x_wconf 83' lang='lat' dir='ltr'><strong>Origenes,</strong></span> <span class='ocrx_word' id='word_1_736' title='bbox 515 2872 546 2894; x_wconf 92' lang='lat' dir='ltr'><strong>ut</strong></span> <span class='ocrx_word' id='word_1_737' title='bbox 557 2868 707 2903; x_wconf 84' lang='lat' dir='ltr'><strong>plurimum</strong></span> <span class='ocrx_word' id='word_1_738' title='bbox 723 2875 757 2895; x_wconf 74' lang='lat' dir='ltr'><strong>ex</strong></span> <span class='ocrx_word' id='word_1_739' title='bbox 774 2866 972 2901; x_wconf 82' lang='lat' dir='ltr'><strong>Theodotione,</strong></span> <span class='ocrx_word' id='word_1_740' title='bbox 981 2867 1016 2894; x_wconf 91' lang='lat' dir='ltr'><strong>ob</strong></span> 
     </span>
    </p>
   </div>
   <div class='ocr_carea' id='block_1_103' title="bbox 227 2912 1014 2947">
    <p class='ocr_par' dir='ltr' id='par_1_103' title="bbox 227 2912 1014 2947">
     <span class='ocr_line' id='line_1_103' title="bbox 227 2912 1014 2947; baseline -0.001 -7"><span class='ocrx_word' id='word_1_741' title='bbox 227 2917 406 2941; x_wconf 68' lang='lat' dir='ltr'><strong>moratam</strong></span> <span class='ocrx_word' id='word_1_742' title='bbox 433 2912 498 2947; x_wconf 75' lang='lat' dir='ltr'><strong>styli</strong></span> <span class='ocrx_word' id='word_1_743' title='bbox 520 2912 694 2946; x_wconf 75' lang='lat' dir='ltr'><strong>afﬁnitatem,</strong></span> <span class='ocrx_word' id='word_1_744' title='bbox 720 2915 861 2941; x_wconf 86' lang='lat' dir='ltr'><strong>mutuatus</strong></span> <span class='ocrx_word' id='word_1_745' title='bbox 882 2915 940 2947; x_wconf 75' lang='lat' dir='ltr'><strong>est;</strong></span> <span class='ocrx_word' id='word_1_746' title='bbox 959 2919 1014 2940; x_wconf 86' lang='lat' dir='ltr'><strong>non</strong></span> 
     </span>
    </p>
   </div>
   <div class='ocr_carea' id='block_1_104' title="bbox 1071 2309 1857 2348">
    <p class='ocr_par' dir='ltr' id='par_1_104' title="bbox 1071 2309 1857 2348">
     <span class='ocr_line' id='line_1_104' title="bbox 1071 2309 1857 2348; baseline -0.009 -6"><span class='ocrx_word' id='word_1_747' title='bbox 1071 2315 1189 2348; x_wconf 82' lang='lat' dir='ltr'><strong>Eddim,</strong></span> <span class='ocrx_word' id='word_1_748' title='bbox 1218 2314 1265 2341; x_wconf 91' lang='lat' dir='ltr'><strong>ubi</strong></span> <span class='ocrx_word' id='word_1_749' title='bbox 1287 2313 1385 2348; x_wconf 78' lang='lat' dir='ltr'><strong>Aquila</strong></span> <span class='ocrx_word' id='word_1_750' title='bbox 1419 2310 1598 2348; x_wconf 80' lang='grc' dir='ltr'><strong>μαρτυριῶν,</strong></span> <span class='ocrx_word' id='word_1_751' title='bbox 1631 2309 1857 2342; x_wconf 81' lang='lat' dir='ltr'><strong>testimoniorum,</strong></span> 
     </span>
    </p>
   </div>
   <div class='ocr_carea' id='block_1_105' title="bbox 1070 2355 1859 2397">
    <p class='ocr_par' dir='ltr' id='par_1_105' title="bbox 1070 2355 1859 2397">
     <span class='ocr_line' id='line_1_105' title="bbox 1070 2355 1859 2397; baseline -0.01 -8"><span class='ocrx_word' id='word_1_752' title='bbox 1070 2360 1264 2397; x_wconf 85' lang='lat' dir='ltr'><strong>Symmachus,</strong></span> <span class='ocrx_word' id='word_1_753' title='bbox 1288 2357 1422 2390; x_wconf 84' lang='grc' dir='ltr'><strong>κυουσῶν,</strong></span> <span class='ocrx_word' id='word_1_754' title='bbox 1447 2357 1619 2392; x_wconf 71' lang='lat' dir='ltr'><strong>pariendum,</strong></span> <span class='ocrx_word' id='word_1_755' title='bbox 1637 2355 1763 2391; x_wconf 77' lang='lat' dir='ltr'><strong>Vulgata,</strong></span> <span class='ocrx_word' id='word_1_756' title='bbox 1789 2363 1859 2381; x_wconf 80' lang='lat' dir='ltr'><strong>men-</strong></span> 
     </span>
    </p>
   </div>
   <div class='ocr_carea' id='block_1_106' title="bbox 1068 2400 1858 2438">
    <p class='ocr_par' dir='ltr' id='par_1_106' title="bbox 1068 2400 1858 2438">
     <span class='ocr_line' id='line_1_106' title="bbox 1068 2400 1858 2438; baseline -0.005 -7"><span class='ocrx_word' id='word_1_757' title='bbox 1068 2409 1190 2438; x_wconf 68' lang='lat' dir='ltr'><strong>struam,</strong></span> <span class='ocrx_word' id='word_1_758' title='bbox 1212 2404 1276 2437; x_wconf 85' lang='lat' dir='ltr'><strong>alii,</strong></span> <span class='ocrx_word' id='word_1_759' title='bbox 1300 2408 1452 2430; x_wconf 78' lang='lat' dir='ltr'><strong>centenum.</strong></span> <span class='ocrx_word' id='word_1_760' title='bbox 1481 2401 1558 2429; x_wconf 84' lang='lat' dir='ltr'><strong>Dicet</strong></span> <span class='ocrx_word' id='word_1_761' title='bbox 1583 2400 1701 2428; x_wconf 82' lang='lat' dir='ltr'><strong>fortasse</strong></span> <span class='ocrx_word' id='word_1_762' title='bbox 1720 2400 1858 2435; x_wconf 89' lang='lat' dir='ltr'><strong>quispiam</strong></span> 
     </span>
    </p>
   </div>
   <div class='ocr_carea' id='block_1_107' title="bbox 1068 2445 1858 2483">
    <p class='ocr_par' dir='ltr' id='par_1_107' title="bbox 1068 2445 1858 2483">
     <span class='ocr_line' id='line_1_107' title="bbox 1068 2445 1858 2483; baseline -0.008 -5"><span class='ocrx_word' id='word_1_763' title='bbox 1068 2449 1285 2478; x_wconf 85' lang='lat' dir='ltr'><strong>Theodotionem</strong></span> <span class='ocrx_word' id='word_1_764' title='bbox 1305 2449 1355 2476; x_wconf 88' lang='lat' dir='ltr'><strong>has</strong></span> <span class='ocrx_word' id='word_1_765' title='bbox 1368 2456 1450 2476; x_wconf 86' lang='lat' dir='ltr'><strong>voces</strong></span> <span class='ocrx_word' id='word_1_766' title='bbox 1467 2455 1606 2483; x_wconf 87' lang='lat' dir='ltr'><strong>perraras,</strong></span> <span class='ocrx_word' id='word_1_767' title='bbox 1621 2451 1648 2474; x_wconf 87' lang='lat' dir='ltr'><strong>et</strong></span> <span class='ocrx_word' id='word_1_768' title='bbox 1661 2453 1730 2481; x_wconf 86' lang='lat' dir='ltr'><strong>quas</strong></span> <span class='ocrx_word' id='word_1_769' title='bbox 1751 2445 1798 2472; x_wconf 90' lang='lat' dir='ltr'><strong>alii</strong></span> <span class='ocrx_word' id='word_1_770' title='bbox 1815 2445 1858 2472; x_wconf 92' lang='lat' dir='ltr'><strong>in-</strong></span> 
     </span>
    </p>
   </div>
   <div class='ocr_carea' id='block_1_108' title="bbox 1068 2492 1858 2531">
    <p class='ocr_par' dir='ltr' id='par_1_108' title="bbox 1068 2492 1858 2531">
     <span class='ocr_line' id='line_1_108' title="bbox 1068 2492 1858 2531; baseline -0.008 -7"><span class='ocrx_word' id='word_1_771' title='bbox 1068 2500 1212 2531; x_wconf 87' lang='lat' dir='ltr'><strong>terpretes,</strong></span> <span class='ocrx_word' id='word_1_772' title='bbox 1236 2503 1335 2530; x_wconf 81' lang='lat' dir='ltr'><strong>nempe</strong></span> <span class='ocrx_word' id='word_1_773' title='bbox 1356 2494 1428 2522; x_wconf 75' lang='lat' dir='ltr'><strong>LXX</strong></span> <span class='ocrx_word' id='word_1_774' title='bbox 1450 2498 1478 2522; x_wconf 89' lang='lat' dir='ltr'><strong>et</strong></span> <span class='ocrx_word' id='word_1_775' title='bbox 1491 2493 1601 2528; x_wconf 88' lang='lat' dir='ltr'><strong>Aquila,</strong></span> <span class='ocrx_word' id='word_1_776' title='bbox 1616 2492 1694 2528; x_wconf 87' lang='lat' dir='ltr'><strong>quasi</strong></span> <span class='ocrx_word' id='word_1_777' title='bbox 1711 2492 1858 2519; x_wconf 83' lang='lat' dir='ltr'><strong>divinando</strong></span> 
     </span>
    </p>
   </div>
   <div class='ocr_carea' id='block_1_109' title="bbox 1068 2537 1858 2573">
    <p class='ocr_par' dir='ltr' id='par_1_109' title="bbox 1068 2537 1858 2573">
     <span class='ocr_line' id='line_1_109' title="bbox 1068 2537 1858 2573; baseline -0.006 -5"><span class='ocrx_word' id='word_1_778' title='bbox 1068 2539 1255 2569; x_wconf 85' lang='lat' dir='ltr'><strong>transtulisse.</strong></span> <span class='ocrx_word' id='word_1_779' title='bbox 1273 2540 1446 2573; x_wconf 86' lang='lat' dir='ltr'><strong>videbantur,</strong></span> <span class='ocrx_word' id='word_1_780' title='bbox 1478 2540 1606 2568; x_wconf 89' lang='lat' dir='ltr'><strong>consulto</strong></span> <span class='ocrx_word' id='word_1_781' title='bbox 1638 2537 1858 2573; x_wconf 83' lang='grc' dir='ltr'><strong>ἀνερμηνεὺτους</strong></span> 
     </span>
    </p>
   </div>
   <div class='ocr_carea' id='block_1_110' title="bbox 1067 2584 1858 2623">
    <p class='ocr_par' dir='ltr' id='par_1_110' title="bbox 1067 2584 1858 2623">
     <span class='ocr_line' id='line_1_110' title="bbox 1067 2584 1858 2623; baseline -0.004 -8"><span class='ocrx_word' id='word_1_782' title='bbox 1067 2588 1287 2623; x_wconf 64' lang='lat' dir='ltr'><strong>praetermisisse,</strong></span> <span class='ocrx_word' id='word_1_783' title='bbox 1304 2587 1369 2623; x_wconf 84' lang='lat' dir='ltr'><strong>quia</strong></span> <span class='ocrx_word' id='word_1_784' title='bbox 1390 2595 1485 2615; x_wconf 86' lang='lat' dir='ltr'><strong>earum</strong></span> <span class='ocrx_word' id='word_1_785' title='bbox 1509 2585 1738 2622; x_wconf 84' lang='lat' dir='ltr'><strong>signiﬁcationem</strong></span> <span class='ocrx_word' id='word_1_786' title='bbox 1758 2584 1858 2619; x_wconf 82' lang='lat' dir='ltr'><strong>priscis</strong></span> 
     </span>
    </p>
   </div>
   <div class='ocr_carea' id='block_1_111' title="bbox 1067 2629 1855 2668">
    <p class='ocr_par' dir='ltr' id='par_1_111' title="bbox 1067 2629 1855 2668">
     <span class='ocr_line' id='line_1_111' title="bbox 1067 2629 1855 2668; baseline -0.008 -7"><span class='ocrx_word' id='word_1_787' title='bbox 1067 2634 1121 2661; x_wconf 90' lang='lat' dir='ltr'><strong>illis</strong></span> <span class='ocrx_word' id='word_1_788' title='bbox 1146 2633 1257 2668; x_wconf 89' lang='lat' dir='ltr'><strong>perinde</strong></span> <span class='ocrx_word' id='word_1_789' title='bbox 1282 2638 1364 2668; x_wconf 84' lang='lat' dir='ltr'><strong>atque</strong></span> <span class='ocrx_word' id='word_1_790' title='bbox 1390 2632 1456 2664; x_wconf 89' lang='lat' dir='ltr'><strong>sibi,</strong></span> <span class='ocrx_word' id='word_1_791' title='bbox 1494 2632 1614 2666; x_wconf 77' lang='lat' dir='ltr'><strong>ignotam</strong></span> <span class='ocrx_word' id='word_1_792' title='bbox 1640 2637 1702 2657; x_wconf 88' lang='lat' dir='ltr'><strong>esse</strong></span> <span class='ocrx_word' id='word_1_793' title='bbox 1724 2629 1855 2664; x_wconf 85' lang='lat' dir='ltr'><strong>putabat:</strong></span> 
     </span>
    </p>
   </div>
   <div class='ocr_carea' id='block_1_112' title="bbox 1067 2675 1858 2716">
    <p class='ocr_par' dir='ltr' id='par_1_112' title="bbox 1067 2675 1858 2716">
     <span class='ocr_line' id='line_1_112' title="bbox 1067 2675 1858 2716; baseline -0.006 -8"><span class='ocrx_word' id='word_1_794' title='bbox 1067 2684 1174 2716; x_wconf 87' lang='lat' dir='ltr'><strong>poterat</strong></span> <span class='ocrx_word' id='word_1_795' title='bbox 1190 2680 1263 2707; x_wconf 90' lang='lat' dir='ltr'><strong>enim</strong></span> <span class='ocrx_word' id='word_1_796' title='bbox 1281 2687 1315 2707; x_wconf 78' lang='lat' dir='ltr'><strong>ex</strong></span> <span class='ocrx_word' id='word_1_797' title='bbox 1333 2679 1393 2707; x_wconf 81' lang='lat' dir='ltr'><strong>aliis</strong></span> <span class='ocrx_word' id='word_1_798' title='bbox 1414 2677 1552 2708; x_wconf 82' lang='lat' dir='ltr'><strong>mutuari,</strong></span> <span class='ocrx_word' id='word_1_799' title='bbox 1576 2676 1599 2704; x_wconf 92' lang='lat' dir='ltr'><strong>si</strong></span> <span class='ocrx_word' id='word_1_800' title='bbox 1620 2676 1689 2703; x_wconf 89' lang='lat' dir='ltr'><strong>bene</strong></span> <span class='ocrx_word' id='word_1_801' title='bbox 1711 2675 1858 2703; x_wconf 84' lang='lat' dir='ltr'><strong>translatas</strong></span> 
     </span>
    </p>
   </div>
   <div class='ocr_carea' id='block_1_113' title="bbox 1068 2719 1857 2760">
    <p class='ocr_par' dir='ltr' id='par_1_113' title="bbox 1068 2719 1857 2760">
     <span class='ocr_line' id='line_1_113' title="bbox 1068 2719 1857 2760; baseline -0.009 -6"><span class='ocrx_word' id='word_1_802' title='bbox 1068 2726 1103 2754; x_wconf 87' lang='lat' dir='ltr'><strong>ab</strong></span> <span class='ocrx_word' id='word_1_803' title='bbox 1127 2726 1167 2754; x_wconf 89' lang='lat' dir='ltr'><strong>eis</strong></span> <span class='ocrx_word' id='word_1_804' title='bbox 1180 2725 1340 2760; x_wconf 86' lang='lat' dir='ltr'><strong>putavisset.</strong></span> <span class='ocrx_word' id='word_1_805' title='bbox 1366 2724 1501 2752; x_wconf 63' lang='lat' dir='ltr'><strong>Prmterea</strong></span> <span class='ocrx_word' id='word_1_806' title='bbox 1535 2722 1622 2749; x_wconf 88' lang='lat' dir='ltr'><strong>multa</strong></span> <span class='ocrx_word' id='word_1_807' title='bbox 1649 2721 1733 2748; x_wconf 87' lang='lat' dir='ltr'><strong>verba</strong></span> <span class='ocrx_word' id='word_1_808' title='bbox 1761 2719 1857 2753; x_wconf 81' lang='lat' dir='ltr'><strong>fuisse,</strong></span> 
     </span>
    </p>
   </div>
   <div class='ocr_carea' id='block_1_114' title="bbox 1067 2768 1856 2807">
    <p class='ocr_par' dir='ltr' id='par_1_114' title="bbox 1067 2768 1856 2807">
     <span class='ocr_line' id='line_1_114' title="bbox 1067 2768 1856 2807; baseline -0.008 -7"><span class='ocrx_word' id='word_1_809' title='bbox 1067 2779 1185 2807; x_wconf 89' lang='lat' dir='ltr'><strong>quorum</strong></span> <span class='ocrx_word' id='word_1_810' title='bbox 1208 2771 1272 2799; x_wconf 89' lang='lat' dir='ltr'><strong>licet</strong></span> <span class='ocrx_word' id='word_1_811' title='bbox 1294 2769 1458 2806; x_wconf 83' lang='lat' dir='ltr'><strong>signiﬁcatio</strong></span> <span class='ocrx_word' id='word_1_812' title='bbox 1481 2777 1536 2796; x_wconf 92' lang='lat' dir='ltr'><strong>non</strong></span> <span class='ocrx_word' id='word_1_813' title='bbox 1554 2768 1738 2803; x_wconf 76' lang='lat' dir='ltr'><strong>ignoraretur,</strong></span> <span class='ocrx_word' id='word_1_814' title='bbox 1752 2774 1785 2794; x_wconf 81' lang='lat' dir='ltr'><strong>ex</strong></span> <span class='ocrx_word' id='word_1_815' title='bbox 1804 2774 1856 2794; x_wconf 86' lang='lat' dir='ltr'><strong>usu</strong></span> 
     </span>
    </p>
   </div>
   <div class='ocr_carea' id='block_1_115' title="bbox 1067 2811 1857 2851">
    <p class='ocr_par' dir='ltr' id='par_1_115' title="bbox 1067 2811 1857 2851">
     <span class='ocr_line' id='line_1_115' title="bbox 1067 2811 1857 2851; baseline -0.008 -6"><span class='ocrx_word' id='word_1_816' title='bbox 1067 2823 1159 2846; x_wconf 84' lang='lat' dir='ltr'><strong>tamen</strong></span> <span class='ocrx_word' id='word_1_817' title='bbox 1171 2815 1328 2844; x_wconf 63' lang='lat' dir='ltr'><strong>Iudaeorum</strong></span> <span class='ocrx_word' id='word_1_818' title='bbox 1346 2815 1535 2851; x_wconf 78' lang='grc' dir='ltr'><strong>ἀνερμήνευτα</strong></span> <span class='ocrx_word' id='word_1_819' title='bbox 1554 2813 1748 2846; x_wconf 87' lang='lat' dir='ltr'><strong>remanebant,</strong></span> <span class='ocrx_word' id='word_1_820' title='bbox 1767 2816 1793 2839; x_wconf 89' lang='lat' dir='ltr'><strong>et</strong></span> <span class='ocrx_word' id='word_1_821' title='bbox 1811 2811 1857 2840; x_wconf 89' lang='lat' dir='ltr'><strong>lit-</strong></span> 
     </span>
    </p>
   </div>
   <div class='ocr_carea' id='block_1_116' title="bbox 1067 2855 1858 2894">
    <p class='ocr_par' dir='ltr' id='par_1_116' title="bbox 1067 2855 1858 2894">
     <span class='ocr_line' id='line_1_116' title="bbox 1067 2855 1858 2894; baseline -0.011 -3"><span class='ocrx_word' id='word_1_822' title='bbox 1067 2863 1133 2891; x_wconf 88' lang='lat' dir='ltr'><strong>teris</strong></span> <span class='ocrx_word' id='word_1_823' title='bbox 1155 2862 1244 2890; x_wconf 87' lang='lat' dir='ltr'><strong>solum</strong></span> <span class='ocrx_word' id='word_1_824' title='bbox 1259 2860 1372 2894; x_wconf 68' lang='lat' dir='ltr'><strong>Graecis,</strong></span> <span class='ocrx_word' id='word_1_825' title='bbox 1393 2864 1424 2888; x_wconf 86' lang='lat' dir='ltr'><strong>ut</strong></span> <span class='ocrx_word' id='word_1_826' title='bbox 1439 2859 1572 2888; x_wconf 82' lang='lat' dir='ltr'><strong>Hebraice</strong></span> <span class='ocrx_word' id='word_1_827' title='bbox 1596 2858 1744 2890; x_wconf 86' lang='lat' dir='ltr'><strong>sonabant,</strong></span> <span class='ocrx_word' id='word_1_828' title='bbox 1764 2855 1858 2892; x_wconf 77' lang='lat' dir='ltr'><strong>expri-</strong></span> 
     </span>
    </p>
   </div>
   <div class='ocr_carea' id='block_1_117' title="bbox 1067 2901 1859 2944">
    <p class='ocr_par' dir='ltr' id='par_1_117' title="bbox 1067 2901 1859 2944">
     <span class='ocr_line' id='line_1_117' title="bbox 1067 2901 1859 2944; baseline -0.011 -6"><span class='ocrx_word' id='word_1_829' title='bbox 1067 2910 1227 2943; x_wconf 78' lang='lat' dir='ltr'><strong>mebantur;</strong></span> <span class='ocrx_word' id='word_1_830' title='bbox 1252 2907 1332 2944; x_wconf 88' lang='lat' dir='ltr'><strong>cujus</strong></span> <span class='ocrx_word' id='word_1_831' title='bbox 1350 2906 1390 2935; x_wconf 86' lang='lat' dir='ltr'><strong>rei</strong></span> <span class='ocrx_word' id='word_1_832' title='bbox 1403 2906 1527 2942; x_wconf 77' lang='lat' dir='ltr'><strong>exempla</strong></span> <span class='ocrx_word' id='word_1_833' title='bbox 1544 2905 1631 2934; x_wconf 84' lang='lat' dir='ltr'><strong>multa</strong></span> <span class='ocrx_word' id='word_1_834' title='bbox 1645 2905 1675 2934; x_wconf 85' lang='lat' dir='ltr'><strong>in</strong></span> <span class='ocrx_word' id='word_1_835' title='bbox 1688 2902 1759 2932; x_wconf 72' lang='lat' dir='ltr'><strong>LXX</strong></span> <span class='ocrx_word' id='word_1_836' title='bbox 1771 2901 1859 2930; x_wconf 77' lang='lat' dir='ltr'><strong>luter-</strong></span> 
     </span>
    </p>
   </div>
  </div>
