4122 6480
413 358 484 415 95
1777 340 2302 400 PRA‘ZLIMINARIA
3601 326 3672 382 96

412 471 660 544 pretibus
697 475 1022 524 occurrunt.
1067 466 1193 523 [late
1218 467 1460 538 objectio
1490 483 1598 523 non
1625 467 1997 522 verisimilitu-
2029 487 2070 541 Α
2101 463 2573 533 praetermisimus,
2633 457 2812 512 valere
2861 454 3052 524 possit.
3108 453 3164 508 in
3223 449 3453 544 aliquot
3485 455 3670 544 tamen

410 567 540 622 dine
589 572 739 620 caret
785 581 800 616 :
848 571 905 616 at
946 561 1048 616 etsi
1099 561 1396 630 aliquando
1447 560 1501 613 in
1549 560 1875 630 quihusdam
1923 573 1989 612 cx

411 656 592 712 allatis
630 655 766 709 locis
806 663 860 709 et
903 653 960 707 in
1002 651 1126 707 aliis
1168 651 1308 706 bene
1346 651 1536 705 multis
1579 665 1702 722 quae
1741 650 1991 704 consulto

2095 555 2362 625 exemplis
2389 550 2780 608 Theodotionis
2826 548 2914 602 vel
2951 543 3344 616 indiligentiam
3376 541 3460 597 vel
3499 539 3671 611 impe-

2099 646 2285 700 ritiam
2316 646 2406 700 vix
2435 657 2702 700 excusare
2729 652 3044 712 possumus.

1533 911 1912 1002 CAPUT
1972 911 2586 1005 OCTAVUM.

1585 1095 1676 1156 De
1729 1090 1999 1171 reliquis
2028 1085 2448 1150 editionibns.

409 1322 450 1376 ι
471 1324 668 1387 Quinta,
694 1322 866 1384 Sexta,
891 1322 1122 1387 Septima
1137 1321 1422 1387 editiones_,_
1437 1319 1745 1387 qpandonam
1785 1320 2066 1387 factgegint.
2105 1319 2164 1387 tl.
2203 1317 2521 1387 Quandonam
2542 1319 2759 1387 reperta:
2784 1311 2986 1387 fuerint.
3001 1313 3091 1384 lit.
3121 1313 3194 1364 De
3216 1314 3395 1374 Quinta
3418 1317 3663 1368 editione.

985 1384 1066 1434 ιν.
1089 1383 1164 1432 De
1188 1385 1359 1432 Sexta.
1382 1379 1540 1431 γωδ
1561 1382 1798 1444 Septima.
1825 1383 1908 1433 Vl.
1931 1383 2007 1433 De
2029 1383 2251 1444 Vulgata:
2275 1381 2511 1428 editionis
2545 1379 2731 1426 Latinae
2763 1379 3062 1438 praestantia.

479 1485 520 1542 ι.
551 1485 776 1554 Quinta,
799 1483 985 1553 Sexta,
1013 1483 1246 1554 Septima
1277 1485 1534 1540 editiones
1571 1487 1914 1557 quandonam

1030 1558 1191 1626 factas
1218 1557 1348 1612 sint.

479 1670 599 1738 Quo
630 1679 873 1740 tempore
896 1668 1118 1737 Quinta,
1147 1669 1332 1737 Sexta,
1357 1681 1411 1726 et
1438 1670 1678 1742 Septima
1717 1673 1986 1730 editiones

409 1765 629 1818 emissae
660 1761 901 1829 fuerint;
940 1779 1006 1817 an
1042 1765 1147 1818 alia
1181 1764 1343 1818 aliam
1388 1773 1545 1818 aetate.
1589 1766 1747 1836 longe
1785 1783 1987 1837 praece-

406 1855 522 1922 dat,
553 1871 677 1926 quae
716 1849 886 1925 prior,
931 1871 1052 1924 qua:
1105 1857 1372 1926 posterior
1413 1857 1736 1912 concinnata
1779 1859 1981 1923 fuerit,

405 1947 609 2020 quibus
653 1947 972 2003 auctoribus
1021 1948 1278 2017 singulm;
1324 1949 1456 2014 haec,
1504 1949 1748 2019 inquam,
1801 1953 1986 2006 omnia

405 2054 561 2110 teque
593 2040 778 2111 ignota
812 2049 971 2102 sunt,
1010 2057 1109 2096 nec
1141 2049 1316 2110 potest
1351 2041 1417 2096 iis
1442 2043 1508 2096 de
1543 2043 1704 2096 rebus
1735 2043 1814 2096 vel
1849 2058 1984 2097 con-

401 2131 660 2200 jectando
704 2131 981 2201 quidpiam
1035 2132 1284 2200 proferri.
1329 2130 1666 2204 Periudeque
1705 2135 1988 2205 ignoratur

405 2234 474 2273 an
505 2219 715 2289 Aquilae
739 2263 754 2286 ,
783 2220 1174 2278 Thcodotionis
1211 2232 1264 2277 et
1290 2222 1602 2295 Symmachi
1652 2227 1985 2282 editionihus

406 2310 513 2365 illa:
563 2313 646 2366 vel
706 2316 1046 2384 antiquiores
1096 2316 1240 2378 sint,
1285 2317 1370 2369 vel
1427 2325 1585 2370 astate
1631 2318 1982 2386 posteriores.

407 2402 466 2456 Si
496 2413 676 2458 tamen
725 2404 950 2472 Quinta,
983 2422 1106 2476 qua:
1143 2422 1286 2461 anno
1315 2406 1612 2462 Caracallae
1656 2409 1890 2477 septimo
1928 2408 1986 2463 in

403 2488 568 2546 doliis
606 2501 819 2562 reperta
845 2503 948 2558 est,
984 2503 1039 2548 tt
1072 2495 1234 2550 Sexta
1262 2511 1384 2565 quae
1425 2507 1666 2566 tempore
1691 2499 1985 2554 Alexandri

406 2578 595 2636 Severi
631 2584 687 2637 in
719 2586 881 2640 doliis
911 2588 1114 2654 pariter
1145 2587 1482 2656 deprehensa
1528 2589 1660 2655 fuit;
1699 2591 1746 2644 si
1789 2591 1984 2655 ambat,

405 2668 668 2739 inquam.
720 2673 826 2728 illa:
876 2675 930 2728 in
979 2675 1144 2730 doliis
1197 2678 1514 2748 hujnsmodi
1562 2680 1656 2734 diu
1706 2680 1983 2746 latuerint,

413 2757 811 2819 Theodotionis
859 2780 990 2820 sane
1042 2777 1095 2820 ct
1139 2766 1450 2839 Symmachi
1509 2771 1816 2837 editiones,
1863 2788 1987 2842 qua:

407 2851 574 2922 paulo
619 2863 747 2908 ante
793 2856 1009 2911 emissae
1065 2857 1316 2923 fuerant,
1370 2870 1528 2916 aetate
1581 2865 1982 2931 praecesserint.

405 2939 550 2996 Sane
578 2944 871 3000 verisimile
899 2947 1136 3011 videtur,
1161 2950 1243 3003 vel
1267 2965 1333 3004 ex
1367 2951 1487 3020 ipso
1515 2953 1771 3007 narrandi
1799 2952 1982 3019 modo,

401 3032 672 3091 editiones
711 3035 854 3103 illas,
895 3055 1018 3107 qua:
1057 3055 1188 3095 casu
1227 3041 1281 3095 in
1320 3043 1482 3097 doliis
1522 3042 1754 3099 latentes
1791 3045 1987 3115 depre-

403 3125 591 3180 hensa
635 3139 783 3193 sunt,
816 3143 924 3183 non
962 3132 1278 3200 nuperrime
1306 3134 1611 3192 occultatas
1658 3135 1852 3203 fuisse,
1887 3137 1982 3192 sed

402 3233 512 3273 non
542 3221 732 3288 paucis
763 3221 989 3276 latuisse
1026 3223 1205 3278 annis.
1245 3222 1325 3278 Ex
1354 3225 1454 3280 hac.
1488 3241 1653 3296 porro
1679 3227 1980 3282 editionum

402 3312 724 3366 collectione
766 3312 1208 3381 animadvertas,
1257 3316 1352 3369 illo
1394 3331 1512 3372 arvo
1537 3319 1737 3374 multos
1788 3318 1982 3384 fuisse.

401 3401 497 3476 qui
532 3401 812 3460 Hebraicis
837 3403 990 3459 libris
1023 3421 1192 3460 sacrae
1219 3406 1516 3474 Scriptura:
1543 3408 1730 3466 Graece
1764 3421 1981 3467 verten-

403 3497 492 3550 dis
522 3496 846 3550 insudarent
881 3513 894 3550 :
937 3509 1060 3550 nam
1099 3504 1295 3566 praeter
1327 3496 1469 3552 LXX
1510 3500 1855 3572 Interpretes,
1886 3519 1983 3558 sex

401 3587 540 3643 alias
567 3588 834 3644 editiones
864 3599 1056 3644 nactus
1077 3589 1458 3662 estOrigenes,
1481 3592 1576 3662 qui
1600 3593 1838 3650 fortasse
1871 3611 1982 3651 non

403 3693 595 3736 omnes
620 3695 744 3751 quae
771 3688 898 3734 ante
929 3680 1264 3749 prodierant,
1294 3683 1532 3752 reperire
1571 3688 1768 3754 potuit.

694 3771 757 3826 ll.
806 3769 1159 3838 Quandonam
1211 3787 1426 3841 reperta:
1471 3776 1690 3845 fuerint.

473 3861 730 3932 Quintam
765 3864 1062 3919 editionem
1098 3877 1369 3934 repertam
1421 3866 1591 3923 fuisse
1620 3869 1980 3927 Hierichuute

404 3954 460 4008 in
498 3953 680 4016 doliis,
710 3955 770 4008 ὲν
803 3953 1000 4020 πίθοις,
1043 3954 1312 4011 referebat
1334 3955 1618 4026 Origenes,
1653 3968 1789 4014 teste
1813 3959 1983 4016 Euse-

401 4045 516 4111 bio,
543 4044 685 4100 llist.
712 4045 840 4100 eccl.
879 4046 970 4101 lib.
1000 4062 1077 4112 vl,
1109 4062 1230 4116 cap.
1262 4047 1347 4111 16,
1373 4057 1428 4102 et.
1453 4048 1692 4117 quidem,
1714 4060 1772 4105 ut
1799 4061 1986 4107 narrat

405 4135 768 4208 Epiphanius,
805 4155 950 4192 anno
973 4139 1268 4196 Caracallze
1294 4140 1547 4210 septimo.
1575 4140 1738 4198 Sexta
1769 4145 1976 4213 pariter

403 4230 570 4283 editio
619 4229 674 4284 in
719 4231 882 4285 doliis
930 4233 1149 4288 inventa
1201 4231 1301 4287 fuit
1340 4231 1587 4302 Nicopoli
1632 4235 1702 4288 ad
1741 4235 1982 4302 Actium,

405 4330 648 4390 tempore
669 4320 1021 4376 Alexandrini
1057 4322 1262 4379 Severi.
1299 4323 1597 4393 Septimam
1627 4325 1754 4380 item
1789 4326 1983 4380 editio-

404 4431 527 4469 nem
557 4423 779 4468 nactum
803 4411 1094 4484 Origenem
1137 4415 1190 4467 in
1225 4413 1484 4483 liexaplis
1519 4415 1768 4484 posuisse
1798 4425 1985 4471 narrat

2090 1495 2140 1541 et
2167 1485 2383 1540 Sextum
2421 1492 2471 1536 et
2502 1481 2797 1550 Septimam
2831 1480 3151 1543 editionem,
3199 1495 3331 1549 quas
3368 1483 3531 1536 etiam
3569 1498 3666 1537 nos

2092 1577 2157 1630 de
2199 1575 2314 1644 ejus
2361 1571 2674 1626 bibliotheca
2728 1569 3018 1636 habemus,
3069 1571 3204 1623 miro
3252 1570 3434 1625 labore
3475 1573 3668 1640 reperit

2093 1668 2401 1739 (Origenes)
2448 1675 2500 1719 et
2535 1681 2655 1718 cum
2695 1665 2904 1718 caeteris
2949 1657 3266 1717 editiouibus
3316 1665 3664 1734 comparavit.

2091 1756 2259 1827 Igitur
2300 1771 2362 1809 ex
2391 1754 2609 1808 Eusebii
2651 1762 2704 1807 et
2731 1751 3045 1822 Hieronymi
3085 1753 3435 1820 testimoniis,
3464 1755 3668 1824 quibus

2089 1864 2198 1903 non
2245 1846 2370 1902 licet
2410 1845 2704 1915 refragari,
2751 1853 2958 1898 certum
3009 1852 3093 1897 est
3141 1841 3438 1913 Septimam
3497 1845 3664 1901 etiam

2086 1941 2378 1996 editionem
2427 1939 2480 1992 in
2523 1938 2850 2008 quibusdam
2902 1935 3199 2005 Scriptura:
3250 1937 3406 1992 libris
3447 1939 3516 1992 ab
3547 1939 3666 2007 ipso

2086 2031 2319 2102 Origene
2342 2031 2572 2102 positam
2602 2030 2791 2086 fuisse.
2820 2029 2876 2084 Id
2899 2043 3046 2085 certe
3073 2031 3326 2100 ignorare
3355 2047 3462 2085 non
3490 2034 3668 2102 potuit

2087 2125 2382 2189 Eusebius,
2425 2125 2520 2194 qui
2571 2126 2750 2193 ipsum
2783 2123 3037 2192 Origenis
3082 2125 3517 2194 autographum,
3553 2142 3662 2181 una

2086 2233 2212 2274 cum
2231 2217 2515 2285 Pamphilo
2545 2227 2806 2288 martyre,
2842 2216 3112 2278 tractavit,
3137 2219 3376 2272 correxit
3406 2219 3667 2274 scholiis-

2089 2329 2195 2384 que
2238 2311 2852 2366 illustravit.-Attameu
2891 2308 3188 2378 Septimam
3234 2326 3509 2380 nusquam
3551 2325 3684 2378 me-_

2087 2412 2266 2457 morat
2295 2402 2661 2472 Epiphanius,
2698 2401 2794 2470 qui
2841 2409 2902 2454 ut
2941 2403 2994 2454 in
3043 2399 3166 2454 aliis
3200 2401 3385 2454 minus
3423 2403 3668 2457 accurati

2086 2493 2370 2562 scriptoris
2421 2493 2719 2560 conspicua
2768 2491 2922 2560 signa
2966 2490 3134 2556 dedit,
3169 2491 3272 2545 hoc
3313 2491 3442 2546 item
3484 2493 3668 2548 indili-

2087 2591 2276 2653 genter
2308 2593 2574 2638 tractasse
2613 2581 3014 2636 existimandus
3044 2589 3148 2637 est.
3198 2583 3306 2637 Sed
3330 2623 3344 2648 ,
3375 2586 3522 2654 quod
3560 2585 3664 2640 mi-

2086 2689 2210 2728 rum
2247 2674 2516 2738 videatur,
2547 2682 2740 2727 auctor
2770 2669 3065 2742 Synapseos
3115 2675 3257 2727 inter
3291 2675 3666 2730 Athanasiana

2087 2783 2254 2836 opera
2285 2783 2456 2834 euszc,
2501 2766 2569 2821 de
2592 2767 2834 2836 Septima
2867 2767 3105 2822 editione
3139 2766 3214 2820 ita
3252 2765 3535 2836 loquitur:
3572 2764 3676 2822 Sed

2085 2859 2253 2928 ptima
2283 2870 2332 2912 et
2364 2869 2629 2926 postrema
2660 2859 3028 2926 interpretatio
3077 2859 3251 2911 sancti
3291 2858 3514 2911 Δ.αείαηὶ
3545 2875 3662 2911 ma-

2086 2949 2176 3019 gni
2211 2959 2401 3002 ascetce
2443 2958 2492 3002 et
2525 2949 2777 3018 martyris
2808 2958 2908 3012 est,
2941 2950 3030 3016 qui
3065 2959 3114 3002 et
3147 2951 3256 3017 ipse
3286 2967 3405 3003 cum
3444 2951 3500 3004 in
3526 2966 3666 3020 pra.

2087 3039 2260 3092 dictas
2285 3039 2541 3093 editiones
2575 3057 2692 3094 cum
2724 3039 2998 3093 Ilebraicis
3028 3040 3336 3106 conjunctas
3369 3042 3663 3108 incidisset,

2087 3141 2135 3185 et
2169 3129 2451 3201 diligenter
2486 3147 2604 3200 qua:
2642 3131 2720 3185 vel
2758 3132 3006 3198 deerant,
3051 3131 3128 3186 vel
3173 3132 3445 3201 superﬂua
3487 3143 3664 3196 erant.

2086 3223 2437 3291 inspexisset,
2485 3239 2548 3276 ac
2599 3224 2707 3278 suis
2751 3222 3043 3294 quibusque
3083 3221 3488 3293 Scripturarum
3529 3223 3665 3279 locis

2085 3316 2432 3380 correxistet,
2494 3317 2784 3371 versionem
2844 3317 2979 3371 hanc
3024 3315 3347 3372 Christianis
3406 3317 3665 3387 fratribus

2085 3407 2274 3470 edidit,
2313 3423 2430 3479 quae
2462 3407 2852 3479 interpretatio,
2893 3410 3002 3463 sive
3045 3409 3212 3478 ipsius
3259 3425 3422 3461 mann
3465 3409 3668 3462 descri-

2085 3512 2206 3570 ptus
2249 3498 2405 3564 liber,
2447 3510 2563 3570 post
2598 3501 2713 3570 ejus
2761 3509 3026 3555 certamen
3072 3509 3122 3553 et
3163 3500 3482 3568 martyrium
3525 3499 3667 3568 quod

2084 3593 2179 3647 sub
2225 3591 2558 3646 Diocletiano
2605 3601 2654 3646 et
2697 3590 3050 3644 Maximiano
3089 3591 3332 3659 tyrannis
3385 3590 3664 3656 sustinuit,

2083 3694 2314 3752 repertus
2347 3695 2423 3737 est
2459 3681 2788 3736 Nicomediw
2819 3681 2912 3734 sub
2947 3680 3302 3736 Constantino
3337 3681 3530 3752 Magno
3559 3684 3664 3736 im-

2082 3787 2328 3848 peratore
2360 3777 2503 3846 apud
2528 3774 2778 3838 Juda’os,
2809 3774 2865 3826 in
2899 3775 3101 3842 pariete
3147 3775 3339 3826 turrito
3377 3773 3521 3828 calce
3559 3775 3668 3828 cir-

2082 3869 2340 3935 cumlita,
2399 3868 2457 3921 in
2515 3883 2619 3937 quo
2673 3864 2931 3919 custodia:
2984 3865 3161 3936 gratia
3215 3865 3416 3934 positus
3465 3865 3664 3935 fuerat.

2085 3958 2178 4016 Sic
2217 3959 2306 4014 ille
2339 3958 2682 4013 decantatam
2722 3957 2870 4012 illam
2905 3956 3134 4012 Luciani
3181 3958 3438 4030 martyris
3464 3957 3664 4012 editio-

2085 4069 2208 4109 nem
2253 4067 2380 4107 cum
2409 4049 2648 4120 Septima
2683 4049 2977 4121 Hexaplari
3021 4048 3289 4112 confudit.
3323 4067 3498 4120 exque
3530 4051 3667 4107 dus-

2085 4146 2189 4202 bus
2235 4161 2402 4200 unam
2450 4143 2596 4199 fecit.
2661 4144 2818 4211 Quod
2850 4153 3217 4199 commentum
3252 4142 3470 4198 Eusebii
3502 4150 3668 4212 atque

2086 4234 2401 4307 Hieronymi
2455 4234 2786 4289 testimoniis
2837 4233 3170 4303 exploditur,
3222 4248 3456 4303 quorum
3493 4232 3664 4302 prior,

2086 4329 2333 4384 Luciano
2367 4329 2592 4400 martyri
2624 4327 2872 4396 aequalis,
2911 4327 2965 4381 in
3002 4326 3123 4396 ipso
3157 4325 3499 4397 autographo
3531 4324 3666 4380 vidit

2088 4420 2388 4490 Septimam
2439 4422 2508 4475 ab
2546 4421 2780 4490 Origene
2831 4427 2959 4474 ante
3005 4433 3184 4474 annos
3232 4418 3354 4487 plus
3395 4417 3666 4487 quinqua-

404 4503 672 4560 Eusebius
714 4505 804 4560 lib.
830 4521 900 4568 vt,
952 4504 1313 4574 cap.16:’Ev
1335 4521 1399 4573 γε
1425 4505 1529 4577 μὴν
1555 4508 1666 4570 τοῖς
1697 4505 1982 4572 Ἐξαπλοῖς

2086 4514 2232 4583 ginta
2277 4515 2329 4567 in
2390 4511 2644 4581 llexaplis
2689 4512 2949 4581 positam.
2984 4509 3065 4563 Ad
3105 4511 3220 4564 haec
3249 4522 3381 4563 vero
3416 4506 3662 4562 auctoris

401 4597 512 4652 τῶν
531 4597 774 4668 Ψαλμῶν
802 4597 940 4668 μετᾶ
964 4597 1062 4660 τὰς
1084 4598 1387 4670 ἐπισήμους
1418 4598 1690 4672 τέςσαρας
1718 4599 1976 4664 ἐκδόσεις,

403 4689 464 4743 οὐ
505 4689 662 4760 μόνον
699 4689 984 4758 Πέμπτην,
1029 4687 1166 4742 ἀλλὰ
1205 4691 1298 4742 καὶ
1327 4690 1530 4761 Ἕκτην
1576 4691 1672 4744 καὶ
1715 4689 1980 4760 Ἐϐδόμην

404 4780 673 4851 παραθεὶς
721 4780 1036 4850 ἑρμηνείαν.
1082 4779 1136 4834 ltl
1181 4789 1316 4834 est:
1371 4779 1563 4851 Utique
1616 4781 1670 4833 in
1719 4779 1978 4850 llesaplis

406 4872 745 4926 Psalmorum
791 4881 907 4941 post
957 4871 1188 4942 insignes
1239 4871 1362 4925 illas
1409 4881 1640 4942 quatuor
1687 4871 1977 4937 editiones,

403 4966 495 5020 ubi
525 4982 626 5019 non
655 4965 832 5018 solum
858 4963 1136 5030 Quintam,
1169 4965 1259 5019 sed
1287 4966 1448 5018 etiam
1479 4961 1697 5020 Sextum
1724 4974 1774 5020 et
1801 4963 1978 5034 Septi-

405 5071 547 5110 mam
597 5057 882 5111 editionem
927 5057 1192 5126 apposuit,
1232 5065 1337 5110 etc.
1388 5055 1515 5112 Haec
1556 5057 1611 5111 in
1657 5066 1981 5112 transcursu

403 5164 637 5204 narrans
680 5148 974 5213 Eusebius,
1031 5149 1086 5203 in
1134 5147 1370 5204 Psalmis
1420 5159 1628 5204 tantum
1681 5148 1980 5219 Septimam

403 5242 700 5296 editionem
739 5241 908 5297 fuisse
938 5249 1224 5296 memorat.
1258 5239 1364 5296 Sed
1405 5241 1522 5311 ipso
1554 5251 1691 5298 teste
1720 5241 1978 5310 Eusebio,

404 5332 462 5386 in
507 5334 814 5389 minoribus
861 5335 1025 5388 etiam
1076 5333 1360 5404 prophetis
1413 5335 1748 5399 habebatur,
1799 5334 1980 5389 locum

403 5424 550 5480 enim
583 5421 839 5494 Septima:
885 5442 951 5480 ex
985 5423 1244 5480 Habacuc
1293 5440 1415 5496 cap.
1455 5441 1492 5479 η
1539 5426 1655 5496 ipse
1687 5425 1892 5494 profert
1925 5427 1980 5483 in

404 5514 868 5572 Demonstratione
923 5518 1257 5588 evangelica;
1310 5528 1492 5572 utrum
1547 5520 1601 5572 in
1645 5519 1768 5573 aliis
1814 5519 1981 5574 etiam

406 5609 563 5664 libris
597 5609 763 5664 fuerit
804 5610 913 5681 iam
954 5613 1132 5681 capite
1168 5613 1347 5681 primo
1393 5609 1852 5666 Prmliminarium
1887 5625 1983 5667 ex-

406 5717 637 5774 pensum
680 5703 804 5758 fuit.
837 5703 1074 5760 Eusebio
1114 5705 1316 5761 accinit
1341 5703 1706 5777 Hieronymus
1743 5704 1816 5758 De
1842 5705 1979 5758 scri-

405 5794 644 5852 utoribus
689 5795 1099 5852 ecclesiasticis:
1133 5795 1424 5864 Praeterea,
1469 5796 1675 5868 inquit,
1722 5795 1980 5862 Quintam

2085 4604 2378 4676 Synapseos
2416 4607 2656 4658 narratio
2688 4604 2964 4673 respuitur
2997 4618 3062 4656 ex
3097 4603 3231 4668 ipsis
3267 4600 3524 4670 Septima;
3555 4597 3666 4653 fra-

2083 4698 2336 4768 gmentis,
2364 4710 2506 4765 quze,
2536 4704 2594 4748 ut
2624 4693 3060 4748 testitieabantnr
3087 4691 3360 4746 Eusebius
3389 4700 3443 4745 et
3469 4688 3670 4744 Hiero-

2082 4801 2299 4857 nymus,
2336 4785 2390 4838 in
2432 4784 2622 4854 paucis
2652 4783 2947 4853 Scriptura:
2995 4783 3148 4838 lihris
3182 4784 3372 4836 aderat
3412 4799 3424 4835 :
3471 4789 3665 4836 contra

2081 4896 2214 4934 vero
2256 4877 2485 4932 Lueiani
2526 4876 2699 4932 editio
2739 4884 2908 4930 totam
2939 4875 3284 4945 Scripturam
3334 4874 3665 4943 complecte-

2082 4971 2273 5036 batur;
2291 4971 2536 5039 nihilque
2553 4969 2701 5022 aliud
2722 4977 2838 5022 erat
2855 4984 3018 5038 quam
3044 4967 3421 5037 interpretatio
3449 4965 3558 5020 τῶν
3584 4969 3666 5035 O',

2085 5061 2332 5131 plurimis
2355 5061 2407 5116 in
2435 5061 2570 5115 locis
2590 5061 2660 5115 ab
2691 5062 2879 5116 eodem
2899 5069 3089 5115 sancte
3107 5068 3343 5129 martyre
3355 5058 3664 5123 emendata.

2081 5170 2205 5223 qua:
2233 5153 2422 5207 multis
2450 5162 2574 5221 post
2605 5151 2932 5206 concinnata
2963 5149 3204 5218 llexapla
3241 5148 3402 5204 annis
3445 5148 3666 5220 prodie-

2085 5254 2190 5298 rat.
2275 5242 2414 5296 lline
2462 5257 2594 5296 vero
2662 5242 3018 5310 eorrigendns
3069 5241 3300 5294 Brianus
3350 5238 3662 5308 Waltonus,

2082 5337 2176 5406 qui
2208 5335 2276 5388 ab
2303 5347 2525 5390 auctore
2555 5332 2849 5403 Synopseos
2879 5334 3158 5402 deceptus,
3189 5333 3444 5402 opinatur
3478 5332 3664 5403 Septi-

2083 5442 2226 5482 mam
2265 5428 2512 5482 eamdem
2553 5443 2676 5484 esse
2701 5441 2867 5497 quam
2899 5423 3128 5479 Luciani
3171 5425 3430 5496 martyris
3463 5425 3666 5484 editio-

2083 5537 2230 5576 nem.
2265 5519 2579 5592 Prolegom.
2614 5536 2691 5585 ix,
2726 5536 2880 5574 num.
2908 5518 3000 5576 20.

2501 5612 2591 5668 ΙΙΙ.
2638 5613 2716 5668 De
2754 5611 2955 5678 Quinta
2986 5613 3235 5668 editione.

2152 5701 2591 5765 Chrisnanusne.
2623 5718 2693 5762 an
2721 5701 2964 5766 Judteus,
3009 5702 3462 5760 Samaritanusve
3495 5700 3665 5759 fuerit

2083 5795 2176 5866 qui
2205 5795 2500 5853 editionem
2532 5793 2794 5862 Quintam
2825 5795 3133 5858 adornavit.
3165 5810 3270 5852 nec
3301 5811 3370 5854 ex
3415 5806 3662 5852 veterum
