4122 6458
524 446 591 502 97
1725 433 1796 488 IN
1834 432 2157 489 HEXAPLA
2195 431 2540 489 ORIGENIS.
3707 439 3778 496 98

519 559 860 627 testimonio,
886 574 988 614 nec
1015 573 1083 613 ex
1116 557 1235 627 ejus
1262 555 1706 627 interpretatione
1731 555 1907 627 colligi
1936 568 2098 625 posse
2127 561 2170 615 Α
2199 551 2403 617 ptimze,
2439 566 2560 619 qure
2588 550 2642 604 in
2670 548 2924 605 Habacue
2951 551 3210 621 propheta
3249 566 3353 607 suo
3375 553 3567 608 ordine
3602 554 3780 623 posita

519 652 763 707 videtur:
788 644 1046 718 quisquis
1078 661 1210 702 vero
1236 646 1418 711 fuerit,
1451 646 1621 700 multo
1650 647 1904 700 liberiore
1932 661 2095 715 quam

524 739 889 799 Symmachus
917 739 1306 808 interpretandi
1353 753 1549 808 genere
1597 755 1731 793 usus
1763 746 1867 801 est,
1915 737 1989 792 ita
2040 748 2100 791 ut

521 830 916 902 paraphrasten
958 830 1286 899 quandoque
1329 828 1523 897 sapiat,
1554 838 1611 882 ut
1654 829 1840 883 videre
1872 844 2099 897 praeser-

521 922 623 978 tim
652 930 736 976 est
771 923 825 976 in
858 919 1146 975 duodecim
1190 919 1469 989 prophetis
1500 920 1820 986 minoribus,
1866 921 1955 974 ubi
1994 918 2100 973 fre-

525 1012 810 1084 quentiora
856 1011 1099 1080 ejusdem
1141 1009 1441 1080 fragmenta
1490 1011 1779 1065 habentur.
1832 1009 1924 1065 Sic
1962 1009 2098 1066 Osee

522 1118 602 1165 vr,
632 1103 687 1167 9.,
723 1118 910 1157 vocem
941 1109 1161 1167 utram,
1195 1117 1357 1170 quam
1391 1102 1594 1164 caeteri,
1634 1101 1838 1155 curabit
1868 1119 1981 1164 nos,
2012 1102 2095 1156 vel

525 1194 766 1265 alligabit
794 1211 913 1256 nos,
943 1194 1387 1262 interpretantur,
1414 1195 1528 1262 ipse
1558 1196 1737 1257 vertit,
1764 1195 1938 1264 ὑγιεῖς
1965 1196 2098 1248 ἁπο-

526 1286 709 1353 δείξει,
739 1303 897 1340 sanos
939 1286 1220 1341 exhibebit.
1267 1285 1333 1340 Et
1373 1284 1510 1342 Osee
1547 1303 1643 1351 vn,
1692 1289 1778 1354 14,
1830 1289 1942 1342 haec
1993 1286 2098 1341 He-

526 1377 709 1433 braica
740 1378 902 1432 verba
940 1385 1001 1437 νει
1029 1383 1172 1436 τῆνον
1214 1386 1426 1439 ιη’-πων
1460 1387 1660 1438 unum
1706 1362 1914 1464 prb-.7,
1959 1394 2095 1448 quo-

526 1481 647 1520 rum
678 1481 872 1521 sensus
903 1474 1006 1530 est,
1044 1483 1201 1535 super
1235 1468 1472 1521 triticum
1505 1479 1553 1521 et
1583 1470 1759 1521 vinum
1797 1467 2095 1537 congregati

526 1566 668 1619 sunt,
695 1567 1016 1610 recesserunt
1052 1574 1085 1610 a
1120 1573 1219 1622 me,
1250 1559 1363 1627 ipse
1395 1560 1577 1625 vertit,
1617 1559 1721 1612 ὑπὸ
1764 1558 1977 1631 τρυφῆς
2003 1558 2096 1611 uati.

526 1648 840 1719 πλησμονῆς
882 1649 1032 1703 σίτου
1075 1651 1170 1702 καὶ
1208 1649 1350 1703 οἴνου
1378 1650 1691 1722 ἀπέστησάν
1739 1669 1861 1722 μου,
1908 1652 2092 1717 idest,

522 1755 556 1793 a
585 1740 850 1809 voluptate
876 1750 924 1794 et
961 1741 1292 1795 abundantia
1322 1744 1488 1796 tritici
1514 1756 1563 1796 et
1602 1745 1708 1797 vini
1734 1744 2031 1812 defecerunt
2062 1760 2095 1795 α

524 1848 628 1887 me.
667 1832 759 1887 Sic
792 1834 882 1888 ille
931 1834 1040 1888 fere
1070 1849 1284 1903 semper
1317 1836 1540 1889 liberam
1572 1852 1672 1891 nec
1706 1837 1898 1891 littere
1929 1835 2092 1890 astri-

525 1932 667 1977 ctam
714 1924 1211 1994 interpretationem
1243 1924 1418 1990 et‘fert,
1446 1927 1520 1980 ita
1569 1936 1749 1981 tamen
1794 1937 1854 1980 ut
1898 1941 1929 1978 a
1963 1939 2090 1978 vera
2120 1906 2164 1964 Β

527 2011 824 2084 Scriptura:
866 2024 1043 2070 mente
1073 2032 1180 2070 non
1224 2017 1485 2070 recedat:
1528 2033 1651 2086 qua:
1682 2032 1844 2071 causa
1888 2015 1990 2071 fuit
2034 2025 2094 2071 ut

527 2098 795 2173 Vulgatus
837 2105 1097 2173 interpres
1142 2106 1196 2158 in
1228 2104 1314 2160 his
1357 2107 1744 2175 prophetarum
1784 2106 1940 2162 libris
1981 2121 2088 2160 non

530 2192 898 2265 infrequenter
923 2195 1094 2265 ipsum
1131 2196 1281 2264 sequi
1305 2197 1569 2251 videatur.

1087 2285 1177 2340 IV.
1219 2285 1297 2340 De
1338 2283 1520 2341 Sexta.
1592 2352 1604 2363 ι

599 2374 814 2431 Sextum
844 2391 973 2431 vero
1002 2377 1297 2431 editionem
1328 2391 1356 2430 a
1389 2376 1698 2431 Christiano
1724 2377 1842 2431 viro
1869 2375 2091 2431 concin-

524 2478 704 2521 natam
737 2468 902 2523 fuisse
942 2470 1025 2522 vel
1053 2484 1119 2538 es
1160 2470 1263 2521 hoc
1294 2483 1403 2520 uno
1429 2467 1550 2535 ejus
1595 2467 1896 2537 fragmento
1923 2469 2090 2537 liqui-

521 2560 649 2615 dum
691 2569 793 2620 est,
836 2559 1090 2615 Habacuc
1133 2576 1215 2623 ιιι,
1273 2562 1358 2621 i5.
1412 2562 1500 2615 ubi
1553 2561 1682 2614 illud
1730 2561 2087 2615 llebraicum:

518 2658 838 2732 qutun-nn
880 2637 1028 2715 vah
1061 2661 1189 2730 ‘13:?
1242 2635 1389 2715 rei:
1414 2660 1556 2712 me}?
1593 2653 1673 2706 sic
1707 2653 2090 2723 interpretatur

520 2741 654 2810 ipse,
695 2741 942 2812 Ἐξῆλθες
971 2741 1066 2796 τοῦ
1094 2742 1266 2795 σῶσαι
1292 2743 1382 2796 τὸν
1403 2743 1528 2797 λαόν
1558 2761 1650 2795 σου
1671 2743 1758 2797 διὰ
1793 2745 1965 2816 Ἰησοῦ
1993 2743 2087 2799 τοῦ

517 2831 753 2903 Χριστοῦ
801 2850 926 2886 σου·
976 2833 1231 2903 Egressus
1272 2852 1324 2889 es
1369 2836 1438 2887 ad
1484 2834 1793 2889 saluandam
1838 2836 2088 2906 populum

519 2931 667 2977 tuum
713 2941 804 2992 per
848 2923 1031 2977 Iesum
1075 2924 1344 2980 Christum
1394 2938 1563 2981 tuum.
1617 2925 1786 2996 Cujus
1834 2928 2086 2981 versiculi

517 3015 703 3072 Graeca
729 3032 795 3070 ex
828 3018 1215 3087 manuscriptis
1241 3028 1540 3078 eruuntur;
1572 3018 1765 3073 Latina
1795 3035 1860 3075 ex
1890 3020 2086 3076 Hiero-

516 3122 701 3178 nymo,
731 3109 825 3176 qui
859 3110 1009 3162 addit
1057 3109 1276 3164 Sextam
1319 3110 1607 3165 editionem
1658 3113 1883 3181 prodere
1912 3114 2087 3167 mani-

514 3193 812 3249 festissime
848 3207 1271 3250 sacramentum.
1303 3197 1400 3251 llic
1433 3208 1611 3253 autem
1643 3201 1925 3270 interpres,
1966 3218 2086 3270 per-

514 3283 641 3338 inde
682 3294 843 3353 atque
878 3286 1205 3354 priecedens,
1239 3288 1555 3356 paraphrasi
1602 3291 1886 3359 gaudebat,
1924 3301 1981 3345 ut
2029 3293 2083 3345 in

512 3374 633 3431 loco
668 3376 779 3444 jam
810 3377 973 3429 allato
1007 3378 1448 3445 deprehenditur,
1480 3378 1606 3433 licet
1634 3380 1768 3432 nihil
1800 3381 1870 3433 ibi
1900 3382 2085 3435 efferat

514 3469 618 3521 nisi
650 3479 882 3522 mentem
919 3468 1199 3523 llebraiczc
1228 3468 1539 3537 Scriptura).
1577 3469 1771 3523 Verum
1816 3471 1868 3524 in
1914 3473 2084 3526 altero

511 3556 631 3625 ejus
661 3557 780 3611 loco
806 3559 965 3624 longe
1000 3558 1258 3628 majorem
1292 3560 1628 3626 exspatiandi
1667 3560 1934 3613 licentiam
1967 3561 2084 3615 ani-

511 3648 837 3704 madvertas.
899 3648 1099 3702 Psahn.
1165 3664 1362 3714 xxxw,
1425 3649 1528 3711 55,
1588 3649 1809 3704 llebrma
1859 3652 1937 3705 sic
1989 3652 2084 3707 ha-

510 3737 675 3795 bent:
704 3750 829 3825 pun
854 3751 1032 3801 mm:
1065 3752 1294 3806 muniri
1331 3751 1476 3825 γ’-ιν
1505 3752 1634 3805 ruri
1676 3751 1861 3807 inim,
1901 3742 1951 3796 id
1978 3755 2079 3807 est.

511 3831 618 3884 uidi
648 3832 865 3900 impium
897 3833 1185 3900 terriﬁcum
1222 3834 1601 3901 cli/fundentem
1634 3850 1687 3887 se
1728 3835 1864 3887 sicut
1895 3834 2079 3889 laurus

511 3919 716 3984 uiridis,
759 3922 892 3983 sive,
925 3930 983 3974 ut
1018 3920 1380 3991 Hieronymus
1406 3922 1588 3988 habet,
1613 3924 1749 3976 sicut
1780 3924 2081 3992 indigenam

509 4011 779 4075 virentem,
806 4013 898 4066 ubi
924 4011 1169 4082 Vulgata,
1196 4016 1300 4066 vidi
1327 4015 1544 4083 impium
1569 4014 2013 4083 superexaltatum
2030 4022 2078 4066 et

508 4103 764 4156 eleuatum
795 4105 929 4156 sicut
970 4105 1148 4159 cedros
1180 4104 1402 4171 Libani;
1434 4105 1592 4161 Sexta
1623 4123 1751 4161 vero
1785 4108 1861 4162 sic
1890 4108 2079 4162 :Ei60v

508 4194 679 4264 ἀσεϐῆ
723 4195 815 4249 καὶ
840 4195 1030 4266 ἀναιδῆ
1068 4197 1503 4269 ἀντιποιούμενον
1527 4200 1584 4251 ὲν
1615 4199 1961 4271 σκληρότητι,
1987 4201 2079 4253 καὶ

506 4282 753 4353 λέγοντα,
781 4286 910 4353 Εἰμὶ
931 4285 1005 4348 ὼς
1027 4285 1296 4356 αὐτοχθὼν
1319 4287 1634 4358 περιπατῶν
1662 4290 1717 4340 ἐν
1743 4290 2073 4362 δικαιοσύνῃ.

506 4373 563 4429 1d
591 4384 674 4429 est
703 4393 715 4427 :
764 4375 880 4428 Vidi
916 4378 1133 4445 impiunt
1171 4386 1221 4430 et
1253 4378 1603 4446 impudentem
1650 4379 1753 4432 sibi
1802 4380 2077 4434 vindican-

508 4473 611 4518 tem
657 4466 711 4518 in
762 4466 984 4530 duritia,
1023 4475 1072 4520 et
1121 4466 1425 4522 dicentem:
1463 4465 1592 4521 Sum
1642 4471 1778 4522 sicut
1829 4470 2076 4539 indigena

2201 651 2349 709 erat,
2415 650 2473 695 ut
2516 642 2683 711 liquet
2718 657 2782 696 ex
2827 643 2946 711 ejus
2999 642 3303 712 fragmento
3364 660 3485 713 cap.
3527 661 3590 709 ll,
3632 645 3689 709 4,
3725 655 3782 701 et

2198 748 2263 786 ex
2308 740 2434 786 nota
2461 733 2773 803 Hieronymi
2806 732 3005 786 ibidem
3036 735 3090 801 ir.
3125 734 3212 789 ll.
3244 732 3356 789 Hie
3390 744 3570 789 autem
3610 736 3778 791 inter-

2199 841 2323 894 pres
2347 826 2525 879 locum
2555 840 2719 901 supra
2747 824 2967 877 allatum
3006 826 3059 894 ᾗ.
3099 825 3186 887 15,
3220 841 3380 895 quem
3413 825 3777 900 Hieronymus

2198 908 2444 980 queritur
2501 927 2531 965 a
2592 911 2919 983 Symmacho
2973 912 3460 970 et’Theodotione
3517 917 3777 975 Ebionaeo

2199 1018 2349 1056 more
2378 1017 2593 1056 versum
2624 1001 2794 1057 fuisse
2824 1003 2926 1056 hoc
2951 1011 3128 1071 pacto,
3155 1021 3391 1073 egressus
3422 1025 3475 1061 es
3506 1018 3563 1060 ut
3595 1009 3777 1063 salva-

2197 1110 2278 1147 res
2305 1094 2556 1163 populum
2585 1104 2752 1160 tuum,
2789 1104 2849 1147 ut
2884 1096 3116 1149 salvares
3150 1095 3423 1151 Christum
3466 1108 3613 1152 tuum
3633 1143 3647 1165 ,
3676 1100 3777 1157 Ju-

2196 1184 2354 1239 daico
2383 1199 2607 1253 prorsus
2632 1200 2780 1237 more
2805 1186 3090 1251 convertit,
3119 1186 3204 1240 his
3235 1188 3446 1244 verbis:
3478 1190 3777 1263 ‘Avs'sdtvq;

2195 1276 2288 1328 ἐπὶ
2321 1277 2562 1348 σωτηρίᾳ
2592 1276 2683 1329 τοῦ
2721 1275 2850 1329 λαοῦ
2882 1293 2994 1339 σου,
3040 1275 3302 1349 ῥύσασθαι
3329 1281 3456 1345 τοὺς
3487 1281 3777 1345 ἐκλεκτούς

2197 1382 2312 1420 σου·
2344 1368 2650 1435 Apparuisti
2681 1385 2836 1436 super
2872 1368 3045 1423 salute
3077 1371 3256 1439 populi
3293 1372 3389 1435 tui,
3435 1373 3504 1424 ad
3539 1373 3776 1429 liberam

2194 1456 2321 1510 dum
2364 1458 2552 1512 electos
2599 1468 2737 1524 tuos,
2782 1458 2872 1512 ubi
2921 1475 3115 1513 nomen
3165 1460 3367 1515 Christi
3414 1462 3468 1515 in
3506 1462 3775 1519 llebraico

2193 1564 2512 1619 expressum
2555 1559 2758 1631 -ίηηζηο
2794 1551 2845 1603 in
2888 1550 3088 1605 electos
3142 1554 3371 1607 vertitur
3413 1570 3426 1604 :
3465 1556 3608 1623 quod
3644 1573 3778 1612 sane

2194 1642 2278 1694 vir
2322 1640 2666 1696 Christianus
2706 1657 2815 1695 non
2875 1641 3082 1697 fecerit.
3122 1641 3198 1696 Ex
3257 1644 3362 1698 hoc
3416 1645 3542 1699 item
3599 1648 3779 1716 capite

2192 1730 2617 1799 deprehenditur
2654 1732 2800 1786 hunc
2842 1733 3191 1802 interpretem
3236 1735 3528 1790 admodum
3590 1756 3775 1811 παρα-

2194 1820 2510 1891 φραστικῶς
2541 1823 2788 1888 vertisse,
2819 1835 2877 1878 ut
2905 1825 3154 1893 quisquis
3180 1826 3364 1880 videre
3398 1831 3590 1896 possit.

2265 1911 2359 1967 llis
2400 1915 2582 1982 itaque
2615 1916 2934 1983 perspectis,
2970 1918 3257 1972 dicendum
3285 1929 3474 1982 restat,
3519 1929 3628 1975 tres
3655 1922 3779 1978 illas

2193 2001 2570 2069 superadditas
2598 2003 3074 2076 editiones,-longe.
3111 2007 3351 2061 liberiori
3380 2009 3774 2079 interpretandi

2192 2103 2386 2157 genere
2409 2090 2761 2146 concinnatas
2788 2091 2977 2158 fuisse,
3013 2111 3175 2165 quam
3201 2097 3492 2153 editionem
3525 2100 3776 2172 Symma-

2192 2178 2300 2242 chi,
2332 2178 2425 2247 qui
2456 2188 2635 2233 tamen
2669 2182 2841 2249 magis
2871 2199 3034 2252 quam
3059 2185 3254 2255 Aquila
3285 2196 3341 2242 et
3368 2186 3672 2246 Theodotio
3702 2193 3772 2246 ab

2193 2265 2453 2323 llebraica
2486 2269 2659 2324 littera
2692 2270 2947 2327 deﬂectit.

2262 2356 2376 2413 Erit
2411 2358 2548 2413 forte
2576 2360 2670 2429 qui
2712 2361 2969 2417 reclamet
3003 2364 3070 2418 iis
3122 2380 3245 2435 qua:
3294 2382 3462 2437 supra
3498 2370 3767 2433 diximus.

2191 2464 2386 2518 nempe
2428 2460 2539 2506 tres
2576 2452 2697 2507 illas
2740 2456 3117 2523 superadditas
3165 2458 3456 2525 editiones,
3485 2459 3768 2528 Quintam,

2192 2537 2410 2594 Sextam
2455 2552 2507 2595 et
2538 2540 2860 2611 Septimam,
2894 2546 2962 2599 ab
2991 2544 3228 2616 Origene
3260 2550 3467 2618 positas
3506 2550 3679 2607 fuisse
3713 2554 3768 2607 in

2188 2631 2494 2687 minoribus
2540 2634 2840 2703 prophetis,
2888 2644 2942 2690 et
2995 2637 3109 2692 hzec
3156 2639 3428 2707 objiciat:
3479 2639 3537 2694 In
3584 2642 3773 2698 codice

2188 2722 2485 2780 Barherino
2515 2726 2739 2782 affertur
2780 2728 2933 2783 locus
2961 2730 3096 2784 Osee
3127 2747 3246 2799 cap.
3292 2749 3368 2795 x1,
3405 2749 3457 2787 v.
3495 2734 3547 2798 l,
3574 2714 3767 2791 eodem

2189 2818 2565 2872 columnarum
2590 2821 2777 2874 ordine
2800 2837 2909 2889 quo
2936 2822 2989 2876 in
3013 2821 3269 2892 Hexaplis
3298 2833 3435 2889 erat,
3461 2827 3552 2880 ubi
3580 2838 3762 2883 tamen

2189 2924 2289 2963 nec
2337 2908 2558 2976 Quinta,
2610 2928 2713 2966 nec
2755 2913 2939 2974 Sexta,
3000 2931 3099 2970 nec
3135 2914 3372 2986 Septima
3422 2929 3765 2988 comparent,

2188 3002 2330 3056 unde
2361 3005 2514 3074 sequi
2548 3005 2758 3058 videtur
2790 3007 2908 3060 illas
2940 3008 3204 3063 editiones
3241 3011 3293 3063 in
3331 3011 3608 3080 prophetis
3651 3014 3755 3066 mi-

2188 3091 2414 3147 noribus
2453 3110 2560 3147 non
2595 3096 2854 3150 adfuisse.
2893 3095 3170 3165 Reponam
3210 3115 3310 3169 ego
3354 3118 3418 3154 ex
3452 3104 3644 3155 eodem
3674 3118 3770 3157 co-

2187 3185 2307 3239 dice
2354 3185 2670 3252 Barberino,
2706 3190 2880 3256 palam
2919 3205 3059 3252 esse,
3097 3192 3150 3243 in
3189 3194 3496 3247 minoribus
3528 3197 3764 3263 pr0phe-

2187 3276 2255 3328 tis
2283 3276 2400 3331 illas
2428 3278 2693 3332 editiones
2718 3295 2842 3333 cum
2878 3280 3000 3333 aliis
3025 3279 3287 3347 adfuisse,
3319 3284 3762 3351 quandoquidem

2185 3365 2259 3419 ibi
2288 3370 2457 3419 mu'ta
2492 3369 2694 3435 passim
2725 3368 2842 3422 loca
2869 3384 2932 3421 ex
2969 3370 3142 3421 tribus
3181 3371 3288 3424 illis
3323 3374 3613 3439 postremis
3645 3376 3762 3428 edi-

2184 3455 2426 3511 tionibus
2463 3460 2763 3513 alferuntur
2803 3477 2816 3513 :
2870 3476 2996 3515 cum
3039 3474 3219 3515 autem
3276 3464 3533 3521 librarius
3565 3466 3620 3520 in
3669 3467 3769 3524 illo

2183 3545 2549 3616 Hexaplorum
2597 3552 2893 3619 specimine
2946 3564 3183 3618 quatuor
3230 3555 3408 3608 solum
3464 3557 3757 3625 editiones,

2185 3655 2375 3707 nempe
2405 3640 2633 3709 Aquilae,
2661 3641 2993 3713 Symmachi,
3022 3645 3133 3698 τῶν
3159 3646 3233 3709 0',
3262 3655 3316 3699 et
3342 3645 3755 3716 Theodotionis,

2182 3732 2385 3801 posuit,
2422 3733 2472 3786 id
2521 3734 2785 3788 arbitratu
2827 3754 2927 3790 suo
2981 3736 3136 3802 fecit;
3171 3739 3283 3792 sive
3330 3740 3457 3808 quia
3508 3749 3617 3796 tres
3651 3742 3758 3797 illa;

2180 3832 2470 3891 postrema:
2519 3825 2786 3881 editiones
2826 3843 2947 3881 eum
3004 3829 3278 3896 prioribus
3329 3831 3759 3900 concordabant,

2180 3915 2295 3969 sive
2320 3916 2423 3969 alia
2463 3915 2529 3971 de
2569 3932 2755 3971 causa.
2791 3917 2947 3974 Certe
2986 3920 3039 3973 in
3074 3921 3371 3989 speeimine
3414 3923 3506 3978 illo
3546 3924 3759 3978 colum-

2179 4022 2302 4061 nam
2332 4006 2672 4073 Hebraicam,
2703 4007 2983 4065 Hebraicis
3016 4011 3210 4065 litteris
3236 4012 3594 4081 descriptam,
3619 4029 3759 4083 prat-

2180 4095 2412 4148 termisit
2442 4095 2550 4155 ille.
2602 4097 2702 4150 etsi
2749 4098 3041 4154 verisimile
3075 4099 3144 4154 sit
3185 4116 3305 4155 eam
3355 4101 3408 4156 in
3456 4104 3754 4172 exemplari

2178 4201 2280 4240 suo
2306 4185 2545 4241 adfuisse
2578 4204 2700 4242 cum
2743 4189 2887 4243 aliis.

2285 4276 2372 4331 Vi.
2405 4276 2481 4331 De
2514 4277 2755 4348 Vulgata:
2778 4279 3023 4332 editionis
3064 4278 3272 4337 Latiare
3300 4287 3632 4350 prazstantia.

2244 4366 2362 4423 Jam
2393 4369 2485 4421 ubi
2518 4370 2585 4423 de
2614 4378 2852 4423 veterum
2891 4372 3224 4428 editionibus
3254 4374 3506 4444 singulis,
3537 4393 3658 4446 quae
3689 4379 3745 4433 in

2175 4463 2428 4535 Ht-xaplis
2454 4467 2630 4520 locum
2664 4468 2953 4527 habebant,
2987 4468 3369 4536 disseruimus,
3399 4480 3565 4526 restat
3592 4482 3651 4527 ut
3678 4475 3748 4531 de

508 4556 785 4610 ambulans
826 4560 877 4610 in
923 4558 1172 4623 iustitia:
1227 4574 1348 4628 quze
1399 4573 1530 4613 sane
1568 4559 1920 4629 paraphrasin
1964 4575 2070 4614 non
2105 4570 2148 4624 ι)
2178 4557 2404 4629 Vulgata
2450 4558 2639 4613 Latina
2693 4568 2879 4613 nostra
2926 4574 3098 4628 pauca
3144 4560 3411 4625 dicamus,
3468 4579 3631 4632 quam
3679 4562 3745 4619 D.

509 4650 667 4703 modo
701 4650 937 4719 sapiunt,
970 4652 1060 4705 sed
1090 4651 1252 4704 etiam
1285 4665 1543 4719 superare
1582 4652 1855 4705 videntur.

1059 4739 1126 4795 γ.
1160 4744 1232 4796 De
1265 4741 1520 4810 Septima.

575 4828 815 4900 Septima
849 4831 1017 4886 editio
1044 4831 1414 4886 Christianine
1461 4848 1527 4885 an
1560 4830 1730 4887 Judaei
1767 4834 2073 4903 interpretis

505 4919 577 4976 sit
616 4937 681 4976 ex
730 4937 839 4975 uno
885 4919 1152 4975 llabacuci
1187 4924 1400 4977 cantico
1445 4924 1731 4993 dijudicari
1781 4932 1987 4993 potest;
2026 4925 2072 4979 si

506 5020 684 5066 tamen
719 5012 974 5082 Septimze
1004 5012 1074 5067 sit
1104 5013 1474 5082 interpretatio
1509 5016 1703 5070 cantici
1744 5018 1931 5082 totius,
1972 5017 2073 5069 ibi-

505 5104 627 5158 dem
673 5104 897 5158 editioni
944 5103 1051 5156 τῶν
1105 5106 1159 5157 0'
1207 5104 1517 5172 subjuncta,
1569 5106 1715 5175 quod
1762 5123 1891 5161 sane
1952 5107 2071 5176 plus

505 5208 666 5262 quam
711 5194 1005 5249 verisimile
1048 5195 1305 5249 arbitror.
1354 5193 1408 5247 In
1456 5204 1581 5249 nota
1626 5197 1823 5267 quippe
1868 5199 2071 5252 codicis

508 5285 806 5349 Barbcrini,
861 5286 950 5339 ubi
997 5301 1058 5340 ea
1112 5287 1320 5356 integra
1375 5288 1723 5353 describitur,
1779 5290 2072 5344 adnotatur

503 5391 621 5430 eam
668 5377 971 5431 versionem
1021 5392 1121 5431 nec
1165 5376 1390 5446 Aquilm,
1435 5394 1536 5434 nec
1584 5378 1917 5450 Symmachi,
1968 5393 2070 5433 nec

504 5465 894 5522 Theodotionis
919 5482 1059 5532 essm
1086 5468 1610 5538 disquirendumque
1636 5486 1763 5523 num
1799 5471 1865 5524 ad
1899 5469 2070 5536 Quin-

504 5568 613 5613 tam
640 5559 723 5613 vel
764 5559 829 5611 ad
865 5558 1083 5612 Sextum
1127 5559 1418 5614 editionem
1455 5561 1736 5631 pertineat.
1776 5560 1910 5617 Cum
1943 5577 2071 5630 ergo

503 5649 720 5705 aliunde
751 5649 936 5713 etiam,
957 5665 1148 5719 nempe
1173 5666 1237 5706 ex
1266 5650 1580 5720 fragmentis
1606 5667 1727 5721 qua
1755 5664 2068 5721 supersunt,

501 5750 710 5796 certum
750 5741 1194 5811 exploratumque
1227 5743 1318 5805 sit,
1358 5744 1560 5799 nullius
1596 5758 1786 5797 eorum
1815 5758 1935 5798 esse
1975 5744 2069 5812 qui

502 5847 668 5902 supra
709 5842 1099 5897 memorantur,
1142 5834 1389 5904 seq-uitur
1426 5835 1589 5890 haud
1615 5834 1777 5891 dubie
1808 5849 1929 5889 esse
1972 5835 2069 5889 Se-

2177 4648 2536 4719 llieronymus
2571 4650 2761 4702 harum
2789 4651 3032 4703 omnium
3061 4650 3359 4705 editionum
3390 4653 3745 4719 adminiculo,

2174 4757 2390 4795 summo
2439 4742 2621 4795 labore
2672 4750 2727 4795 et
2787 4742 3133 4797 accuratione
3187 4744 3557 4799 concinnavit.
3627 4745 3744 4801 Etsi

2172 4849 2335 4901 porro
2367 4848 2489 4886 cum
2525 4834 2990 4901 interpretaretur,
3032 4834 3270 4904 Hexapla
3318 4837 3432 4905 ipsa
3472 4852 3581 4904 pra:
3629 4854 3745 4892 ma-

2172 4925 2334 4979 nibus
2362 4925 2632 4986 habuerit,
2667 4941 2773 4979 non
2816 4925 2904 4979 ille
2935 4927 3158 4981 fortuito
3193 4928 3450 4982 lectiones
3479 4928 3745 4999 interpre~

2171 5018 2513 5086 tationesque
2552 5020 2823 5087 quaslibet
2851 5020 3291 5089 amplexabatur;
3333 5019 3425 5073 sed
3474 5034 3598 5074 cum
3641 5020 3740 5075 de-

2170 5106 2307 5160 lectu
2338 5116 2392 5160 et
2412 5109 2640 5162 consilio
2670 5110 3107 5165 doctissimorum
3137 5125 3203 5162 ex
3239 5107 3477 5163 llebrmis
3505 5123 3596 5162 eas
3618 5124 3742 5178 qua

2171 5197 2421 5252 meliores
2441 5209 2493 5252 et
2514 5200 2582 5254 ad
2610 5216 2791 5253 veram
2822 5198 3066 5255 Hebraici
3099 5197 3423 5266 exemplaris
3446 5198 3734 5253 lectionem

2169 5290 2686 5346 aceommodatiores
2706 5301 2881 5354 erant,
2900 5289 3089 5344 Latine
3111 5289 3414 5358 exprimere
3439 5289 3737 5358 satagebat.

2168 5383 2414 5452 Aquilam
2441 5392 2494 5437 et
2517 5384 2924 5455 Symmachum,
2957 5383 3309 5451 interpretum
3343 5382 3583 5436 omnium
3609 5396 3737 5449 prmo

2168 5473 2557 5538 stantissimos,
2590 5474 2798 5529 caeteris
2821 5471 3090 5527 anteferre
3122 5473 3365 5538 solebat;
3402 5471 3456 5524 in
3501 5470 3735 5525 Psalmis

2167 5573 2348 5618 autem
2391 5573 2445 5618 et
2490 5564 2764 5633 prophetis
2812 5562 3108 5633 majoribus
3155 5562 3491 5632 frequentius
3536 5562 3734 5632 Aquila

2164 5671 2330 5725 quam
2362 5654 2691 5724 Symmacho
2733 5670 2864 5709 usus
2884 5669 3004 5709 esse
3035 5654 3492 5723 deprehenditur;
3524 5652 3578 5705 in
3608 5667 3732 5721 pm-
3814 5706 3823 5718 ‘

2168 5747 2344 5814 phetis
2370 5759 2498 5799 vero
2532 5743 2835 5798 minoribus
2863 5760 2973 5799 non
3006 5761 3129 5800 raro
3174 5745 3432 5810 Quintam
3480 5740 3730 5796 adtribuit

2166 5836 2478 5893 editionem.
2516 5834 2819 5903 Aliquando
2858 5835 3042 5899 etiam,
3100 5834 3282 5890 missis
3323 5831 3533 5888 caeteris
3561 5829 3730 5882 inter-
